3908 6366
220 304 283 357 13
1585 300 1903 357 EPISTULA
1941 306 1978 356 I.
3304 309 3367 362 Η

223 421 453 462 tenorem
503 409 797 477 pertinent,
826 408 967 476 juxta
995 409 1184 463 divina:
1222 409 1348 477 legis
1391 420 1645 476 praecepta
1694 424 1745 463 et
1772 420 1821 473 Α
1849 429 1961 467 mus
2019 432 2030 467 :
2079 416 2268 467 dictum
2304 424 2381 467 est
2421 416 2736 481 quindecies.
2796 417 2895 468 ista
2943 431 3031 483 per
3068 415 3093 452 δ
3136 431 3226 469 sau
3264 426 3368 469 tum

222 495 545 549 Nicenorum
563 510 817 549 canonum
830 498 1107 550 constituta
1118 538 1130 559 ,
1148 498 1215 550 ita
1228 498 1505 564 adjuvante
1524 498 1745 550 Domino

219 583 271 633 in
298 597 455 636 omne
487 598 657 637 avum
694 599 939 636 mansura
968 585 1282 652 solidemus,
1318 596 1372 637 ut
1402 585 1523 638 nulli
1565 586 1640 639 fas
1683 588 1751 639 sit

221 668 332 720 sine
363 679 531 722 status
567 670 647 723 sui
696 672 926 738 periculo
953 672 1030 724 vel
1076 672 1280 725 ditinas
1317 673 1746 736 constitutiones,

222 759 297 809 vel
326 760 625 824 apostolicae
651 761 791 812 sedis
816 760 1022 811 decreta
1049 768 1305 813 temerare
1333 776 1347 812 :
1377 762 1493 826 quia
1518 774 1631 825 nos,
1663 763 1749 825 qui

224 846 475 909 potissitni
524 846 809 899 sacerdotis
850 847 1276 900 administramus
1324 848 1528 911 officia,
1571 848 1747 899 talium

224 935 689 1001 transgressionum
737 934 887 1001 culpa
941 935 1211 1000 respiciet,
1252 935 1295 987 si
1335 935 1388 987 in
1438 936 1607 988 causis
1654 936 1747 987 Dei

223 1024 430 1077 desides
476 1023 723 1077 fuerimus
764 1024 959 1094 inventi
991 1040 1005 1073 :
1037 1025 1153 1089 quia
1204 1026 1573 1088 meminimus,
1612 1024 1749 1089 quod

224 1114 406 1165 timere
441 1112 693 1165 debemus
713 1152 728 1175 ,
766 1113 987 1179 qualiter
1010 1112 1355 1166 comminetur
1378 1113 1627 1165 Dominus
1654 1127 1751 1165 ne-

218 1199 479 1263 gligentiae
521 1199 883 1263 sacerdotum,
924 1198 1177 1265 siquidem
1201 1209 1346 1252 reatu
1373 1200 1569 1266 majore
1588 1200 1754 1252 delin-

218 1286 349 1352 quit,
372 1288 457 1353 qui
490 1288 675 1353 potiori
707 1286 906 1341 honore
934 1286 1216 1354 perfruitur
1244 1304 1257 1339 :
1286 1294 1341 1340 et
1364 1287 1601 1355 graviora
1630 1287 1753 1340 facit

222 1376 343 1427 vitia
367 1385 718 1441 peccatorum,
740 1376 1031 1429 sublimitas
1058 1376 1386 1444 dignitatum.

953 1463 1016 1516 li.
1203 1512 1206 1517 .

285 1550 584 1604 Cavendum
613 1565 739 1619 ergo
766 1551 1020 1619 imprimis
1048 1561 1160 1614 est,
1189 1566 1255 1605 ne
1281 1552 1347 1603 ad
1376 1559 1609 1606 sacratos
1636 1567 1752 1619 gra-

212 1638 343 1699 dus,
375 1638 506 1691 sicut
545 1641 705 1705 gestis
741 1639 1003 1703 prioribus
1044 1648 1163 1692 ante
1201 1647 1227 1675 α
1259 1640 1611 1706 praescriptum
1636 1651 1748 1704 est,

1849 502 2096 565 Petrum,
2150 514 2203 554 ut
2260 506 2308 554 itt
2360 514 2657 569 perpetuum
2697 515 2719 540 θ
2758 516 3031 557 serventur
3085 515 3368 570 optamus:

1848 590 2038 643 dictum
2078 600 2158 643 est
2196 593 2375 647 octies.
2416 593 2532 643 ΙΙιιξρ
2561 596 2892 659 praesumptio
2924 610 3185 657 nunquam
3229 596 3317 646 fiat
3354 612 3368 645 :

1847 678 2040 731 dictum
2062 688 2141 731 est
2167 678 2361 730 decies.
2390 679 2485 743 Qui
2510 681 2618 731 lucc
2648 682 2931 741 violaverit,
2962 686 3010 733 in
3028 697 3085 734 se
3108 683 3332 735 inveniet
3358 723 3370 734 .

1847 768 2039 819 dictum
2068 781 2146 821 est
2182 768 2395 835 septies.
2430 770 2489 821 Et
2512 770 2644 821 facto
2664 770 2888 834 silentio,
2930 772 3135 824 Hilarus
3171 774 3379 839 episco-

1850 871 1946 922 pus
1973 857 2146 915 dixit;

2583 948 2643 1000 V.

1919 1030 2197 1096 Praeterea.
2242 1032 2448 1099 fratres,
2493 1048 2623 1087 nova
2652 1044 2707 1088 et
2736 1036 2962 1089 inaudita
2998 1037 3149 1105 (sicut
3190 1038 3252 1089 ad
3283 1052 3377 1090 nos

1851 1124 2021 1175 missis
2066 1125 2132 1176 de
2178 1124 2439 1189 Hispaniis
2484 1126 2755 1191 epistolis,
2794 1128 2893 1181 sub
2938 1136 3077 1179 certa
3122 1128 3379 1180 relatione

1851 1214 2105 1282 pervenit)
2134 1214 2183 1265 in
2217 1216 2523 1282 quibusdam
2571 1216 2698 1269 locis
2737 1220 3129 1283 perversitatum
3172 1217 3370 1270 semina

1850 1303 2071 1356 subinde
2097 1312 2397 1357 nascuntur.
2432 1304 2663 1373 Denique
2701 1308 2932 1358 nonnulli
2978 1306 3328 1374 episcopatum
3358 1347 3374 1371 ,

1849 1392 1937 1458 qui
1980 1389 2000 1427 ί
2043 1407 2147 1444 non
2190 1393 2287 1445 nisi
2313 1394 2512 1447 meritis
2542 1395 2947 1461 praecedentibus
2969 1394 3140 1454 datur.
3171 1410 3272 1447 non
3299 1396 3380 1448 di-

1851 1480 2028 1531 vinum
2059 1495 2278 1541 munus,
2321 1482 2413 1534 sed
2439 1482 2816 1535 iamreditarium
2848 1492 3030 1550 putant
3068 1498 3181 1536 esse
3229 1498 3375 1535 com-

1852 1567 2091 1631 pendium
2127 1583 2141 1619 :
2168 1578 2218 1620 et
2245 1568 2464 1620 credunt
2482 1607 2495 1629 ,
2527 1568 2661 1622 sicut
2703 1584 2786 1622 res
2810 1572 3032 1622 caducas
3058 1581 3211 1638 atque
3242 1585 3381 1621 mor-

1850 1656 2006 1717 tales,
2060 1656 2128 1707 ita
2171 1656 2547 1719 sacerdotium,
2594 1657 2733 1710 velut
2776 1666 2801 1701 ε
2849 1659 2867 1686 ³
2897 1658 3045 1723 legali
3100 1656 3378 1727 [.’egatorio]

218 1728 518 1793 quisquam,
549 1725 634 1793 qui
668 1740 879 1779 uxorem
904 1741 1003 1778 non
1036 1728 1284 1795 virginem
1310 1728 1498 1789 duxit,
1529 1729 1739 1795 aspiret.

1855 1751 1934 1793 aut
1970 1744 2361 1796 testamentario
2392 1743 2509 1809 jure
2530 1782 2546 1807 ,
2576 1758 2725 1811 posse
2754 1744 2962 1797 dimitti.
2993 1725 3120 1797 Nam
3147 1725 3377 1811 plerique

215 1814 565 1881 Repellendus
593 1824 674 1867 est
698 1817 855 1868 etiam
876 1814 1112 1882 quisque,
1136 1816 1293 1883 quiin
1314 1816 1555 1869 secundm
1573 1821 1750 1871 uxoris

219 1904 425 1967 nuptias
462 1915 644 1955 contra
672 1902 955 1969 apostolica
985 1915 1249 1970 praecepta
1281 1906 1541 1957 convenit.

360 2052 363 2055 η
942 1992 1029 2044 ιιι.

286 2076 436 2129 lnscii
468 2093 670 2145 quoque
695 2078 1007 2142 litterarum,
1039 2092 1239 2131 necnon
1284 2088 1338 2131 et
1382 2078 1551 2144 aliqua
1585 2093 1749 2130 ment-

220 2169 429 2220 lzrorum
476 2169 663 2220 damna
694 2168 955 2235 perpessi,
989 2177 1043 2221 et
1082 2167 1133 2220 iii
1162 2168 1249 2235 qui
1275 2182 1337 2221 ex
1385 2168 1751 2234 paenitentibus

216 2264 337 2307 sunt
366 2257 447 2323 lex
464 2257 760 2323 pmnitentes
790 2254 948 2325 sunt],
986 2255 1049 2309 ad
1076 2269 1255 2309 sacros
1284 2254 1493 2307 ordines
1520 2256 1752 2321 aspirare

220 2362 320 2396 non
349 2345 595 2397 audeant.
629 2345 869 2411 Quisquis
900 2345 1074 2397 talium
1098 2353 1431 2398 consecratur
1456 2344 1743 2406 exstiterit,

216 2432 410 2485 factum
452 2447 601 2486 suum
641 2430 667 2469 δ
696 2432 967 2485 dissolvet.

946 2521 1031 2573 IV.

285 2612 390 2663 Sed
424 2621 477 2663 et
497 2610 630 2672 quod
661 2612 776 2676 quis
807 2609 1064 2663 commisit
1087 2608 1291 2670 illicite,
1322 2615 1411 2659 aut
1450 2621 1478 2659 a
1505 2607 1749 2661 decesso—

218 2703 363 2752 ribus
390 2701 500 2753 suis
532 2701 727 2751 invenit
755 2700 1059 2762 admissum,
1104 2701 1145 2749 si
1175 2698 1440 2764 proprium
1466 2696 1750 2764 periculum

221 2794 330 2841 vult
362 2790 553 2852 vitare,
601 2788 865 2841 damnabit
891 2804 909 2841 ι
950 2802 1044 2839 nos
1081 2788 1218 2841 enim
1251 2788 1300 2837 in
1343 2786 1487 2838 nullo
1513 2786 1752 2839 volumus

221 2878 557 2930 severitatem
599 2876 809 2929 ultionis
837 2890 1099 2929 exercere.
1134 2875 1234 2928 Sed
1260 2875 1346 2941 qui
1380 2875 1429 2925 in
1458 2876 1631 2925 causis
1658 2872 1751 2945 Dei

219 2966 295 3015 \cl
327 2966 676 3025 contumacia,
700 2964 780 3015 vel
810 2965 857 3013 in
881 2964 1054 3029 aliquo
1079 2976 1294 3015 excessu
1317 2961 1628 3028 deliquerit,
1665 2971 1753 3013 aut

216 3056 323 3118 ipse
344 3054 481 3120 quod
504 3066 769 3118 perperam
797 3051 1131 3105 fecitabolerc
1150 3050 1471 3101 noluerit:in
1503 3049 1751 3115 se,_quid-
1778 3058 1825 3119 ο

220 3143 337 3207 quid
374 3144 423 3192 itt
460 3141 619 3191 :tlium
651 3137 795 3210 [alio]
823 3154 923 3191 non
970 3137 1212 3189 resecarit
1251 3132 1578 3205 [resecuerit],
1610 3136 1753 3188 iuve-

218 3232 341 3281 ttiet.
375 3229 523 3295 Quod
573 3239 627 3280 ut
654 3228 899 3294 deinceps
938 3230 1102 3294 possit
1129 3227 1358 3277 tenacius
1393 3222 1682 3283 custodiri,
1706 3221 1751 3274 si

220 3321 413 3384 placet,
445 3318 751 3380 sententias,
780 3329 964 3367 causas
990 3323 1043 3367 et
1065 3312 1474 3379 subscriptiones
1515 3310 1750 3377 proiirias

217 3419 403 3459 omnes
443 3415 463 3442 '
501 3405 856 3458 commendato
902 3400 1272 3470 [commodule],
1314 3407 1369 3451 ut
1405 3399 1637 3467 synodali
1662 3397 1748 3464 ju-

218 3495 351 3547 dicio
402 3493 606 3546 auditus
620 3490 829 3562 [aditus]
858 3490 1127 3542 claudatur
1159 3488 1351 3541 illicitis
1379 3484 1643 3556 [illicitas].

285 3584 367 3635 Ab
392 3581 653 3634 universis
681 3580 938 3647 episcopis
980 3588 1033 3630 et
1058 3577 1377 3645 presbyteris
1409 3578 1747 3627 acclamatum

218 3680 294 3723 est
327 3688 339 3720 :
365 3667 563 3721 Exaudi
585 3668 811 3731 Christe,
837 3667 1012 3718 llilaro
1036 3666 1135 3717 vita
1166 3682 1178 3715 :
1210 3664 1402 3716 dictum
1420 3672 1499 3715 est
1522 3664 1537 3693 ¹
1560 3665 1751 3713 sexies.

219 3759 339 3811 il:ec
402 3764 457 3808 et
480 3756 880 3817 confirmamus,
930 3762 978 3806 et
1013 3754 1124 3804 inec
1154 3751 1633 3805 docetnus:dictum
1675 3756 1757 3801 est

217 3847 405 3898 octies.
425 3844 544 3895 Hmc
565 3842 783 3895 tenenda
806 3850 945 3904 sunt,
969 3842 1078 3893 ha-c
1102 3840 1350 3892 servanda
1377 3847 1497 3891 sunt
1526 3854 1538 3888 :
1562 3837 1752 3889 dictum

217 3943 296 3986 est
324 3932 624 4000 quinquies.
657 3931 916 3984 Doctrina:
963 3939 1149 3981 vestra:
1176 3928 1367 3993 gratias
1396 3927 1594 3991 agimus
1624 3939 1638 3973 :
1674 3924 1756 3975 di-

219 4032 355 4074 ctum
377 4031 461 4075 est
486 4021 675 4072 decies.
696 4021 791 4071 ista
809 4018 935 4070 utin
959 4028 1264 4081 perpetuum
1293 4023 1583 4070 serventur.
1603 4024 1754 4079 rogac

287 4182 310 4206 ⁸·
339 4170 465 4223 Cod.
503 4168 623 4219 Luc.
660 4166 779 4227 1‘29,
807 4166 1151 4233 proscriptum.

288 4239 308 4274 λ’
340 4237 473 4290 Cod.
501 4236 647 4299 Lttc.,
677 4237 777 4302 ipse
800 4236 1046 4284 dissolvet.

290 4317 309 4344 ε
343 4307 475 4357 Cod.
509 4305 657 4365 ωε..
688 4303 1013 4353 commodata.

287 4372 311 4410 ⁸¹
345 4374 479 4428 Cod.
512 4373 659 4432 Luc.,
694 4370 960 4423 Damnum.

222 4532 442 4581 alterum
490 4529 545 4579 S.
574 4526 791 4591 Remigii
845 4525 1131 4575 Rctnensis.
1182 4523 1244 4574 Et
1272 4534 1549 4589 supersunt
1580 4534 1749 4575 tamen

223 4614 321 4647 non
354 4614 514 4662 pauca
542 4612 654 4661 quze
676 4592 1081 4647 cmettduliorum
1112 4592 1346 4643 etnlicutu
1376 4608 1525 4659 opem
1554 4593 1755 4645 deside—

223 4679 355 4716 r.|i|i.

291 4735 425 4785 Tum
454 4730 516 4781 ad
561 4730 715 4803 verba
747 4728 853 4803 lucc
882 4726 1112 4803 epistola:
1144 4728 1216 4803 8‘:
1247 4726 1308 4776 Et
1333 4736 1464 4803 retro
1492 4736 1605 4776 ante
1629 4726 1759 4803 posi-
1788 4747 1835 4803 ο
1864 4726 2023 4801 nenda
2056 4724 2221 4803 illi-Ini.
2248 4732 2303 4773 ιιι

226 4814 347 4852 tum.
398 4802 472 4849 lta
511 4806 563 4849 et
588 4795 867 4848 Lirinensis
893 4810 905 4843 ι
934 4794 1022 4844 sed
1058 4797 1219 4858 tntgis
1259 4795 1481 4856 arridet,
1522 4796 1655 4860 quod
1689 4811 1755 4845 ex

225 4870 441 4919 atterius
486 4867 597 4916 libri
644 4863 870 4927 vestigiis
897 4862 1093 4913 crnitur
1124 4878 1134 4911 :
1168 4872 1213 4912 et
1247 4872 1375 4913 retro
1407 4879 1547 4915 omne
1581 4878 1789 4929 prapou

228 4940 401 4982 iitum.
434 4932 545 4982 Jac.
580 4930 896 4980 δπηιιυκιιυδ.
929 4956 993 4964 -κ
1021 4930 1141 4977 ιιιιτ
1173 4929 1246 4978 air
1292 4929 1379 4978 ille
1422 4930 1754 4993 diligentissi-

228 5017 337 5050 mus
374 5000 569 5050 ooitissa
598 5012 711 5047 cum
735 4998 849 5046 aliis
882 4995 1138 5045 nonnullis
1170 4997 1218 5046 in
1251 4997 1469 5047 editione
1492 4997 1653 5061 regia.

300 5070 313 5095 ⁸
353 5065 592 5129 Dionys.,
622 5072 815 5125 quater.
841 5063 1001 5112 Hann.

295 5138 313 5163 '
343 5134 549 5197 Lupus,
584 5140 636 5180 et
666 5130 977 5187 Harduintts,
1018 5130 1174 5198 legati
1217 5141 1302 5181 aut
1332 5134 1601 5183 testamenti
1623 5136 1759 5198 jure.

295 5203 311 5230 ⁸
350 5195 474 5252 Ηςιὲε
498 5198 715 5263 epistola
753 5198 882 5248 lecta
910 5207 988 5247 est
1015 5195 1323 5250 intOltciliO
1365 5201 1597 5255 ltomano
1624 5195 1761 5251 anno

234 5271 436 5320 Domini
475 5267 577 5319 £65
616 5266 791 5316 Roma
819 5264 1096 5324 Celebrate.
1126 5266 1190 5317 de
1218 5282 1318 5332 quo
1343 5268 1492 5320 infra.
1526 5269 1654 5319 Dum
1686 5269 1759 5320 le-

231 5346 460 5397 aeretur,
490 5336 668 5386 Patres
708 5346 827 5383 suas
855 5336 1137 5384 sententias
1160 5337 1491 5390 acelamando
1517 5346 1567 5387 et
1598 5336 1758 5388 inter-

232 5405 495 5466 quuendo
518 5400 843 5453 addiderunt.
879 5400 984 5451 lioc
1012 5401 1165 5461 igitur
1195 5403 1307 5452 loco
1338 5405 1527 5467 placuit
1555 5420 1667 5454 cam
1696 5419 1758 5455 cx

232 5474 517 5525 litescouiu
544 5478 593 5522 ct
621 5470 972 5529 manuscripto
1021 5467 1264 5521 Vaticano
1294 5473 1357 5521 ad
1402 5472 1613 5524 verbum
1653 5474 1759 5522 col-

234 5544 425 5606 locare,
449 5540 579 5592 sicut
602 5554 628 5590 a
652 5536 1120 5590 Tarraconensibus
1143 5539 1205 5589 ad
1228 5540 1401 5591 sedem
1426 5540 1757 5605 apostolicam

1849 1832 2147 1885 sacerdotes
2198 1833 2250 1883 in
2286 1832 2465 1885 mortis
2511 1833 2735 1885 conﬁnio
2780 1832 3074 1897 constituti,
3114 1834 3166 1884 in
3207 1832 3376 1885 locum

1850 1933 1997 1972 suum
2032 1920 2263 1973 feruntur
2290 1920 2420 1973 alios
2436 1920 2720 1989 designatis
2741 1922 3032 1974 nominibus
3056 1923 3338 1988 subrogare
3362 1940 3376 1973 :

1850 2017 1905 2060 ut
1928 2008 2121 2059 scilicet
2148 2022 2251 2059 non
2280 2009 2506 2074 legitima
2532 2018 2859 2073 exspectetur
2893 2008 3077 2061 electio
3100 2050 3115 2071 ,
3146 2010 3237 2062 sed
3287 2011 3380 2062 de-

1849 2095 2008 2147 functi
2056 2095 2363 2161 gratificatio
2406 2110 2499 2163 pro
2538 2096 2712 2162 populi
2762 2097 3009 2149 habeatur
3056 2096 3377 2167 [prabeatur]

1849 2196 2084 2235 assensu.
2110 2182 2257 2248 Quod
2280 2197 2429 2250 quam
2454 2196 2610 2251 grave
2638 2183 2733 2248 sit,
2756 2187 3036 2248 aestimate,
3059 2195 3212 2254 atque
3242 2186 3380 2250 ideo,

1848 2272 1893 2324 si
1918 2272 2102 2335 placet,
2129 2272 2282 2324 etiam
2315 2272 2447 2325 hanc
2470 2272 2728 2326 licentiam
2770 2276 3082 2338 generaliter
3106 2278 3170 2326 de
3209 2276 3377 2330 eccle-

1848 2362 1941 2413 siis
1978 2360 2305 2424 auferamus,
2348 2375 2414 2413 ne
2465 2360 2630 2429 (quod
2663 2371 2810 2427 turpe
2834 2362 2973 2421 dictu
3028 2364 3141 2430 est)
3179 2364 3376 2417 ltotuiui

1849 2452 2118 2517 quisquam
2145 2459 2286 2517 putet
2310 2450 2520 2514 deberi,
2565 2451 2701 2519 quod
2733 2452 2821 2504 Dei
2853 2461 2950 2507 est.

1920 2539 1986 2592 Ut
2032 2548 2202 2592 autem
2241 2540 2376 2606 quod
2415 2540 2477 2592 ad
2508 2555 2601 2593 nos
2651 2540 2903 2607 prolatum
2938 2538 3224 2610 [perlatum]
3254 2551 3334 2595 est
3357 2574 3386 2609 ,-

1848 2630 1913 2681 ad
1954 2639 2180 2681 vestram
2218 2630 2372 2682 etiam
2398 2631 2560 2695 possit
2590 2633 2855 2696 pervenire
2885 2633 3116 2685 notitiam
3135 2674 3147 2691 .
3192 2635 3376 2699 Ilispa-

1850 2733 2034 2771 norum
2061 2719 2275 2773 fratrum
2318 2728 2371 2772 et
2396 2722 2821 2788 coepiScoporum
2851 2733 3141 2775 nostrorum
3188 2727 3379 2790 scripta

1852 2807 2106 2875 legantur.
2132 2808 2319 2860 Paulus
2348 2809 2580 2860 notarius
2606 2811 2862 2862 recitat-it.

1920 2894 1947 2933 ιι
1972 2898 2182 2947 Additur
2221 2897 2273 2947 in
2301 2912 2392 2948 ms.
2420 2895 2619 2949 Justelli
2652 2913 2668 2949 :
2692 2898 2756 2950 Et
2784 2906 3027 2951 statutum
3052 2909 3129 2953 est
3161 2914 3224 2953 ne
3252 2900 3377 2970 quid

1852 2989 1983 3041 ultra
2016 2986 2307 3053 hujusmodi
2332 3002 2361 3039 a
2387 2986 2743 3039 sacerdotibus
2774 2998 3131 3053 prasumatur.

2417 3116 2437 3145 '
2476 3116 2789 3168 EPISTULA

1852 3220 2301 3279 TAERACONENSIUI
2354 3238 2696 3277 ῑριδεοροιιυιι
2744 3242 2807 3276 ΑΙ)
2853 3224 2873 3254 δ
2921 3241 3142 3279 ιιιιΑιιυΙ
3188 3243 3373 3282 ΡΑΡΔΙ.

1850 3314 1927 3366 De
1961 3316 2269 3366 ordinatione
2300 3313 2513 3380 episcopi
2558 3328 2643 3379 per
2682 3313 2942 3365 Silvanum
2968 3314 3377 3379 Calaguritanum

1915 3386 2197 3451 episcopum
2228 3393 2396 3451 contra
2426 3382 2628 3433 Patrum
2659 3382 2850 3447 requiat
2885 3391 2929 3431 et
2973 3382 3203 3435 Nicwnos
3232 3399 3378 3435 cano-

1916 3450 1999 3503 ηε.
2029 3456 2161 3518 facta
2189 3451 2323 3515 apud
2362 3450 2633 3520 Romanum
2675 3451 3373 3520 pontiﬁcemconquerantur,

1921 3535 2122 3584 eumque
2149 3520 2430 3583 consulunt,
2460 3519 2576 3581 quid
2608 3518 2657 3568 in
2687 3522 2775 3569 hoc
2803 3533 2919 3569 rant
2952 3518 3132 3585 facere,
3170 3530 3254 3571 aut
3277 3536 3379 3587 qua

1924 3590 2113 3638 ratione
2138 3588 2365 3638 abuaibus
2386 3587 2623 3654 ejusmodi
2654 3601 2904 3638 occurrere
2926 3588 3150 3641 debeant.

1860 3676 2075 3729 Domino
2106 3674 2434 3733 beatissimo,
2462 3684 2512 3725 et
2541 3674 2823 3739 apostolica
2854 3674 3139 3726 reverentia
3172 3688 3200 3725 a
3231 3675 3379 3728 nobis

1926 3747 1975 3795 in
2006 3742 2211 3796 Christo
2240 3741 2458 3795 colendo
2492 3755 2633 3807 papae
2662 3740 2867 3801 iiilaro,
2900 3744 3148 3793 Ascanius
3172 3744 3378 3806 episco-

1925 3827 2044 3879 pus,
2077 3820 2129 3863 et
2155 3811 2377 3863 universi
2403 3811 2626 3876 episcopi
2654 3809 3054 3863 Tarraconensis
3081 3812 3375 3876 provinciae.

1924 3920 1944 3949 '
1982 3918 2190 3971 Etiamsi
2213 3918 2351 3968 nulla
2379 3925 2604 3968 exstaret
2634 3915 2877 3985 [dictaret]
2906 3918 3183 3969 necessitas
3204 3917 3375 3970 eccle-

1854 4005 2077 4059 siastica
2097 4004 2411 4069 disciplina,
2450 4003 2793 4068 expetendum
2821 4015 2877 4055 re
2897 4016 3015 4054 vera
3043 4002 3191 4057 nobis
3212 4004 3383 4058 fuerat

1917 4169 1938 4196 ε
1961 4158 2087 4212 Cod.
2112 4158 2263 4219 an.,
2284 4158 2336 4207 in
2364 4154 2463 4208 Dea
2492 4166 2756 4209 sercentur.

1920 4227 1937 4263 ί
1972 4230 2096 4280 Cod.
2130 4228 2277 4287 Luc.,
2311 4242 2405 4276 non
2434 4226 2556 4276 sine.

1917 4306 1939 4363 8
1972 4296 2099 4347 Coti.
2132 4295 2282 4352 Luc.,
2312 4295 2457 4359 legati
2482 4303 2566 4363 aut
2596 4294 2870 4363 testamenti
2888 4296 3023 4363 jure.

1916 4362 1943 4399 ⁸
1974 4365 2080 4415 iloc
2109 4363 2513 4415 additamentum
2545 4362 2595 4411 in
2622 4362 2735 4411 cod.
2768 4361 2898 4413 Luc.
2920 4364 3083 4414 deest.

1856 4522 2041 4585 scripta
2085 4529 2136 4571 et
2178 4520 2369 4570 directa
2420 4520 2603 4572 fuerat.
2654 4522 2705 4570 in
2755 4520 2950 4585 synodo
2993 4521 3217 4574 Romana
3261 4541 3376 4579 cum

1858 4591 2105 4654 Oppositis
2135 4589 2618 4649 acclamationibus,
2654 4589 3152 4652 interlocutionibus,
3178 4603 3232 4643 et
3261 4609 3376 4644 δυη-

1862 4658 2034 4727 tentiis
2060 4656 2264 4727 Patrum
2295 4657 2745 4727 CXCllSluitnbellLr.
2777 4654 3057 4721 Utrobiqne
3087 4660 3256 4723 itaque
3291 4678 3381 4727 po-

2326 4738 2454 4789 quas
2486 4723 2567 4773 illa
2596 4738 2654 4773 ex
2689 4722 2893 4773 Patrum
2922 4722 3192 4779 sententiis
3224 4722 3381 4781 inter-

1861 4792 2041 4859 positis
2069 4791 2356 4842 additiones
2384 4794 2684 4860 accepisset,
2731 4791 2874 4860 facile
2900 4804 3137 4860 constare
3183 4811 3375 4860 posset.

1862 4856 1924 4913 Et,
1968 4873 2255 4927 quanquam
2288 4859 2586 4910 barbaricus
2626 4857 2767 4927 furor
2796 4856 3076 4911 Gothorum
3108 4856 3385 4927 Hispania—

1864 4943 1976 4979 rum
2017 4926 2273 4978 Ecclesiae
2304 4942 2460 4989 prope
2491 4941 2670 4977 omnes
2712 4926 3113 4991 devastantium,
3149 4926 3376 4994 vigorem

1861 4996 2222 5048 ecclesiasticae
2253 4994 2535 5058 disciplina
2562 4995 2611 5044 in
2643 4994 2897 5058 Hispaniis
2920 4996 3222 5059 relaxasset,
3251 5000 3380 5051 'l'ar-

1862 5076 2199 5115 raconensetn
2239 5072 2409 5114 tamen
2454 5063 2764 5131 provinciam
2804 5065 3071 5117 custodem
3116 5066 3282 5131 legunt
3326 5082 3377 5118 et

1863 5145 2119 5182 canonum
2166 5132 2529 5193 permansisse,
2561 5129 2846 5181 Romanum
2877 5129 3352 5196 pontificetnvobser

1862 5214 2045 5259 vasse,
2097 5212 2277 5248 omnes
2331 5198 2711 5250 controversias
2753 5198 2814 5248 ad
2854 5199 3088 5251 eumdem
3130 5200 3269 5252 velut
3313 5204 3377 5253 ad

1857 5280 2150 5331 supremum
2193 5266 2415 5330 judicem
2446 5279 2491 5317 et
2536 5274 2795 5330 pastorem
2838 5266 3082 5320 Ecclesia:
3109 5266 3374 5329 detulisse,

1862 5336 1969 5384 haec
1996 5334 2212 5398 cpistola
2244 5332 2516 5385 manifesto
2538 5334 2659 5383 satis
2686 5333 2893 5385 indicat.
2928 5336 3047 5385 Ssv.
3084 5335 3273 5387 Bittius.

1926 5400 1946 5429 ‘
1996 5402 2047 5451 in
2094 5404 2235 5451 mss.‘
2268 5402 2373 5453 fere
2413 5416 2616 5466 semper
2663 5401 2889 5451 Hilarius
2934 5402 3194 5454 scribitur.
3245 5405 3383 5455 llu-

1861 5484 2056 5522 DUMUS.

1928 5538 1945 5565 ³
1986 5538 2084 5588 ωδε
2132 5537 2374 5602 epistulas
2418 5537 2572 5587 llilari
2622 5551 2737 5587 cum
2789 5536 2949 5587 tribus
2998 5550 3121 5589 mss.
3167 5538 3381 5590 contulit
