3930 6432
524 351 588 399 1-5

1882 348 2113 403 ιιιιΑπι
2144 348 2232 405 PA
2244 348 2347 405 PE

3600 88 3605 89 ’
3626 92 3649 125 -_
3676 88 3869 137 *ξω

3673 360 3745 415 16

518 460 645 518 illud
675 459 1002 529 privilegium
1034 458 1176 512 sedis
1215 467 1400 514 vestrm
1424 498 1440 526 ,
1484 473 1589 527 quo
1635 460 1895 526 susceptis
1926 462 2071 528 regni
2102 464 2399 531 Ascriptio.
2452 464 2698 520 Orantem
2741 480 2835 535 pro
2881 467 3034 521 nobis
3084 480 3323 522 sanctum
3386 472 3745 537 apostolatum

518 551 753 606 clavibus
799 560 917 619 post
962 550 1401 605 resurrectionem
1428 551 1748 615 Salvatoris,
1790 560 1882 618 per
1912 562 2076 606 tntum

522 642 703 695 urbem
739 640 1026 694 beatissimi
1057 639 1194 693 Petri
1227 638 1513 707 singularis
1539 639 1841 707 praedicatio
1868 632 2079 694 univer-

518 746 697 785 sorum
742 728 1114 783 illuminatioui
1154 730 1424 797 prospexit
1455 746 1469 780 :
1497 728 1648 797 cujus
1672 728 1853 782 vicarii
1884 730 2077 798 prillci-
2167 802 2177 809 .

521 832 672 885 putus
701 822 835 872 sicut
872 819 1088 880 eminet,
1135 818 1541 872 itametuendus
1581 827 1665 872 est
1713 818 1779 871 ab
1807 818 2076 884 omnibus,

523 920 573 962 et
608 909 883 967 amandus.
915 909 1140 963 Proinde
1165 923 1261 962 nos
1290 909 1453 961 Deum
1485 908 1538 962 in
1568 909 1718 963 vobis
1749 909 1958 975 penitus
1985 908 2082 961 ad-

522 1009 754 1064 orantes,
780 998 865 1051 cui
881 1000 993 1053 sine
1014 996 1226 1065 quereis
1248 997 1478 1063 servitis,
1492 996 1555 1051 ad
1586 998 1741 1069 fidem
1759 998 2081 1052 recurrimus

522 1091 814 1161 apostolico
849 1104 943 1163 ore
988 1088 1250 1142 laudatam
1274 1130 1293 1157 ,
1330 1088 1455 1143 inde
1480 1103 1734 1157 responsa
1760 1097 2073 1157 quarrentes,

522 1180 661 1234 unde
690 1180 818 1235 nihil
844 1195 1027 1234 errore
1049 1220 1063 1242 .
1107 1180 1238 1233 nihil
1266 1180 1673 1249 praesumptione
1697 1219 1714 1246 ,
1754 1180 1845 1235 sed
1872 1180 2081 1249 pontifi—

523 1271 624 1325 cali
655 1278 821 1325 totum
851 1269 1233 1349 deliberatione
1259 1269 1578 1339 praecipitur.

593 1383 723 1437 Cum
752 1384 864 1436 haec
893 1381 962 1435 ita
992 1396 1049 1436 se
1087 1381 1334 1444 habeant,
1374 1390 1457 1435 est
1484 1390 1657 1437 tamen
1687 1380 1826 1436 inter
1852 1395 1950 1436 nos
1979 1380 2078 1435 fal-

522 1486 617 1525 sus
636 1471 826 1534 frater,
858 1469 1009 1539 cujus
1034 1470 1492 1538 praesumptionem
1521 1470 1659 1524 sicut
1682 1468 1879 1523 diutius
1909 1479 2081 1523 tacere

524 1575 630 1614 non
662 1558 827 1623 licuit,
856 1559 927 1613 ita
956 1570 1009 1614 et
1032 1559 1172 1627 loqui
1198 1560 1352 1613 futuri
1378 1560 1560 1629 judicii
1599 1561 1886 1615 necessitas
1916 1560 2080 1627 impec

525 1650 680 1703 ravil.
710 1648 951 1704 Silvanus
972 1649 1180 1717 quidam
1210 1649 1489 1718 episcopus
1514 1639 1788 1718 Calagurae
1816 1649 1870 1704 in
1898 1650 2080 1703 ultima

525 1749 677 1799 parte
702 1747 895 1792 nostra:
925 1738 1202 1800 provincia:
1228 1738 1563 1802 constitutus,
1595 1738 1945 1793 divinationes
1976 1738 2083 1809 [or-

2180 564 2413 609 vcslrum
2438 555 2549 623 jugi
2576 572 2690 610 arvo
2718 558 2895 611 divina
2919 574 3197 613 conservet
3221 562 3513 615 aeternitas.

2736 759 2756 789 '
2790 756 3106 811 EPISTULA

2230 881 2691 921 τλιιιλεοιιεκειυι
2730 882 3085 923 ενιεεονοιιῐιι
3122 885 3189 922 ΔΙ)
3226 882 3454 923 ηηΑιιυι
3494 884 3691 923 ΡΔΡΔΙ.

2178 977 2505 1044 Be.tissimn,
2527 984 2574 1030 el
2611 978 2887 1046 apostolica
2914 981 3189 1032 rerercut’a
3222 995 3256 1032 e
3282 979 3422 1032 nobis
3449 979 3504 1031 in
3543 978 3754 1033 Christo

2248 1048 2460 1119 colendo
2487 1062 2632 1119 papa;
2660 1046 3151 1119 ΗίιατοεΑδωηὶιδ
3190 1057 3237 1101 et
3276 1048 3493 1101 universi
3521 1050 3750 1119 cpt-copi

2251 1116 2644 1171 Tarraconensis
2672 1118 2960 1185 prouincia.

2246 1210 2416 1296 Quam
2448 1240 2627 1283 curam
2656 1227 2983 1295 apostoiatus
3010 1234 3188 1282 vester
3230 1226 3299 1282 de
3344 1224 3745 1295 provinciarum

2190 1329 2414 1372 suarum
2438 1317 2805 1372 sacerdotibus
2828 1326 3000 1389 gerat,
3020 1317 3131 1375 ﬁlio
3164 1328 3353 1373 nostro
3386 1320 3581 1373 illustri
3602 1316 3745 1371 Viu—

2193 1405 2533 1470 eentio,duce
2548 1408 2836 1476 provincia:
2850 1408 3334 1473 nostrreJefereute
3347 1410 3709 1480 cognovimus
3719 1422 3737 1459 :

2192 1497 2346 1565 cujus
2374 1498 2601 1566 impulsu
2633 1508 2811 1553 votum
2854 1508 3101 1555 nostrum
3144 1500 3200 1554 in
3244 1514 3431 1553 ausum
3463 1500 3743 1555 scribendi

2194 1600 2358 1653 prona
2381 1586 2662 1643 devotione
2686 1591 2935 1645 surrexit.
2963 1592 3102 1662 Ergo
3126 1590 3437 1660 provinciali
3471 1589 3745 1644 litterario

2194 1687 2441 1730 sermone
2450 1676 2624 1732 debita
2638 1696 2848 1734 corona:
2863 1681 3311 1750 vestrasobscquia
3324 1678 3745 1737 defete.ttes.his

2182 1780 2503 1835 quaesumus,
2535 1773 2593 1819 ut
2619 1764 2944 1833 dignatione,
2969 1774 3068 1832 qua
3096 1771 3340 1831 exteros,
3383 1761 3544 1817 etiam
3570 1759 3751 1815 humi-

518 1827 842 1898 dinatioua]
904 1828 1006 1881 sibi
1054 1828 1314 1882 indebitae
1356 1827 1686 1893 usurpando,
1736 1828 2079 1880 humilitatem
2110 1811 2157 1870 B

524 1931 761 1976 nostram
786 1921 852 1973 ad
884 1920 984 1974 hoc
1014 1935 1177 1989 usque
1204 1920 1489 1987 perduxit,
1529 1928 1586 1971 ut
1613 1929 1793 1973 contra
1842 1920 1957 1987 o~jus
1986 1933 2080 1971 va-

520 2012 797 2065 nissimam
826 2012 1248 2080 superstitionem
1276 2010 1418 2064 sedis
1441 2018 1632 2063 vestra:
1661 2010 1871 2062 unicum
1906 2024 2080 2064 reme-

519 2101 670 2155 dium
700 2100 1014 2170 tlagitemus.
1063 2100 1158 2153 ilic
1208 2114 1430 2167 namque
1454 2099 1563 2167 jam
1608 2112 1734 2153 ante
1763 2110 1964 2161 septem
1992 2106 2082 2151 aut

526 2198 649 2243 octo
675 2188 898 2256 amplius
938 2202 1136 2249 annos,
1169 2196 1490 2255 postponens
1521 2187 1731 2239 Patrum
1770 2188 1999 2253 regulas,
2025 2194 2082 2239 et

526 2288 700 2333 vestra
745 2278 979 2332 instituta
1008 2277 1325 2345 despiciens,
1359 2276 1514 2329 nullis
1542 2277 1839 2343 pe'entibus
1874 2276 2032 2343 popul
2055 2289 2086 2331 ι

522 2371 825 2438 episcopum
872 2368 1138 2423 ordinavit
1193 2384 1207 2420 :
1250 2368 1401 2437 cujus
1445 2381 1835 2435 praeproperam
1890 2364 2083 2419 factum

523 2460 889 2516 exi~timantes
934 2461 1163 2513 fraterna
1202 2470 1263 2513 et
1295 2457 1508 2525 pacifica
1540 2472 1693 2523 posse
1723 2457 2083 2511 admonitione

524 2550 723 2617 sanari,
757 2550 978 2619 profecit
1008 2552 1058 2604 in
1087 2550 1257 2619 pejus.
1288 2549 1524 2615 Denique
1552 2561 1735 2602 contra
1766 2558 2081 2603 vetustatem

524 2656 788 2694 canonum
813 2680 827 2702 ,
874 2649 1055 2693 contra
1086 2639 1271 2707 synodi
1316 2638 1620 2701 constituta,
1652 2638 1869 2691 al:erins
1907 2638 2086 2691 fratris

524 2732 689 2788 nostri
715 2729 1094 2800 presbyterum,
1115 2730 1301 2798 spiritu
1326 2738 1395 2781 to.
1419 2738 1525 2781 tum
1551 2730 1969 2805 praesumptionis
1994 2742 2083 2781 ae-

514 2834 719 2875 census
740 2858 754 2883 ,
786 2820 836 2872 in
866 2819 1049 2873 eodem
1080 2820 1216 2884 loco,
1246 2820 1333 2887 qui
1365 2819 1435 2871 illi
1469 2818 1638 2871 fuerat
1664 2818 1971 2881 destinatus,
1998 2818 2082 2870 cui

523 2908 691 2962 invito
715 2916 769 2963 et
796 2908 1102 2977 repugnanti
1134 2909 1457 2975 imposuerat
1485 2921 1691 2969 manus,
1715 2915 1768 2960 et
1792 2906 1879 2974 qui
1902 2916 2088 2959 nostro

526 2998 633 3067 jam
672 2998 829 3053 coetui
870 2995 1045 3053 fuerat
1092 3008 1401 3066 aggregatus
1430 3000 1735 3065 episcopum
1772 2997 1909 3051 fecit.
1953 2996 2087 3051 Hine

523 3089 719 3145 factum
746 3097 855 3157 est,
895 3098 953 3141 ut
979 3088 1044 3142 de
1072 3087 1185 3155 ejus
1224 3086 1513 3140 miserrima
1544 3088 1836 3141 temeritate
1880 3086 1943 3138 ad
1986 3099 2085 3139 nos

520 3177 1002 3245 Ctesaraugustanaa
1017 3176 1161 3229 urbis
1176 3174 1452 3243 episcOpus
1470 3175 1629 3228 frater
1642 3186 1821 3229 neSter
1839 3176 2078 3239 referret,

522 3267 673 3335 cujus
702 3267 966 3336 diligentia
996 3276 1049 3321 et
1072 3265 1371 3321 sollicitudo
1410 3266 1691 3319 admodum
1720 3273 2081 3331 prospexerat,

522 3358 648 3410 siin
690 3356 863 3425 aliquo
905 3356 1209 3425 profuisset.
1250 3355 1517 3431 Siquidem
1563 3354 1767 3407 eunetis
1796 3353 1850 3406 in
1892 3353 2082 3406 vicinia

523 3446 707 3513 positis
732 3445 1011 3514 episcopis,
1032 3459 1099 3497 ne
1122 3459 1179 3497 se
1203 3443 1537 3498 sebismatico
1566 3443 1928 3514 adjungerent,
1973 3441 2083 3495 fre-

523 3535 865 3600 quentissime
906 3530 1219 3586 contradixit
1250 3548 1262 3583 :
1300 3531 1391 3583 sed
1422 3531 1775 3583 obstinatione
1801 3528 2081 3583 damnabili

526 3626 712 3685 totum,
756 3622 893 3690 quod
935 3606 1053 3674 erat
1079 3621 1335 3683 illicitum,
1377 3633 1426 3672 el
1462 3620 1598 3687 quod
1628 3619 1777 3673 nobis
1809 3622 1975 3688 pudor
2005 3628 2085 3675 est

522 3713 701 3767 diccre
724 3753 740 3777 ,
781 3728 887 3767 non
913 3711 1124 3767 erubuit
1146 3712 1290 3764 solus
1319 3710 1408 3763 iile
1434 3710 1784 3765 committere.

599 3820 827 3877 Proinde
862 3821 984 3891 quia
1014 3821 1095 3874 his
1124 3819 1653 3890 praesumptionibus,
1682 3833 1801 3887 quae
1827 3820 2080 3873 unitatem

522 3910 784 3976 dividunt,
814 3909 930 3980 qua:
973 3910 1202 3965 schisma
1248 3909 1442 3963 faciunt
1471 3949 1485 3973 ,
1534 3910 1699 3963 veloci
1726 3924 1784 3962 er
1813 3909 1966 3962 debet
1994 3923 2084 3961 oc-

525 4001 663 4055 curri
692 4020 704 4055 :
732 4016 1031 4073 quaesumus
1058 4000 1238 4055 sedem
1270 4012 1524 4063 vestram,
1559 4009 1614 4052 ut
1642 4000 1767 4067 quid
1795 4014 1954 4065 super
1983 4000 2082 4053 hac

525 4101 672 4157 parte
699 4092 981 4146 observare
1006 4090 1211 4153 velitis,
1243 4090 1545 4156 apostolicis
1574 4088 1814 4163 affatibus
1849 4089 2077 4141 instrua-

524 4195 644 4235 mur
679 4198 691 4234 :
730 4191 988 4249 quatenus
1014 4179 1341 4232 fraternitate
1370 4179 1614 4241 collecta,
1652 4179 1868 4241 prolatis
1896 4179 1944 4228 in
1974 4167 2081 4230 me-

525 4269 669 4321 dium
690 4269 1000 4322 veneranda:
1025 4266 1210 4335 synodi
1235 4264 1552 4325 constitutis,
1575 4274 1753 4317 contra
1780 4264 2082 4317 rebellionis

527 4359 766 4426 spiritum
812 4366 987 4410 vestra
1030 4354 1346 4408 auctoritate
1392 4354 1635 4418 subnixi,
1688 4352 1808 4419 quid
1841 4361 2081 4418 oporteat

2182 1944 2307 1997 bere
2334 1941 2653 2013 dignemini,
2690 1942 2995 1999 beatissime
3022 1950 3077 1996 et
3112 1942 3401 2011 apostolica
3437 1944 3755 1997 reverentia

2182 2034 2234 2087 in
2259 2034 2472 2087 Christo
2496 2050 2525 2089 a
2548 2034 2701 2088 nobis
2726 2032 2949 2088 eoieude
2975 2041 3156 2103 pater:
3181 2033 3310 2087 illud
3336 2032 3622 2103 specialius
3648 2033 3750 2087 de-

2181 2115 2456 2193 precantes
2481 2164 2498 2188 ,
2542 2132 2603 2177 ut
2628 2124 2820 2178 iactatu
2850 2134 3114 2188 nostrum,
3144 2122 3288 2192 quod
3315 2133 3431 2193 tam,
3452 2132 3581 2177 voto
3609 2137 3753 2192 pene

2180 2213 2354 2265 omnis
2383 2212 2663 2279 provincia
2687 2253 2703 2278 ,
2734 2223 2891 2280 quam
2919 2211 3166 2278 exemplo
3194 2212 3475 2266 vetustatis
3505 2213 3557 2265 in
3604 2214 3752 2266 noti-

2182 2303 2308 2354 tiam
2338 2311 2565 2355 vestram
2605 2300 2863 2367 defertur,
2910 2301 3185 2369 perpensis
3228 2300 3611 2355 assertionibus
3654 2316 3752 2354 no-

2179 2394 2324 2456 stris,
2348 2394 2596 2447 roborare
2624 2391 2931 2460 dignemini.
2953 2391 3246 2462 Episcopus
3278 2392 3751 2446 Barrinonensium

2181 2484 2409 2539 civitatis
2437 2492 2651 2537 sanctus
2679 2482 3034 2537 Nundinarius
3062 2492 3259 2537 sortem
3297 2482 3528 2549 explevit
3561 2482 3751 2537 condi-

2183 2574 2341 2627 tionis
2371 2574 2636 2626 bumaute.
2666 2572 2759 2627 llic
2783 2574 3033 2641 episcopo
3059 2568 3347 2627 venerabili
3376 2572 3523 2625 fratri
3552 2582 3747 2625 nostro

2182 2664 2404 2727 Irenteo,
2432 2678 2589 2731 quem
2620 2663 2731 2729 ipse
2756 2672 2911 2717 antea
2936 2663 2989 2715 in
3017 2661 3232 2717 dioecesi
3259 2676 3356 2716 sua
3379 2662 3533 2715 nobis
3559 2661 3747 2717 volen-

2180 2756 2321 2810 tibus
2345 2755 2711 2817 constituerat,
2742 2753 3116 2823 derelinquens
3141 2756 3190 2808 ei
3210 2794 3225 2818 ,
3274 2752 3413 2823 quod
3446 2752 3616 2821 potuit
3647 2755 3715 2808 ha
3734 2782 3750 2794 -

2183 2844 2308 2899 bere
2332 2853 2615 2912 paupertas
2639 2885 2655 2910 ,
2687 2857 2947 2911 supremas
2987 2844 3271 2898 voluntatis
3307 2842 3548 2910 arbitrio,
3581 2843 3636 2897 in
3668 2844 3747 2899 ιο-

2183 2952 2301 2991 cum
2327 2950 2482 2997 suum
2514 2944 2569 2989 ul
2601 2934 3029 3000 substitueretur,
3077 2935 3275 3004 optavit
3315 2953 3329 2987 :
3372 2934 3465 2989 sed
3508 2934 3749 2990 (lt-functi

2180 3026 2434 3095 judicium
2481 3026 2533 3078 in
2589 3024 2704 3093 ejus
2747 3023 2995 3079 meritum
3044 3039 3148 3078 non
3196 3024 3424 3078 vacillat.
3469 3024 3750 3093 Siquidem

2106 3137 2152 3204 ρ
2184 3116 2356 3170 omnis
2380 3114 2554 3169 clerus
2584 3123 2638 3169 et
2664 3114 2812 3182 plebs
2839 3112 3074 3183 ejusdem
3100 3112 3329 3167 civitatis
3351 3154 3366 3178 ,
3394 3123 3455 3168 et
3476 3113 3665 3183 optimi
3692 3123 3746 3168 et

2186 3204 2392 3274 plurimi
2426 3203 2793 3271 provinciales,
2816 3214 2873 3257 ut
2906 3203 3040 3257 idem
3063 3202 3182 3271 ejus
3206 3203 3379 3257 locum
3408 3204 3744 3267 observaret,

2183 3311 2212 3348 a
2244 3294 2395 3349 nobis
2422 3303 2771 3361 speraverunt
2790 3334 2805 3358 ,
2836 3292 2961 3347 dato
2988 3306 3269 3347 consensu.
3314 3292 3419 3346 Nos
3448 3295 3745 3360 cogitantes

2184 3384 2415 3437 defuncti
2442 3384 2717 3450 judicium,
2739 3392 2792 3437 et
2814 3382 3101 3451 probantes
3124 3383 3241 3451 ejus
3266 3383 3446 3446 vitam,
3473 3391 3528 3437 et
3553 3398 3747 3438 eorum

2184 3474 2509 3525 nobilitatem
2542 3481 2703 3541 atque
2733 3472 3137 3535 multitudinem,
3164 3471 3254 3540 qui
3284 3472 3551 3540 petebant,
3582 3474 3743 3528 simul

2183 3570 2235 3611 et
2264 3559 2540 3612 utilitatem
2572 3559 2818 3612 Ecclesia:
2842 3570 3165 3621 memoratze,
3188 3561 3440 3627 optimum
3465 3560 3743 3619 duximus.

2185 3658 2239 3701 ut
2280 3657 2424 3700 tanto
2462 3648 2730 3702 sacerdoti
2758 3687 2773 3711 ,
2823 3648 2909 3714 qui
2939 3648 3004 3701 ad
3047 3648 3222 3701 divina
3266 3649 3603 3718 migraverat,
3632 3665 3746 3705 non
3814 3698 3821 3705 .

2183 3736 2399 3789 minoris
2445 3735 2618 3789 meriti
2680 3736 3085 3789 substitueretur
3133 3736 3393 3801 antistes,
3445 3739 3743 3806 przesertim

2182 3839 2299 3877 cum
2331 3823 2561 3878 Ecclesia
2588 3824 2729 3877 illius
2768 3817 3070 3891 municipii,
3104 3823 3157 3875 in
3182 3837 3281 3891 qua
3304 3834 3427 3878 ante
3454 3825 3628 3882 fuerat
3652 3842 3744 3882 or-

2180 3915 2410 3976 dinatus.
2442 3928 2655 3983 semper
2683 3912 2836 3981 hujus
2865 3911 3091 3966 civitatis
3127 3912 3376 3967 Ecclesia:
3404 3912 3567 3971 fuisse
3605 3917 3744 3973 dite-

2181 4007 2315 4059 cesis
2341 4014 2563 4058 constet.
2590 4004 2727 4071 Ergo
2753 4003 3062 4072 suppliciter
3084 4016 3359 4069 precamur
3382 4006 3739 4073 apostolatus

2182 4104 2434 4155 vestrum.
2464 4104 2521 4149 ut
2547 4094 2856 4148 humilitatis
2886 4102 3081 4147 nostrte
3106 4093 3405 4159 decretum,
3433 4097 3570 4165 quod
3596 4098 3746 4167 justo

2180 4200 2209 4237 a
2243 4184 2392 4235 nobis
2418 4182 2622 4235 videtur
2661 4182 2888 4249 factum,
2934 4192 3106 4237 vestra
3136 4186 3447 4241 auctoritate
3492 4187 3741 4245 firmetis.

2181 4273 2495 4327 Iamdudum
2541 4286 2669 4325 sane
2713 4273 2886 4336 questi
2934 4272 3201 4326 fueramus
3231 4274 3418 4329 litteris
3448 4269 3644 4334 nostris
3672 4281 3743 4335 de

2181 4361 2592 4427 praesumptione
2635 4358 2837 4412 Siivani
2867 4359 3095 4425 episcopi
3134 4377 3147 4410 :
3184 4370 3239 4415 et
3277 4364 3551 4429 miramur,
3597 4370 3743 4433 quod

528 4448 594 4500 de
618 4447 921 4500 ordinatore
948 4455 1000 4498 et
1043 4444 1109 4497 de
1135 4443 1379 4497 ordinato
1429 4442 1539 4496 fieri
1566 4481 1581 4505 ,
1623 4442 1855 4509 illtcllige
1886 4456 1936 4506 e,
1972 4441 2081 4493 Deo
2111 4480 2157 4538 Β
2185 4451 2325 4502 nulla
2370 4450 2695 4515 apnslo'atns
2726 4450 2886 4503 vestri
2916 4464 3170 4517 respOnsa
3197 4453 3541 4520 suscepimus.
3588 4454 3745 4521 Nune

528 4537 825 4603 adiuvante,
844 4534 1132 4603 possimus.
1159 4532 1268 4585 Erit
1296 4532 1531 4600 profecto
1558 4542 1733 4585 vester
1763 4532 2079 4599 triumphus,

528 4627 571 4677 si
616 4626 937 4689 apostolatus
965 4624 1123 4677 vestri
1164 4622 1519 4690 temporibus,
1561 4623 1695 4690 quod
1742 4623 1908 4675 sancti
1937 4619 2081 4676 Petri

529 4712 777 4763 cathedra
824 4712 1044 4775 obtinet,
1088 4712 1345 4765 catholica
1390 4712 1568 4765 audiat
1615 4713 1867 4776 Ecclesia,
1910 4713 1952 4764 si
1986 4726 2079 4763 no-

532 4801 664 4853 vclla
712 4801 1024 4853 zizaniorum
1055 4800 1255 4854 sentina
1295 4800 1485 4855 fuerint
1522 4802 1832 4869 exstirpata.
1870 4801 1932 4854 Et
1961 4802 2078 4854 sub—

526 5015 839 5073 Sirmondns
870 5032 883 5065 :
921 5025 1237 5082 pestremam
1280 5016 1437 5068 etiam
1478 5030 1595 5068 cum
1638 5017 1753 5069 aliis
1778 5018 2004 5069 duobus.
2037 5016 2075 5069 li

528 5096 649 5139 sunt
682 5083 1054 5146 Pilbmaneus,
1099 5083 1241 5135 Arei.
1264 5122 1278 5142 ,
1320 5083 1481 5135 Lirin.
1506 5124 1519 5143 ,
1547 5083 1728 5145 Corb.,
1765 5085 1911 5138 Rern.
1948 5087 2078 5139 Har-

529 5157 721 5207 ttuiuus
768 5152 924 5206 etiam
978 5165 1097 5204 cum
1154 5150 1466 5205 collectione
1515 5152 1746 5220 Dionysii
1794 5168 1892 5206 ms.
1939 5156 2077 5208 unde

531 5223 917 5276 emendatltlres
945 5219 1149 5271 damus.

604 5294 617 5321 ¹
646 5291 787 5343 Hanc
810 5287 1084 5358 epistolam
1119 5289 1269 5358 (qum
1314 5288 1502 5354 prioris
1525 5287 1830 5358 jamdudum
1863 5290 2076 5358 scripta:

534 5360 850 5412 mentionem
897 5356 1038 5421 facit,
1082 5356 1316 5421 adeoque
1360 5366 1595 5421 tempore
1642 5357 1899 5423 posterior
1925 5356 2005 5413 est
2034 5363 2071 5423 ).

535 5430 692 5494 ιιι-ἰοτί
726 5428 795 5479 illi
818 5423 1284 5494 Tarraconensinm
1313 5424 1579 5494 postposui
1603 5424 1701 5475 hoc
1729 5425 1843 5494 loco
1866 5442 1876 5476 :
1899 5426 2074 5492 putavi

535 5492 671 5547 enim
700 5497 893 5560 gratius
921 5497 1032 5547 fore
1058 5494 1120 5545 ad
1152 5493 1419 5543 veritatem
1451 5492 1523 5541 rei
1555 5503 1710 5558 gestze
1743 5492 1938 5553 facilius
1963 5510 2077 5557 per-

535 5565 873 5629 spiciendum,
896 5564 958 5623 si,
982 5578 1096 5629 qua:
1119 5562 1260 5628 prius
1288 5570 1398 5613 acta
1429 5567 1568 5629 sunt.
1598 5562 1765 5622 priore
1796 5564 1908 5614 loco
1929 5578 2074 5615 enar-

537 5628 714 5687 rentnr
740 5642 791 5685 et
818 5628 1160 5686 collocentur.
1182 5630 1235 5684 In
1264 5630 1483 5683 concilio
1509 5628 1744 5681 Romano
1773 5629 1879 5683 tunc
1908 5632 2080 5695 primo

2184 4538 2297 4591 haec
2320 4537 2505 4591 eadem
2536 4547 2899 4605 suggerentes,
2931 4540 3178 4607 petimus,
3208 4548 3265 4592 ut
3302 4540 3427 4608 quid
3458 4556 3619 4610 super
3658 4544 3743 4598 his

2182 4625 2341 4679 rebus
2366 4626 2750 4679 observandum
2780 4627 2851 4678 sit
2873 4665 2888 4689 ,
2934 4626 3236 4695 apostolicis
3277 4629 3611 4687 sermonibus
3639 4647 3741 4688 nos

2178 4715 2465 4779 dignemini
2488 4715 2792 4768 informare.
2818 4714 2884 4767 Et
2906 4730 2971 4768 ne
2998 4714 3216 4769 forsitan
3246 4731 3341 4786 per
3368 4718 3739 4787 negligentiam

2180 4805 2487 4871 portitoris,
2519 4812 2608 4857 aut
2652 4818 2745 4872 per
2791 4804 3057 4874 longinqui
3103 4805 3306 4861 itineris
3350 4807 3738 4875 difficultatem,

2181 5017 2297 5070 loco
2309 5016 2550 5076 recitata,
2566 5015 2733 5081 primo
2747 5014 2930 5070 ordine
2946 5014 3134 5070 merito
3154 5017 3401 5072 collocata
3420 5022 3531 5075 fuit.
3546 5024 3739 5081 Accla-

2180 5088 2437 5161 mationes
2460 5084 2818 5161 episcoporum
2844 5084 3053 5161 lectioni
3072 5087 3226 5161 hujus
3245 5088 3483 5161 epistola:
3507 5093 3738 5161 interpo-

2181 5154 2307 5208 sitas
2330 5152 2461 5204 infra
2483 5151 2874 5218 designabimus
2895 5154 2945 5205 iu
2970 5151 3217 5216 praedicto
3237 5151 3734 5217 conciltoanauo.

2183 5224 2470 5295 Memorato
2495 5222 2652 5287 digna
2671 5221 2775 5274 duo
2794 5224 3048 5295 continet.
3083 5224 3272 5295 Unum,
3295 5227 3433 5295 quod
3458 5227 3524 5281 ad
3551 5228 3737 5283 Itoma—

2184 5306 2303 5343 nam
2336 5291 2512 5342 sedem
2544 5297 2740 5341 tantum
2771 5293 3028 5356 pertinent
3069 5291 3375 5366 dispensare
3421 5296 3473 5348 in
3503 5297 3588 5361 iis,
3618 5313 3739 5366 quae

2182 5369 2366 5433 contra
2416 5372 2647 5433 canones
2697 5369 3009 5433 pr:eso_nt_pta
3058 5374 3181 5415 sunt
3224 5380 3237 5415 :
3279 5364 3503 5418 alterum
3529 5404 3545 5427 .
3592 5364 3732 5433 quod

2186 5428 2377 5479 nullius
2404 5427 2613 5479 concilii
2646 5426 2982 5494 provincialis
3023 5436 3162 5482 tanta
3211 5441 3293 5485 est
3337 5426 3648 5496 auctoritas,
3680 5446 3737 5488 ut

2186 5496 2479 5617 giconsulta
2506 5496 2632 5551 sede
2658 5496 2939 5562 apostolica
2972 5496 3019 5550 id
3053 5509 3301 5565 praestare
3330 5502 3577 5571 potuerit.
3603 5504 3734 5558 Ssv.

2232 5578 2381 5617 mus.

2232 5582 2265 5616 l‘
2282 5578 2381 5617 IUS.
