3930 6488
524 102 1081 110 —_—_____.—

204 477 264 533 π
1600 471 1927 531 EPISTOLA
1966 472 2026 529 ll.
3364 473 3431 527 tit

202 595 507 650 humilitatis
555 598 750 646 nostra:
776 590 847 645 ad
884 605 978 645 vus
1017 589 1209 658 scripta
1255 603 1357 643 non
1404 590 1674 657 potuerint
1697 606 1761 643 ex
1792 594 1841 651 Α
1869 599 2025 658 atque
2072 604 2387 643 consensum
2435 589 2611 642 fratris
2655 590 2866 644 Ascanii
2916 588 3304 659 metropolitani
3336 589 3418 641 ali-

199 687 297 739 boc
338 684 553 752 negotio
584 685 881 753 pervenire,
911 682 1069 735 ctiam
1103 681 1494 749 suggestionem
1530 692 1763 743 nostram

198 776 479 831 maluimus
507 775 722 828 iterare.
754 772 819 825 Et
851 772 1177 839 subscriptio:
1192 771 1441 824 Orantem
1475 782 1569 837 pro
1613 769 1767 827 nobis

195 874 437 919 satiatum
486 864 836 932 apostolatum
882 871 1118 913 vestrum
1148 861 1257 930 jugi
1288 876 1402 913 aevo
1431 862 1611 913 divina
1639 874 1767 912 con-

194 966 368 1012 servet
415 956 689 1010 aeternitas
733 954 884 1006 uoltis
928 952 1177 1006 erunibus
1222 961 1275 1005 et
1323 952 1577 1006 Ecclesiae
1623 966 1762 1020 sure,

193 1045 408 1102 domine
431 1058 555 1099 vere
578 1040 904 1117 [uenerande]
930 1050 1110 1097 noster
1134 1052 1186 1097 et
1210 1043 1501 1119 apostolice
1528 1057 1681 1111 papa.

773 1197 1101 1253 EPISTULA
1144 1198 1205 1251 ll.

189 1327 369 1366 ιῖιιΑιι
408 1311 570 1366 ΡΛΡ8’
595 1326 663 1364 Δί)
701 1324 961 1363 ΑθεΑΜιγιι
994 1324 1063 1362 ετ
1104 1322 1353 1369 κειιρυοε
1392 1323 1765 1363 τΔΜΠΟΟΧΕΝε·

619 1394 693 1433 818
732 1394 1019 1433 Ριιονυεςιιε
1061 1393 1352 1437 EPISCOPOS.

193 1470 243 1524 I.
291 1472 359 1525 Ut
386 1472 561 1525 nullus
589 1474 696 1525 sine
725 1488 970 1526 consensu
1006 1471 1227 1541 episcopi
1249 1470 1620 1540 metropolitani
1657 1470 1765 1539 epi-

260 1558 445 1605 scOpsts
468 1544 746 1594 ordinetur.

191 1610 275 1665 11.
322 1612 389 1665 Ut
418 1613 589 1665 rutilus
616 1614 983 1680 episcoporum,
1006 1610 1179 1665 relida
1210 1610 1415 1679 prapria
1434 1608 1680 1669 Ecclesia,
1698 1609 1768 1661 ad

260 1684 419 1734 aliam
449 1693 689 1734 transeat.

187 1752 309 1804 Ill.
355 1750 422 1805 Ut
465 1751 692 1804 [renatus
725 1759 944 1802 remotus
973 1766 1005 1800 a
1033 1747 1395 1802 Barcinoncnsi
1424 1744 1677 1809 Eccte-ia,
1700 1747 1769 1798 ad

262 1824 523 1885 propriam
554 1830 847 1872 revertatur.

191 1892 217 1941 Ι
234 1890 300 1943 γ.
346 1890 421 1941 De
445 1890 752 1959 removendis
790 1887 1038 1959 episcopis
1064 1886 1151 1953 qui
1171 1887 1347 1959 illicita
1370 1886 1590 1938 ordinati
1625 1894 1760 1948 sunt,

259 1971 306 2012 et
335 1976 397 2012 ne
425 1960 477 2011 in
507 1975 610 2011 una
636 1956 864 2011 Ecclesia
893 1961 990 2009 duo
1009 1958 1233 2021 episcopi
1263 1956 1559 2007 habeantur.

193 2029 260 2082 ιτ.
307 2029 382 2081 De
418 2030 741 2081 damnatione
783 2027 987 2095 Irenm’,
1029 2028 1073 2080 si
1102 2027 1170 2079 ad
1191 2043 1332 2079 suam
1356 2025 1633 2079 Ectlesiam
1660 2041 1761 2077 non

257 2110 557 2153 revertatur.

184 2211 266 2263 Ilil
288 2224 397 2263 irus
424 2208 709 2277 episcopus
730 2208 959 2288 Ascanio
987 2216 1040 2259 et
1070 2206 1329 2287 universis
1353 2206 1613 2273 episcopis
1636 2204 1763 2258 Tar-

654 2292 961 2331 raconensits
992 2291 1297 2340 provmctae.

259 2414 547 2480 Postquam
597 2412 802 2466 litteras
847 2422 1039 2464 ve~tr.c
1096 2409 1394 2465 dilectionis
1439 2407 1761 2474 accepimus,

181 2504 379 2572 quibus
400 2503 846 2569 prmsumptiones
862 2500 1059 2555 Silvani
1083 2498 1761 2567 episcot»MIalagumnsium

187 2593 275 2646 Ec.
298 2593 449 2646 lesize
471 2591 681 2645 retundi
714 2591 940 2659 petistis,
972 2601 1027 2645 et
1058 2606 1265 2643 rursum
1291 2589 1763 2645 Bsrciuonensinm

181 2685 425 2751 qumrilis
455 2685 613 2736 nimis
644 2683 827 2741 illicita
856 2694 972 2735 veta
1017 2681 1219 2734 ﬁrmari
1261 2699 1273 2733 :
1302 2680 1679 2733 honoratorum
1711 2687 1765 2731 et

181 2790 557 2843 p~tssessorum
587 2774 1102 2833 Turiassonentium,
1130 2780 1156 2808 α
1193 2770 1579 2825 Calcantesium
1603 2812 1617 2835 ,
1664 2770 1765 2822 Ca-

184 2866 635 2934 laguritanorum,
667 2862 1062 2933 Virgiliensium
1096 2863 1137 2927 ⁸,
1169 2860 1762 2935 Ττίεἰθηείυωηιλεςίο-

181 2960 434 3010 mustum
464 2965 521 3009 et
547 2955 945 3009 Civitatensium
966 2994 981 3018 ,
1030 2968 1150 3008 cum
1182 2951 1657 3020 subscriptionihus
1684 2950 1765 3004 di—

178 3062 489 3111 versorum,
523 3047 727 3100 litteras
755 3045 908 3098 nobis
938 3053 1143 3099 constat
1173 3042 1406 3111 ingestas
1442 3058 1457 3096 :
1498 3057 1593 3109 per
1630 3056 1764 3108 quas

186 3140 237 3192 id
288 3138 431 3203 quod
476 3137 543 3191 de
589 3137 806 3191 Silvano
853 3136 1066 3203 querela
1114 3142 1289 3187 vestra
1340 3131 1760 3199 deprompserat,

183 3232 538 3285 excusabant.
602 3228 707 3283 Sed
764 3227 1176 3294 reprehensione
1225 3224 1515 3291 justissima
1577 3238 1760 3276 eorum

184 3322 388 3391 pariter
425 3321 454 3360 ιι
488 3320 626 3387 justa
669 3318 915 3387 allegatio
959 3333 1062 3370 non
1106 3318 1358 3379 carebat;
1400 3315 1517 3381 quia
1571 3324 1763 3382 praeter
1788 3303 1833 3362 C

184 3414 575 3469 conscientiam
636 3411 1074 3479 metropolitani,
1134 3408 1311 3462 fratris
1362 3417 1415 3461 et
1463 3407 1764 3475 eoi-piscopi

185 3507 360 3558 nostri
387 3503 625 3562 Ascanii,
653 3501 923 3556 nonnullis
948 3499 1249 3554 civitatibus
1276 3497 1548 3551 ordinato<
1575 3497 1765 3551 claruit

186 3594 522 3647 sacerdotes.
550 3602 579 3631 ο
607 3590 756 3645 Unde
782 3631 796 3655 ,
841 3592 1090 3659 quoniam
1128 3587 1379 3657 quidquid
1410 3588 1477 3642 ab
1511 3588 1763 3641 alterutra

189 3696 341 3749 parte
372 3694 457 3737 est
485 3684 795 3753 iudicatum,
820 3681 966 3734 omni
998 3680 1235 3733 videmus
1266 3680 1610 3743 perversitate
1638 3692 1763 3732 can.

187 3773 364 3827 fusum
392 3813 409 3837 ,
460 3781 754 3840 temporum
800 3772 1120 3825 necessitate
1165 3780 1482 3837 perspecta,
1534 3769 1633 3823 hac
1682 3783 1767 3821 ra-

190 3864 336 3916 tione
363 3861 703 3917 decernimus
738 3861 803 3913 ad
838 3860 1042 3913 veniam
1083 3862 1349 3926 pertinere
1397 3857 1534 3923 quod
1564 3866 1767 3925 gestum

187 3962 295 4014 est.
342 3963 402 4006 ut
450 3952 583 4005 nihil
625 3951 873 4021 deinceps
918 3958 1099 4003 contra
1145 3956 1407 4017 praecepta
1457 3948 1591 4001 beati
1636 3962 1767 4014 apo.

187 4043 312 4095 stoli
339 4082 354 4104 ,
389 4041 519 4095 nihil
549 4048 729 4095 contra
760 4039 1090 4094 Nicaeuorum
1118 4052 1375 4092 canonum
1417 4037 1759 4091 constitutum

188 4138 446 4183 t-~ntetur.

265 4310 377 4363 Hoc
421 4320 596 4362 autem
630 4309 890 4374 primum,
915 4304 1061 4374 juxta
1090 4303 1397 4358 earumdem
1435 4303 1650 4357 Patrum
1678 4317 1764 4357 re-

186 4400 365 4467 gulas,
394 4398 643 4452 volumus
671 4396 957 4460 custodiri,
990 4404 1047 4449 ut
1078 4395 1257 4449 nullus
1302 4405 1495 4463 praeter
1522 4394 1762 4448 notitiam

266 4562 295 4589 ⁸
316 4550 447 4607 Cod.
484 4551 638 4616 Luc.,
679 4551 1073 4614 Cascatensium,
1105 4548 1625 4621 Calogorritanorttm,
1659 4547 1765 4600 να-
1793 4562 1840 4621 ι)

188 4626 505 4704 regentium,
539 4622 885 4688 Tritientium,
918 4619 1250 4682 Leviensium,
1278 4631 1325 4673 et
1354 4619 1772 4673 Derovicensium

186 4704 471 4747 civitatum.

265 4762 296 4802 ι’
314 4762 447 4827 Cod.
483 4763 633 4828 Luc.,
655 4765 775 4816 ista.

268 4843 295 4870 ⁸
322 4834 456 4888 Cod.
481 4832 633 4898 Luc.,
668 4833 817 4885 Inde.

258 4901 295 4939 ⁴
314 4904 447 4958 Cod.
473 4903 627 4969 Luc.,
655 4919 819 4955 suam.

269 5034 310 5102 ξ
328 5033 547 5102 Dionys.
599 5032 978 5100 Varegentiuns,
1001 5029 1339 5102 [ridendum
1361 5071 1376 5096 ,
1420 5026 1723 5080 Lioiensium
1739 5066 1767 5092 ν

178 5113 230 5157 et
273 5100 717 5155 Verosiscensittm
740 5102 974 5155 civitatis.
1000 5100 1169 5154 Hann.

260 5173 285 5203 ¹
320 5170 421 5225 Per
441 5171 670 5224 natalem
701 5170 839 5225 diem
870 5170 1126 5233 pontificis
1162 5168 1319 5222 Hilari
1358 5168 1588 5236 intelligo
1617 5168 1754 5222 diem

182 5240 547 5294 ordinationis
586 5240 701 5293 sive
732 5240 1025 5303 electionis,
1061 5253 1166 5306 quo
1210 5240 1261 5291 in
1291 5252 1552 5292 summum
1585 5237 1758 5305 ponti-

186 5312 351 5365 llcem
374 5309 574 5363 electus
610 5317 666 5361 et
690 5319 994 5376 assumptus
1035 5308 1168 5376 fuit.
1199 5308 1459 5363 Solemnis
1485 5307 1623 5360 enim
1659 5307 1755 5359 hoc

188 5392 441 5445 tempore
466 5378 795 5433 mmetudo
823 5374 959 5444 erat,
988 5388 1044 5431 ut
1070 5374 1247 5445 plures
1276 5378 1505 5445 episcopi
1536 5377 1755 5444 singulis

185 5446 355 5505 annis
400 5450 619 5502 Romam
654 5448 1021 5510 convenirent,
1054 5463 1237 5514 magna
1276 5462 1394 5501 curn
1428 5446 1757 5499 solemnitate

185 5517 509 5575 celebraturi
537 5517 683 5571 illum
713 5515 875 5576 diem.
911 5530 1014 5584 quo
1058 5519 1336 5583 episcopus
1383 5517 1628 5568 Romana:
1661 5517 1758 5568 Ec-

185 5588 376 5646 riesia:
408 5589 471 5640 ad
501 5586 693 5640 summi
727 5585 1059 5651 pontilitatus
1088 5588 1293 5639 culmen
1321 5594 1619 5650 assumptus
1644 5585 1753 5637 fuit.

184 5659 425 5715 Sanctus
464 5657 569 5710 Leo
608 5656 815 5723 aliquos
850 5669 1122 5708 sermones
1149 5656 1216 5708 de
1262 5671 1354 5717 sua
1399 5655 1753 5719 ordinatione,

186 5733 311 5784 sive
349 5724 832 5782 anniversariaidie
858 5726 1233 5790 assumptionis
1260 5739 1366 5776 sum
1396 5726 1459 5775 ad
1491 5723 1750 5787 fastigium

185 5813 241 5853 i-t
269 5800 483 5852 culmen
506 5795 699 5850 summi
736 5794 1065 5861 pontificatus
1102 5794 1300 5846 habuit.
1335 5794 1442 5845 Iluc
1468 5792 1661 5844 faciunt
1692 5809 1750 5846 ea

186 5888 315 5938 ῳιω
344 5878 554 5923 sanctus
586 5865 906 5934 Augustinus
940 5862 1092 5917 babct
1134 5864 1198 5917 de
1237 5865 1319 5917 die
1357 5864 1510 5914 natali
1557 5862 1749 5916 Aurelii

1866 686 2126 747 quatenus
2152 688 2494 733 consecretur
2533 680 2787 743 antistes;
2827 680 2943 747 quia
2974 678 3076 732 hoc
3104 686 3258 731 vetus
3296 680 3429 729 ordo

1870 772 2075 835 tenuit,
2110 772 2209 824 lioc
2252 781 2606 825 trecentorum
2650 772 2830 825 decem
2879 781 2935 824 et
2978 781 3097 823 octo
3126 780 3431 823 sanctorum

1867 862 2083 919 Patrum
2112 864 2350 917 definivit
2379 868 2698 926 auctoritas;
2740 863 2821 915 cui
2852 862 3087 930 quisquis
3118 862 3305 916 obvias
3345 870 3425 913 te--

1868 955 2096 1005 tendcrit
2141 968 2367 1018 manus,
2418 969 2599 1006 eorum
2646 968 2704 1006 se
2747 954 3014 1006 consortio
3056 951 3247 1006 fatetur
3291 954 3434 1006 irdi-

1868 1061 2049 1120 gnum,
2077 1059 2299 1114 quorum
2324 1045 2766 1121 prmeeptinnibus
2798 1044 3083 1099 resulturit.

1934 1186 1949 1200 ,
2683 1136 2746 1189 ll.

1939 1225 1993 1279 In
2040 1239 2265 1293 quorum
2312 1223 2692 1279 contumeliam
2722 1240 2753 1278 a
2798 1225 3025 1293 superbo
3051 1224 3236 1293 spiritu
3268 1225 3427 1277 etiam

1866 1332 1993 1389 pars
2023 1317 2108 1369 illa
2131 1300 2509 1379 contemnitur,
2538 1332 2639 1385 qua
2670 1325 2873 1369 velatur
2901 1314 3159 1388 [cauetur],
3190 1331 3255 1371 tte
3284 1319 3423 1384 quis,

1870 1411 2048 1463 relicta
2082 1410 2319 1463 Ecclesia
2347 1424 2439 1461 sua
2464 1449 2479 1473 ,
2525 1409 2590 1461 ad
2622 1410 2838 1462 alteram
2872 1410 3092 1462 transire
3122 1418 3421 1476 praesumat.

1866 1500 2016 1565 Quod
2048 1500 2206 1553 nimis
2236 1500 2475 1567 improbe
2504 1500 2927 1560 conniventibus,
2961 1510 3015 1553 et
3044 1500 3061 1568 (
3086 1507 3142 1551 ut
3178 1498 3425 1551 doleatur

1865 1593 2078 1659 gravius
2102 1592 2118 1657 )
2155 1590 2305 1642 vobis
2333 1592 2723 1656 asserentilius,
2772 1589 3002 1642 lrenmus
3029 1590 3308 1657 episcopus
3338 1604 3425 1641 eo-

1864 1691 2024 1735 natur
2049 1681 2350 1742 admittere.
2384 1681 2474 1749 qui
2505 1680 2685 1751 [quod]
2726 1691 2900 1734 nostra
2929 1684 3243 1734 auctoritate
3270 1683 3423 1734 robo.

1866 1769 1972 1823 rari
2015 1770 2247 1837 cupitis,
2291 1787 2423 1839 quos
2452 1772 2684 1824 maxime
2712 1771 2777 1825 de
2804 1773 2963 1825 rebus
3011 1771 3207 1825 illicitis
3237 1788 3423 1839 magna

1870 1861 2227 1929 indignatione
2274 1862 2510 1929 probatis
2552 1861 2787 1916 accendi.
2818 1862 2991 1915 Lectis
3033 1877 3160 1923 ergo
3199 1863 3252 1917 in
3299 1880 3424 1916 cnn-

1797 1946 1841 2005 B
1867 1964 2025 2007 ventu
2069 1952 2313 2013 fratrum,
2337 1954 2357 1983 ¹
2380 1966 2513 2018 quos
2556 1954 2743 2005 natalis
2792 1954 2890 2005 mei
2926 1954 3177 2006 festivitas
3205 1946 3427 2022 congre-

1865 2056 2016 2115 garat
2042 2087 2056 2108 ,
2089 2046 2277 2099 litteris
2312 2046 2503 2100 vestris
2525 2087 2541 2114 ,
2572 2062 2689 2115 qua:
2722 2046 2789 2101 de
2834 2047 3136 2101 ordinandis
3163 2047 3426 2114 episcoliis

1857 2136 2154 2193 secundum
2186 2146 2378 2189 statuta
2409 2151 2669 2189 canonum
2698 2138 2780 2191 vel
2808 2138 3251 2204 praedecessorum
3284 2154 3425 2194 meo-

1864 2242 1980 2279 rum
2025 2228 2235 2279 decreta
2266 2236 2410 2289 sunt,
2437 2226 2639 2295 prolata
2670 2228 2952 2292 sententia,
2983 2241 3270 2296 gestorum,
3310 2246 3426 2297 qum

1865 2322 2061 2385 pariter
2086 2316 2393 2380 direximus,
2422 2330 2605 2372 tenore
2631 2317 2863 2372 discetis.

2617 2429 2701 2483 ΙΙΙ.

1900 2516 1917 2530 ’
1938 2538 2087 2593 Unde
2115 2550 2320 2595 remoto
2348 2539 2414 2594 ab
2444 2541 2677 2596 Ecciesia
2722 2542 3127 2609 Barcinonensi,
3179 2553 3333 2608 atque
3358 2546 3441 2599 ad‘

1861 2626 1891 2665 ἀ
1920 2646 2009 2683 sua
2044 2631 2265 2685 remisso
2294 2634 2492 2684 Irenaeo
2522 2633 2788 2698 epiScopo,
2820 2631 3016 2686 sedatis
3045 2648 3136 2701 per
3179 2640 3424 2686 sacerdo-

1868 2724 2022 2775 ta'em
2064 2733 2088 2759 θ
2125 2723 2434 2777 modestiam
2463 2725 2824 2779 voluntatibus
2847 2766 2864 2791 ,
2893 2742 3009 2793 qua:
3051 2741 3143 2794 per
3174 2726 3421 2793 ignoran-

1862 2812 1991 2865 tiam
2037 2814 2513 2867 ecclesiasticarum
2562 2815 2733 2883 legum
2780 2816 3101 2885 desiderant,
3150 2817 3423 2884 quodnon

1867 2905 2009 2969 licet,
2041 2906 2316 2963 obtinete;
2361 2905 2480 2959 talis
2524 2908 2763 2975 protinus
2792 2908 2859 2961 de
2886 2907 3029 2961 clero
3058 2909 3267 2976 p‘oprio
3300 2908 3425 2963 Bar-

1865 2997 2241 3051 cinonensibus
2278 2999 2559 3067 episcOpus
2584 3000 2882 3064 ordinetur,
2916 3000 3122 3068 qualem
3154 3010 3205 3056 te
3236 3002 3424 3069 pra‘ci-

1866 3103 2002 3155 pue,
2048 3087 2211 3141 frater
2257 3088 2487 3150 Ascani,
2543 3099 2783 3155 oporteat
2836 3090 3072 3156 eligere,
3130 3101 3183 3145 et
3240 3092 3429 3146 deceat

1864 3191 2223 3231 consecrare:
2270 3193 2335 3231 ne
2386 3176 2483 3230 si‘
2528 3178 2771 3232 similiter
2827 3178 2962 3233 forte
2997 3179 3195 3235 factum
3243 3168 3439 3247 fuerit,

1866 3281 1968 3319 non
2012 3266 2127 3317 sine
2158 3264 2522 3333 objurgatione
2552 3268 2625 3320 tui
2652 3268 2879 3321 maxime
2908 3270 3137 3324 nominis
3180 3272 3424 3325 retundat

1863 3352 2204 3424 [retundatur]
2238 3364 2414 3407 nostra
2446 3357 2749 3422 prmceptio,
2778 3359 2919 3426 quod
2950 3358 3000 3411 in
3032 3359 3277 3427 injuriam
3310 3360 3425 3422 Dei,

1864 3458 1892 3497 a
1915 3458 2018 3513 quo
2040 3442 2339 3511 specialiter
2364 3444 2769 3497 sacerdotalium
2796 3456 2876 3499 est
2901 3448 3063 3514 gratia
3088 3447 3423 3515 dignitatum,

1864 3534 2206 3587 didicerimus
2235 3534 2541 3587 admissum.
2570 3532 2678 3588 Nec
2707 3534 3023 3601 episcopalis
3053 3536 3222 3589 honor
3254 3537 3421 3601 inere-

1866 3627 2111 3681 ditarium
2136 3627 2221 3695 jus
2248 3636 2478 3696 putetur,
2511 3626 2647 3696 quod
2671 3625 2795 3698 [qui]
2826 3628 2979 3682 nobis
3000 3629 3109 3683 sola
3142 3629 3232 3683 Dei
3256 3629 3425 3684 nostri

1868 3717 2192 3787 benignitate
2219 3718 2416 3771 Christi
2440 3716 2612 3787 [abest
2635 3732 2663 3770 a
2690 3719 2808 3771 cod.
2843 3717 3001 3789 Just.]
3028 3719 3316 3774 confertur.

2605 3830 2689 3883 IV.

1935 3941 2215 3997 Ordinatus
2259 3956 2387 4010 ergo
2434 3955 2576 3995 nunc
2603 3943 2877 4010 episcopos
2911 3943 3044 4011 (tioet
3070 3944 3191 3995 dum
3219 3940 3287 4012 te]
3314 3944 3421 4013 qui,

1871 4042 1897 4079 ε
1920 4033 2041 4088 licet
2064 4041 2116 4086 te
2146 4032 2419 4102 ignorante
2450 4033 2682 4100 provecti
2713 4044 2829 4085 sunt
2854 4072 2870 4097 ,
2898 4048 3017 4087 cum
3054 4035 3164 4087 suis
3190 4034 3423 4088 auctori-

1869 4122 1966 4175 bus
1993 4120 2019 4156 ¹ι
2042 4132 2346 4175 meruerunt
2363 4121 2687 4186 submoveri)
2718 4122 2814 4174 hac
2840 4124 3044 4176 ratione
3067 4123 3355 4187 ﬁrmamus,
3377 4127 3423 4181 Si
3448 4150 3451 4153 ·

1872 4225 1967 4264 nec
1984 4211 2255 4263 viduarum
2282 4210 2485 4282 [vidua]
2503 4210 2725 4264 maritus
2752 4210 2909 4265 fuerit
2934 4212 3229 4280 quisquam,
3256 4212 3348 4268 iet
3368 4214 3422 4268 in

1874 4301 2026 4355 unius
2038 4301 2254 4369 virginis
2273 4301 2480 4367 nuptias
2502 4314 2563 4353 ac
2581 4310 2700 4353 vota
2716 4301 3040 4364 convenerit,
3066 4302 3267 4357 sicutet
3288 4303 3426 4373 lega-

1874 4392 1937 4446 lia
1950 4394 2237 4447 constituta
2260 4390 2590 4461 prmcipiunt,
2619 4390 2878 4446 dicendo:
2904 4389 3155 4447 Sacerdos
3180 4394 3447 4465 virgineus.»

1939 4558 1962 4585 ⁸
1983 4550 2112 4603 Cod.
2138 4549 2291 4618 Luc.,
2316 4548 2627 4602 sententiam.

1946 4618 1966 4657 ί
1990 4620 2117 4671 Cod.
2146 4620 2296 4680 Luc.,
2326 4621 2491 4672 aliter.

1940 4687 2116 4741 ‘COd.
2154 4688 2301 4750 Luc.,
2336 4689 2448 4740 licet
2470 4703 2600 4740 nunc
2622 4696 2685 4740 te.

1940 4756 1963 4792 δ
1986 4757 2117 4810 Cod.
2146 4758 2295 4822 Luc.,
2321 4759 2607 4810 meruerint.

1941 4827 2113 4905 fCod.
2152 4827 2279 4881 Luc.
2320 4828 2467 4880 addit
2505 4842 2521 4882 :
2569 4842 2657 4877 nec
2682 4826 2915 4879 secundae
2949 4831 3210 4897 conjugis,
3251 4831 3339 4883 sed
3368 4831 3420 4885 in

1862 4911 2030 4959 unius,
2054 4905 2163 4950 etc.

1861 5026 2107 5099 episcopi
2132 5027 2547 5099 Cartltaginensi,
2589 5044 2833 5083 sermone
2877 5030 3145 5099 trigesimo
3185 5034 3419 5088 secundo

1862 5099 1928 5151 de
1964 5096 2141 5149 verbis
2171 5097 2602 5162 Domini,i~nliue,
2629 5101 2799 5165 deque
2818 5096 3181 5156 anniiersario
3218 5104 3302 5156 die
3322 5118 3413 5155 or-

1859 5167 2143 5221 dittationis
2170 5182 2298 5225 sum.
2328 5165 2537 5220 humilia
2564 5169 2631 5225 24
2656 5179 2709 5222 et
2734 5170 2819 5225 9-5.
2854 5171 3127 5235 Quomodo
3150 5174 3245 5224 hoc
3276 5173 3411 5225 idem

1861 5236 2097 5289 nonnulli
2125 5238 2434 5290 auctOritate
2464 5238 2662 5289 Paulini
2692 5240 2911 5303 epistola
2939 5242 3143 5294 decima
3174 5249 3315 5292 sexta
3344 5241 3409 5292 ad

1860 5304 2173 5377 Delphinum
2204 5310 2535 5369 conﬁrment,
2562 5322 2665 5358 non
2694 5308 2865 5361 video.
2893 5310 3143 5377 Loquitur
3172 5312 3314 5362 enim
3346 5313 3411 5361 ile

1859 5376 2078 5429 solemni
2100 5375 2182 5426 illa
2200 5377 2619 5441 etantiquissima
2638 5375 3039 5442 consuetudine,
3056 5394 3155 5445 qua
3170 5379 3411 5432 solebant

1865 5444 2067 5509 tideles,
2102 5446 2239 5496 nulla
2281 5445 2453 5499 haltita
2502 5445 2701 5499 ratione
2739 5449 2968 5501 calorum
2996 5444 3314 5507 :rstiviirum,
3344 5451 3408 5501 ad

1864 5516 2087 5567 natalem
2116 5515 2253 5567 diem
2282 5528 2581 5570 sanctorum
2611 5520 2963 5583 αροειοιοιυιη
3013 5516 3145 5567 Petri
3180 5528 3233 5569 et
3264 5516 3419 5572 Pauli

1861 5599 2179 5655 concurrere
2212 5602 2224 5636 :
2258 5587 2321 5638 dc
2349 5602 2448 5654 qua
2488 5590 2687 5652 agimus
2729 5602 2881 5650 supra
2915 5590 2963 5635 in
3012 5585 3145 5637 notis
3174 5588 3409 5655 epi8tola~

1862 5654 2003 5724 illius
2052 5658 2446 5717 prnrambu'aris
2481 5657 2631 5708 ςενιιοί
2660 5657 2689 5708 ii
2731 5654 3217 5719 Clialredonensis,
3251 5673 3416 5724 quam

1862 5722 2007 5775 Galla
2030 5724 2255 5777 Placidia
2278 5726 2485 5789 scripsit
2514 5727 2575 5777 ad
2601 5725 2923 5777 Pnlclteriam
2951 5729 3251 5785 Augustam.
3271 5722 3408 5781 ννωο

1862 5792 2137 5847 Baronium
2169 5810 2308 5850 anno
2330 5799 2453 5864 465,
2479 5811 2619 5849 num.
2650 5796 2728 5847 l7.
2771 5794 2891 5847 Snv.
2925 5794 3119 5847 Btsius.
