3908 6458
521 487 584 537 ιε)
1860 473 2075 530 tt:L.-\tu
2119 474 2312 532 nam:

3605 474 3681 533 29

519 603 722 643 mrem
745 582 984 652 accipiat,
1016 601 1113 636 non
1143 583 1355 645 viduam,
1391 599 1489 635 non
1519 581 1828 646 repudiatam
1869 584 2047 651 (Letit.
2077 588 2125 644 Α
2152 591 2207 637 et
2231 583 2348 636 cod.
2387 582 2542 653 Just.]
2585 584 2729 652 pravi
2761 586 3000 641 desiderii
3033 587 3338 654 postulasse,
3381 588 3674 642 adhibendo

511 692 635 742 ut;
658 675 842 727 Ezech.
871 676 1010 740 ηις)
1035 690 1047 724 :
1072 673 1354 726 secundum
1377 671 1510 738 quod
1536 673 1690 722 ctiam
1718 673 1894 724 beatus
1917 686 2044 738 apo-

515 765 678 817 stolus
703 763 910 822 Paulus,
940 762 1182 829 magister
1207 761 1467 829 gentium,
1498 761 1564 812 de
1594 760 1672 812 his
1701 761 1784 828 qui
1817 760 1926 813 ﬁeri
1952 761 2046 814 de-

515 851 748 906 siderant
774 850 1093 912 sacerdotes,
1127 849 1333 916 pr0pria
1364 849 1686 902 institutione
1729 864 1829 901 non
1861 852 2040 916 tacuit,

515 938 694 992 dicens
727 956 739 989 :
778 938 937 994 Unius
975 939 1143 990 uxoris
1167 940 1324 990 virum
1355 937 1401 1006 (ι
1425 937 1556 989 Tim.
1587 938 1687 1005 ιιι).
1727 937 1886 1004 Cujus
1917 952 2044 992 sane

515 1037 699 1082 tenore
739 1027 1011 1082 sententia:
1057 1029 1124 1079 ita
1155 1026 1420 1079 informati
1462 1041 1576 1079 csse
1601 1027 1819 1087 debetis,
1855 1027 2044 1082 fratres

441 1129 445 1134 ‘
514 1117 771 1172 carissimi
797 1155 813 1178 ,
863 1126 917 1168 ut
959 1117 1093 1168 inter
1135 1124 1321 1167 cetera
1352 1131 1466 1182 qua:
1505 1116 1730 1167 cavenda
1758 1124 1897 1178 sunt,
1931 1115 2042 1169 haec

514 1205 765 1261 studestls
793 1206 1053 1272 praecipue
1083 1212 1108 1239 ι
1131 1203 1414 1266 custodire,
1442 1218 1554 1271 qua:
1583 1205 1893 1270 cognoscitis
1920 1214 2042 1259 ante

515 1295 758 1350 universa
802 1295 1055 1348 mandari.
1106 1291 1163 1345 In
1209 1293 1394 1359 quibus
1426 1294 1578 1345 etiam
1623 1293 2040 1360 prospiciendum

514 1381 953 1454 [perspiciendum]
974 1392 1080 1444 est,
1109 1397 1176 1436 ne
1203 1382 1307 1434 duo
1335 1381 1488 1434 simul
1516 1381 1618 1434 sint
1647 1381 1697 1434 in
1724 1396 1822 1434 una
1865 1382 2042 1436 Eccle-

513 1471 591 1524 sia
635 1471 932 1524 sacerdotes
969 1489 980 1521 :
1021 1484 1118 1523 nec
1141 1470 1430 1524 litterarum
1460 1471 1667 1538 ignarus
1692 1510 1705 1532 ,
1733 1479 1823 1522 aut
1854 1483 2038 1524 carens

515 1559 687 1629 aliqua
716 1571 861 1628 parte
885 1559 1261 1624 membrorum,
1294 1561 1372 1613 vel
1400 1562 1554 1612 etiam
1584 1576 1645 1614 ex
1672 1562 2040 1628 pmnitentibus

515 1645 861 1718 [expcnitens]
890 1648 1076 1713 aliquis
1103 1649 1167 1699 ad
1197 1661 1397 1700 sacrum
1437 1647 1779 1701 ministerium
1826 1649 2040 1716 prorsus

513 1736 718 1788 ainatur
745 1734 1013 1788 accedere.
1061 1735 1165 1789 Nec
1193 1745 1387 1788 tantum
1419 1739 1608 1804 putetis
1649 1737 1923 1804 petitiones
1951 1753 2040 1790 va-

513 1823 625 1877 lere
653 1826 984 1897 p0pulornm,
1026 1835 1080 1878 ut
1106 1841 1221 1878 cum
1249 1826 1328 1877 his
1356 1840 1541 1893 parere
1569 1826 1773 1892 cupitis,
1801 1828 2038 1879 volunta-

2149 671 2199 723 in
2217 671 2550 738 epistolarum
2573 675 2823 739 prommio
2845 676 3048 729 concilii
3070 678 3412 730 mentionem:
3431 687 3676 748 tanquam

2143 760 2311 826 culpae.
2347 761 2699 814 minuerentur
2739 777 2988 817 excessus
3027 779 3118 832 per
3159 765 3669 820 multitudinem—im-

2144 849 2428 915 peritorum
2481 849 2854 919 [impolitorum
2908 851 3063 905 Forte
3109 852 3414 923 petitorum],
3467 869 3586 907 cum
3625 854 3674 908 si

2141 936 2298 989 etiam
2371 936 2470 990 sub
2525 937 2900 1006 signiﬁcatione
2965 940 3447 1012 [subsignationem]
3510 959 3672 996 unus-

2140 1026 2358 1092 quisque
2387 1025 2466 1077 sui
2495 1026 2717 1080 nominis
2745 1036 2913 1081 tecum
2940 1031 3134 1098 pariter
3156 1031 3437 1094 retulisset,
3461 1041 3514 1085 et
3543 1032 3670 1084 sub-

2140 1115 2452 1180 scriptiones
2472 1117 2706 1182 pr0prias
2745 1116 2906 1170 factas
2943 1117 3171 1188 [li-utres]
3197 1120 3414 1187 singulis
3444 1134 3674 1173 commo-

2138 1201 2353 1253 dassent
2395 1200 2875 1272 [commendassem],
2926 1205 3263 1260 dilectionem
3313 1215 3484 1260 tamen
3533 1216 3670 1261 tuam

2138 1287 2236 1352 rei,
2267 1287 2332 1340 de
2369 1302 2466 1355 qua
2510 1287 2659 1359 [qua]
2705 1291 2962 1360 displicet.
3004 1307 3204 1348 summa
3247 1296 3486 1364 tangebat
3513 1311 3527 1347 :
3554 1298 3674 1365 quia

2139 1387 2236 1442 pro
2263 1375 2377 1428 loco
2405 1383 2458 1429 et
2488 1376 2684 1432 honore
2709 1377 2800 1444 tibi
2826 1380 3022 1446 debito,
3053 1382 3229 1437 caeterl
3257 1384 3556 1438 sacerdotes
3578 1383 3672 1437 do-

2139 1462 2287 1516 cendi
2322 1462 2549 1529 fuerant,
2578 1480 2681 1518 non
2706 1468 2974 1534 sequendi.
3004 1466 3150 1524 Unde
3174 1471 3306 1524 sicut
3327 1473 3378 1525 in
3416 1473 3671 1540 generali-

2139 1549 2235 1603 bus
2260 1551 2442 1607 litteris
2471 1553 2688 1608 indicavi
2705 1595 2721 1620 ,
2747 1558 2978 1612 lrenzeus
3005 1559 3067 1612 ad
3094 1563 3352 1628 propriam
3381 1572 3671 1617 revertatur

2138 1632 2444 1706 Ecclesiam,
2486 1652 2540 1696 et
2587 1643 3054 1719 Barcinonensibus
3105 1648 3171 1702 de
3217 1664 3315 1704 suo
3360 1652 3504 1705 clero
3553 1667 3673 1719 pro-

2139 1730 2279 1785 tinus
2320 1743 2652 1788 consecretur
2691 1735 2927 1804 antistes,
2965 1717 3050 1792 cui
3081 1740 3254 1793 tamen
3290 1747 3480 1794 statuta
3510 1717 3670 1794 eano-

2140 1829 2337 1874 num'et
2367 1823 2648 1888 apostolica
2688 1833 2941 1894 praecepta
2971 1828 3308 1882 concordent.
3356 1828 3418 1883 Et
3462 1832 3583 1883 licet
3612 1829 3666 1881 hi

515 1925 616 1968 tem
645 1913 736 1969 Dei
764 1916 948 1977 nostri,
974 1917 1060 1982 qui
1091 1930 1186 1968 nos
1214 1929 1430 1982 peccare
1455 1915 1722 1982 prohibet,
1762 1915 2034 1970 deseratis.
2065 1907 2112 1965 B
2137 1911 2225 1976 qui
2253 1917 2442 1976 praeter
2471 1913 2704 1966 notitiam
2731 1922 2883 1980 atque
2909 1929 3218 1969 consensum
3250 1927 3352 1970 tua;
3377 1916 3662 1972 dilectionis

515 2005 674 2071 Cujus
721 2006 1005 2072 indignatio
1049 2020 1114 2058 ex
1159 2005 1256 2059 hoc
1283 2008 1489 2073 gravius
1517 2016 1894 2067 commovetur.
1923 2008 2043 2074 quia

515 2092 807 2160 benignitas
835 2095 946 2160 ejus
969 2133 983 2157 ,
1034 2094 1156 2147 dum
1189 2099 1315 2146 tlunt
1343 2094 1519 2147 illicita
1561 2108 1658 2162 per
1680 2107 1771 2148 eos
1810 2095 1898 2164 qui
1925 2105 2045 2149 sunt

432 2219 434 2226 ι
513 2185 827 2252 interpretes
857 2186 1179 2253 placationis,
1216 2184 1512 2237 ollenditnr.

1245 2275 1309 2327 γ.

583 2361 650 2416 Ut
688 2372 860 2415 autem
890 2363 1060 2415 omnia
1091 2363 1376 2417 secundum
1407 2362 1518 2417 haec
1557 2377 1672 2431 qua:
1716 2362 2039 2429 scripsimus,

511 2449 861 2516 currigantur,
890 2461 1170 2516 pra-sentes
1196 2451 1393 2506 litteras
1418 2491 1433 2515 ,
1465 2451 1690 2518 Trajano
1726 2451 2045 2505 subdiacono

513 2547 693 2591 uestro
718 2540 978 2602 veniente,
1011 2539 1316 2594 direximus.
1342 2539 1489 2606 Quod
1518 2540 1562 2593 si
1591 2540 1814 2593 lrenaens
1841 2540 2044 2607 episco-

513 2644 611 2696 pus
650 2631 714 2681 ad
744 2629 1027 2681 Ecclesiam
1077 2643 1252 2692 suam,
1292 2628 1530 2696 deposito
1563 2627 1906 2692 improbitatis
1931 2643 2042 2679 am-

512 2718 642 2780 bitu,
671 2717 841 2770 redire
867 2719 1172 2784 neglexerit,
1202 2716 1336 2782 quod
1363 2717 1410 2770 ei
1439 2733 1539 2769 non
1567 2717 1783 2783 judicio,
1827 2717 1918 2770 sed
1949 2717 2041 2769 hu-

511 2809 760 2861 manitate
791 2807 1140 2874 prtestabitur,
1173 2808 1540 2860 removendum
1583 2821 1639 2860 se
1668 2807 1732 2858 ab
1756 2806 2040 2875 episcopali

513 2899 776 2950 consortio
802 2911 916 2951 esse
946 2905 1242 2964 cognoscat.
1277 2896 1410 2948 Deus
1439 2896 1722 2948 incolumes
1751 2910 1843 2948 vos
1868 2905 2041 2948 custo-

512 2985 619 3039 dist
645 3024 660 3049 ,
700 2985 885 3039 fratres
909 2986 1180 3038 carissimi.
1219 2986 1340 3038 Data
1374 2986 1527 3037 tertio
1554 2984 1792 3036 Calendas
1812 2983 2038 3035 Januarii

511 3073 641 3141 (an.
670 3073 818 3126 Dom.
843 3074 946 3127 495
967 3075 1008 3142 ),
1038 3074 1284 3145 Basilisco
1313 3082 1367 3139 et
1391 3073 1744 3125 Herminerico
1771 3071 1898 3124 virls
1933 3071 2038 3124 cla-

511 3162 732 3216 rissimis
758 3163 1076 3222 consulibus.

1030 3307 1045 3340 ί
1080 3308 1394 3363 EPISTOLA
1438 3309 1520 3364 ΙΙΙ.

512 3430 688 3471 ΠΙΕΑΜ
718 3433 860 3473 PAPE
893 3436 956 3471 AD
995 3433 1237 3472 ASCANIU!
1281 3433 1678 3480 τΑιιΙιΑςωΝΕβςΒ
1758 3433 2036 3472 ει-ιεοοιιιω

581 3503 816 3539 ΡΒΝΛΤΙΙΙ
847 3503 1051 3539 SCRIPTA
1083 3503 1096 3539 ἶ
1134 3503 1330 3548 εετρυε
1358 3502 1576 3538 IJUSDIII
1617 3501 1908 3540 Αιιοωιεκτι
1935 3502 2036 3541 (ΞοΠ

580 3570 824 3609 ιιηετοιλ
853 3569 1220 3609 PRECEDKN'I’E'.

578 3667 924 3721 DilecIissimo
973 3668 1117 3720 fratri
1155 3667 1382 3722 Ascanio
1421 3669 1626 3722 Hilarus
1668 3670 1964 3737 episcopus.

580 3775 773 3828 Divinic
811 3776 945 3829 circa
977 3792 1074 3830 nos
1110 3777 1290 3843 gratias
1327 3788 1582 3831 memores
1617 3792 1733 3831 esse
1761 3779 2034 3844 debemus,

511 3863 597 3929 qui
627 3878 722 3916 nos
752 3876 844 3930 per
869 3863 1177 3930 dignationis
1201 3879 1308 3917 sua:
1338 3865 1746 3926 misericordiam
1783 3862 2036 3935 [gratiam]

512 3951 581 4004 ob
608 3951 706 4003 hoc
727 3951 788 4002 ad
814 3949 1074 4018 fastigium
1100 3952 1420 4004 sacerdotale
1442 3951 1696 4017 provexit,
1717 3951 2037 4004 utmandatis

509 4041 670 4107 ipsius
681 4038 966 4096 inhaerente
975 4056 1015 4104 ς,
1028 4047 1080 4090 et
1102 4040 1150 4091 in
1168 4039 1384 4106 quadam
1397 4040 1675 4093 sacerdoui
1687 4037 2036 4108 fsacerdotuml

507 4129 622 4195 ejus
653 4125 860 4195 specula
901 4129 1184 4191 constituti,
1223 4129 1587 4194 prohibeamus
1629 4128 1827 4192 illicita,
1863 4134 1919 4180 ct
1953 4141 2036 4181 se-

509 4218 708 4281 quenda
735 4217 1030 4270 doceamus.
1066 4215 1208 4269 Unde
1242 4217 1450 4269 directis
1480 4231 1579 4282 per,
1607 4215 1884 4281 Traianum
1913 4215 2037 4266 sub-

508 4303 778 4356 diaconum
821 4312 1048 4355 nostrum
1081 4303 1264 4355 litteris
1289 4303 1645 4364 admonemus,
1672 4311 1729 4354 ut
1763 4316 1875 4368 qua
1901 4301 2036 4353 male

509 4398 630 4441 sunt
676 4387 826 4452 lacta‘,
855 4391 1196 4455 corrigantur.
1245 4390 1309 4442 Et
1351 4392 1599 4442 miramur
1637 4388 1915 4440 admodum
1954 4389 2036 4440 di-

508 4476 780 4530 lectionem
804 4488 938 4529 luam
961 4477 1413 4530 BarcinOnensium
1441 4478 1715 4543 petitiones
1743 4489 1846 4528 non
1865 4475 2032 4528 solum

508 4571 645 4622 nulla
673 4572 923 4623 auctorita
952 4584 982 4623 e
1007 4571 1278 4633 retudisse,
1313 4587 1489 4623 verum
1520 4571 1694 4632 etiam,
1725 4568 1938 4643 directis
1965 4569 2028 4622 ad
2063 4565 2108 4620 D

507 4672 604 4713 nos
649 4659 866 4724 litteris,
911 4661 1403 4728 consummationem
1462 4659 1850 4729 [consensionem
1893 4672 1912 4710 :
1959 4660 2028 4711 ita

494 4871 501 4878 ι
579 4847 606 4876 ι
628 4839 754 4892 Cod.
781 4839 930 4904 Luc.,
960 4837 1220 4890 custodiri.

578 4996 598 5025 ³
619 4992 778 5055 Huius
805 4990 1126 5058 plurinmque
1151 4989 1366 5041 aliarum
1392 4988 1722 5058 epistularum
1748 4987 2032 5058 pontiﬁcia-

475 5103 487 5126 ,
508 5077 625 5114 rum
657 5062 789 5112 idem
811 5056 872 5110 'et
900 5056 1174 5110 commune
1199 5071 1315 5109 esse
1331 5056 1621 5126 e_xordium,
1644 5059 1840 5122 patebit
1861 5056 2029 5126 facile,

508 5126 1138 5204 sipri‘ma'Zephprinhet
1165 5126 1313 5204 tertia
1329 5121 1582 5204 Fabiani,
1614 5121 1730 5176 cum
1756 5125 2031 5204 hac_tertia

508 5190 667 5250 Hilari
696 5211 709 5247 :
740 5196 860 5246 item
888 5190 930 5243 si
965 5193 1108 5243 tertia
1135 5193 1297 5243 sancti
1329 5190 1514 5244 Leonis
1542 5205 1655 5244 cum
1685 5193 1910 5246 secunda
1936 5193 2032 5246 Pe-

507 5265 622 5330 lagii
651 5262 995 5330 conferantur.
1027 5259 1375 5330 Samnitum.

577 5327 596 5362 δ
627 5329 857 5394 Epistula
886 5328 995 5379 haec
1023 5327 1210 5392 scripta
1231 5327 1328 5378 fuit
1346 5340 1414 5384 ea
1433 5327 1703 5379 occasione
1725 5344 1740 5384 :
1763 5327 2027 5381 Auxanius

509 5399 779 5463 episcopus
804 5413 894 5461 per
923 5395 1272 5460 obreptioncm
1295 5398 1676 5459 impetraverat,
1709 5405 1764 5447 ut
1792 5398 2026 5448 Ehredu—

509 5467 683 5518 mensis
715 5465 968 5529 provincia
994 5477 1086 5513 suo
1102 5463 1415 5528 episcopatui
1433 5463 1596 5526 quoad
1617 5463 2024 5526 iurisdictionem

509 5533 903 5586 ecclesiasticam
927 5530 1284 5594 subiiceretnr.
1307 5529 1452 5593 Quod
1472 5545 1584 5582 cum
1605 5531 1654 5582 in
1675 5533 2024 5594 prmjudicium

510 5600 718 5667 Ingenui
753 5598 1129 5651 Ebredunensii
1151 5598 1399 5664 episcopi,
1429 5599 1630 5663 Alpium
1656 5599 2024 5652 Maritimarnm

511 5667 911 5729 metropolitani,
928 5667 1230 5719 auctoritate
1247 5668 1522 5732 apostolica
1545 5681 1846 5720 concessum
1864 5677 2024 5726 esset,

511 5737 572 5791 ad
603 5738 892 5791 instantem
915 5745 965 5788 et
989 5738 1249 5802 querelam
1273 5735 1500 5804 c,usdcm
1535 5735 1763 5804 ingenui,
1789 5738 2024 5801 Leontio,

2143 1999 2367 2053 ordinati
2394 2010 2518 2054 sunt
2548 2001 2869 2067 sacerdotes,
2894 2017 3014 2058 cum
3048 2007 3154 2058 suis
3181 2005 3460 2060 debuerint
3493 2017 3673 2062 aucto-

2141 2087 2286 2143 ribus
2312 2089 2607 2145 submoveri
2636 2107 2650 2144 :
2689 2106 2755 2146 ne
2773 2091 2894 2160 quid
2922 2103 3093 2149 tamen
3122 2095 3172 2148 in
3198 2104 3334 2150 tanta
3363 2099 3671 2153 necessitate

2141 2175 2480 2232 decernamus
2507 2187 2902 2242 austerum,eos
2927 2181 3014 2249 qul
3033 2183 3260 2252 episcopi
3290 2183 3409 2239 lacti
3436 2195 3578 2250 sunt,
3598 2188 3669 2240 ita

2139 2262 2379 2315 volumus
2409 2279 2733 2330 permanere,
2785 2275 2842 2320 ut
2884 2267 2936 2321 in
2965 2270 3265 2337 apostolicis
3301 2273 3694 2340 ιπιιιοθριξοιιί-Δ
3726 2312 3729 2315 -

2141 2347 2240 2400 bus
2259 2357 2312 2401 et
2337 2351 2542 2403 statutis
2561 2361 2857 2405 sanctorum
2885 2354 3091 2409 Patrum
3109 2372 3210 2411 nou
3243 2361 3558 2426 reperiantur
3575 2363 3670 2417 ob-

2141 2437 2302 2500 noxii,
2331 2452 2394 2491 ac
2420 2437 2665 2509 deinceps
2693 2441 2843 2510 nihil,
2865 2445 3000 2510 quod
3028 2454 3206 2500 contra
3237 2447 3554 2518 disciplinam
3577 2466 3667 2504 ec-

2140 2525 2479 2580 clesiasticam
2513 2529 2683 2581 veniat
2715 2529 2848 2584 sicut
2877 2532 3125 2586 hactenus
3146 2533 3339 2591 factum
3365 2533 3448 2592 est
3486 2555 3669 2606 perpe-

2140 2625 2324 2669 tretur.
2350 2615 2475 2671 Tuae
2496 2618 2858 2674 sollicitudinis
2881 2632 2981 2690 est,
3009 2624 3165 2678 inter
3183 2627 3467 2688 carissime.
3494 2631 3666 2682 omnia

2137 2703 2311 2758 debita
2340 2703 2431 2759 tisi
2454 2707 2758 2762 auctoritate
2784 2711 2936 2777 tueri,
2963 2719 3016 2765 et
3044 2712 3233 2768 illicitis
3258 2731 3362 2768 non
3383 2717 3536 2771 modo
3564 2733 3668 2772 non

2139 2794 2370 2860 praebere
2409 2808 2701 2861 assensum,
2754 2797 2845 2850 sed
2871 2803 3026 2852 etiam
3075 2811 3280 2865 cuncta,
3328 2819 3444 2872 qua:
3487 2816 3667 2859 contra

2139 2881 2366 2948 regulam
2397 2881 2528 2936 facta
2551 2884 2832 2951 rapereris,
2856 2899 3099 2943 coercere
3119 2903 3135 2942 :
3157 2899 3312 2959 atque
3331 2900 3452 2946 ante
3471 2895 3667 2957 omnia,

2138 2983 2253 3036 quas
2285 2970 2398 3022 sola
2423 2971 2618 3026 unitate
2661 2971 3008 3048 [humanitate]
3043 2974 3387 3046 decernimus,
3414 2978 3665 3034 Irenaeum

2137 3057 2200 3109 ad
2225 3057 2507 3111 Ecclesiam
2533 3073 2677 3113 suam
2706 3062 2878 3118 redire
2902 3065 3176 3133 compelle.
3213 3066 3291 3120 Ad
3313 3082 3463 3135 quam
3484 3082 3668 3137 sponte

2139 3148 2310 3212 potius
2339 3147 2509 3201 redire
2537 3146 2793 3218 [remeare]
2823 3151 3048 3216 debebit,
3078 3154 3123 3206 si
3145 3155 3500 3212 υκαι-δοιοιὶ
3535 3170 3665 3211 con-

2064 3233 2108 3295 C
2138 3237 2298 3288 sortio
2325 3253 2428 3290 non
2459 3237 2612 3307 [deest
2640 3243 2835 3306 negatio
2862 3241 2930 3312 in,
2956 3241 3068 3295 cod.
3106 3242 3138 3295 ,1
3147 3255 3269 3311 ust.,
3284 3261 3548 3316 memque
3579 3263 3666 3300 su-

2137 3324 2347 3393 perflua]
2378 3325 2558 3378 metuit
2585 3327 2835 3392 separari.
2866 3327 2973 3385 Nec
2992 3329 3143 3382 unius
3164 3328 3410 3387 Ecclesia
3427 3331 3530 3386 duo
3548 3346 3666 3388 esse

2140 3415 2504 3480 permittantur
2529 3415 2807 3480 antistites,
2856 3417 2994 3484 quod
3023 3419 3362 3485 Opportunius
3387 3423 3664 3490 supradicti

2138 3501 2440 3555 subdiaconi
2471 3502 2578 3556 lieri
2609 3502 2906 3572 delegamus
2935 3505 3195 3570 instantia,
3219 3523 3368 3576 quem
3398 3510 3551 3562 etiam
3574 3525 3666 3576 pro

2138 3591 2490 3646 conservanda
2509 3591 2752 3645 Ecclesia
2773 3593 3062 3660 disciplina,
3084 3609 3378 3650 commeare
3395 3597 3456 3650 ad
3485 3585 3665 3666 Hispa-

2139 3681 2274 3743 nias,
2304 3679 2655 3748 dispositionis
2683 3692 2873 3734 nostra:
2917 3681 3038 3737 fecit
3074 3685 3371 3737 auctoritas.
3406 3686 3540 3738 Deus
3575 3702 3666 3740 au-

2140 3780 2242 3824 tem
2269 3771 2574 3824 incolumem
2607 3779 2656 3823 te
2682 3771 2955 3834 custodiat,
2979 3773 3137 3825 frater
3161 3774 3457 3852 carissime.‘

2651 3902 2671 3931 '
2702 3901 3019 3960 EPlSTOLA
3061 3904 3147 3957 IV.

2137 4023 2309 4063 ultast
2360 4023 2500 4062 ritu
2548 4025 2612 4062 an
2655 4009 2676 4039 ⁸
2705 4025 2981 4069 ιεοκτιοι.
3013 4027 3252 4066 remansi
3304 4029 3368 4066 nr
3409 4031 3664 4069 vicrunuu

2761 4092 3046 4134 HISCOPOS.

2136 4185 2339 4252 Delegat
2373 4187 2475 4240 illis
2507 4186 2722 4256 Ingenui
2747 4197 2791 4240 et
2820 4189 3039 4257 Ausonii
3085 4190 3424 4257 episcOporum
3472 4203 3667 4243 contro-

2199 4258 2427 4315 versiam,
2457 4255 2740 4322 statuitque,
2781 4267 2832 4307 nt
2861 4255 3216 4311 Cemelene‘nsis
3257 4261 3425 4311 civitas
3472 4269 3515 4312 et
3561 4260 3662 4312 Ni-

2200 4339 2372 4374 cacme
2407 4321 2667 4374 castellum
2708 4323 2776 4376 ad
2799 4326 2949 4378 anius
2981 4327 3197 4394 episcopi
3242 4333 3455 4396 regimen
3501 4344 3663 4382 reser-

2202 4399 2388 4445 tantur.

2135 4475 2493 4531 Dilectissimis
2523 4473 2776 4547 fratribus
2812 4475 3052 4547 Leontio,
3081 4469 3331 4547 Verano,‘
3345 4491 3398 4534 et
3452 4482 3664 4536 Victan

2550 4543 2825 4611 episcopis,
2859 4542 3065 4599 Hilarus
3095 4560 3243 4613 papa.

2202 4655 2473 4711 Movemur‘
2496 4657 2698 4708 ratione
2737 4654 2976 4721 justitia,
3007 4670 3121 4723 quae
3169 4655 3286 4708 licet
3314 4659 3380 4708 ab
3422 4659 3662 4712 ommllus

2135 4985 2337 5039 Verane
2360 4996 2413 5040 et
2441 4985 2652 5040 Victnro
2681 4999 2849 5038 causas
2890 4986 3273 5052 inquisitionem
3304 4997 3356 5042 et
3405 4991 3664 5044 instaura-

2132 5056 2322 5126 tionem
2347 5055 2540 5126 jnrium
2570 5054 2949 5126 Ebrednnensis
2980 5057 3657 5126 metropolitanidelegavit.

2133 5123 2397 5175 Adversus
2419 5123 2533 5174 illos
2561 5122 2644 5184 qui
2675 5125 2849 5173 insana
2881 5123 3159 5186 cupiditate
3187 5124 3442 5188 laborant,
3473 5122 3522 5178 ut
3557 5143 3662 5178 sua:

2132 5192 2373 5244 dimcesis
2403 5191 2529 5258 ﬁnes
2554 5190 2791 5258 dilatent,
2813 5205 3020 5258 auream
3038 5200 3089 5241 et
3109 5201 3283 5245 notatu
3310 5195 3662 5258 dignissimam

2130 5259 2439 5310 sententiam
2468 5257 2662 5308 addidit
2700 5259 2830 5308 hanc
2873 5276 2884 5308 :
2934 5257 3245 5323 Exspectatio
3281 5257 3468 5324 fructus
3509 5265 3662 5314 nostri

2128 5327 2384 5378 ministerii
2405 5339 2504 5377 non
2529 5326 2581 5374 in
2597 5326 2858 5376 latitudine
2883 5329 3154 5394 regionum.
3175 5329 3260 5380 sed
3275 5331 3323 5379 in
3338 5329 3660 5394 arquisitione
3697 5345 3706 5351 ·

2131 5396 2329 5456 ponitur
2352 5395 2651 5444 animarum.
2683 5394 2868 5446 Baron.
2909 5411 3046 5447 anno
3074 5397 3198 5462 465,
3230 5412 3369 5448 unm.
3415 5397 3500 5448 27.
3536 5399 3660 5453 Sim

2099 5505 2103 5508 .
2130 5462 2326 5514 BINIUS.

2200 5529 2220 5559 ³
2246 5530 2453 5581 Etiamsi
2476 5529 2557 5582 hic
2579 5530 2714 5580 nulla
2732 5531 2921 5582 mentio
2952 5529 3036 5581 flat
3059 5531 3204 5594 cuius
3228 5532 3466 5583 Ecclesia:
3496 5533 3662 5583 [mniu-

2131 5599 2230 5651 tius
2259 5599 2532 5664 cpiscopus
2569 5597 2736 5657 luerit,
2790 5599 3000 5648 dubium
3033 5608 3200 5650 tamen
3232 5600 3424 5649 nnllnin
3455 5616 3522 5650 es
3562 5601 3665 5650 Fo-

2131 5666 2461 5732 rojuliensesl
2501 5668 2798 5730 episcopum
2834 5665 3009 5725 fuisse,
3051 5682 3201 5731 quom
3246 5668 3444 5717 lli'arus
3482 5672 3663 5719 Mela-

2133 5735 2291 5787 tensis
2316 5736 2365 5786 in
2387 5733 2586 5788 funebri
2604 5734 2833 5787 oratione
2856 5735 2918 5786 de
2941 5743 3116 5786 saneto
3139 5734 3395 5787 llnnornto
3419 5737 3495 5803 cpi
3527 5754 3662 5805 (cpi,
