3908 6430
501 375 571 428 83
1872 374 2044 437 HlLAI

2148 375 2347 436 ΡΑΡιΕ
3618 387 3695 443 ﬂ»

502 501 559 542 et
586 489 887 541 inﬁmitate
920 489 1233 543 saeculorum
1259 500 1418 557 super
1446 499 1564 543 eam
1610 499 1661 544 te
1701 493 1954 557 erexerit,
1986 501 2042 545 ut
2069 496 2122 555 Α
2148 490 2399 553 scribere,
2432 500 2538 543 tam
2570 491 2815 545 instructa
2841 493 3030 547 ad'nos
3073 494 3239 548 fuerit
3268 511 3490 563 persona
3535 498 3684 550 dire-

503 576 707 647 iudices
730 578 943 647 populos
968 579 1019 631 iu
1041 580 1303 643 aequitate.
1320 588 1373 633 et
1395 590 1581 648 gentes
1604 580 1656 633 in
1675 589 1810 633 terra
1830 580 2042 651 dirigas.

504 667 654 721 Unde
678 682 798 721 cum
836 669 985 722 nobis
1013 670 1222 723 nuntius
1252 670 1341 724 ille
1365 685 1457 737 per
1485 669 1833 724 Concordiam
1867 670 2047 724 Eccle-

503 758 597 809 sia:
636 766 827 809 nostra:
868 757 1163 822 diaconum,
1214 759 1301 825 qui
1343 767 1464 813 tunc
1494 773 1726 827 praesens
1773 766 1886 813 erat
1925 772 2043 812 cum

503 846 751 897 sanctitas
780 854 864 897 tua
891 845 957 898 ad
985 846 1033 897 id
1064 845 1279 900 honoris
1308 846 1604 915 fastigatum
1634 848 1841 901 culmen
1864 856 2044 901 erecta

502 944 604 997 est,
634 935 827 987 relatus
846 945 955 999 est,
970 935 1166 1001 gratias
1204 936 1313 989 Deo
1338 946 1519 990 nostro
1547 936 1888 997 reddidimus,
1919 946 1969 989 et
1992 944 2045 991 t’e

501 1024 833 1079 decrevimus
877 1038 1037 1090 quam
1088 1026 1309 1091 primum
1359 1024 1455 1077 hac
1502 1024 1810 1079 humilitatis
1852 1030 2045 1079 nostra

501 1112 723 1179 epistola
761 1111 991 1165 salutare
1019 1128 1034 1164 :
1075 1120 1131 1165 ut
1158 1121 1210 1163 et
1238 1113 1313 1165 sic
1356 1112 1593 1177 affectus,
1624 1114 1709 1180 qui
1738 1114 1876 1165 inter
1901 1122 2042 1165 tuam

501 1200 834 1254 sanctitatem
857 1210 911 1254 et
945 1214 1041 1254 nos
1078 1200 1275 1267 jamdiu
1304 1201 1516 1264 coaluit,
1547 1201 1597 1253 in
1620 1200 1839 1254 Domino
1858 1214 2043 1254 θοι-ωα-

499 1289 795 1354 boraretur,
825 1296 880 1343 et
915 1289 981 1344 de
1016 1300 1215 1343 cretero
1253 1300 1503 1357 augeatur
1539 1306 1658 1345 cum
1685 1290 1857 1344 debita
1895 1303 2043 1344 reve-

500 1378 691 1441 rentia,
714 1392 812 1446 qua
841 1378 992 1431 decet
1020 1377 1154 1431 filios
1192 1385 1391 1445 patrem
1436 1379 1702 1448 prosequi.
1735 1378 2043 1434 Benedictus

500 1465 674 1534 itaque
697 1468 785 1535 qui
815 1469 960 1533 venit
985 1468 1039 1520 in
1062 1467 1272 1520 nomine
1304 1468 1528 1520 Domini.
1553 1467 1666 1521 Jam
1696 1466 1901 1521 fortiter
1923 1482 2043 1521 san-

500 1554 667 1607 ctitati
706 1563 809 1607 tua
834 1544 1202 1621 insudandum,
1234 1565 1287 1609 et
1311 1556 1658 1610 anhelantium
1698 1564 1799 1621 est,
1823 1566 1878 1609 ut
1905 1556 2042 1625 quod

500 1644 863 1698 sanctissimus
881 1645 987 1699 Leo
1013 1660 1142 1715 papa
1173 1646 1387 1715 incepit,
1424 1646 1487 1699 ad
1510 1646 1901 1701 terminabiiem
1924 1661 2045 1715 per-

501 1734 662 1789 ducas
689 1736 927 1801 limitem,
968 1746 1021 1789 et
1046 1751 1171 1792 cum
1200 1737 1431 1790 exercitu
1462 1734 1721 1791 Gedeonis
1763 1752 1854 1803 per
1891 1737 2041 1790 tubas

2147 590 2254 642 cta,
2283 595 2401 646 qua:
2441 581 2828 648 inquisitionem
2871 594 3100 637 nostram
3140 586 3294 653 plene
3336 601 3399 640 ex
3438 588 3685 641 omnibus

2147 670 2315 735 possit
2342 667 2624 723 instruere.
2658 671 2901 737 Spondeo
2927 674 3089 740 enim,
3118 684 3365 741 quantum
3395 677 3562 741 gratia
3592 677 3699 730 Dei‘

2143 754 2305 809 donat
2334 767 2391 808 ut
2410 759 2714 823 spondeam,
2749 760 2849 814 hoc
2870 776 2954 817 me
2974 763 3037 816 ad
3072 765 3417 817 universalem
3445 766 3697 819 sacerdor

2143 851 2252 896 tum
2280 843 2486 896 Domini
2516 847 2847 900 concordiam
2879 855 3233 916 provisurum.
3278 861 3332 904 ut
3361 867 3543 906 omnes
3575 869 3678 909 non

2141 944 2234 984 sua
2259 930 2480 984 audeant
2510 948 2764 1000 quaerere,
2788 936 2879 989 sed
2901 952 3014 1005 quae
3048 948 3169 992 sunt
3201 938 3397 993 Christi
3434 942 3691 996 studeant

2141 1018 2400 1073 obtinere.
2436 1020 2571 1073 Deus
2622 1030 2671 1076 te
2700 1024 3013 1079 incolumem
3058 1027 3367 1097 custodiat,
3400 1029 3561 1085 inter
3594 1045 3680 1084 ca-

2141 1107 2369 1161 rissime.
3200 1104 3203 1107 ‘

2681 1200 2999 1257 EPISTULA
3043 1203 3150 1256 Vll.

2236 1350 2239 1351 ν
2468 1312 2475 1318 ‘
2516 1303 2687 1343 ιιιιΑιι
2724 1305 2865 1343 ΡΔΡΒ
2904 1306 2970 1343 Al!
3012 1306 3288 1346 ιεοιιτιυιί.

2141 1392 2318 1469 Ilotae!
2350 1403 2407 1469 at
2427 1394 2716 1469 relationem
2740 1400 2901 1451 mittat
2942 1400 3003 1452 de
3035 1400 3220 1455 Henna
3242 1440 3261 1464 ,
3304 1402 3393 1469 qui
3438 1401 3677 1455 Ecclesia

2228 1462 2575 1584 letirbonensis
2618 1468 2960 1536 episcopatum
3006 1482 3184 1523 temere
3228 1462 3495 1537 usurpasse
3542 1473 3686 1525 dicer

2267 1548 2299 1583 α
2324 1549 2400 1584 ur.

2267 1548 2400 1586 stur.

2313 1641 2665 1697 Dilectissimo
2691 1645 2832 1698 fratri
2856 1644 3073 1698 Leontio
3103 1647 3308 1700 llilarus
3332 1662 3490 1716 papa.

2209 1730 2455 1785 Hiramur
2498 1732 2877 1789 fraternitatem
2924 1745 3062 1789 tuam
3109 1740 3175 1788 ita
3221 1738 3353 1805 legis
3398 1737 3685 1791 catholica!

499 1824 554 1879 in
584 1837 677 1877 ore
704 1823 915 1876 fortium
943 1832 1345 1892 concrepantes,
1376 1834 1428 1876 et
1449 1838 1541 1890 per
1574 1824 1840 1891 lampades
1878 1824 1928 1877 in
1966 1838 2052 1877 ro-
2080 1819 2128 1878 B
2152 1816 2510 1874 immemorem
2540 1835 2677 1889 esse,
2702 1833 2758 1875 ut
2779 1838 2997 1890 quaeque
3026 1825 3221 1891 iniqua,
3265 1834 3319 1878 et
3356 1837 3538 1879 contra
3579 1825 3674 1878 Pa-

500 1912 653 1979 husta
678 1927 838 1965 manu
866 1914 1086 1981 agitatas
1118 1923 1170 1966 et
1197 1913 1494 1976 ventilatas,
1524 1912 1831 1966 maledictos
1862 1928 2040 1966 muros

501 2000 710 2054 Jericho
730 2000 838 2067 jam
862 2002 1022 2055 toties
1045 1986 1507 2055 anathematizatos
1538 2010 1590 2055 et
1611 2010 1884 2067 quassatos
1920 2015 2042 2053 san-

500 2090 654 2143 ctitas
684 2098 770 2142 tua
804 2089 963 2143 faciat
993 2099 1344 2158 prosternere.
1373 2089 1633 2143 Ceterum
1659 2103 1776 2143 cum
1807 2089 2039 2145 Ecclesia

498 2189 683 2231 nostra
708 2179 1029 2231 Arelatensis
1054 2193 1264 2246 semper
1284 2180 1349 2230 ab
1370 2177 1659 2245 apostolica
1692 2177 1818 2231 sede
1852 2179 2038 2244 amplis

500 2264 768 2317 favoribus
818 2275 875 2319 et
910 2265 1195 2340 privilegiis
1244 2264 1401 2318 fuerit
1448 2264 1738 2325 decorata;
1798 2279 2039 2332 rogamus

502 2357 831 2409 sanctitatem
860 2365 1001 2408 tuam
1040 2364 1095 2409 ut
1142 2370 1235 2423 per
1280 2369 1395 2407 eam
1438 2352 1565 2407 nihil
1611 2353 1761 2408 nobis
1799 2352 2037 2420 decedat,

501 2445 595 2499 scd
618 2448 794 2513 potius
823 2455 1094 2513 augeatur,
1122 2454 1249 2499 utet
1275 2443 1597 2499 collaborare
1617 2453 1786 2499 tecum
1818 2446 1867 2497 in
1890 2444 2039 2499 vinea

506 2538 709 2590 Domini
738 2537 829 2591 Dei
860 2536 1091 2591 Sabaoth
1116 2536 1414 2601 valeamus,-
1433 2544 1486 2589 et
1510 2535 1802 2589 invidorum
1822 2546 2051 2589 conatus-

504 2626 785 2699 infringere
808 2643 820 2677 :
846 2640 998 2692 quos,
1027 2625 1070 2678 si
1114 2640 1217 2679 non
1247 2635 1388 2680 esset
1415 2626 1701 2680 auctoritas
1728 2626 2039 2694 reprimens,

500 2724 702 2768 certum
723 2726 804 2769 est
834 2715 901 2769 de
928 2715 1016 2770 die
1036 2714 1087 2769 in
1116 2716 1254 2769 diem
1286 2726 1618 2783 grassaturos
1646 2716 1698 2768 in
1729 2716 1894 2783 pejus,
1920 2714 2037 2782 quia

505 2804 700 2857 malitia
738 2819 839 2873 qua
873 2819 968 2858 nos
994 2805 1235 2867 oderunt,
1266 2804 1507 2859 ascendit
1529 2818 1757 2872 semper.
1792 2804 1909 2858 Dat.
1948 2806 2041 2860 So-

504 2905 634 2947 vero
656 2894 793 2961 Aug.
814 2908 930 2947 eos.

1032 3025 1355 3079 EPISTOLA
1386 3025 1487 3079 Vl.-

895 3150 1067 3189 lﬂLAlll
1091 3150 1232 3189 PAPE
1260 3151 1325 3189 AD
1355 3150 1645 3190 ιεοκτιιηω

505 3242 793 3313 Respondet
812 3244 879 3297 ad
898 3244 1097 3313 litteras
1123 3243 1337 3308 Leontii,
1360 3260 1483 3311 quas
1498 3246 1769 3311 scripserat
1784 3230 2037 3311 campre-

608 3312 858 3367 cedentem
886 3312 1082 3365 Hilarii
1097 3314 1605 3380 epistolam‘nondum
1648 3312 1935 3380 accepisset.

678 3424 1027 3504 Dilectissimo
1055 3423 1198 3476 fratri
1240 3423 1455 3477 Leontio
1484 3423 1691 3477 Hilarus
1715 3437 1867 3491 papa.

577 3522 1017 3582 Dilectionimete,
1034 3534 1149 3584 qua:
1161 3520 1298 3574 circa
1312 3519 1572 3574 Eeclesias
1594 3506 1911 3585 Gallicanas,
1928 3534 2036 3573 om-

510 3628 705 3683 nesque
730 3615 784 3667 in
812 3613 889 3666 eis
913 3612 1116 3665 Domini
1145 3612 1481 3677 sacerdotes,
1525 3612 1679 3665 etiam
1720 3611 1771 3665 in
1810 3612 2040 3665 inferiori

509 3704 671 3773 gradu
697 3702 916 3769 positos,
948 3701 1209 3765 abundat,
1235 3692 1453 3754 multul'n
1494 3693 1696 3755 accedii
1736 3702 1997 3767 augmenti
2022 3739 2039 3765 ,

509 3792 647 3861 quod
678 3806 769 3860 per
793 3790 962 3843 virum
1010 3790 1349 3856 spectabilem
1398 3789 1684 3855 Pappolum
1734 3788 1893 3841 lilium
1949 3801 2042 3839 no—

500 3891 673 3935 stmm
704 3878 961 3934 sermonis
986 3880 1059 3931 tui
1082 3878 1146 3930 ad
1174 3892 1257 3930 me
1277 3888 1403 3930 sunt
1429 3878 1599 3929 delata
1637 3876 1915 3943 principia.
1963 3874 2039 3926 Ea

509 3986 613 4040 quo
638 3979 815 4023 tamen
851 3968 1106 4037 canjicio,
1146 3968 1382 4035 paginam
1426 3979 1628 4031 mam,
1660 3980 1814 4034 quam
1848 3962 2041 4017 dudum

512 4064 577 4114 de
597 4060 934 4128 episcOpatus
958 4060 1073 4111 mei
1088 4057 1391 4125 primordiis
1415 4056 1553 4132 misi,
1602 4052 1825 4109 necdum
1884 4054 2046 4106 tradi-

509 4159 615 4203 tam
647 4150 738 4202 tibi
762 4149 922 4202 fuisse
949 4162 1069 4201 cum
1097 4146 1357 4200 scriberes
1390 4163 1405 4198 :
1451 4145 1517 4199 de
1558 4159 1659 4213 qua
1713 4144 1890 4210 utique
1940 4157 2042 4194 non

511 4238 769 4303 siiuissea,
820 4237 923 4289 nisi
967 4235 1287 4302 perlatorum
1340 4232 1509 4298 aliqua
1557 4245 1712 4284 causa
1766 4230 2042 4282 tardasset.

512 4324 665 4379 Unde
692 4322 830 4389 quod
862 4331 917 4375 et
954 4321 1279 4375 consuetudo
1302 4318 1550 4388 poscebat
1581 4327 1635 4372 ct
1661 4318 1887 4379 caritas,
1913 4317 2047 4384 jam—

2141 1915 2279 1960 trum
2312 1918 2609 1963 nostrorum
2650 1919 2875 1975 statuta,
2906 1912 2956 1964 in
2993 1913 3258 1981 provincia
3299 1929 3415 1980 qua:
3451 1916 3517 1968 ad
3566 1930 3675 1968 mo-

2140 1997 2405 2075 narcltiam
2434 2008 2573 2051 tuam
2604 2001 2848 2067 pertinet,
2876 2001 2919 2053 si
2948 2001 3060 2069 ipse
3076 2011 3163 2055 aut
3184 2018 3285 2055 non
3316 2003 3416 2065 vis,
3445 2014 3534 2056 aut
3572 2018 3688 2057 non:

2138 2095 2309 2153 potes,
2328 2086 2484 2139 etiam
2513 2102 2609 2141 nec
2636 2102 2728 2141 nos
2756 2088 2948 2142 silentii
2980 2090 3055 2143 tui
3086 2091 3435 2145 taciturnitate
3460 2093 3675 2159 permit-

2139 2182 2219 2225 tas
2237 2174 2527 2242 conigere.
2554 2175 2817 2241 Siquidem
2840 2177 2977 2244 quod
3003 2186 3057 2229 et
3085 2193 3295 2230 rumore
3314 2180 3689 2245 cognovimus,

2138 2267 2192 2313 et
2217 2271 2466 2327 quantum
2488 2261 2763 2331 diligenter
2787 2278 2816 2316 a
2837 2263 3057 2317 diacono
3084 2264 3285 2318 Joanne
3309 2303 3325 2328 ,
3358 2267 3445 2333 qui
3490 2281 3520 2319 a
3567 2282 3677 2319 ma-

2138 2346 2332 2417 gniﬁco
2356 2347 2468 2402 viro
2510 2349 2617 2403 filio
2658 2357 2839 2404 nostro
2868 2349 3134 2405 Friderico
3158 2351 3348 2406 litteris
3377 2353 3489 2407 suis
3526 2354 3689 2407 nobis-

2140 2434 2433 2489 insinuatus
2452 2446 2553 2501 est,
2585 2438 2973 2504 requisivimus,
3006 2438 3142 2508 quod
3172 2441 3490 2508 iniquissima
3521 2457 3687 2495 usur-r

2138 2525 2351 2593 patione
2376 2527 2584 2595 quidam
2614 2520 3209 2598 Hermes'episcopatum
3231 2530 3457 2586 civitatis
3483 2533 3677 2586 Narbo-

2141 2616 2318 2669 nensis
2361 2617 2673 2671 exsecrabili
2725 2620 3022 2674 temeritate
3068 2621 3476 2689 praesumpserit.
3511 2622 3690 2689 Quam-

2140 2718 2251 2759 rem
2280 2706 2526 2760 decuerat
2547 2710 2873 2762 sanctitatem
2904 2720 3042 2763 tuam
3072 2720 3128 2763 ut
3158 2712 3306 2766 nobis
3359 2713 3411 2767 in
3459 2714 3690 2782 vestigio

2140 2792 2419 2847 indicaret.
2448 2794 2559 2860 Qua
2581 2794 2647 2848 de
2676 2811 2753 2862 re,
2778 2797 2940 2867 frater
2960 2799 3231 2853 carissime
3249 2841 3265 2867 ,
3294 2815 3594 2863 monemus,
3627 2809 3690 2854 nti

2140 2882 2192 2935 si
2211 2881 2340 2935 iides
2372 2883 2683 2937 adhibeatur
2704 2884 2938 2948 assertis,
2968 2888 3194 2953 seposita
3221 2888 3589 2953 excusatione,
3614 2889 3690 2943 ad

2146 2984 2243 3023 nos
2273 2980 2374 3022 tam
2405 2979 2509 3024 tute
2536 2972 2852 3040 dilectionis,
2889 2988 3044 3040 quam
3082 2973 3297 3027 fratrum
3339 2984 3637 3030 nostrorum
3658 3016 3692 3046 ,.

2140 3070 2230 3111 aut
2276 3074 2368 3127 per
2414 3062 2716 3129 portitorem
2758 3062 3079 3131 litterarum“,
3124 3074 3214 3118 aut
3242 3080 3335 3134 per
3376 3082 3532 3136 quem
3579 3068 3692 3137 ipsi-

2064 3147 2110 3210 Ε
2140 3149 2419 3215 elegeritis,
2452 3150 2791 3216 subscriptam
2829 3163 3073 3204 manuum
3110 3164 3398 3207 vestrarum
3445 3155 3667 3207 relatio—

2139 3250 2257 3288 nem
2288 3235 2680 3298 transmittatis;
2705 3246 2760 3288 ut
2783 3236 2920 3304 quod
2948 3236 3168 3290 delinire
3209 3238 3466 3302 possimus
3494 3255 3675 3294 recuro

2137 3325 2271 3377 renti
2302 3324 2481 3391 pagina
2510 3323 2717 3390 possitis
2741 3338 3044 3393 agnoscere.
3081 3324 3215 3378 Deus
3257 3336 3309 3379 te
3361 3327 3675 3383 incolumem

2139 3412 2415 3477 custodiat,
2442 3412 2599 3466 frater
2619 3414 2907 3467 carissime.
2939 3413 3065 3466 Data
3092 3427 3148 3467 tu
3178 3428 3343 3469 nouas
3370 3414 3699 3480 Novembrit

2143 3502 2303 3571 (anno
2326 3499 2451 3553 Chr.
2474 3502 2600 3554 circ.
2624 3500 2771 3571 L62).

2664 3634 2983 3690 EPISTULA
3016 3631 3152 3693 Vill.

2141 3736 2314 3773 HILHII
2353 3734 2494 3774 ΡΔΡΒ
2520 3737 2586 3774 AD
2618 3736 2887 3775 ινιεοοιιοε
2936 3739 3260 3778 ωνιιιελιιωι
3301 3739 3687 3780 ιηιονικουιυιι

2840 3806 3062 3844 σΑιιιΔι.

2143 3871 2191 3925 1.
2220 3872 2441 3947 ernacn
2469 3873 2789 3947 lVaibonensi
2822 3876 3057 3929 Ecclesite
3080 3879 3351 3943 prmaidere
3380 3881 3449 3931 ita
3475 3881 3687 3947 permit--

2213 3942 2368 4013 tit_,_ut
2389 3944 2778 3995 ordinandorum
2800 3959 2858 4013 cp
2881 3942 3138 4013 scaporum
3156 3959 3322 3998 careat
3354 3942 3611 4011 potestate.

2145 4006 2227 4061 11.
2262 4009 2328 4063 Ut
2349 4006 2845 4085 conriliuguotanttis
2876 4006 2996 4077 ﬁant
3016 4031 3079 4067 ea:
3104 4015 3277 4080 quibus
3302 4006 3568 4081 prouinciis
3593 4030 3680 4085 pos

2213 4088 2395 4145 terunt,
2427 4092 2472 4132 et
2501 4098 2531 4130 α
2564 4081 2767 4133 Leontio
2795 4093 3142 4135 conuocantur.

2144 4141 2260 4219 III.
2293 4146 2359 4219 Ut
2382 4141 2487 4199 sine
2506 4150 2870 4219 mctrOpolitani
2891 4151 3066 4203 litteris
3087 4152 3305 4219 episcopi
3327 4152 3376 4203 in
3397 4150 3547 4202 aliam
3566 4167 3679 4219 pro-

2211 4215 2422 4264 uinciam
2442 4231 2539 4266 non
2570 4216 2966 4282 proﬁciscantur.
2994 4221 3137 4280 Quod
3182 4221 3227 4271 si
3256 4215 3356 4272 'eas
3410 4215 3695 4284 impetrare‘

2216 4296 2314 4357 non
2336 4292 2582 4346 poterunt,
2612 4299 2817 4335 causam
2846 4287 3080 4337 discutiet
3120 4290 3378 4355 episcopus
3416 4286 3680 4340 Arelaten-

2216 4363 2304 4399 ³18.

494 4413 715 4482 pridem
742 4426 827 4465 me
851 4408 1348 4488 exsecutumfuisse
1381 4409 1649 4477 significo.
1698 4420 1751 4461 et
1787 4406 1887 4460 hoe
1921 4404 2044 4473 ipsis

2149 4412 2252 4488 IV:
2285 4416 2359 4468 De
2386 4418 2635 4488 parochiis
2653 4415 2895 4488 Ecclesia:
2924 4420 3243 4480 Arelatensis,
3286 4437 3409 4486 quas
3435 4422 3681 4488 repetebat

509 4477 805 4556 litterarum
833 4486 1239 4566 exemplaribus,
1269 4512 1386 4565 qua:
1417 4497 1605 4561 direxi,
1643 4496 1850 4573 plenius
1890 4509 2044 4548 nosse

2155 4551 2198 4573 π
2216 4477 2472 4573 Leontius.
2494 4486 2752 4573 iudicipm.
2772 4489 2849 4564 ad
2863 4477 3369 4573 episcopospremitt'it.

511 4598 611 4641 vos
637 4588 829 4655 cupio;
859 4595 915 4639 ut
955 4585 1129 4639 officio
1167 4584 1401 4637 fraterno
1446 4582 1498 4635 in
1553 4584 1696 4638 nullo
1746 4584 2047 4653 intelligatis

511 4678 675 4731 fuisse
696 4692 779 4730 me
806 4675 1057 4739 desidem,
1086 4684 1144 4729 et
1170 4675 1239 4727 ita
1259 4675 1487 4727 vicissim
1518 4672 1907 4741 frequentandis
1932 4683 2054 4728 stud

512 4766 727 4819 deamns
754 4766 1021 4832 alloquiis,
1045 4771 1103 4817 ut
1124 4763 1290 4816 vicem
1321 4761 1471 4815 nobis
1500 4766 1797 4816 communis
1818 4778 2053 4831 prrescn-v

511 4858 600 4910 tia:
626 4856 887 4910 scribendi
913 4868 1037 4907 cura
1080 4860 1405 4921 compenset.
1438 4850 1598 4902 frater
1634 4852 1928 4905 carissime.
1958 4852 2045 4904 Αί-

513 4944 677 4998 flictus
698 4944 880 5011 itaque
908 4944 982 4995 tui
1008 4944 1227 5010 gratiam
1254 4940 1425 5009 perire
1459 4954 1563 4993 non
1592 4953 1772 5007 passus
1798 4953 1874 5005 es,
1906 4939 2044 5009 quod

511 5035 559 5099 ei
584 5032 926 5090 sollicitudini
943 5031 1208 5108 intentum
1237 5036 1289 5081 te
1311 5040 1431 5081 esse
1458 5041 1716 5094 cognosco
1735 5068 1750 5090 ,
1778 5037 1835 5081 ut
1867 5036 2048 5081 custo-

2155 4551 2217 4605 ιτ.
2264 4551 2911 4625 Ut_prted'ia_ecclcsiastica
2943 4551 3040 4607 non
3077 4556 3381 4621 alienentur,
3417 4556 3515 4609 nisi
3546 4558 3693 4625 optul‘

2213 4623 2481 4675 concilium
2508 4622 2823 4674 alienationis
2852 4627 3157 4694 causaprt'us
3186 4624 3441 4677 doceatur.

2146 4710 2509 4764 Dilectissimis
2537 4710 2786 4779 fratribus
2827 4712 3088 4777 episcopis
3114 4713 3327 4779 provinc
3348 4725 3393 4763 at
3423 4712 3675 4765 Viennen»

2216 4778 2311 4840 sis,
2343 4779 2719 4844 Lugdunensis,
2751 4778 3099 4833 Narbonensis
3118 4778 3299 4845 prima:
3332 4792 3382 4832 et
3406 4786 3680 4844 secundm,

2211 4858 2265 4898 et
2292 4847 2853 4911 Alpiuma-Pmninsrum
2884 4846 3273 4918 [Penninarunt]
3295 4888 3311 4912 ,
3340 4850 3545 4902 llilarus
3571 4851 3691 4918 epio-

2214 4928 2425 4981 scopus.

2220 5010 2525 5089 Quanquam
2554 5021 2790 5093 notitiam
2813 5022 3108 5075 dilectionis
3152 5035 3339 5078 vestra:
3377 5038 3561 5089 ςιιιςιιιιτι
3600 5024 3692 5077 vel

512 5121 689 5176 diendi
718 5128 1051 5187 paternorum
1078 5130 1338 5170 canonum
1367 5116 1559 5184 regulis
1586 5116 1801 5171 studere
1835 5131 1924 5170 me
1960 5131 2052 5170 cua
2151 5111 2323 5179 qualia
2348 5110 2397 5161 in
2430 5109 2753 5162 Narbonensi
2798 5124 2859 5163 ac
2892 5112 3177 5165 Biterrensi
3216 5113 3448 5166 Ecclesia
3489 5113 3684 5163 dudum

514 5212 647 5275 pias.
674 5209 789 5273 Quo
824 5204 1085 5258 desiderio
1127 5204 1258 5258 nihil
1293 5202 1495 5270 concipi
1537 5204 1795 5258 salubrius
1833 5214 2046 5273 potest,

510 5312 665 5362 qnam
698 5303 757 5347 ut
783 5295 836 5347 in
866 5307 967 5345 una
991 5291 1223 5344 Ecclesia
1243 5328 1261 5355 ,
1302 5292 1385 5343 cui
1435 5298 1661 5357 oportet,
1687 5307 1784 5347 nec
1830 5295 2048 5347 macula:

512 5384 704 5450 atiquid
737 5384 929 5443 inesse,
955 5391 1051 5433 nec
1080 5393 1249 5446 rugte,
1282 5392 1381 5430 una
1418 5378 1483 5430 sit
1516 5378 1569 5430 in
1598 5382 1838 5433 omnibus
1871 5383 2053 5434 obser-

513 5472 652 5523 vatio
694 5469 1002 5535 disciplinac.
1032 5466 1127 5519 Cui
1165 5467 1208 5518 si
1244 5466 1436 5533 aliquid
1474 5464 1783 5520 eruditionis
1813 5477 1902 5520 aut
1937 5483 2055 5520 cor-

515 5559 771 5624 reptionis
798 5554 1090 5608 addendum
1118 5562 1219 5617 est,
1251 5552 1543 5607 rectissime
1567 5568 1656 5620 per
1686 5566 1910 5607 vestram
1934 5558 2055 5608 dili-

526 5645 752 5707 gentiam
803 5643 1129 5708 consuletur,-
1177 5644 1221 5695 si
1262 5642 1699 5710 quemadmodum
1737 5658 1794 5695 cs
1818 5646 2058 5713 dignatus

2148 5202 2255 5253 sint
2277 5198 2501 5251 admissa
2519 5212 2631 5251 non
2660 5199 2877 5262 lateant,
2900 5213 2957 5254 et
2983 5205 3397 5269 praestirnptonis
3434 5201 3685 5268 improbi-

2152 5299 2233 5341 tas
2259 5289 2323 5340 ad
2356 5303 2452 5341 nos
2475 5303 2635 5355 usque
2665 5291 2974 5356 perveniens
2999 5294 3174 5360 procul
3206 5293 3363 5345 dubio
3388 5291 3692 5358 regionibus

2154 5378 2428 5431 manifesta
2456 5379 2526 5430 sit
2546 5377 3158 5447 Gallicanis,apostolica:
3178 5390 3349 5434 tamen
3373 5378 3686 5433 sollicitudi-

2156 5468 2237 5521 nis
2271 5468 2488 5520 intcrest
2528 5468 2711 5533 culpas
2745 5469 2799 5522 in
2842 5479 3020 5523 nostro
3064 5471 3415 5537 deprehensas
3450 5469 3698 5521 examine

2159 5540 2268 5608 nnn'
2294 5566 2500 5615 tacere;
2528 5571 2591 5606 ne
2615 5570 2707 5621 per
2730 5557 3065 5625 incongruum
3088 5561 3345 5611 silentium
3376 5573 3491 5609 cum
3515 5558 3695 5623 iniqutr

2162 5640 2433 5714 agentibus
2462 5645 2650 5699 habere
2686 5646 2956 5701 videamur
2992 5664 3125 5701 conn
3151 5660 3332 5702 tentur:
3373 5650 3683 5715 pertimueris.
