3908 6372
288 333 353 390 π.
1626 326 1823 385 ΕΡΙΞΤε

1925 336 1948 386 ι
1989 332 2118 388 VIII.
2464 355 2469 358 ‘
3094 344 3095 347 ‘
3387 335 3465 388 Ωσ·

292 445 421 495 Olim
443 442 596 508 igitur
618 439 818 492 urbium
846 438 1091 506 prmsides
1116 437 1476 505 prmdietarum
1499 448 1693 489 sancta:
1718 454 1824 490 me-
1854 447 1899 497 Α
1929 440 2071 503 dum,
2103 454 2165 494 ne
2194 455 2358 505 error,
2386 456 2537 508 quem
2564 442 2774 507 iuvante
2796 442 3004 494 Christo
3036 442 3253 495 Domino
3281 456 3467 495 nostro-

294 530 468 581 m-rria:
496 529 762 581 decessori
789 544 905 580 meo
932 543 1032 579 non
1060 530 1231 579 minus
1257 541 1408 593 quam
1452 527 1598 578 nobis
1619 564 1634 588 ,
1669 529 1823 579 etiam

296 628 411 669 tunc
438 618 721 669 attulerunt
742 616 956 671 doloris.
990 614 1185 667 illicitis
1216 614 1553 680 petitionibus
1586 616 1827 665 audendo

294 706 559 772 prosequi,
592 706 725 769 quod
758 706 837 755 vix
872 703 1003 769 apud
1032 704 1332 769 patientiam
1358 711 1587 755 nostram
1610 703 1716 753 sola
1746 717 1829 756 ne-

295 795 590 847 cessitatum
617 795 779 862 potuit
807 794 1167 857 deploratione
1209 792 1384 846 leniri.
1420 792 1615 855 Quibus
1647 792 1783 844 enim
1808 831 1823 854 ,

296 886 424 936 sicut
454 884 609 935 etiam
640 897 729 933 vos
758 882 1009 948 probatis,
1044 880 1231 933 factum
1282 890 1486 933 constat
1530 880 1780 946 exemplis
1808 920 1823 943 ,

296 983 348 1024 et
375 989 471 1040 qna
501 987 604 1023 non
628 970 987 1037 objurgatione
1016 970 1375 1035 dignissimum
1398 979 1509 1033 est,
1542 970 1674 1036 quod
1708 984 1828 1019 san-

297 1077 493 1115 ctorum
518 1061 728 1113 Patrum
758 1060 1008 1121 decretis,
1035 1067 1087 1111 et
1118 1060 1242 1123 ipsis
1283 1068 1534 1126 repugnat
1568 1073 1823 1111 canonum

296 1152 580 1205 institutis?
599 1166 717 1203 cum
746 1150 862 1203 ideo
884 1166 941 1203 se
962 1150 1241 1214 fraterjam
1270 1159 1319 1201 et
1349 1151 1686 1215 coepisc0pus
1735 1162 1829 1199 no-

304 1252 410 1293 ster
440 1241 655 1293 Hermes
685 1254 713 1291 a
741 1239 1061 1292 Narbonensi
1090 1234 1321 1290 Ecclesia
1349 1237 1565 1291 credidit
1595 1238 1710 1303 jure
1739 1250 1828 1287 su-

297 1329 423 1395 scipi
446 1369 460 1393 ,
492 1327 609 1395 quia
642 1326 849 1393 indigne
877 1340 905 1377 a
952 1326 1364 1385 Biterrensibus,
1402 1325 1587 1391 quibus
1617 1324 1823 1376 ordina-

299 1430 378 1470 tns
398 1428 501 1481 est,
526 1417 733 1470 dicebat
759 1416 985 1469 excludi.
1014 1416 1111 1480 Qui
1139 1416 1179 1467 si
1205 1428 1327 1467 vere
1356 1415 1453 1467 hoc
1474 1415 1523 1466 in
1546 1428 1603 1466 se
1634 1412 1823 1464 factum

298 1507 512 1568 doleret,
545 1514 597 1559 et
626 1506 857 1571 legitimo
881 1504 1121 1557 remedio
1140 1502 1418 1554 subvenire
1449 1501 1669 1568 preprize
1697 1500 1827 1551 scis-

295 1603 374 1647 set
403 1593 631 1657 injuriae,
662 1591 940 1643 vindictam
974 1589 1139 1655 magis
1166 1590 1344 1641 debuit
1371 1603 1584 1654 sperare
1616 1600 1826 1654 perpes-

294 1682 387 1743 sis,
414 1695 574 1747 quam
599 1681 800 1731 veniam
824 1680 1152 1745 perpetratis.
1171 1678 1401 1745 Denique
1420 1678 1463 1730 si
1487 1693 1623 1730 nunc
1644 1678 1824 1730 saltem

1930 545 2093 595 nnpv-r
2121 530 2463 592 aboleiinins,
2488 541 2573 580 aut
2603 531 2651 581 in
2682 530 2910 594 similes,
2945 539 3032 581 ant
3071 532 3119 581 in
3163 546 3322 583 novos
3354 546 3451 581 un-

1928 631 2081 683 quam
2114 618 2321 682 prodite
2346 616 2508 683 possit
2530 632 2791 669 excessus.
2816 618 2961 680 Quod
2984 618 3157 685 utique
3185 634 3283 669 non
3309 619 3461 669 aliter

1928 707 2117 772 poterit
2146 706 2447 771 praecaveri,
2480 706 2574 758 nisi
2596 716 2785 759 statuta
2835 708 3251 759 venerandorum
3301 723 3459 759 cano-

1930 810 2050 845 num
2082 796 2129 846 in
2156 796 2404 847 faciendis
2428 795 2788 856 conventibus,
2838 810 2968 861 quos
3016 798 3262 849 hactenus
3290 800 3469 849 omitti

1929 884 2048 937 fecit
2074 892 2216 937 certa
2240 887 2544 947 necessitas,
2576 900 2961 952 exseQuamnr:
3007 885 3057 937 in
3110 886 3292 950 quibus
3339 900 3459 951 pos—

1927 974 2046 1036 sint,
2081 989 2173 1040 pro
2194 971 2569 1040 emergentium
2602 973 2913 1025 necessitate
2934 987 3201 1025 causarum
3228 1014 3241 1036 ,
3273 976 3333 1025 ad
3370 989 3460 1024 cc-

1928 1062 2239 1113 cleslasticze
2280 1060 2661 1112 observantiam
2696 1059 2983 1125 disciplince
3008 1103 3021 1125 ,
3055 1070 3107 1113 et
3148 1074 3262 1126 quae
3310 1075 3467 1113 secus-

1928 1149 2061 1202 facta
2097 1151 2307 1211 fuerint,
2335 1150 2551 1217 corrigi,
2580 1160 2630 1201 et
2656 1150 2920 1216 sequenda
2945 1150 3209 1203 constitui.

1995 1240 2055 1291 ll.
2089 1240 2186 1291 Per
2208 1253 2371 1291 annos
2392 1240 2565 1305 itaque
2594 1239 2829 1305 singulos
2849 1278 2862 1298 ,
2889 1254 2952 1291 ex
2978 1237 3254 1305 provinciis
3276 1237 3461 1303 quibus

1928 1332 2173 1399 potuerit,
2197 1330 2521 1397 congregari,
2545 1329 2795 1381 habeatur
2815 1329 3113 1394 episcopale
3140 1327 3416 1379 concilium
3446 1344 3457 1376 :

1928 1421 1998 1472 ita
2029 1428 2086 1472 ut
2110 1421 2412 1485 opportunis
2439 1420 2572 1472 locis
2600 1426 2753 1485 atque
2781 1418 3104 1480 temporibus
3128 1458 3141 1480 ,
3176 1416 3458 1469 secundum

1926 1510 2317 1574 diSpositionem
2346 1509 2520 1559 fratris
2543 1516 2594 1559 et
2618 1508 2913 1574 coepiscopi
2940 1509 3102 1557 nostri
3137 1506 3355 1566 Leontii,
3380 1506 3459 1556 (τιτί

1926 1596 2326 1651 sollicitudinem
2379 1596 2432 1647 in
2482 1596 2857 1661 congregandis
2908 1596 3151 1646 fratribus
3203 1595 3459 1659 delegavi-

1928 1704 2063 1749 mus,
2084 1685 2494 1751 metropolitanis
2519 1698 2607 1750 per
2636 1684 2834 1734 litteras
2864 1682 2975 1747 ejus
2998 1681 3295 1745 admonitis,
3326 1683 3461 1733 cele-

295 1770 557 1821 eommuni
586 1768 817 1820 omnium
851 1768 1053 1821 Domini
1080 1766 1410 1819 sacerdotum
1440 1776 1613 1819 utatur
1635 1767 1823 1831 animo,

1936 1777 2116 1830 bretttr
2152 1793 2163 1826 :
2195 1784 2250 1827 ut
2276 1776 2320 1827 si
2348 1774 2470 1842 quid
2496 1787 2710 1840 usquam
2742 1773 2819 1824 vel
2852 1774 2900 1823 in
2924 1771 3224 1823 ordinandis
3259 1772 3459 1836 episco-

296 1861 338 1911 si
365 1861 591 1910 imitetur
615 1858 933 1923 exemplum,
969 1858 1013 1909 si
1046 1856 1108 1907 ad
1152 1855 1262 1909 luec
1305 1871 1419 1923 quae
1456 1856 1826 1908 ecclesiastica:

294 1949 484 2015 quietis
511 1948 946 2013 etintemplatione
976 1955 1237 2009 utcunque
1266 1945 1432 2009 sepita
1463 1954 1581 1996 sunt
1606 1984 1619 2004 ,
1663 1944 1826 1997 oculis

296 2037 468 2090 cordis
498 2038 751 2098 intendat,
778 2044 830 2088 et
858 2050 951 2101 pro
973 2036 1129 2087 tutius
1162 2034 1406 2086 Ecclesia:
1435 2035 1676 2099 pace,vel
1704 2034 1823 2097 fide,

292 2143 410 2195 qua:
440 2137 562 2178 sunt
586 2126 946 2193 multipliciter
982 2134 1151 2177 errata
1198 2124 1491 2175 consideret
1537 2141 1548 2174 :
1596 2123 1721 2175 nihil
1748 2131 1828 2175 est

292 2216 527 2283 profecto
552 2216 686 2283 quod
717 2229 819 2267 non
843 2214 996 2267 etiam
1040 2215 1153 2279 ipse
1194 2213 1573 2279 reprehendat,
1623 2222 1674 2264 et
1710 2226 1829 2265 eru—

293 2306 469 2356 b83t‘II
490 2303 590 2356 sibi
613 2302 771 2355 annui
800 2302 944 2367 quod
980 2304 1030 2353 in
1060 2301 1225 2353 altero
1264 2301 1593 2353 laudabiliter
1632 2302 1825 2366 impro-

290 2392 444 2446 barit.
478 2392 681 2445 Scimus
710 2392 871 2452 enim,
918 2399 969 2441 et
993 2390 1189 2455 jamdiu
1237 2388 1302 2445 de
1344 2390 1613 2441 memorati
1658 2388 1828 2440 fratris

290 2482 688 2536 conversatione
716 2480 839 2532 nihil
873 2479 1122 2531 habemus
1158 2480 1462 2544 ambiguum
1491 2516 1503 2539 ,
1532 2462 1653 2531 cum
1682 2488 1829 2530 ante-

290 2582 419 2625 acta:
444 2572 561 2623 vitae
589 2570 749 2635 ipsius
770 2583 1000 2628 cursum.
1030 2575 1084 2619 et
1119 2578 1258 2619 retro
1288 2570 1633 2633 antepositum
1664 2566 1827 2635 [omne

288 2657 617 2727 propositum]
676 2667 855 2709 nostro
900 2656 1233 2709 revolventes
1278 2656 1479 2721 animo,
1515 2655 1610 2707 hos
1652 2656 1824 2718 illum,

288 2762 420 2814 quos
448 2746 497 2798 in
527 2759 593 2798 eo
612 2747 896 2812 arguimus.
929 2744 1211 2797 incurrisse
1234 2744 1591 2810 potius,qnam
1617 2744 1823 2805 fecisse,

289 2836 613 2887 mstimamus
639 2846 907 2885 excessus.
935 2832 1009 2886 De
1038 2832 1227 2898 quibus
1256 2833 1568 2897 praesidente
1608 2834 1822 2884 fratrum

290 2936 573 2974 numeroso
598 2922 841 2983 concilio,
872 2929 924 2973 et
949 2936 1011 2974 ex
1041 2922 1263 2973 diversis
1295 2920 1573 2987 provinciis
1602 2920 1663 2972 ad
1688 2920 1821 2972 diem

290 3014 477 3067 natalis
533 3018 693 3065 nostri
745 3014 795 3065 in
853 3013 1103 3065 honorem
1136 3013 1269 3064 beati
1312 3012 1447 3062 Petri
1477 3012 1699 3076 apostoli
1730 3026 1823 3077 per

290 3102 380 3155 Dei
406 3102 623 3169 gratiam
663 3109 1006 3167 congregato,
1040 3098 1435 3166 prmsidentibu‘s
1484 3099 1726 3151 fratribus
1770 3092 1892 3153 etC

289 3190 614 3257 coepiscopis
638 3190 828 3243 nostris
861 3189 1048 3241 Fausto
1077 3200 1123 3241 et
1157 3190 1413 3254 Auxanio,
1442 3196 1593 3255 atque
1617 3186 1819 3255 agenti-

291 3280 387 3333 bus
416 3281 669 3347 plurimis,
702 3292 817 3346 qua:
844 3278 1073 3345 vigorem
1114 3278 1391 3343 respiciunt
1435 3275 1820 3328 auctoritatem-

289 3383 392 3435 que
424 3368 621 3435 judicii,
653 3368 699 3419 id
727 3383 754 3418 a
788 3368 935 3418 nobis
966 3368 1105 3434 pacis
1130 3377 1208 3419 est
1234 3381 1411 3417 amore
1440 3366 1775 3417 constitutum
1806 3403 1820 3427 ,

290 3466 346 3506 nt
374 3457 423 3506 in
453 3455 731 3514 sententia,
763 3471 916 3521 quam
944 3454 1040 3505 sub
1061 3453 1653 3518 adversioneutriusqne
1682 3452 1825 3519 lega-

290 3544 443 3594 t;onis
476 3542 591 3594 inde
618 3542 851 3603 directas,
882 3542 1086 3593 Christo
1118 3542 1335 3593 Domino
1359 3552 1535 3591 nostro
1567 3540 1822 3605 inspiran-

292 3640 363 3691 te,
394 3629 723 3697 protulimus,
757 3645 923 3695 neque
960 3630 1157 3681 caritas
1198 3628 1510 3693 evangelicae
1551 3629 1823 3694 indulgen-

292 3720 399 3781 tias,
424 3734 589 3787 neque
610 3720 905 3785 apostolica:
934 3720 1071 3785 virga
1096 3718 1314 3769 defuerit
1347 3718 1824 3783 disciplinae.N-.im-

289 3826 387 3876 que
415 3812 463 3863 in
494 3820 654 3862 totum
686 3825 781 3863 nec
813 3810 1076 3863 remittere
1100 3824 1191 3860 nos
1213 3808 1335 3861 fecit
1362 3808 1700 3875 indulgentia,
1728 3822 1822 3859 nec

290 3898 491 3949 affectio
515 3912 778 3950 coercere.

359 3989 396 4039 1.
430 3988 486 4040 Ei
514 3989 598 4053 qui
630 4001 767 4039 nunc
800 3985 1045 4036 Ecclesia:
1069 3983 1386 4034 Narbonensi
1406 3983 1683 4048 prresidere
1706 3997 1817 4047 per-

289 4079 526 4137 mittitur,
585 4076 987 4126 ordinandornm
1038 4072 1433 4135 episcoporum,
1466 4068 1533 4120 ob
1556 4070 1664 4119 hmc
1704 4084 1818 4133 qua:

288 4181 441 4232 prave
470 4165 600 4215 faeta
626 4172 774 4224 sunt,
823 4161 1123 4211 sustulimus
1170 4168 1475 4227 potestatem
1502 4198 1515 4220 ,
1561 4174 1713 4225 quam
1751 4162 1819 4211 ita

287 4256 347 4308 ad
403 4256 614 4306 fratrem
669 4264 720 4306 et
774 4266 1135 4319 coep‘sCopum
1190 4260 1425 4303 nostrum
1463 4250 1817 4303 Constantium

287 4345 513 4399 Uceticae
544 4343 786 4395 Ecclesia:
808 4342 1123 4404 antistitem,
1166 4341 1281 4406 quia
1325 4354 1437 4391 mvo
1473 4340 1684 4390 honoris
1715 4339 1820 4403 pri-

1931 1866 2031 1932 pis,
2062 1865 2139 1917 vel
2170 1864 2607 1932 presbyteris,aut
2631 1859 3026 1928 cujuslibetloci
3048 1860 3247 1911 clericis
3266 1860 3457 1911 facien-

1929 1952 2028 2014 dis.
2054 1961 2232 2004 contra
2258 1961 2512 2016 praecepta
2544 1950 2825 2015 apostolica
2855 1948 3116 2013 reperitur
3137 1949 3415 1999 admissum
3443 1981 3457 2007 .

1928 2050 2017 2091 aut
2046 2042 2095 2091 in
2144 2053 2324 2092 eorum
2360 2039 2757 2089 conversatione
2806 2037 3070 2103 quippiam
3129 2037 3454 2100 reprobatur,

1926 2127 2189 2181 communi
2212 2126 2441 2178 omnium
2472 2127 2780 2177 auctoritate
2826 2137 3107 2178 resecetur.
3149 2126 3200 2177 In
3239 2140 3296 2177 ea
3326 2141 3451 2191 pra:-

1928 2219 2080 2285 cipue
2101 2217 2405 2269 celebritate
2430 2216 2793 2279 conveniatur,
2823 2231 2939 2282 qua:
2972 2216 3279 2283 praesidente
3310 2217 3459 2269 Chri—

1927 2317 2006 2359 sto
2031 2307 2248 2357 Domino
2276 2314 2475 2367 nostro,
2504 2314 2553 2356 et
2576 2304 2866 2355 veneranda
2888 2304 2953 2353 sit
2976 2304 3187 2364 sanctis,
3211 2316 3261 2355 et
3282 2305 3458 2355 formi—

1930 2395 2097 2446 danda
2126 2394 2403 2460 perversis.
2436 2392 2540 2444 Nec
2570 2394 2807 2458 cuiquam
2840 2392 3013 2444 licebit
3044 2406 3070 2442 a
3103 2392 3293 2456 regulis
3336 2406 3458 2460 eta-

1925 2484 2057 2550 gari,
2083 2498 2210 2547 quas
2232 2482 2325 2533 sibi
2354 2482 2495 2547 juxta
2526 2495 2781 2532 canonum
2811 2480 3141 2532 definitiones
3183 2480 3321 2531 unita
3354 2479 3456 2529 fra-

1928 2572 2142 2623 ternitas
2187 2571 2235 2622 in
2284 2584 2556 2621 commune
2609 2569 2896 2635 prmfixerit
2940 2584 2955 2625 :
2998 2584 3113 2620 cum
3159 2570 3455 2619 imminente

1926 2662 2201 2728 quotannis
2229 2660 2473 2716 examine
2501 2658 2569 2709 ita
2598 2658 2786 2725 singuli
2809 2667 3106 2711 actussnos
3128 2657 3369 2723 dirigent,
3400 2665 3455 2708 ut

1928 2748 2008 2802 his
2037 2748 2290 2801 discussio
2324 2746 2504 2814 judicii
2536 2748 2703 2813 optari
2742 2748 2903 2813 magis
2940 2746 3157 2810 debeat,
3200 2760 3352 2813 quam
3387 2745 3455 2798 ti-

1926 2840 2076 2891 meri.
2107 2838 2160 2889 ln
2183 2836 2486 2890 dirimendis
2517 2850 2641 2889 sane
2667 2836 2986 2903 gravioribus
3018 2836 3219 2901 causis,
3260 2844 3314 2889 et
3336 2850 3453 2900 qua

1925 2926 2027 2979 illic
2059 2940 2159 2978 non
2189 2926 2448 2991 potuerint
2477 2924 2767 2985 terminari,
2818 2923 3119 2989 apostolica:
3165 2924 3301 2976 sedis
3334 2937 3453 2977 sen—

1926 3017 2083 3068 tentia
2110 3013 2430 3065 cnnsulatur.‘

1993 3103 2076 3153 ΙΙΙ.
2108 3100 2231 3152 Illud
2262 3100 2418 3151 etiam
2438 3114 2540 3151 non
2568 3113 2843 3166 possumus
2874 3100 3160 3165 praeterire,
3189 3098 3326 3167 quod
3342 3098 3451 3151 sol-

1923 3189 2187 3244 licitudine
2212 3187 2539 3255 diligentiore
2568 3188 2853 3240 curandum
2878 3190 2976 3251 sit,
3010 3206 3074 3241 ne
3113 3200 3299 3253 praeter
3336 3202 3447 3241 me-

1926 3278 2352 3346 tropolitanorum
2395 3290 2606 3328 suorum
2652 3275 2852 3328 litteras
2875 3276 3031 3342 aliqui
3060 3276 3123 3327 ad
3169 3276 3450 3342 quamlibet

1923 3368 2238 3435 provinciam
2268 3364 2495 3420 audeant
2534 3365 2788 3431 proficisci
2820 3364 2993 3431 :quod
3040 3364 3191 3416 etiam
3226 3365 3273 3415 in
3306 3365 3447 3415 omni

1923 3474 2115 3526 genere
2132 3457 2286 3510 officii
2314 3456 2571 3509 clericalis
2605 3470 2700 3522 per
2750 3453 2980 3521 singulas
3007 3454 3159 3507 debet
3189 3455 3448 3508 Ecclesiae

1923 3546 2191 3600 custodiri.
2216 3546 2410 3609 Quibus
2436 3543 2732 3596 econtrario
2760 3541 2855 3593 hac
2872 3552 3070 3594 ratione.
3086 3542 3445 3607 pr0spicimus,

1925 3648 1975 3687 ut
2006 3636 2048 3686 si
2081 3636 2177 3687 hoc
2204 3636 2482 3700 impetrare
2513 3646 2605 3699 per
2648 3632 2873 3697 aliquam
2915 3646 3015 3682 non
3065 3632 3344 3681 meruerint
3388 3630 3465 3681 si-

1924 3724 2207 3782 multatem,
2240 3736 2354 3771 cum
2385 3720 2587 3771 duabus
2614 3718 3024 3783 metropolitanis
3047 3716 3447 3783 provinciarum,

1922 3828 2037 3881 qua:
2066 3827 2307 3878 congrua:
2329 3820 2469 3871 sunt,
2493 3810 2811 3862 Arelatensis
2840 3810 3111 3873 episcopus
3134 3817 3316 3859 cuncta
3344 3808 3449 3859 dis-

1922 3902 2142 3961 cutiens,
2175 3914 2264 3961 pro
2294 3912 2464 3950 eausa:
2508 3897 2754 3962 qualitate
2782 3896 3101 3947 observanda
3132 3898 3451 3947 constituat:

1922 4001 2017 4037 nec
2065 3987 2113 4035 in
2144 3985 2380 4049 injuriam
2424 3984 2638 4035 alterius
2691 3983 2916 4034 alienum
2968 3984 3212 4034 clericum
3253 3982 3445 4047 ausclpi

1922 4081 2108 4139 przeter
2135 4071 2487 4123 testimoninrn
2516 4068 2713 4136 proprii
2740 4070 2985 4121 antistitis
3037 4068 3320 4121 secundum
3360 4083 3447 4119 ca-

1921 4179 2112 4215 nonum
2140 4170 2330 4213 statuta
2361 4161 2645 4227 prarcipiet.
2695 4158 2893 4225 Singuli
2919 4167 3090 4209 autem
3118 4158 3319 4217 fratres,
3338 4156 3447 4207 uni-

1920 4252 2157 4319 versique
2186 4259 2498 4316 cognoscant
2521 4248 2802 4315 parendum
2819 4262 2933 4301 tisse
2957 4246 3298 4315 przesentibus
3321 4260 3448 4299 con-

1920 4341 2137 4402 stitutis,
2166 4340 2353 4407 quibus
2391 4339 2544 4391 etiam
2586 4338 2924 4391 commonitio
2963 4348 3135 4389 nostra
3176 4337 3450 4390 denuntiat

286 4449 395 4487 mas
421 4448 537 4485 esse
562 4431 769 4493 dicitur,
803 4432 1061 4497 pertinere
1082 4432 1409 4488 censuimus,
1456 4438 1509 4479 ut
1552 4430 1595 4478 si
1634 4443 1815 4489 super-
1843 4422 1893 4481 Ι)
1918 4431 1968 4482 in
2000 4444 2091 4482 eos
2113 4428 2302 4479 Christi
2336 4427 2538 4477 Domini
2563 4427 2724 4478 nostri
2750 4426 3005 4492 judicium
3045 4425 3259 4479 minime
3299 4426 3449 4477 defu-

284 4524 405 4576 stite
465 4522 654 4573 llerme
699 4520 942 4585 episcopo
974 4518 1249 4568 defunctus
1296 4517 1486 4579 fuerit,
1519 4518 1661 4568 illum
1712 4516 1820 4567 hrec

284 4624 405 4662 cura
438 4609 699 4672 respiciat,
724 4622 875 4672 quem
902 4608 1154 4671 repererit
1194 4606 1503 4672 episcopalis
1549 4605 1678 4657 ordo
1709 4605 1819 4669 pri-

284 4709 496 4751 matem.
526 4698 713 4749 llerme
744 4705 913 4745 autem
944 4695 1187 4760 episcopo
1214 4695 1490 4747 deficiente
1513 4737 1525 4753 ,
1557 4693 1819 4745 faciendo-

283 4802 394 4837 rum
426 4801 539 4837 mos
566 4786 853 4837 antistitum
887 4783 1207 4837 Narbonensi
1232 4801 1348 4837 mox
1370 4785 1613 4838 reddatur
1644 4787 1817 4838 Eccle-

282 4879 390 4937 sim,
420 4888 574 4939 quem
608 4890 707 4924 non
738 4873 939 4935 civitas,
958 4875 1048 4925 sed
1075 4890 1227 4927 causa
1254 4876 1670 4942 praesumptionis
1691 4877 1819 4927 arnio

284 4967 365 5019 sit.
405 4963 550 5017 Unde
571 4970 758 5014 vestra:
788 4962 1128 5015 fraternitatis
1157 4966 1207 5015 in
1244 4964 1458 5016 Domino
1504 4966 1702 5016 sincera
1742 4965 1820 5016 di-

283 5051 455 5110 lectio,
486 5048 891 5101 sollicitudinem
925 5052 1198 5115 pastoralis
1220 5066 1357 5103 curm
1396 5053 1444 5102 in
1469 5053 1575 5103 suis
1611 5052 1820 5105 Sedibus

283 5142 466 5203 partita
497 5136 785 5193 nobiscum,
817 5138 1209 5189 commissarum
1239 5140 1335 5189 sibi
1369 5139 1713 5190 Ecclesiarnm
1737 5140 1815 5191 di-

283 5226 544 5293 ligentiam
578 5224 848 5291 vigilanter
873 5237 1152 5287 exerceat,
1196 5238 1247 5278 et
1294 5244 1472 5281 eorum
1505 5230 1675 5280 taliter
1700 5244 1814 5295 qua!

283 5316 330 5366 in
363 5314 687 5367 Narbonensi
714 5314 977 5376 provincia
1003 5328 1283 5377 emersere,
1307 5320 1621 5376 meminerit,
1646 5325 1701 5369 ut
1721 5318 1813 5371 de-

282 5413 496 5456 iettetur
528 5403 714 5454 factum
741 5402 911 5466 potius
943 5416 1094 5468 quam
1126 5414 1295 5455 sumat
1316 5408 1631 5471 exemplum.
1662 5405 1807 5470 Quod

281 5494 343 5542 it;
368 5492 620 5557 deinceps
647 5504 761 5542 με.εο
788 5490 1200 5551 nolumus,sicut
1227 5494 1483 5553 novimus,
1506 5511 1605 5545 non
1627 5494 1804 5545 fuisse.

281 5585 471 5644 Itaque,
496 5582 685 5635 fraters
708 5579 985 5643 carissimi,
1013 5596 1241 5633 net-ossa:
1259 5584 1319 5634 iis
1348 5583 1534 5635 studiis
1561 5592 1638 5634 est
1660 5597 1807 5647 agen-

1920 4529 2114 4578 turum,
2142 4514 2228 4581 qui
2252 4514 2562 4567 declinando
2584 4514 2805 4578 superba
2838 4515 3122 4567 rebellione
3140 4524 3446 4578 conventus,

1920 4603 2262 4659 conscientia:
2282 4617 2389 4654 sua:
2431 4604 2730 4656 testimonio
2754 4603 3087 4656 confutantur
3109 4604 3452 4657 sacerdotalis

1920 4692 2229 4747 innocentia:
2253 4692 2491 4743 fiduciam
2522 4708 2625 4745 non
2658 4693 2869 4745 habere.

1989 4786 2076 4837 IV.
2104 4783 2355 4835 Prmterea
2387 4784 2623 4850 ejusdem
2657 4785 2829 4836 fratris
2876 4785 3079 4837 libellus
3123 4785 3327 4837 oblatus
3369 4796 3447 4837 est

1921 4873 2088 4932 nobis,
2117 4885 2218 4937 quo
2251 4872 2488 4935 perhibet
2513 4874 2787 4937 parochias
2835 4872 3154 4924 Arelatensis
3203 4873 3447 4924 Ecclesia

1920 4977 1946 5014 a
1981 4960 2362 5027 pradecessore
2389 4977 2483 5013 suo
2511 4963 2704 5014 llilario
2731 4964 2779 5014 in
2806 4963 2936 5013 alios
2962 4962 3125 5029 (quod
3149 4978 3247 5015 non
3278 4962 3446 5025 licuit)

1920 5052 2081 5104 fuisse
2106 5052 2401 5111 translatas,
2429 5063 2617 5117 petens
2640 5052 2754 5104 illas
2785 5052 3007 5117 pristino
3029 5052 3129 5117 jnri
3152 5062 3322 5103 nostra
3354 5064 3442 5099 au-

1917 5139 2157 5191 ctoritate
2180 5139 2400 5190 restitui.
2432 5139 2534 5194 Sed
2566 5140 2934 5193 moderaminis
2956 5140 3219 5205 apostolici
3249 5151 3446 5188 memo-

1918 5241 2022 5287 res,
2055 5226 2368 5279 fraternitati
2415 5238 2605 5280 vestra:
2641 5231 2907 5295 querelam
2953 5230 3111 5293 ipsius
3151 5225 3444 5278 remisimus

1914 5313 2225 5365 audiendam
2257 5330 2270 5363 :
2305 5323 2360 5366 ut
2396 5317 2444 5367 in
2467 5326 2640 5368 vestro
2678 5326 2934 5367 conventu
2978 5330 3034 5365 ca
3076 5328 3192 5379 qua:
3224 5326 3250 5363 a
3292 5312 3449 5365 nobis

1914 5407 2119 5466 sperata
2145 5409 2286 5463 sunt,
2328 5402 2636 5470 allegentur,
2667 5413 2720 5455 et
2742 5418 2856 5470 qua:
2892 5401 3257 5455 ecclesiasticis
3294 5417 3445 5469 regu-

1917 5491 1981 5541 lis
2009 5500 2323 5555 congruunt,
2350 5492 2719 5545 decerpantur.

1981 5579 2041 5630 Vt
2075 5578 2241 5631 Simul
2264 5582 2418 5633 etiam
2449 5597 2605 5649 super
2631 5583 2727 5635 hoc
2749 5582 3042 5634 universam
3069 5581 3443 5635 fraternitatem
