3908 6400
498 0 539 13 ὀί
572 0 577 1 γ
614 0 655 1 κέ
690 0 695 1 γ
738 0 1235 21 ήπίπ-νΙἸ-Ῠῐπ
1417 8 1499 57 -ἸΙ
1536 8 1765 19 η-.-

388 368 455 434 97
1739 356 1957 410 illi..\lll
2002 351 2197 408 PAl'zE
3492 347 3558 401 28

389 491 629 541 volumus
657 499 773 540 esse
800 483 1190 547 communium,
1233 493 1299 533 ne
1332 475 1521 545 ptaedia
1544 515 1559 539 ,
1599 464 1717 541 qua:
1759 487 1926 538 neque
1955 477 1999 529 Λ
2028 467 2307 536 quotannis
2343 465 2558 517 concilia
2585 506 2596 527 ,
2625 478 2844 531 quorum
2877 463 3099 516 maxime
3124 462 3173 514 in
3202 462 3361 515 fratre
3387 472 3440 514 et
3474 476 3561 515 co-

391 577 621 640 descrta,
655 588 822 641 neque
848 573 1096 625 damnosa
1117 576 1257 635 sunt,
1290 575 1345 621 et
1379 564 1445 620 ad
1489 562 1774 617 Ecclesiam
1806 575 1922 625 per-

393 665 580 723 tinent.
608 678 669 716 es
701 678 769 727 qu
793 662 887 715 bus
908 662 1251 729 plurimorum
1278 652 1551 709 orasuevit
1592 649 1923 703 necessitati-

394 753 493 806 bus
513 752 799 814 subveniri,
828 750 1004 818 aliquo
1033 750 1151 813 jure
1180 747 1230 800 in
1260 744 1481 798 alterum
1520 740 1919 818 transterantur,

393 840 491 894 nisi
516 841 655 906 prius
684 813 818 907 apud
857 813 1133 892 concilium
1174 832 1500 888 alienationis
1552 830 1717 897 ipsius
1755 813 1922 878 'causa

391 928 662 994 doceatur,
689 920 893 997 utquid
926 925 1035 981 iieri
1064 925 1269 988 debeat,
1290 920 1553 977 communi
1580 918 1811 972 omnium
1834 914 1927 968 de-

391 1012 700 1074 liberatione
727 1026 994 1071 traeietttr.
1020 1016 1157 1069 Deus
1181 1028 1274 1068 vos
1303 1014 1586 1067 incolumes
1628 1008 1883 1064 custodiat
1907 1044 1925 1072 ,

390 1106 584 1162 fratres
605 1108 883 1161 carissimi.
930 1106 1056 1158 Data
1096 1120 1150 1157 ιιι
1198 1118 1364 1157 nouas
1400 1100 1703 1155 Decembris
1745 1099 1925 1165 (anno

390 1198 519 1255 Chr.
550 1199 651 1252 670
672 1198 735 1265 '),
762 1184 868 1251 GL.
895 1194 955 1249 P.
983 1195 1180 1251 Severo
1205 1195 1439 1262 Augusto
1470 1192 1703 1246 consule.

915 1347 1241 1401 EPISTOLA
1282 1346 1368 1400 IX.

774 1471 949 1509 ulLABI
987 1470 1131 1508 ΡΑΡΒ
1168 1472 1233 1508 ΑΒ
1272 1470 1555 1509 ιεοκτιυι.

378 1554 474 1616 ’Βε
503 1564 744 1616 Mamerto
770 1580 1017 1632 episcopo,
1048 1566 1133 1632 qui
1154 1575 1292 1616 extra
1329 1580 1445 1617 suos
1486 1566 1609 1626 ﬁnes
1657 1564 1926 1617 Deensibtts

464 1634 750 1695 episcopum
791 1632 1089 1696 ordinarat,
1145 1644 1197 1685 ut
1245 1634 1378 1686 illius
1406 1648 1607 1685 causam
1645 1633 1698 1699 in
1739 1635 1929 1702 synodo

464 1703 733 1754 examinet.

661 1809 1005 1883 Dilectissimo
1028 1800 1173 1861 fratri
1198 1810 1417 1862 Leontio
1442 1810 1667 1863 Hilarus.

465 1888 697 1961 Qualiter
719 1906 899 1949 contra
930 1896 1071 1950 sedis
1099 1896 1402 1963 apostolica:
1432 1898 1648 1951 veniens
1678 1899 1929 1951 constitu-

400 1992 485 2050 ta,
536 1985 914 2037 sacerdotalem
967 1986 1274 2039 modestiam
1325 1987 1606 2041 Mamertus
1657 1988 1934 2056 episcopus

402 2073 711 2127 Viennensis
738 2074 1047 2139 excesserit,
1068 2075 1359 2129 dilectionis
1376 2083 1478 2129 tuac
1500 2075 1771 2131 debuimus
1802 2079 1938 2131 rela-

402 2162 545 2215 tione
570 2174 905 2225 cognoscere,
930 2168 987 2212 nt
1007 2162 1218 2215 ausibus
1232 2163 1419 2216 taliltus
1440 2175 1695 2216 maturum
1728 2165 1934 2229 etjuxta

403 2246 875 2302 ecclesiasticarum
906 2248 1142 2302 ordinem
1167 2252 1461 2317 regularum
1489 2264 1775 2319 congruum
1796 2252 1937 2317 judi-

408 2337 545 2389 cium
577 2334 949 2403 proferremus.
977 2336 1237 2402 Quantum
1262 2338 1399 2391 enim
1422 2339 1513 2393 filii
1543 2341 1729 2405 nostri,
1752 2341 1845 2393 viri
1878 2341 1939 2394 il-

404 2423 603 2490 lustris,
628 2423 858 2491 magistri
889 2428 1113 2481 militum
1139 2426 1396 2483 Gunduici
1420 2443 1663 2484 sermone
1690 2442 1768 2484 est
1807 2431 1941 2484 indi-

405 2523 603 2579 catum,
633 2518 912 2582 praedictus
938 2518 1218 2584 cpiscopus
1240 2516 1415 2572 invitis
1441 2518 1744 2581 Deensibus,
1774 2528 1826 2573 et
1854 2520 1943 2587 qui

406 2603 469 2657 ad
500 2604 836 2657 ecclesiarum
865 2608 979 2673 eius
998 2612 1300 2673 numeratos,
1340 2621 1499 2675 quem
1548 2608 1594 2661 ei
1646 2590 1943 2675 apostolica:

408 2692 549 2745 sedis
574 2693 1159 2759 deputavitsuctorita's,
1190 2694 1328 2748 sicut
1355 2696 1407 2749 in
1427 2696 1632 2749 scriniis
1661 2700 1851 2750 nostris
1875 2699 1945 2751 le-

410 2782 601 2849 gimtts,
630 2781 842 2837 minime
872 2784 1224 2851 pertinebant,
1256 2784 1433 2837 hostili
1465 2800 1629 2849 more,
1660 2794 1717 2837 ut
1735 2786 1944 2849 dicitur,

411 2886 675 2935 occupans
696 2873 982 2935 civitatem,
1029 2874 1329 2940 episcopum
1358 2887 1666 2927 consecrare
1699 2860 1949 2940 pratsum-

412 2961 537 3028 psit.
563 2962 617 3012 lu
639 2976 761 3029 quo.
790 2964 948 3015 frater
973 2962 1261 3028 carissime,
1294 2963 1336 3015 si
1366 2964 1435 3015 ita
1456 2973 1556 3025 est,
1584 2978 1737 3030 quam
1769 2965 1949 3016 multi-

419 3050 542 3118 plex
572 3050 722 3117 culpa
754 3052 841 3112 sit,
867 3052 1202 3117 pronuntiare
1226 3052 1507 3118 possimus,
1541 3054 1638 3106 nisi
1674 3054 1854 3121 judicii
1893 3064 1950 3107 ut

2022 558 2270 621 episcoteo
2300 563 2480 606 nostro
2521 554 2734 605 Leontio
2763 552 3084 605 Arelatensis
3112 550 3356 603 Ecclesia!
3380 563 3560 602 sacer.

2023 644 2142 697 dote
2178 658 2431 695 summam
2476 643 2666 708 placuit
2710 657 2827 695 esse
2854 682 2868 705 ,
2897 640 3265 702 celebrentur;
3302 653 3399 691 nec
3421 639 3561 690 aliud

2023 733 2135 785 ﬁeri
2180 748 2332 800 posse
2368 732 2642 785 credamus
2667 748 2821 800 quam
2852 731 2986 798 quod
3017 744 3108 797 pro
3136 730 3429 783 communis
3460 729 3561 782 Do—

2024 823 2151 877 mini
2182 823 2337 875 domo
2382 835 2553 875 nosua
2593 822 2853 875 ordinatio
2886 820 3033 872 vobis
3074 820 3323 887 placitura
3367 820 3562 871 consti-

2026 913 2120 964 tuit
2150 928 2165 964 :
2190 922 2361 964 tamen
2391 910 2622 977 repetitis
2655 910 2842 963 litteris
2870 910 3051 962 eadem
3081 923 3219 961 nunc
3237 922 3442 975 quoque
3468 908 3561 959 ob.

2030 1000 2285 1055 Servatda
2345 1000 2715 1064 decernimus;
2772 1002 3031 1067 praecipue
3078 1012 3196 1051 cum
3252 996 3559 1063 gravissima

2028 1091 2337 1143 Viennensis
2362 1087 2585 1143 civitatis
2614 1090 2892 1155 cpiscopus
2932 1086 3227 1139 involvatur
3245 1085 3440 1138 oll‘eusa
3460 1124 3475 1147 ,
3507 1086 3558 1136 itt

2025 1180 2266 1247 injuriam
2280 1178 2458 1232 fratris
2483 1187 2535 1232 et
2554 1179 2847 1246 coepiscopi
2870 1179 3034 1231 nostri
3053 1176 3251 1229 Leontii
3273 1169 3576 1228 D‘ecns‘dius'

2027 1271 2312 1324 antistitem
2338 1267 2715 1323 consecrauit».
2736 1264 2811 1320 De
2828 1268 2977 1334 cujus
3008 1268 3141 1319 facto
3168 1264 3412 1318 vindictre
3434 1280 3561 1317 con-

2026 1371 2168 1425 grurc
2195 1356 2511 1411 sententiam
2549 1352 2884 1417 differentes,
2914 1353 3152 1407 relationi
3200 1350 3421 1405 fratrum
3446 1367 3561 1420 quae

2031 1446 2237 1496 interim
2266 1443 2469 1497 fuerant
2488 1442 2539 1497 vi
2627 1441 3009 1507 respondimus.
3039 1440 3140 1493 Sed
3167 1441 3410 1505 quoniam
3435 1439 3560 1491 tanti

2027 1546 2273 1588 excessus
2303 1531 2552 1601 majorem
2594 1530 2745 1585 nobis
2772 1531 3136 1584 sollicitudinis
3166 1531 3437 1583 materiam
3467 1527 3563 1581 dc-

2030 1627 2260 1675 tulcrunt
2277 1661 2293 1685 ,
2318 1620 2429 1677 haec
2446 1620 2513 1675 ad
2534 1621 2829 1675 universam
2851 1620 3119 1675 caritatem
3164 1620 3318 1672 etiam
3343 1634 3439 1686 per
3462 1620 3565 1669 tra-

2031 1722 2163 1765 trem
2187 1721 2241 1765 et
2265 1712 2628 1779 corpiscopum
2660 1721 2892 1765 nostrum
2915 1710 3192 1763 Antonium
3209 1710 3400 1776 scripta
3424 1708 3563 1759 dire-

1963 1808 2008 1864 Β
2037 1802 2204 1852 ximus
2229 1844 2243 1865 ,
2274 1800 2464 1867 quibus
2493 1800 2754 1853 admonita
2784 1799 3073 1857 communis
3099 1798 3329 1850 omnium
3371 1796 3567 1849 sollici-

2034 1890 2157 1942 tudo
2185 1898 2444 1957 procuret,
2477 1903 2542 1942 ne
2567 1889 2838 1957 quisquam
2870 1888 3087 1941 fratrum
3121 1890 3171 1941 in
3202 1888 3416 1941 alterius
3447 1900 3565 1953 pro-

2034 1989 2282 2044 rnptnrtts
2310 1977 2549 2045 injuriam
2581 2017 2594 2041 ,
2622 1978 2957 2030 transcendat
2985 1977 3233 2029 terminos
3259 1992 3287 2028 a
3315 1974 3569 2029 veneran-

2031 2067 2113 2121 dis
2153 2051 2391 2121 Patribus
2431 2067 2759 2121 constitutos.
2794 2066 2942 2121 Unde
2985 2068 3159 2119 omnia
3189 2078 3306 2132 qua:
3344 2080 3373 2117 a
3419 2064 3570 2117 nobis

2034 2167 2154 2208 sunt
2194 2171 2284 2222 per
2320 2155 2506 2208 fratres
2546 2163 2598 2206 et
2623 2154 2963 2221 coepiscopos
3004 2163 3206 2205 nostros
3243 2142 3488 2204 Faustum
3518 2160 3573 2205 et

2037 2245 2329 2298 Auxanium
2372 2244 2581 2297 definita
2612 2245 2920 2297 roborantt‘s
2948 2283 2962 2306 ,
3003 2242 3432 2309 congregationes
3473 2256 3595 2294 an-.

2038 2349 2166 2387 nuas
2190 2373 2203 2395 ,
2228 2334 2499 2385 ordinante
2527 2332 2684 2385 fratre
2712 2343 2762 2385 et
2790 2333 3096 2398 coepiscopo
3120 2338 3301 2382 nostro
3329 2328 3570 2390 Leontio,

2073 2425 2320 2477 dmonitis
2351 2421 2763 2488 mctmpolitanis
2793 2409 2972 2489 ,quod
3013 2434 3154 2485 sche
3174 2417 3448 2470 dicendum
3471 2427 3572 2478 est,

2073 2434 2320 2477 dmonitts
2351 2434 2763 2488 ntctrOpotttams
2793 2464 2807 2489 ,
2836 2434 2972 2489 quod
3013 2434 3154 2485 saepe
3174 2434 3448 2470 utcenoum
3471 2434 3572 2478 est,

2038 2434 2104 2569 Itis
2142 2516 2270 2567 locis
2307 2513 2571 2566 celebrare
2608 2511 2889 2579 dignemini
2922 2549 2937 2573 ,
2973 2508 3036 2561 ad
3071 2522 3187 2575 quae
3231 2504 3575 2559 conveniendi

2042 2603 2181 2656 nulla
2223 2604 2291 2654 sit
2317 2605 2554 2669 cuiquam
2586 2599 2984 2653 commeantium
3014 2595 3311 2650 difﬁcultas.
3343 2594 3434 2647 Cui
3462 2594 3577 2645 dili-

2020 2693 2231 2771 ogeotim
2259 2692 2414 2746 etiam
2442 2690 2667 2757 provisio
2695 2690 2986 2742 adhibenda
3015 2700 3115 2749 est,
3145 2698 3202 2740 ut
3222 2686 3580 2753 opportunitas

2043 2780 2477 2847 quemadmodum
2523 2779 2783 2840 locorum,
2814 2778 2881 2829 ita
2910 2779 3252 2829 constituatur
3297 2784 3350 2827 et
3378 2784 3578 2839 tempo-

2046 2885 2162 2922 rum
2193 2886 2207 2919 :
2255 2877 2309 2920 ut
2338 2867 2741 2920 inexcusabilior
2768 2865 3002 2933 quisquis
3025 2874 3125 2916 tant
3150 2862 3499 2916 necessarium
3528 2869 3583 2913 et

2048 2960 2258 3013 salubre
2298 2960 2635 3013 coostitntum
2687 2966 2917 3010 nostrum
2955 2953 3315 3021 negligentiam
3358 2961 3582 3017 putaret,

2050 3058 2301 3118 appareat
2324 3090 2337 3111 ,
2366 3050 2550 3117 fratres
2570 3047 2845 3101 carissimi.
2880 3046 3017 3099 illius
3039 3053 3212 3097 autem
3235 3043 3583 3097 continuatio-

420 3138 672 3204 diximus,
703 3148 757 3192 et
784 3139 1071 3193 moderatio
1096 3141 1247 3193 nobis
1272 3151 1442 3205 esset,
1482 3153 1533 3197 et
1568 3144 1699 3197 ordo
1736 3158 1949 3197 servan—
1972 3140 2018 3202 (ζ
2048 3154 2187 3202 nem,
2227 3154 2377 3207 quem
2411 3137 2718 3191 Vicunen-is
2754 3135 3026 3202 episcopus
3053 3136 3309 3197 alienum,
3334 3140 3386 3183 et
3411 3130 3474 3181 ad
3515 3143 3574 3182 se

423 3227 735 3294 dus.’Atque
764 3228 881 3282 ideo
910 3244 1111 3283 memor
1141 3229 1692 3297 sollicitudinis,quatn
1720 3232 1954 3288 dilectio-

424 3317 477 3371 ni
509 3326 608 3372 ωε
634 3319 738 3371 scis
763 3333 881 3372 esse
906 3322 1262 3383 commissam,
1294 3322 1540 3390 quidquid
1567 3336 1701 3376 nunc
1725 3326 1788 3375 ad
1823 3324 1955 3377 noti-

422 3407 548 3460 tiam
574 3402 979 3462 nostram'brevi
1011 3410 1359 3463 insinuatione
1386 3411 1739 3475 delatumest,
1756 3411 1809 3466 in
1830 3424 1959 3467 con-

424 3505 582 3575 ventu
612 3496 880 3562 synotali,
909 3498 993 3563 qui
1031 3499 1317 3553 secundum
1358 3508 1547 3575 statuta
1582 3513 1761 3561 nostra
1805 3500 1957 3556 annis

404 3586 646 3653 singulis
672 3596 721 3641 te
750 3588 846 3640 sibi
879 3590 1191 3655 praesidente
1218 3599 1301 3646 ost
1326 3592 1741 3661 congregandos,
1785 3592 1958 3646 discu-

429 3684 541 3729 tere
567 3690 681 3743 quat
710 3684 831 3728 sunt
852 3685 962 3728 acta
990 3675 1233 3741 debebis,
1264 3688 1318 3731 et
1357 3693 1386 3731 a
1427 3679 1672 3745 pracdicto
1701 3682 1955 3734 rationem

428 3762 551 3816 facti
579 3763 660 3816 sui
688 3763 784 3815 sub
806 3767 1049 3817 universo
1078 3775 1215 3819 ceto
1248 3766 1585 3819 fraternitatis
1626 3767 1833 3834 exigere
1851 3810 1865 3832 ,
1899 3782 1961 3819 ac

430 3852 621 3905 deinde
649 3855 880 3906 omnium
911 3854 1321 3909 litteris‘nostras
1354 3858 1594 3909 intimare
1628 3858 1825 3910 notitiae
1858 3876 1870 3909 :
1905 3868 1961 3910 ut

428 3940 567 4011 quod
593 3952 775 3996 sancto
797 3940 991 4009 Spiritu
1012 3943 1239 3998 dictante
1267 3954 1348 3997 est
1370 3945 1683 4013 faciendum,
1727 3946 1790 3998 ad
1819 3926 1963 4001 com-

428 4032 731 4097 primendos
754 4043 970 4087 conatus
1003 4034 1208 4089 illicitos
1232 4036 1557 4090 ordinamus.
1590 4037 1723 4091 Deos
1747 4046 1795 4090 te
1817 4039 1962 4091 inco-

432 4120 626 4175 lumem
655 4123 932 4187 cu~todiat,
949 4124 1107 4178 frater
1134 4126 1423 4177 carissime.
1450 4126 1575 4179 Data
1592 4143 1644 4181 νι
1671 4127 1785 4180 idus
1808 4128 1964 4180 Octo-

437 4208 543 4261 bris
574 4210 735 4277 (anno
774 4210 898 4263 Chr.
937 4211 1086 4277 463),
1128 4212 1320 4263 Basilio
1356 4214 1468 4266 viro
1510 4214 1802 4269 clarissimo
1840 4230 1964 4270 con-

434 4299 568 4352 suie.

808 4354 814 4361 ’
894 4354 897 4355 ί
986 4387 1310 4443 EPISTULA
1351 4389 1416 4443 χ.

2053 3230 2269 3285 minime
2300 3227 2644 3294 pertinentem
2665 3262 2682 3288 ,
2710 3223 2935 3292 graviter
2960 3221 3201 3274 ordinare
3229 3218 3587 3286 praesumpsit,

2056 3320 2232 3373 intris
2259 3326 2313 3371 et
2339 3313 2634 3384 coepisc0pi
2665 3313 2828 3366 nostri
2853 3309 3055 3365 Leontii
3075 3307 3376 3376 reliquimus
3403 3304 3589 3357 volun-

2054 3406 2181 3470 tati;
2205 3418 2358 3474 quem
2384 3404 2696 3457 eonildimus
2712 3416 2813 3455 non
2842 3409 3030 3467 pra-ter
3059 3396 3430 3450 immanitatem
3464 3406 3589 3457 pen-

2053 3508 2174 3549 sare
2210 3508 2323 3562 qua:
2362 3492 2498 3561 justo
2528 3500 2664 3545 sunt.
2697 3490 2835 3545 Deus
2866 3502 2958 3543 vos
2983 3487 3267 3541 incolumes
3292 3480 3584 3543 custodiat,

2057 3585 2243 3638 fratrea
2271 3581 2546 3635 carissimi.

2596 3705 2917 3761 EPISTOLA
2959 3705 3046 3757 XI.

2060 3832 2233 3874 ηιιιιιι
2268 3834 2409 3873 ΡΑΡΒ
2446 3834 2510 3871 ΔΙ)
2541 3830 2807 3869 EPISCOPOS
2842 3830 2925 3875 QUI
2969 3831 3031 3867 DE
3074 3828 3302 3889 IAHIH'I'I
3337 3828 3497 3868 CAUSA
3540 3829 3592 3867 ιι

2552 3899 2742 3938 SYNODO
2774 3897 3097 3937 COGNOHAN'I‘.

2063 3979 2378 4043 Prtrceptum
2410 3975 2582 4029 Hilari
2614 3990 2758 4040 papa
2784 3973 2847 4026 de
2872 3970 3096 4043 Ecclesia
3126 3970 3334 4043 Deense,
3373 3970 3456 4022 ubi
3484 3972 3590 4038 epi-

2128 4040 2307 4114 scopus
2327 4048 2536 4100 indebite
2552 4060 2584 4096 α
2607 4043 2870 4097 Viennensi
2894 4042 3121 4112 episcOpo
3148 4040 3404 4094 ordinatus
3431 4048 3523 4091 est;

2068 4156 2113 4208 1.
2148 4155 2211 4209 Ut
2250 4169 2335 4217 per
2365 4154 2612 4204 Veronam
2640 4152 2919 4219 episcopum
2946 4156 3211 4219 moneatur,
3242 4148 3510 4219 Mamertus
3525 4154 3595 4219 _ut

2131 4226 2192 4277 ab
2222 4216 2615 4275 ordinationibus
2643 4216 2893 4283 indebitis,
2924 4218 3112 4269 ordinis
3132 4217 3212 4271 sui
3239 4228 3286 4271 et
3313 4216 3593 4285 privilegio-

2134 4306 2246 4360 runt
2271 4288 2515 4360 periculo,
2542 4289 2592 4360 in
2624 4294 2871 4360 posterum
2897 4286 3157 4337 abstineat.

2068 4359 2096 4414 1
2103 4360 2152 4414 1.
2180 4359 2246 4413 Ut
2272 4349 2357 4424 'qui
2384 4349 2652 4424 Oeensibus
2672 4370 2704 4405 a
2728 4352 2973 4424 Mamerto
2996 4360 3305 4424 consecratsts
3324 4359 3413 4424 est,
3438 4349 3597 4424 Leon-

2137 4431 2191 4481 tii
2224 4414 2523 4495 Arelatensis
2546 4423 2764 4491 episcopi
2788 4461 2805 4487 ,
2832 4438 2862 4475 a
2880 4436 2976 4490 quo
3000 4420 3273 4473 consecrari
3301 4417 3490 4480 debuit,
3514 4433 3599 4469 ar-
3662 4492 3663 4495 η
3750 4414 3755 4415 “

438 4513 609 4554 ιιιιλιιι
638 4512 782 4551 eam
821 4513 886 4551 an
924 4509 1195 4552 EPISCOPOS
1233 4514 1553 4554 otvsasanuu
1590 4516 1966 4560 pnostacunou
2002 4474 2046 4530 D
2078 4526 2081 4529 -
2140 4498 2285 4550 bitrio
2314 4474 2648 4560 conﬁrmetur.

1090 4576 1311 4619 αλιυδ.

442 4653 524 4707 Ne
552 4654 810 4721 quisquam
832 4644 955 4707 suos
970 4655 1202 4706 terminos
1236 4657 1569 4717 transcendat,
1591 4668 1634 4709 et
1670 4670 1722 4713 ttt
1756 4661 1970 4713 concilia

576 4725 838 4790 quotannis
858 4722 1052 4775 Leontii
1072 4724 1288 4791 episcom'
1312 4740 1464 4791 opera
1485 4739 1828 4780 conserentur.

444 4828 804 4900 Dilectissimis
833 4829 1082 4900 fratribus
1106 4830 1371 4897 episcopis
1390 4833 1673 4900 provincia
1702 4835 1969 4890 Viennen-
1992 4876 1996 4880 Α

513 4902 606 4969 sis,
619 4898 1011 4969 Lugdunensis,
1033 4898 1597 4969 ΔΝινὶκωθιιιίέιη’ἰιῐιαε
1619 4912 1675 4957 et
1705 4907 1969 4968 secundae,

514 4966 712 5033 Alpium
733 5005 749 5030 ,
782 4968 984 5022 Hilarus
1016 4967 1313 5038 episcopus.
1420 4966 1433 4968 θ
1639 4974 1645 4979 ’

517 5074 626 5129 Etsi
652 5075 1038 5131 meminerimus
1081 5077 1460 5133 fraternitatem
1500 5086 1721 5133 vestram
1758 5096 1818 5135 ea
1856 5096 1973 5149 qua:

443 5170 573 5215 sunt
598 5175 627 5213 a
653 5162 804 5215 nobis
826 5171 1014 5217 statuta
1043 5167 1298 5229 retinere,
1328 5178 1424 5217 nec
1449 5160 1642 5232 aliquid
1672 5182 1733 5221 es
1764 5170 1843 5221 bis
1871 5170 1976 5221 dis-

444 5248 695 5303 simulare
725 5263 843 5317 quas
867 5253 1166 5320 scripsimus
1193 5270 1206 5305 :
1238 5262 1295 5306 ut
1332 5251 1660 5318 scilicet'pro
1700 5256 1975 5323 disciplina

448 5338 798 5393 ecclesiastica
818 5380 833 5405 ,
858 5350 908 5394 et
930 5356 1023 5408 pro
1047 5343 1220 5396 causis
1248 5357 1375 5409 quas
1406 5325 1540 5394 inter
1572 5344 1773 5398 Domini
1804 5351 1976 5413 sacer-
2018 5380 2021 5383 ι

442 5426 603 5480 dotes
639 5430 831 5483 oboriri
875 5432 1173 5500 plerumque
1216 5448 1318 5488 non
1356 5432 1567 5485 dubium
1598 5443 1676 5487 est
1710 5436 1977 5505 synodalia

2072 4605 2429 4664 Dilectissimis
2480 4602 2755 4664 fratribus,
2800 4600 3043 4662 Victuro,
3089 4593 3599 4664 lngenuoLYdatio,

2141 4674 2381 4730 Enstasio
2402 4713 2417 4736 ,
2467 4671 2682 4725 Fonteio
2704 4711 2717 4733 ,
2746 4663 2996 4723 Viventio
3020 4707 3035 4732 ,
3084 4666 3320 4736 Eulalia,
3358 4663 3561 4736 Verano
3587 4700 3600 4722 ,

2142 4744 2353 4803 Fausto,
2384 4732 2652 4806 Auxanio,
2684 4732 2904 4792 Proculo
2929 4778 2944 4802 ,
2975 4734 3234 4806 Ausonio,
3262 4732 3422 4806 Paulo
3441 4772 3461 4806 ,Α
3488 4732 3597 4782 Mt:—

2140 4800 2380 4873 moriali‘,
2412 4800 2683 4875 leestio,
2719 4800 2986 4875 Proiecto,
3020 4804 3299 4872 Eutropio,
3330 4800 3569 4853 Avitiano
3589 4837 3603 4859 ,

2144 4880 2296 4945 Urso,
2327 4890 2381 4933 et
2404 4878 2641 4944 Leontio,
2664 4877 2893 4930 Hilarus.
3200 4932 3207 4939 ,
3256 4930 3261 4939 ,
3580 4908 3581 4911 η

2142 4986 2389 5041 Sollicitis
2416 4984 2693 5039 admodum
2722 4983 2894 5055 nobis,
2922 4989 2974 5034 et
3010 4995 3074 5033 ex
3099 4978 3179 5032 bis
3206 4991 3325 5047 qua:
3368 4974 3602 5044 proxima

2074 5079 2141 5133 ad
2172 5092 2266 5131 nos
2292 5077 2479 5132 relatio
2516 5085 2655 5149 certa
2697 5074 2989 5135 detulerat,
3027 5070 3186 5123 multa
3221 5056 3606 5136 exspectatione

2075 5158 2344 5237 suspensis
2367 5208 2382 5232 ,
2411 5166 2595 5221 litterae
2626 5161 2915 5218 dilectionis
2929 5169 3115 5214 vestrae
3133 5200 3148 5223 ,
3174 5154 3334 5211 fratre
3355 5166 3407 5209 et
3433 5155 3607 5220 coepi-

2066 5270 2236 5326 scopo
2270 5266 2448 5311 nostro
2476 5254 2702 5323 Antonio
2725 5294 2739 5317 ,
2767 5265 2920 5320 quem
2949 5249 3158 5316 dignum
3186 5255 3322 5301 tanta
3351 5243 3607 5309 legatione

2082 5347 2360 5416 probamus
2385 5345 2719 5410 interpretem
2738 5380 2755 5404 ,
2783 5338 3065 5395 deferente.
3094 5343 3215 5391 sunt
3244 5332 3467 5394 tradita},
3496 5342 3611 5393 qua:

2070 5432 2179 5488 'nos
2206 5433 2331 5503 ipsis
2358 5440 2635 5485 contextus
2664 5430 2741 5483 sui
2769 5428 3141 5481 contriSIavere
3167 5420 3451 5493 principiis.
3484 5417 3610 5469 Nam

527 5560 542 5589 '
598 5562 748 5633 A‘nno
798 5561 989 5633 Christi
1033 5563 1135 5618 470
1178 5578 1208 5617 e
1246 5563 1375 5619 vivis
1415 5563 1523 5632 jam
1566 5577 1895 5623 excesserant
1941 5573 1993 5620 et
2042 5564 2247 5621 Hilarus
2295 5576 2423 5633 papa
2460 5570 2514 5617 et
2546 5550 2771 5617 Severus
2817 5560 3113 5628 Augustus,
3155 5552 3241 5623 qui
3288 5547 3466 5633 consul
3522 5544 3614 5597 fuit

446 5641 590 5682 anno
619 5628 809 5682 Christi
838 5629 957 5681 462.
