3930 6418
271 395 338 459 29
1637 386 1838 445 EPISTl

1938 395 1957 443 ι
2001 387 2089 444 XL
3378 387 3450 446 $0

274 515 363 584 qui
384 511 713 579 requiescere
729 503 1128 563 sollicitudinem
1144 509 1466 566 nostram,ct
1487 515 1724 568 magnam
1746 515 1809 555 ex
1838 507 1880 561 Α
1911 502 2209 570 coepiscopi
2241 502 2401 553 nostri
2423 501 2632 553 Antonii
2664 501 2942 554 insinuatio
2971 504 3223 555 reSeravit
3245 543 3257 566 ,
3283 505 3444 558 claret

276 612 424 670 parte
450 599 667 654 reicvari
695 598 746 651 in
783 596 866 650 his
893 610 1009 664 quas
1036 610 1063 645 a
1107 602 1301 645 sancta:
1332 591 1598 644 memoria:
1624 591 1810 644 deces-

278 707 398 746 sore
424 704 544 743 meo
571 688 638 740 de
657 685 935 742 Viennensi
963 684 1213 750 episcOpo
1241 682 1450 749 prmfixa
1471 693 1612 744 sunt,
1635 681 1814 734 crede-

277 782 488 841 bamus,
515 771 746 832 evidenti
775 769 1063 825 assertione
1099 769 1439 836 cognovimus
1463 807 1478 829 ,
1501 777 1553 820 et
1580 783 1681 820 non
1702 769 1816 820 sine

279 870 463 923 dolore
511 866 758 920 miramur
780 903 796 930 ,
824 859 1155 914 definitiones
1174 858 1290 911 illas
1321 857 1336 888 ¹
1370 871 1396 908 a
1423 857 1676 909 Mamerto
1703 856 1816 922 epi-

281 974 441 1024 scopo
491 968 628 1010 nunc
666 951 898 1022 potuisse
924 950 1222 1003 transcendi
1248 989 1263 1012 ,
1295 939 1385 1016 per
1411 963 1539 1015 quas
1571 947 1819 1001 Ecclesiae

285 1044 610 1116 privilegium
650 1040 898 1109 probarat
929 1038 1162 1104 acquiri;
1207 1051 1325 1089 cum
1361 1037 1620 1104 praecipue
1648 1034 1820 1088 fratris

283 1145 337 1189 et
365 1130 659 1200 coepiscopi
684 1128 850 1182 nostri
870 1125 1073 1180 Leomii
1093 1125 1384 1178 moderatio
1409 1125 1627 1177 formam
1650 1124 1822 1177 conti-

287 1224 479 1278 nentis:
529 1221 764 1289 praebere
799 1216 1040 1272 debuerit
1078 1215 1370 1269 ambienti:
1418 1223 1509 1268 aut
1552 1216 1596 1268 si
1637 1215 1823 1282 spiritu

286 1309 634 1367 temulationis
665 1307 907 1370 inflatus,
936 1319 1056 1360 eum
1083 1304 1240 1374 (quod
1271 1319 1375 1357 non
1405 1303 1656 1372 oportuit)
1681 1302 1825 1356 arbi-

289 1409 458 1454 tratus
479 1406 564 1453 est
583 1382 976 1466 negligentiam;
1003 1394 1298 1447 decessoris
1317 1393 1397 1446 sui
1422 1394 1606 1446 saltem
1635 1391 1827 1445 instru-

289 1497 408 1540 ctus
431 1483 712 1552 exemplo,
744 1482 888 1535 illius
916 1481 1206 1534 imitaretur
1231 1479 1647 1545 temperantiam,
1679 1477 1829 1545 cujus

292 1576 494 1628 honore
547 1571 907 1640 perfungitur,
953 1582 1051 1624 nec
1099 1566 1526 1635 transgrediendo
1574 1566 1826 1630 violaret,

291 1663 430 1731 quod
458 1662 566 1729 jam
605 1673 742 1713 nunc
767 1699 782 1724 ,
814 1657 912 1710 nisi
942 1655 1208 1724 patientiae
1238 1654 1590 1709 moderamina
1621 1665 1827 1708 tenere-

293 1766 412 1806 mus
439 1790 455 1814 ,
485 1757 660 1816 posset
683 1748 940 1800 amittere.
974 1744 1070 1799 Cui
1096 1743 1320 1812 unquam
1348 1743 1546 1812 profuit
1572 1759 1720 1798 mens
1748 1759 1833 1798 re-

1913 591 2216 660 prazdictum
2260 592 2523 658 privilegia
2568 593 2724 644 certis
2754 594 2999 646 conclusa
3051 596 3284 647 terminis
3317 597 3448 648 vel'e

1913 683 2134 750 perdere
2162 683 2276 748 plus
2301 683 2543 745 volendo,
2570 682 2654 750 qui
2676 682 2866 734 abusus
2896 682 3067 736 fratris
3096 693 3149 737 et
3173 699 3450 738 consacer-

1914 771 2050 824 dotis
2075 771 2272 824 Leontii
2303 773 2621 824 moderantia
2646 810 2660 832 ,
2694 771 2981 824 Deensibtts
3013 781 3193 824 contra
3227 772 3304 825 fas
3332 775 3447 838 epi-

1917 874 2151 927 scopum,
2179 860 2380 913 etiamsi
2408 870 2488 914 est
2515 860 2730 912 meritus
2750 899 2763 922 ,
2792 874 2892 912 non
2917 859 3087 911 timuit
3115 875 3444 912 consecrare.

1911 949 1973 1004 in
2001 964 2104 1017 quo
2132 949 2322 1001 factum
2369 949 2481 1015 ejus
2517 957 2832 1001 convenerat
2861 948 2937 1000 sic
2963 949 3155 1002 resolvi
3179 992 3192 1014 ,
3221 955 3278 1000 ut
3303 949 3447 1012 juxta

1919 1054 2100 1096 eorum
2130 1053 2244 1106 quae
2271 1048 2562 1104 perpetrata
2592 1045 2713 1089 sunt
2745 1037 3068 1104 qualitatem,
3097 1053 3197 1091 non
3237 1039 3348 1088 sine
3373 1038 3451 1101 ja—

1919 1137 2065 1178 ctura
2089 1126 2282 1193 proprii
2312 1125 2529 1186 ordinis,
2561 1126 2717 1178 etiam
2747 1125 2890 1178 illum
2921 1139 2948 1177 a
2979 1125 3286 1179 sacerdotali
3322 1141 3451 1178 con-

1921 1215 2084 1268 sortio
2117 1214 2417 1267 submoveri
2460 1221 2718 1282 cerneret,
2765 1228 2919 1280 quem
2969 1213 3164 1266 creavit
3205 1213 3452 1275 indebite,

1922 1316 2180 1371 quemque
2200 1301 2558 1370 indignissime
2586 1300 2772 1355 fecisse
2796 1301 3138 1366 convincitur,
3155 1310 3455 1368 correptunr

1920 1390 2058 1456 justa
2087 1389 2281 1442 ultione
2308 1390 2557 1455 sentiret,
2601 1404 2666 1442 ne
2692 1399 2958 1456 concepta:
2996 1389 3224 1442 audaciae
3250 1391 3457 1443 incasti-

1925 1487 2045 1545 gata
2084 1476 2350 1530 temeritas
2385 1477 2607 1530 licentiae
2642 1492 2698 1529 se
2726 1479 2990 1544 peperisse
3030 1487 3232 1546 putaret
3278 1494 3460 1530 exem«

1930 1565 2092 1632 plum.
2126 1563 2317 1618 Verum
2348 1564 2411 1616 ad
2444 1565 2796 1617 Ecclesiarnm
2835 1566 3064 1633 quietem
3107 1576 3261 1620 tanta:
3291 1577 3458 1619 trans-

1928 1652 2209 1722 gressionis
2248 1653 2462 1705 vulnera
2489 1689 2505 1716 ,
2535 1666 2792 1705 memores
2821 1654 3125 1718 apostolicae
3156 1654 3456 1722 sapientiae,

1930 1741 2101 1794 curari
2148 1739 2387 1793 volumus
2429 1747 2552 1792 ante
2601 1739 2864 1804 fomentis,
2915 1749 2970 1792 ut
3011 1744 3246 1808 corporis
3296 1745 3458 1794 nostri

296 1840 480 1894 bellis?
509 1848 597 1890 aut
637 1851 788 1905 quem
819 1834 1076 1905 superbiae
1097 1847 1201 1889 non
1227 1834 1492 1888 inclinavit
1517 1835 1709 1889 elatio?
1733 1835 1824 1888 Al-
1857 1839 1904 1897 Β
1929 1832 2221 1885 membrum
2251 1829 2383 1883 forte
2408 1829 2691 1883 sanandum
2729 1830 2779 1882 in
2814 1831 3158 1898 integritatem
3192 1832 3460 1898 pristinam

297 1930 399 1984 tior
426 1938 509 1983 est
527 1927 832 1982 humilitatis
859 1923 1061 1995 gratis,
1083 1925 1166 1979 cui
1199 1935 1500 1994 paupertate
1529 1925 1740 1992 spiritus
1766 1925 1833 1978 ad

298 2019 570 2086 pramium
618 2014 887 2083 promissa
917 2014 1252 2067 beatitudinis
1280 2014 1376 2066 iter
1421 2015 1564 2080 regni
1607 2014 1834 2066 cmlestis

299 2107 550 2173 aperitur.
582 2104 688 2158 Nec
718 2101 1128 2170 perfunctorium
1176 2101 1541 2168 pravaricator
1573 2102 1836 2154 existimet

299 2210 418 2251 esse
445 2197 583 2264 quod
627 2194 747 2248 fecit
772 2233 786 2256 ,
809 2193 852 2246 si
881 2189 1114 2246 eruditus
1139 2189 1398 2246 doctrinis
1422 2191 1793 2245 ecclesiasticis
1815 2229 1832 2252 .

301 2286 424 2356 quid
452 2296 668 2352 uterque
689 2290 948 2337 mereatur
963 2281 1226 2350 agnoscit:
1253 2295 1370 2335 cum
1393 2281 1526 2334 alter
1551 2280 1834 2333 secundum

301 2374 655 2446 propheticum
681 2387 859 2427 vocem
899 2373 950 2424 in
981 2370 1154 2424 medio
1179 2369 1453 2424 dominicte
1479 2368 1665 2423 domus
1695 2369 1838 2421 habi-

303 2475 415 2518 tare
466 2462 816 2532 prohibetur;
865 2459 999 2511 alter
1035 2457 1349 2525 respiciente
1393 2469 1449 2509 se
1489 2455 1595 2509 Deo
1629 2469 1838 2521 semper

299 2555 510 2623 junctus
553 2552 839 2611 asscritur,
863 2549 1014 2615 cujus
1039 2543 1396 2599 consolatione
1424 2545 1674 2597 salvator.
1708 2543 1836 2595 Pus-

300 2653 420 2696 sent
440 2639 807 2694 venerabilium
831 2647 1062 2687 veterum
1083 2632 1530 2699 multa.replicari,
1552 2648 1622 2701 qu
1639 2650 1667 2683 ε
1691 2633 1837 2698 juxta

301 2731 571 2783 veritatem
590 2727 727 2779 dicta
751 2707 1205 2785 demonstrantur;
1235 2721 1323 2775 sed
1347 2723 1413 2774 ab
1441 2721 1626 2774 eadem
1656 2735 1835 2786 causa,

301 2834 418 2886 qua:
467 2831 524 2871 se
567 2824 620 2868 ut
677 2815 1045 2882 loquercmur,
1100 2812 1337 2879 ingessit,
1385 2811 1672 2864 recentiora
1723 2820 1841 2865 sunt

301 2907 538 2974 exempla
583 2904 854 2958 sumenda.
898 2902 1026 2954 Nam
1067 2901 1371 2967 dignitatem
1401 2899 1710 2954 Viennensis
1744 2902 1842 2954 Ec-

301 2996 477 3050 clesiaa
490 2994 770 3047 Mamertus
785 2993 1059 3059 episcOpus
1079 2990 1654 3044 Arelatensisantistitis
1678 3007 1842 3059 quon-
1873 3005 1875 3007 ·

300 3085 422 3136 dam
455 3080 868 3148 transgressione
897 3079 1150 3140 crevisse,
1178 3084 1231 3129 et
1261 3091 1354 3143 pro
1383 3077 1704 3143 corrigendis
1726 3092 1841 3145 qua:

1936 1938 2028 1990 per
2047 1923 2250 1976 mitiora
2275 1923 2646 1975 medicamenta
2674 1931 2966 1988 revocetur,
2983 1938 3077 1975 nec
3095 1923 3335 1975 credatur
3374 1939 3462 1975 ne-

1934 2012 2051 2078 gligi
2075 2012 2210 2077 quod
2235 2011 2438 2061 interim
2469 2025 2567 2061 non
2591 2021 2828 2062 monetur
2849 2011 3098 2063 ahscindi.
3133 2011 3328 2064 Praevia
3357 2028 3462 2064 tne-

1933 2099 2089 2152 dendi
2142 2113 2348 2165 semper
2394 2097 2714 2150 austeritatis
2766 2107 2844 2150 est
2892 2099 3105 2161 lenitas,
3157 2114 3251 2150 nec
3295 2105 3463 2152 outnis

1936 2187 2073 2240 ferro
2111 2185 2282 2240 statim
2326 2187 2474 2253 culpa
2505 2186 2874 2253 compescitur,
2919 2198 3007 2238 aut
3035 2186 3356 2255 inexplorato
3384 2191 3463 2241 vel

1935 2274 2072 2343 quod
2107 2274 2254 2328 facile
2282 2273 2531 2342 prodesse
2560 2277 2721 2341 possit
2745 2274 2976 2327 offertur.
3005 2275 3153 2329 Nunc
3174 2279 3309 2329 enim
3334 2286 3465 2329 teut-

1938 2365 2079 2432 poris
2103 2365 2485 2434 opportunitas,
2517 2379 2652 2415 nunc
2683 2364 2971 2429 languentis
2994 2366 3295 2430 necessitas,
3329 2382 3465 2418 nunc

1937 2453 2210 2507 medicina:
2241 2455 2400 2521 ipsius
2423 2465 2474 2506 et
2501 2453 2682 2507 modus
2711 2463 2790 2506 est
2813 2455 3122 2522 quzerendus
3143 2464 3194 2508 et
3221 2456 3464 2522 qualitas;

1939 2554 1994 2596 ut
2022 2545 2191 2597 omnis
2227 2559 2321 2612 per
2343 2545 2650 2611 sapientiam
2695 2543 2826 2596 facta
2857 2545 2904 2596 in
2951 2545 3091 2597 vitiis
3124 2545 3465 2612 reprimendis

1937 2633 2232 2686 sollicitudo
2261 2633 2496 2686 curantis
2521 2634 2742 2702 gaudeat
2765 2636 3094 2697 reparatione
3116 2635 3251 2702 quod
3283 2636 3466 2696 salvat,

1940 2737 2035 2775 nec
2065 2733 2238 2774 careat
2267 2722 2624 2775 moderatione
2653 2722 2796 2790 quod
2818 2732 3042 2775 resecat.
3077 2723 3165 2776 His
3195 2725 3346 2790 igitur
3385 2739 3468 2778 ve.

1939 2819 2046 2864 stra
2070 2809 2366 2879 fraternitas
2387 2811 2609 2878 graviter
2635 2783 3019 2878 prudenterque
3035 2813 3324 2879 perpensis,
3355 2815 3470 2869 talia

1940 2898 2076 2967 apud
2107 2914 2201 2952 nos
2230 2899 2551 2955 dissimulari
2591 2914 2745 2966 posse
2776 2916 2874 2950 nun
2903 2899 3144 2962 aestimet,
3177 2900 3226 2952 in
3254 2917 3471 2967 quorum

1940 3003 2000 3043 se
2029 2990 2254 3042 maxime
2281 2988 2770 3054 contumeliam,qui
2797 3003 2898 3039 non
2931 2987 3190 3042 immerito
3219 2990 3472 3055 pulsatur,

1943 3079 2130 3132 erexit.
2174 3077 2343 3130 Fratri
2387 3078 2526 3130 enim
2553 3087 2734 3130 nostro
2761 3077 2978 3130 Leontio
2999 3073 3126 3130 nihil
3150 3080 3415 3132 constituti
3446 3096 3472 3133 a

300 3185 575 3244 perperam
615 3167 954 3238 gerebantur,
1000 3165 1282 3218 inviolabili
1323 3173 1501 3232 postea
1540 3166 1839 3220 definitione
1868 3171 1912 3232 C
1941 3179 2132 3222 sanctre
2154 3167 2420 3220 memoria:
2441 3167 2717 3222 decessore
2736 3181 2852 3221 meo
2871 3169 3002 3233 juris
3027 3171 3194 3237 potuit
3214 3170 3471 3237 abrogari,

302 3259 675 3326 compositum,
707 3270 770 3309 ne
800 3254 932 3308 alter
958 3253 1232 3321 inglorius,
1264 3253 1462 3307 siterin
1492 3262 1654 3307 totum
1676 3255 1840 3309 veteri

303 3352 508 3405 honore
551 3362 642 3414 per
675 3346 854 3400 vitium
901 3345 1236 3413 praecessoris
1280 3343 1598 3412 reperiretur
1633 3355 1837 3399 exutus.

301 3441 451 3496 Sicut
473 3452 600 3507 ergo
637 3446 690 3490 ct
710 3444 897 3490 vestrae
929 3435 1226 3488 dilectionis
1255 3435 1440 3489 relatio
1465 3473 1480 3501 ,
1507 3443 1560 3489 et
1587 3435 1761 3490 fratris
1789 3445 1844 3491 et

373 3593 390 3622 ‘
433 3589 729 3649 Mamertus,
760 3585 887 3639 a‘ias
914 3587 1220 3649 Mamercus,
1254 3585 1597 3638 sanctissimae
1627 3586 1752 3639 vitae
1784 3596 1837 3640 et

302 3658 592 3714 beatissimi
619 3655 1115 3710 obitusViennensis
1145 3656 1436 3720 episcopus,
1466 3671 1550 3721 qut
1583 3671 1731 3707 usum
1755 3671 1840 3708 sa-

300 3743 450 3783 clum
479 3725 774 3779 litanlarum
801 3724 1085 3790 antiquitus
1126 3725 1319 3776 editum
1343 3761 1356 3783 ,
1384 3723 1669 3788 disciplina:
1694 3727 1839 3776 solu-

300 3795 653 3858 tione,cultus
668 3793 974 3846 remissione
993 3792 1283 3858 neglectum
1308 3792 1358 3843 in
1388 3791 1573 3845 Galliis
1603 3803 1837 3858 tempore

303 3862 655 3924 Valentiniani
695 3861 833 3915 tertii
866 3862 1213 3923 imperatoris,
1247 3874 1384 3910 anno
1408 3860 1602 3914 Christi
1626 3863 1750 3923 452,
1781 3872 1838 3913 ut

299 3931 486 3988 scribit
513 3934 627 3986 Ado
650 3928 978 3988 Vieunensis,
1002 3930 1229 3983 restituit
1248 3968 1260 3986 .
1294 3927 1565 3995 triduoque
1594 3940 1715 3980 ante
1744 3934 1839 3980 As-

301 4004 608 4056 censionem
648 4013 745 4052 suo
779 3998 1021 4054 exemplo
1057 4007 1108 4049 et
1132 3997 1490 4060 experimento
1540 3996 1837 4056 utilissimo,

301 4085 395 4126 cas
421 4083 537 4135 quae
579 4067 873 4135 rogationes
899 4065 1174 4135 appellata;
1201 4071 1350 4135 sunt,
1373 4071 1435 4135 e_t_
1455 4064 1683 4135 nunc_ab
1726 4063 1841 4114 uni-

304 4128 458 4192 versa
495 4128 726 4189 Ecclesia
761 4128 979 4193 receptae
1003 4171 1016 4192 ,
1047 4132 1348 4183 celebravit.
1398 4128 1500 4181 llas
1529 4145 1556 4182 a
1590 4131 1839 4182 Mamerto

303 4221 411 4260 non
432 4205 655 4270 primum
694 4203 744 4270 in
776 4199 956 4253 Galliis
975 4199 1145 4270 fuisse
1183 4198 1471 4270 institutas.
1515 4198 1836 4270 sedtantum

307 4266 499 4339 magno
527 4285 660 4339 cum
680 4267 993 4339 fervoread
1025 4278 1358 4339 .terrtetnotus
1378 4307 1393 4329 ,
1423 4266 1649 4339 incendii
1672 4313 1685 4335 ,
1713 4271 1840 4320 alia-

305 4336 528 4406 rumque
547 4339 596 4391 cl
616 4338 774 4389 idium
805 4337 1028 4403 pericula
1059 4336 1336 4389 avertenda
1366 4337 1695 4400 reformatus,
1726 4349 1840 4403 post.

305 4405 568 4472 Adonem,
620 4416 839 4459 testatur
882 4406 1130 4459 Sidonius
1178 4405 1310 4458 lihro
1360 4405 1571 4470 quinto.
1617 4407 1838 4472 epistola

1942 3257 2068 3310 nihil
2097 3256 2287 3320 valuit,
2316 3255 2456 3324 quod
2481 3255 2665 3310 honori
2691 3257 2807 3322 ejus
2825 3255 3066 3320 debetur,
3087 3257 3278 3310 auferri
3304 3278 3316 3310 :
3339 3261 3460 3325 quia

1941 3345 2356 3400 Christianorum
2393 3360 2601 3415 quoque
2623 3346 2916 3418 principum
2947 3345 3060 3417 lege
3079 3347 3347 3402 decretum
3373 3359 3472 3411 est,

1948 3446 1999 3491 ut
2021 3433 2270 3506 quidquid
2282 3435 2534 3492 Ecclesiis
2546 3451 2831 3512 earumque
2851 3435 3162 3500 rectoribus,
3192 3451 3283 3506 pro
3304 3439 3476 3504 quiete

1940 3588 2240 3653 pauitantia
2279 3585 2618 3650 celebramus,
2647 3587 2750 3641 etc.
2788 3585 2854 3640 Et
2879 3587 3018 3642 circa
3060 3588 3212 3641 ﬁnem
3243 3605 3257 3641 :
3292 3588 3477 3642 Nullus

1938 3658 2030 3707 sibi
2075 3656 2138 3708 de
2185 3656 2432 3725 industria
2471 3655 2664 3721 olithas
2695 3657 3039 3722 occupationes
3061 3658 3297 3725 iinquirat
3323 3698 3358 3720 ,.
3389 3677 3477 3725 per

1938 3741 2060 3792 quas
2082 3741 2134 3776 se
2153 3726 2214 3776 de
2242 3723 2736 3792 Ecclesiaaconsentu
2764 3725 3019 3778 subducet.
3045 3724 3167 3778 Siue
3187 3727 3334 3776 dubio
3366 3723 3478 3792 pec-

1941 3791 2610 3864 calorumsuorumoulnera
2625 3793 2787 3864 diligit
2809 3796 2892 3856 qui
2914 3797 2962 3845 in
2992 3795 3096 3845 istis
3122 3797 3276 3845 tribus
3307 3791 3475 3848 diebus

1932 3862 2238 3931 jejunando,
2269 3863 2457 3912 orando
2487 3871 2533 3912 et
2555 3862 2816 3928 psallendo
2841 3864 3199 3915 medicamenta
3221 3865 3309 3913 sibi
3327 3866 3475 3929 spiri-

1943 3931 2099 3980 tualt‘a
2154 3947 2252 3979 non
2291 3931 2516 3994 inquirit.
2571 3931 2796 3981 Litanias
2839 3945 2964 3980 vero
3012 3941 3064 3981 et
3118 3933 3474 3993 processiones

1947 3997 2266 4060 temporibus
2303 3999 2466 4048 sancti
2499 3997 2730 4061 Gregorii
2779 3997 3146 4060 Tltnumaturgi
3190 4007 3240 4048 et
3271 3997 3475 4050 Tertul-

1945 4065 2066 4114 liani
2101 4063 2252 4114 tertio
2275 4064 2465 4114 saeculo
2489 4064 2538 4112 in
2573 4064 2800 4114 Ecclesia
2826 4072 3098 4128 usurpatas
3121 4065 3297 4124 fuisse,
3334 4079 3473 4130 ρτιιρι

1941 4145 2005 4183 ex
2035 4131 2249 4195 epistola
2279 4130 2446 4181 Basilii
2475 4131 2794 4197 sexagesima
2824 4132 2972 4183 tertia
2997 4133 3058 4181 ad
3093 4131 3478 4186 NeocmSnricu-

1943 4215 2048 4262 ses,
2072 4212 2122 4251 et
2152 4201 2450 4252 Tertulliani
2483 4199 2614 4251 libro
2641 4199 2868 4251 secundo
2892 4200 2953 4250 ad
2986 4199 3231 4251 Uxorem.
3262 4199 3386 4252 Item
3411 4219 3472 4254 ex

1946 4269 2010 4322 iis
2054 4283 2172 4335 quae
2208 4267 2313 4320 dixi
2344 4282 2495 4331 supra
2545 4268 2594 4319 in
2636 4271 2770 4321 notis
2810 4269 3024 4320 canonis
3052 4268 3238 4320 decimi
3271 4273 3475 4335 septimi

1945 4338 2150 4391 concilii
2175 4336 2476 4390 Laudiceni.
2495 4337 2620 4390 Vide
2642 4353 2757 4404 quae
2779 4340 2872 4390 hac
2898 4339 2963 4390 de
2987 4351 3042 4389 re
3068 4338 3266 4405 prolixe
3291 4341 3472 4394 scribit

1945 4407 2197 4459 Baronius
2223 4420 2360 4456 anno
2390 4405 2491 4457 475
2514 4447 2528 4465 ,
2573 4421 2714 4456 num.
2743 4406 2798 4458 ll
2850 4415 2901 4458 et
2929 4408 3284 4471 sequentibus,
3322 4421 3374 4462 et
3426 4413 3476 4462 in

306 4491 492 4549 quarta
522 4478 585 4528 ad
621 4480 814 4549 Aprum
849 4474 929 4549 his
959 4475 1130 4526 verbis
1165 4490 1178 4525 :
1208 4473 1399 4525 Harum
1422 4476 1734 4549 rogationum
1762 4491 1842 4528 so-
1870 4486 1920 4546 ι)
1945 4475 2083 4549 notis
2110 4474 2456 4549 Martyrologii
2483 4473 2791 4549 QSmAprilis,
2815 4477 2972 4526 vcrlto
3003 4474 3244 4549 _Litania_s.

307 4543 612 4608 (comitatem
627 4547 816 4609 primus
844 4545 1113 4594 Mamertus
1141 4554 1279 4606 pater
1297 4551 1341 4593 et
1371 4543 1592 4606 pontifex
1618 4559 1839 4595 reveren-

306 4609 518 4669 dissimo
543 4614 788 4674 exemplo,
818 4612 1080 4664 utilissimo
1101 4613 1432 4678 experimento
1457 4612 1654 4662 invexit.
1685 4611 1847 4664 Emit

306 4687 390 4752 qui
405 4686 510 4736 lem
547 4683 684 4752 prius
724 4681 876 4747 (quod
905 4679 1042 4730 salva
1073 4680 1195 4752 ﬁdei
1226 4695 1346 4752 pace
1365 4679 1843 4752 sitvlictnmlragor,

306 4747 555 4819 tepentes,
565 4751 1008 4816 infrequentesque,
1021 4757 1166 4819 atque
1180 4747 1491 4819 (siC'tliIeris)
1514 4747 1848 4819 oscilalttum’a

307 4815 717 4889 supplicationes,
737 4831 848 4889 qua:
867 4831 1057 4889 seuth
1082 4815 1497 4889 interpellantium
1523 4816 1846 4889 prandiorum

307 4881 532 4940 obicibus
555 4881 905 4936 hebetabantur
925 4898 942 4933 :
962 4883 1027 4932 ad
1045 4898 1188 4947 quas,
1215 4893 1266 4933 ut
1293 4881 1644 4947 nihilamplius
1657 4886 1842 4948 dicam,

310 4956 469 5025 ﬁgulo
502 4955 690 5021 pariter
727 4960 772 5002 et
801 4949 1065 5025 ltortulano
1094 4966 1191 5002 non
1230 4953 1445 5016 oportuit
1475 4955 1749 5025 conticui”.
1764 4951 1846 5006 ,1η

309 5019 391 5077 liis
417 5019 583 5073 autem
603 5060 615 5076 .
643 5035 765 5087 quas
791 5035 942 5089 supra
990 5021 1123 5084 latus
1149 5035 1371 5070 summus
1404 5019 1634 5072 sacerdos
1661 5030 1705 5072 et
1734 5037 1850 5089 pro-

310 5095 426 5146 tulit
453 5089 563 5158 pari
585 5104 636 5140 er
656 5097 700 5139 ct
720 5088 950 5150 contulit,
972 5089 1256 5157 jejunaur,
1289 5096 1482 5150 oratur,
1509 5088 1740 5154 psallitur
1760 5129 1775 5154 ,
1803 5098 1850 5142 et

353 5170 612 5213 enin-etc.

311 5164 699 5292 βᾼῦξέξιῗηίει
711 5231 944 5276 sanctum
967 5225 1266 5276 Mamertum
1291 5225 1588 5292 episcopum
1622 5240 1722 5277 non
1737 5235 1851 5288 ,tam

312 5299 604 5352 instituisse
632 5307 786 5358 quam
818 5293 1300 5346 restituissesacras
1331 5297 1645 5361 rogationes,
1663 5309 1856 5360 easque

313 5369 368 5419 in
392 5365 660 5418 meliorem
686 5363 904 5413 formam
923 5361 1216 5414 reduxisse.
1243 5363 1433 5414 Harum
1462 5363 1600 5414 enim
1634 5366 1859 5430 rogatio—

313 5448 441 5489 num
482 5431 840 5484 triduanarutn
876 5438 997 5482 ante
1045 5429 1418 5484 Ascensionem
1471 5431 1675 5482 Domini
1705 5429 1858 5484 ’celc-

318 5501 458 5555 l-ruri
484 5501 756 5553 solitarum
787 5510 995 5549 sanctus
1028 5501 1350 5564 Augustinus
1378 5500 1553 5551 multis
1577 5500 1723 5552 annis
1754 5501 1858 5552 Ma-

317 5585 488 5624 merto
514 5569 747 5620 anterior
775 5567 1009 5618 meminit
1037 5582 1278 5620 sermone
1304 5570 1400 5633 173
1427 5609 1438 5627 .
1473 5568 1537 5619 de
1562 5567 1820 5631 Tempore
1841 5608 1856 5631 ,

318 5644 369 5691 in
400 5639 568 5703 vigilia
608 5638 936 5692 Ascensionis
969 5653 980 5684 :
1013 5635 1152 5688 Scire
1183 5637 1430 5693 debemus,
1465 5636 1650 5702 inquit,
1690 5649 1734 5686 et
1775 5638 1856 5686 in-

319 5703 564 5783 trlligcrc,
595 5717 773 5776 patres
799 5705 1078 5771 curisstttti,
1109 5707 1221 5772 quia
1258 5707 1359 5756 (lies
1391 5706 1786 5772 compunctionis
1815 5716 1858 5758 ct

2020 4543 2169 4596 Hunc
2196 4541 2499 4593 Mamertutn
2533 4542 2852 4594 Viennenses
2894 4544 3244 4594 anniversaria
3280 4543 3477 4597 festivi-

1949 4620 2054 4680 tate
2079 4611 2548 4680 coluntundecimo
2571 4611 2711 4680 Maii.
2739 4610 2917 4680 Qualis
2943 4619 3272 4680 quantusque
3300 4613 3477 4678 fuerit,

1947 4679 2151 4734 Sidusii
2184 4678 2514 4743 Apollinaris,
2537 4679 2763 4743 quicum
2787 4679 2945 4738 novit,
2979 4693 3145 4744 eoque
3177 4678 3477 4734 familiaris-

1947 4751 2076 4817 sime
2119 4757 2256 4817 usus
2274 4745 2386 4806 fuit,
2425 4746 2644 4817 epistola
2695 4747 2962 4799 undecima
3009 4748 3099 4801 lib.
3143 4763 3190 4799 tv
3219 4758 3271 4801 et
3315 4755 3478 4817 prima

1947 4815 2040 4868 lib.
2061 4829 2127 4866 vtt
2152 4811 2386 4882 indicati:
2419 4814 2654 4867 Alcimus
2694 4817 2872 4866 Avitus
2892 4857 2906 4878 ,
2935 4817 3197 4868 secundus
3221 4811 3335 4882 pusi
3360 4836 3476 4869 eum

1951 4882 2259 4954 Viennensis
2278 4881 2574 4954 episcopus,
2598 4885 2654 4954 i_n
2682 4883 2892 4954 humilia
2923 4900 3073 4954 quam
3092 4887 3171 4954 Arte
3199 4881 3481 4954 rogationi-

1949 4951 2045 5007 bus
2069 4948 2274 5018 ltabuit;
2299 4951 2580 5016 Gregorius
2597 4950 2915 5005 Tur0nensis
2939 4948 3070 5003 llist.
3090 4948 3297 5018 Franci,
3316 4958 3402 5007 iii).
3423 4971 3478 5014 Il,

1952 5035 2066 5086 cap.
2097 5017 2182 5080 34,
2209 5027 2316 5072 etc.
2346 5019 2491 5082 Quod
2521 5021 2693 5082 itaque
2719 5021 2970 5072 adversus
3001 5023 3136 5074 hunc
3169 5017 3471 5075 Memorium

1952 5087 2516 5154 sanctitate-insignem
2571 5089 2775 5140 Hilarus
2824 5089 3049 5155 pontifex
3092 5093 3185 5142 hac
3227 5094 3476 5155 epistula,

1953 5160 2095 5223 quasi
2127 5156 2347 5207 alienam
2373 5157 2788 5224 jurisdictiunem
2821 5159 2996 5210 illicito
3030 5162 3318 5220 usurparit,
3349 5162 3479 5208 :Hit'i)

1956 5227 2291 5277 vehementer
2321 5227 2629 5290 insurrexit,
2661 5242 2762 5278 non
2792 5236 2869 5278 cst
2898 5227 3107 5279 mirum.
3132 5230 3255 5290 Quis
3288 5239 3482 5277 neseiat

1957 5307 2094 5358 διξερε
2118 5293 2352 5346 accidere
2375 5305 2430 5346 ut
2459 5295 2600 5346 falsis
2622 5296 3037 5353 accusationibus
3063 5309 3113 5348 et
3137 5295 3482 5355 Sililrcplittlll-

1958 5362 2055 5414 lius
2082 5376 2234 5430 aures
2259 5365 2554 5426 pontiiicutn
2585 5365 2902 5430 repleantur,
2920 5375 2970 5418 el
2987 5380 3101 5417 cum
3125 5374 3301 5424 putant
3326 5379 3481 5430 agere

1958 5430 2092 5496 quod
2121 5429 2316 5494 justum
2351 5443 2615 5496 appareat,
2644 5429 2970 5485 innocentem
2993 5431 3274 5497 exagitent.

2026 5498 2170 5562 Quod
2201 5501 2389 5551 accidit
2419 5502 2576 5554 Leoni
2621 5501 2846 5566 pontifici
2887 5501 3213 5551 sanctissimo
3241 5502 3288 5551 in
3330 5517 3482 5555 causa

1961 5567 2135 5618 Ililarii
2156 5569 2487 5632 Arelatensis,
2507 5571 2590 5637 qui
2613 5571 2826 5635 epistola
2853 5570 2938 5630 89,
2966 5569 3217 5620 acerrime
3242 5570 3483 5620 innocen-

1961 5647 2063 5687 tem
2096 5638 2416 5701 perstrinxit,
2450 5640 2582 5690 idem
2611 5655 2670 5689 ex
2704 5638 3006 5702 obreptione
3036 5637 3208 5689 llilaro
3252 5639 3485 5700 pont.liti

1962 5706 2010 5758 in
2038 5719 2190 5758 causa
2224 5706 2455 5762 Mamerti
2485 5709 2590 5762 acci
2617 5708 2734 5761 lisse
2761 5707 2943 5776 potuit.
2973 5706 3094 5762 δᾶν.
3131 5707 3321 5759 Βιδιυδ.
