3930 6440
3674 88 3867 213 με

3706 226 3747 239 1‘

490 316 556 370 τε
1482 388 1487 393 Α
1804 312 2048 367 sutrLtc

2145 313 2340 369 ΡΑΡᾸΞ
2890 374 2895 379 ,
3596 316 3657 371 56

491 410 571 491 (α)
609 420 871 490 regionem
914 422 1114 477 tertiam
1143 420 1223 492 [de
1255 418 1662 491 regisneprima]
1685 421 1749 474 ad
1784 431 2020 474 sanctum
2050 426 2099 483 Α
2124 424 2432 485 catholicus,
2460 430 2512 476 et
2534 421 2771 489 Aeacius,
2800 422 3056 490 dicentes,
3077 424 3216 493 quod
3237 424 3392 480 etiam
3417 423 3468 477 in
3499 433 3657 479 morte

494 512 848 573 Laurentium,
878 514 1138 580 regionem
1168 511 1387 582 prinum
1413 510 1481 564 ad
1518 521 1755 565 sanctum
1781 510 2021 576 Paulum,

495 602 757 667 regionem
788 611 981 653 sextam
1018 600 1097 652 vel
1132 591 1407 668 septimam
1433 598 1500 653 ad
1527 610 1762 653 sanctum
1793 599 2021 653 Petrum.

491 686 568 754 (ὑ)
596 689 701 740 Sub
728 688 877 755 hujus
905 690 1203 755 episcopatu
1231 689 1377 743 venit
1412 688 1597 743 relatio
1633 689 1697 743 de
1723 688 1922 742 Graecia
1961 689 2025 741 ab

498 780 684 830 Acacio
723 779 1299 845 (lettstantinopolitano
1337 780 1606 846 episcopo,
1649 787 1703 833 et
1748 778 2027 831 affirmavit

495 865 699 917 Petrum
750 867 1114 919 Alexandrina:
1154 868 1297 922 urbis
1343 866 1785 935 Eutychianlstam
1818 868 2043 919 baereti-,

491 968 637 1017 cum,
670 953 803 1006 facta
846 955 1094 1019 petitione
1120 953 1187 1006 ab
1224 956 1414 1007 Acacio
1456 955 1723 1022 episcOpo,
1762 954 2029 1021 chirogra-

494 1041 596 1107 pho
630 1042 745 1108 ejus
783 1050 1100 1096 constructa.
1149 1042 1342 1096 Eodem
1382 1052 1618 1110 tempore
1653 1043 1749 1095 fuit
1798 1042 2025 1095 Ecclesia

491 1130 679 1195 prima,
723 1140 748 1167 ι
792 1131 890 1184 ltoc
922 1140 1023 1198 est,
1052 1130 1191 1186 sedis
1214 1134 1515 1199 apostolicae
1543 1134 1857 1187 exsecutrix.
1882 1134 2027 1187 Tune

488 1220 791 1287 Simplicius
837 1220 1027 1288 praesul
1072 1220 1172 1274 'toc
1222 1220 1459 1286 audiens,
1511 1220 1776 1274 damnavit
1818 1220 2025 1274 Petrum

493 1308 927 1371 Alexandrinum,
966 1308 1034 1362 de
1074 1322 1177 1377 quo
1216 1308 1431 1363 Aeacius
1479 1308 1877 1362 innumerabilia
1920 1309 2026 1362 cri-

492 1400 631 1453 mina
662 1400 953 1452 afllrmabat
984 1415 1000 1452 :
1028 1398 1099 1451 ita
1130 1408 1325 1462 tamen,
1361 1408 1419 1452 ut
1447 1398 1765 1466 paenitentiae
1790 1411 2024 1454 reserva-

494 1494 574 1539 ret
610 1496 832 1553 tempus.
882 1486 1080 1539 Eodem
1126 1492 1361 1552 tempore
1409 1486 1676 1554 rescripsit
1720 1484 2026 1538 Timotheus

548 1620 591 1691 _'
619 1612 745 1665 Cod.
771 1613 923 1677 Luc.,
955 1616 1045 1665 hoc
1072 1622 1143 1665 est
1166 1612 1332 1683 prima
1360 1615 1501 1668 sedas
1526 1616 1805 1684 apostolica
1831 1630 2030 1668 exsecu-

494 1690 612 1733 trix.

2127 510 2327 565 Proteri
2356 511 2597 564 catholici
2649 512 2833 566 Petrus
2875 523 3013 567 esset
3038 515 3347 581 permixtus.
3390 514 3539 567 Tunc
3579 529 3659 566 ar-

2126 598 2489 665 chiepiscopus
2532 596 2833 667 Simplicius
2885 600 3239 664 dissimulans,
3291 615 3555 668 nunquam
3579 615 3657 656 re-

2126 687 2333 755 scripsit
2352 686 2575 752 Acacio;
2626 688 2717 741 sed
2763 688 3026 743 damnavit
3071 689 3315 754 Petrum,
3346 700 3658 756 exspectans

2126 784 2329 843 tempus
2370 775 2708 842 poenitentiae.
2755 776 2847 829 llic
2898 775 3021 831 fecit
3056 779 3107 832 in
3159 779 3381 833 ecclesia
3425 779 3655 833 Romana

2124 865 2377 931 scyphum
2410 877 2644 925 aureum,
2674 875 2975 930 pensantem
3002 864 3163 920 libras
3187 867 3239 928 ὅ,
3271 865 3552 919 cantharos
3578 880 3659 919 ar-

2126 946 2340 1018 genteos
2366 950 2428 1004 ad
2463 950 2670 1005 beatum
2722 952 2929 1006 Petrum
2963 954 3047 1018 46,
3099 962 3377 1020 pensantes
3426 953 3659 1021 singulos

2128 1039 2219 1094 lib.
2250 1042 2335 1094 l2.
2361 1040 2454 1093 llic
2472 1041 2593 1093 fecit
2618 1042 2973 1096 ordinationes
2999 1042 3052 1095 in
3080 1044 3211 1097 urbe
3239 1044 3401 1096 lloma
3433 1052 3538 1097 tres
3568 1057 3661 1111 per

2126 1144 2358 1184 mensem
2407 1129 2743 1183 Decembrem
2795 1138 2849 1184 et
2899 1130 3238 1185 Februarium
3266 1170 3282 1195 ,
3328 1132 3660 1200 presbyteros

2126 1217 2494 1285 quinquaginta
2521 1226 2661 1280 octo,
2691 1217 2935 1272 diacones
2958 1217 3223 1283 undecim,
3254 1219 3530 1288 episcopos
3568 1230 3662 1283 per

2124 1304 2331 1359 diversa
2357 1306 2469 1360 loca
2488 1320 2706 1360 numero
2732 1304 2760 1343 ι’
2793 1306 2998 1374 triginta
3024 1320 3115 1361 sex
3134 1304 3265 1377 [8‘2].
3302 1306 3399 1360 llic
3424 1306 3664 1373 sepultus

2124 1404 2209 1449 est
2236 1396 2287 1447 in
2317 1394 2529 1448 basilica
2556 1396 2699 1448 Beati
2734 1395 2871 1448 Petri
2914 1394 3171 1462 apostoli,
3196 1409 3247 1448 vt
3267 1407 3437 1449 amas
3464 1393 3657 1458 Martii,

2128 1489 2183 1535 et
2209 1484 2433 1535 cessavit
2451 1481 2783 1550 cpiscOpatus
2808 1482 2922 1535 dies
2942 1492 2971 1541 γε
3002 1484 3055 1535 6.

2199 1612 2227 1649 ιι
2266 1611 2395 1665 Cod.
2423 1611 2573 1674 Luc.,
2602 1627 2813 1667 unm.

2206 1691 2227 1719 ε
2264 1678 2392 1733 Cod.
2422 1682 2572 1745 Luc.,
2603 1694 2695 1734 vn.

561 1807 638 1877 (α)
666 1810 740 1863 Ex
761 1818 958 1875 septem
978 1810 1278 1877 regionibus
1306 1809 1479 1873 Urbis,
1504 1808 1649 1861 Eruli
1673 1808 1761 1873 qui
1788 1807 2033 1877 Ecclesim
2064 1812 2111 1870 Β
2137 1805 2299 1867 fulsit,
2328 1782 2657 1877 quantumvis
2686 1804 3033 1877 Occidentalis
3058 1806 3199 1860 orbis
3233 1806 3453 1877 Romani
3492 1806 3658 1877 impc-

492 1878 761 1931 catbolicae
791 1893 892 1930 non
931 1876 1402 1939 communicabant,
1446 1887 1625 1944 utpote
1664 1876 1801 1944 quod
1845 1878 2024 1928 Ariani

490 1954 688 2009 essent,
717 1954 824 1999 tres
848 1946 1185 2011 occupabant.
1216 1944 1362 1998 Unde
1391 1943 1583 1997 factum
1610 1955 1690 1997 est
1718 1943 1853 2011 quod
1888 1945 2029 1996 Sitit-

495 2014 678 2081 piicius
707 2012 935 2079 pontifex
974 2024 1193 2081 quatuor
1219 2023 1413 2065 tan'um
1442 2013 1739 2078 regionibus
1769 2014 2029 2077 paeniten-

498 2080 693 2143 tiarios,
723 2096 917 2147 eosque
950 2080 1376 2135 hebdomatlarios
1405 2083 1739 2148 presbyteros
1768 2082 2019 2148 posuerit.

495 2146 565 2200 Ita
589 2146 843 2201 Romante
868 2148 1109 2201 Ecclesia:
1141 2146 1423 2201 auctoritas
1466 2146 1621 2214 atque
1660 2159 1907 2214 maiestas
1935 2146 2020 2200 ef-

2138 1884 2337 1925 ratores
2380 1874 2709 1939 defecissent,
2765 1873 3139 1940 barbae-umque
3195 1876 3370 1927 Ariani
3425 1877 3477 1928 in
3522 1873 3659 1928 Italia

2137 1943 2480 2059 principatum
2521 1943 2831 1994 obtinerent.
2871 1942 2993 1994 Snv.
3026 1944 3216 1995 BINIUS.

2203 2010 2276 2059 ibi
2325 2011 2488 2059 larum
2511 2024 2681 2059 rerum
2704 2011 3082 2059 enarrationem
3114 2011 3449 2059 prolixiorem
3468 2010 3512 2059 ri

2203 2010 2276 2075 (lt)
2304 2010 2488 2060 llarum
2511 2024 2681 2062 rerum
2704 2011 3082 2063 enarrationem
3114 2011 3449 2077 prolixiorem
3468 2010 3583 2065 vide
3611 2012 3659 2064 in

2080 2086 2089 2101 ’
2135 2081 2271 2131 notis
2297 2077 2651 2143 epistularum.
2691 2077 2817 2131 Ssv.
2849 2078 3043 2131 Bmus.

1292 2397 1847 2468 ‘EPISTOLIE
1915 2393 2447 2465 SIMPLICII
2502 2394 2823 2466 ΡΑΡΛΕ.

1053 2637 1069 2665 ¹
1112 2633 1427 2687 EPISTULA
1466 2632 1503 2686 ι.

502 2759 732 2801 stamen
789 2757 928 2796 pars:
987 2757 1051 2794 an
1105 2756 1337 2794 annonast
1394 2740 1619 2810 [rectius
1660 2740 2027 2809 HISPALENSEI]

943 2824 1230 2863 Sl’ALf-‘NSEM
1272 2824 1568 2863 ειηδεοισυιι.

509 2922 584 2975 De
610 2920 868 2971 commissa
898 2917 971 2969 illi
1014 2919 1113 2969 eice
1153 2920 1280 2969 sedis
1320 2921 1373 2969 in
1401 2920 1625 2971 omnibus
1669 2916 2028 2985 Hispaniarum

428 2992 431 2995 ’
574 2990 822 3039 Ecclesia.
863 2986 1205 3056 Ifispaiensent
1248 2988 1532 3054 episconum
1573 2989 1731 3040 virum
1789 2990 2030 3056 optimum

570 3058 697 3107 sedis
726 3055 1005 3121 apostolica'
1034 3055 1267 3105 vicarium
1302 3057 1578 3107 constituit.

709 3162 1049 3214 Dilectissimo
1086 3161 1231 3215 fratri
1269 3163 1462 3217 Zenoni
1498 3164 1815 3232 Simplicius.

574 3270 912 3323 Plurimorum
945 3268 1105 3321 relatu
1140 3273 1487 3338 comperimus
1525 3272 1857 3326 dilectionem
1889 3283 2029 3327 tuam

504 3362 703 3414 fervore
738 3362 957 3428 Spiritus
985 3364 1149 3415 sancti
1172 3366 1239 3415 ita
1270 3375 1320 3417 te
1354 3364 1598 3416 Ecclesia:
1628 3364 2030 3432 gubernatorem

504 3452 746 3513 existere,
779 3464 835 3504 ut
860 3452 1107 3520 naufragii
1132 3453 1462 3518 detrimenta,
1518 3455 1622 3506 Deo
1670 3464 1900 3518 auctore,
1930 3469 2031 3507 non

506 3539 714 3590 sentiat.
744 3539 950 3591 Talibus
978 3540 1166 3593 idcirco
1186 3542 1471 3608 gloriantes
1500 3542 1721 3605 indiciis,
1745 3558 2033 3610 congruum

505 3628 747 3679 dttximus
766 3627 950 3681 vicaria
996 3629 1133 3681 sedis
1158 3642 1347 3681 nostra:
1392 3637 1442 3681 te
1484 3631 1790 3683 auctoritate
1838 3630 2031 3692 fulciri,

506 3714 654 3781 cujus
678 3715 852 3782 vigore
879 3717 1127 3781 munitus,
1156 3716 1455 3783 apostolicae
1481 3718 1821 3772 institutionis
1850 3720 2031 3773 decre-

506 3812 588 3864 ta,
634 3804 713 3856 vel
758 3813 1051 3857 sanctorum
1096 3807 1345 3860 terminos
1399 3807 1648 3870 Patrum,
1686 3809 1830 3861 nullo
1873 3808 2034 3861 modo

508 3894 796 3947 transcendi
826 3896 1090 3961 permittas
1117 3914 1129 3948 :
1154 3898 1396 3963 quoniam
1418 3898 1573 3965 digna
1612 3898 1825 3951 honoris
1851 3913 2027 3951 remu-

511 3982 775 4036 iteratione
794 3984 1131 4037 cumulandus
1152 3995 1232 4039 est
1262 4002 1353 4053 per
1378 4001 1531 4055 quem
1559 3986 1612 4039 in
1634 3987 1711 4038 his
1733 3987 2033 4053 regionibus

507 4072 705 4125 divimts
730 4086 965 4127 crescere
996 4076 1215 4127 innotuit
1253 4076 1438 4128 cultus.
1473 4076 1607 4130 Deus
1629 4085 1679 4129 te
1720 4076 2033 4129 incolumem

506 4156 777 4221 custodiat,
808 4158 965 4214 frater
994 4163 1281 4213 carissime.

1054 4236 1384 4299 EPISTULA.
1412 4246 1478 4298 tt.

509 4348 737 4384 SIIPIJCII
786 4348 927 4385 ΡΑΡΕ
968 4350 1031 4385 ΑΟ
1080 4348 1308 4386 JOANNEII
1357 4348 1695 4386 ιιΑνεΝΝΑτΕιι
1742 4348 2035 4386 ΕΡΙΒΩΟΡΠἊ.

509 4420 835 4487 Ιξερνειιεηάὶε
863 4419 1107 4471 Joannem
1132 4424 1261 4488 quod
1302 4420 1588 4488 Gregorium
1618 4421 1838 4488 adhibita
1860 4421 1905 4471 vi
1932 4422 2035 4479 epi-

2131 2646 2390 2700 nnnquam
2416 2629 2700 2700 plectibilis
2730 2637 3151 2696 perpetrarentur
3172 2643 3417 2683 excessus
3442 2646 3457 2682 :
3492 2644 3524 2685 ι
3546 2632 3663 2699 qui-

2131 2725 2227 2777 bus
2252 2723 2294 2776 si
2320 2721 2465 2774 nullo
2490 2729 2541 2773 te
2576 2729 2903 2786 paternarum
2930 2719 3224 2787 regularum
3256 2729 3464 2787 poteras
3497 2720 3662 2774 conti-

2133 2827 2258 2865 nere
2282 2819 2563 2877 pmcepto,
2582 2810 2765 2860 saltem
2794 2815 2987 2860 sanum
3015 2810 3276 2861 memoria:
3306 2803 3658 2876 praedecesso-

2130 2901 2202 2953 ris
2223 2900 2295 2952 tui
2325 2898 2494 2951 fueras
2514 2896 2833 2950 revocandus
2847 2896 3109 2963 exemplo.
3125 2897 3222 2962 Qui
3251 2911 3367 2950 cum
3384 2897 3557 2950 minus
3576 2898 3666 2950 ilc—

2128 2989 2364 3056 liquisset
2392 2986 2627 3040 faciendo
2652 2985 3007 3054 presbyterum
3050 2985 3291 3050 invitum,
3327 2994 3566 3039 senserat
3588 2995 3666 3039 ta.

2127 3092 2244 3132 men
2268 3076 2477 3144 dignum
2500 3087 2591 3142 pro
2606 3074 2694 3126 tali
2717 3088 2749 3126 u
2765 3072 3062 3141 surpatione
3073 3072 3343 3140 judicium.
3365 3072 3463 3128 Ubi
3478 3074 3572 3127 ista
3588 3073 3667 3126 di-

2056 3175 2100 3235 c
2129 3165 2318 3230 dicisti,
2345 3178 2459 3232 qum
2489 3162 2540 3215 in
2562 3162 2772 3215 fratrem
2799 3171 2851 3214 et
2884 3162 3247 3229 coepiscopum
3270 3172 3508 3215 nostrum
3538 3160 3667 3215 Grec

2128 3254 2328 3319 goriutn
2354 3266 2456 3303 non
2478 3250 2750 3311 electione,
2766 3248 2857 3301 sed
2898 3246 3090 3300 invidia
3127 3248 3475 3315 perpetrasti,
3506 3263 3662 3317 quem

2130 3338 2466 3393 inexcusabili
2495 3336 2738 3390 violentia
2765 3335 2992 3403 pertrahi
3022 3335 3085 3388 ad
3117 3345 3166 3390 te
3187 3347 3370 3403 passus
3397 3350 3483 3401 es,
3510 3346 3668 3403 atque

2131 3427 2391 3492 vesani,ut
2415 3427 2462 3480 ei
2477 3428 2726 3479 honorem
2756 3433 2950 3477 tantum
2972 3440 3073 3477 non
3090 3438 3182 3492 per
3198 3424 3361 3477 animi
3376 3424 3667 3493 tranquilli-

2132 3524 2309 3580 tatem,
2327 3517 2416 3569 sed
2444 3530 2537 3582 per
2555 3515 2833 3567 amentiam
2864 3514 3017 3582 (sicut
3037 3514 3320 3567 dicendum
3342 3514 3445 3583 est)
3468 3514 3663 3583 irroga-

2133 3598 2240 3656 res?
2252 3604 2426 3670 Neque
2441 3603 2577 3655 enim
2594 3602 2710 3654 talia
2732 3601 3022 3669 potuissent
3047 3601 3157 3654 fieri
3187 3602 3409 3655 sanitate
3436 3604 3659 3657 consilii.

2133 3694 2381 3746 Nolumus
2408 3706 2716 3759 exaggerare
2738 3691 2874 3759 quod
2897 3701 2921 3761 ξι
2948 3690 3158 3758 dignum
3184 3699 3290 3758 est,
3327 3706 3394 3745 ne
3420 3706 3668 3759 cogamur

2130 3782 2364 3847 judicare
2409 3778 2543 3847 quod
2596 3780 2826 3845 dignum.
2878 3776 3004 3830 Nam
3061 3778 3380 3843 privilegium
3433 3784 3667 3831 meretur

2134 3874 2371 3922 antittere
2410 3869 2498 3934 qui
2538 3866 2785 3935 permissa
2829 3865 2928 3918 sibi
2975 3865 3203 3918 abutitur
3243 3872 3516 3931 potestate.
3558 3864 3666 3918 Sed

2135 3975 2235 4012 una
2263 3974 2358 4012 nos
2394 3959 2523 4011 ratio
2568 3956 2691 4009 facit
2733 3969 2849 4010 esse
2888 3954 3161 4008 sententia:
3203 3952 3473 4019 mollioris,
3506 3967 3666 4021 quam

2135 4049 2409 4100 maluimus
2436 4056 2515 4110 te,
2562 4044 2721 4097 fratre
2760 4052 2811 4097 et
2848 4043 3156 4111 coepisc0po
3198 4051 3379 4095 nostro
3423 4041 3666 4109 Proiecto

2138 4136 2422 4195 referente,
2464 4148 2805 4201 cognoscere,
2852 4149 2953 4185 non
3004 4132 3195 4184 nostris
3239 4130 3422 4184 litteris
3453 4138 3666 4197 propter

2137 4224 2468 4289 opprobrium
2498 4223 2778 4293 publicare.
2804 4222 2929 4272 Nam
2959 4221 3258 4272 scandalum
3275 4259 3289 4283 ,
3314 4218 3460 4287 cujus
3482 4230 3665 4273 auctor

2137 4312 2490 4376 cognosceris,
2540 4310 2604 4361 ita
2652 4308 2934 4360 moderatio
2980 4319 3158 4359 nostra
3198 4310 3548 4375 compescuit,
3603 4316 3658 4361 ut

2141 4401 2300 4450 frater
2340 4407 2393 4449 et
2434 4396 2772 4463 coepiscopns
2817 4407 2963 4447 meas
3010 4392 3286 4459 Gregorius
3325 4395 3511 4460 (quem
3560 4412 3669 4466 non

572 4482 773 4551 scapum
794 4491 1092 4550 ordittassef;
1122 4482 1196 4538 cui
1242 4499 1294 4538 ut
1350 4482 1675 4540 Mutinensem
1714 4485 1987 4537 Ecclesium
2012 4528 2026 4551 ,
2059 4497 2103 4553 ι)
2132 4496 2428 4553 provectum
2458 4495 2660 4536 constat
2689 4498 2826 4546 esse,
2854 4484 2944 4535 sed
2977 4483 3199 4549 pulsum)
3226 4482 3421 4535 nullam
3452 4498 3663 4537 causam

572 4556 761 4607 nullam
790 4572 989 4607 causam
1030 4571 1141 4605 cum
1180 4554 1373 4607 Joanne
1424 4556 1701 4617 habiturus,
1756 4555 2029 4623 gubernet,

573 4626 813 4692 prazcipt't.

507 4734 801 4801 Simplicius
857 4734 1131 4799 episcopus
1184 4730 1368 4784 Joanni
1424 4733 1670 4797 episcopo
1726 4731 2031 4782 Ravennati.

494 4907 507 4920 ,
576 4843 627 4894 Si
655 4843 768 4908 quis
798 4849 937 4894 esset
964 4842 1178 4893 intuitus
1217 4838 1583 4891 εοειεείειειίοιε
1611 4839 1919 4905 disciplinae,
1951 4837 2034 4889 vel

506 4930 551 4982 si
583 4929 703 4995 quid
751 4930 885 4994 apud
940 4937 992 4981 te
1044 4926 1383 4979 sacerdotalis
1431 4925 1698 4977 modestia:
1746 4935 2030 4990 teneretur,

575 5045 601 5071 ⁸
632 5036 759 5087 Cod.
784 5035 932 5097 Luc.,
963 5044 1169 5103 gestum.

576 5147 590 5175 ¹
632 5147 750 5197 llaec
778 5144 993 5210 epistola
1031 5151 1268 5209 magnum
1311 5152 1364 5193 et
1400 5143 1847 5207 vigilantiss‘mum
1894 5145 2028 5195 Sim-

510 5214 643 5277 plicii
690 5228 831 5279 papa:
871 5212 1095 5262 studium
1137 5210 1381 5279 ostendit,
1415 5211 1549 5274 quod
1579 5210 1675 5279 sub
1701 5213 1870 5275 gladio
1901 5213 2027 5262 Eru-

511 5284 671 5331 lorum
704 5284 950 5336 existens,
984 5293 1084 5328 non
1110 5278 1497 5342 praetermiserit
1526 5278 1922 5330 sollicitudinem
1942 5294 2029 5328 ex-

511 5356 765 5399 ternarum
802 5347 1165 5403 Ecclesiarum,
1193 5360 1309 5407 qua:
1344 5344 1543 5407 longius
1570 5348 1764 5409 positm,
1796 5350 1891 5397 sub
1922 5344 2027 5396 Go-

514 5413 643 5463 thica
675 5414 919 5464 servitute
959 5414 1248 5477 gemebant.
1298 5412 1684 5462 Observandum
1712 5415 1866 5477 quod,
1898 5415 2031 5465 sicut

515 5485 611 5531 hoc
651 5480 763 5533 loco
804 5480 1064 5532 Zenonem
1095 5479 1449 5545 llisttalensetn
1478 5479 1823 5533 Ecclesiarutu
1849 5481 2031 5547 Hispa-

2137 4577 2290 4638 (sicut
2320 4574 2482 4641 petiit)
2510 4582 2677 4624 tecum
2724 4572 3011 4633 habiturus,
3047 4572 3383 4624 Mutinensem
3410 4572 3667 4639 gubernet

2139 4662 2461 4725 Eaelesiam,
2509 4671 2562 4714 et
2612 4661 3006 4714 contubernium
3061 4662 3295 4727 spiritale
3348 4659 3664 4732 [speciale],

2135 4751 2268 4817 quod
2292 4750 2465 4801 sortiri
2492 4765 2590 4801 non
2616 4750 2883 4816 Oportebat
2909 4750 3155 4813 iuv:tum,
3187 4765 3289 4801 non
3318 4761 3525 4804 recusa
3553 4767 3666 4805 am-

2136 4836 2310 4904 plecti.
2343 4836 2438 4889 Cui
2476 4837 2518 4887 si
2560 4836 2681 4903 quid
2725 4838 2917 4903 negotii
2963 4838 3177 4911 forsitan
3223 4838 3521 4903 emerserit,
3564 4854 3663 4892 no-

2135 4933 2301 4977 strum
2326 4922 2353 4959 b
2378 4939 2440 4975 ex
2473 4922 2574 4992 [ab]
2600 4938 2662 4976 eo
2690 4925 2769 4977 vel
2799 4922 2979 4977 contra
3014 4939 3132 4978 eum
3176 4935 3378 4992 petatur
3418 4942 3661 4982 examen.

2202 5029 2226 5068 δ
2254 5030 2383 5083 Cod.
2412 5031 2560 5094 Luc.,
2586 5033 2647 5082 ab
2679 5048 2753 5083 eo.

2130 5142 2360 5193 nicarum
2385 5142 2631 5195 vicarium
2670 5145 2957 5206 constituit,
3011 5146 3077 5197 ita
3129 5148 3250 5200 alibi
3299 5147 3486 5200 Acacio
3521 5146 3663 5199 Con-

2128 5210 2586 5274 stantinopolitano
2616 5213 2669 5261 in
2684 5210 3033 5265 Orientalibus
3060 5214 3307 5267 Ecclesiis
3329 5210 3664 5268 moderandis

2130 5277 2416 5347 vicesﬂsnas
2437 5277 2769 5343 delegaverit.
2795 5281 2951 5346 quue
2978 5281 3168 5333 factum
3192 5282 3308 5334 ideo
3329 5291 3378 5333 ut
3409 5283 3451 5334 is
3472 5282 3665 5347 cuitu-

2130 5346 2231 5395 tius
2263 5345 2509 5397 Ecclesia:
2537 5360 2657 5398 cura
2688 5362 2715 5398 a
2749 5348 2853 5399 Deo
2872 5345 3153 5401 Commissa
3185 5349 3309 5411 fuit,
3341 5350 3482 5404 nulla
3509 5345 3569 5402 in‘
3602 5365 3664 5404 re

2131 5414 2303 5467 officio
2327 5426 2422 5466 suo
2443 5412 2669 5467 defuisse
2695 5415 2973 5485 videretur.
3002 5417 3126 5470 Ssv.
3164 5418 3354 5472 limus.
