3908 6384
275 350 340 403 δῖ
1676 373 1993 429 EPISTULA
2034 378 2118 430 i‘l.
3391 395 3459 448 58

273 462 677 518 Necessitatihus
711 471 895 533 etiam,
929 487 1056 540 quas
1084 475 1330 542 (faciente
1371 478 1442 548 te)
1483 485 1810 550 compellitur
1837 495 1882 548 Α
1912 488 2142 551 praedicti
2183 490 2357 547 fratris
2396 497 2738 561 compellatur
2785 501 3054 566 instantia,
3105 512 3126 538 ο
3169 505 3251 555 cui
3295 505 3449 556 etiam

272 552 562 615 sustinere,
609 555 706 610 hac
740 558 1037 614 definitione
1065 573 1090 599 ⁸
1129 567 1488 633 consulemus,
1531 578 1586 622 ut
1631 573 1810 625 refuso

270 641 483 705 praedio,
517 644 654 710 quod
703 659 822 699 ante
865 664 1054 702 annum
1096 651 1121 688 δ
1146 653 1244 706 sibi
1287 656 1464 710 datum
1519 674 1634 713 esse
1675 677 1811 713 eunt-

274 739 556 793 tnemorat,
583 741 739 799 atque
775 735 836 786 ad
872 736 1158 792 Ecclesiam
1191 741 1538 798 Ravennatem
1571 762 1805 813 reverso,

267 818 528 880 possessio
550 819 600 871 in
630 821 942 877 Bononiensi
968 826 1173 894 triginta
1196 830 1482 885 solidorum
1510 835 1803 897 reddituunt

267 902 494 973 [reditus]
529 907 808 962 liberorum
836 911 950 966 sine
979 913 1300 971 dubitatione
1324 920 1558 974 tradatur
1587 924 1805 976 in'diem

264 992 461 1044 scilicet
492 998 608 1048 vita;
638 997 770 1064 ejus,
802 1001 947 1053 salvo
975 1004 1305 1070 proprietatis
1333 1008 1452 1073 jure
1491 1010 1802 1065 Ravennatis

265 1079 533 1144 Ecclesiae,
568 1082 630 1134 ad
661 1099 816 1151 quam
848 1097 965 1154 post
991 1091 1222 1156 praedicto
1248 1093 1451 1147 obitum
1489 1107 1799 1152 revertetur.

261 1169 404 1230 Quod
441 1172 484 1221 si
528 1185 628 1222 non
659 1172 814 1225 fuerit
846 1176 1038 1230 nostris
1068 1179 1290 1246 paritum
1329 1185 1644 1249 constitutis,
1679 1187 1802 1254 quid

260 1270 372 1323 post
403 1263 867 1337 transgressionem
897 1277 1484 1327 maneatcontumacem
1503 1314 1516 1336 ,
1545 1275 1655 1342 ipse
1685 1291 1802 1341 per-

257 1347 462 1414 pcutlis.
497 1349 874 1405 Denuntiamus
904 1365 1111 1422 autem,
1140 1360 1276 1425 quod
1306 1360 1350 1413 si
1378 1373 1488 1427 post
1525 1364 1621 1416 bac
1654 1365 1802 1430 quid-

255 1451 406 1500 quam
439 1439 543 1491 tale
573 1445 989 1510 praesumpseris,
1016 1452 1071 1498 et
1105 1448 1331 1516 aliquem
1359 1465 1451 1505 seu
1494 1455 1794 1521 episcopum

252 1539 341 1578 s.-u
374 1529 754 1600 presbyterum,
787 1548 880 1587 seu
907 1535 1202 1601 diaconum,
1230 1537 1444 1593 invitum
1473 1541 1642 1595 facere
1665 1544 1795 1596 forte

253 1617 556 1683 credideris,
585 1621 939 1675 ordinationes
969 1624 1060 1678 tibi
1090 1626 1405 1680 Ravennatis
1436 1630 1681 1684 Ecclesia:
1710 1633 1792 1685 vel

254 1703 581 1758 Emiliensis
617 1711 823 1761 noveris
852 1711 1182 1767 auferendus.
1221 1714 1345 1766 Data
1383 1725 1403 1753 ε
1439 1718 1591 1769 tertio
1618 1718 1795 1771 calen-

1911 577 2007 628 hoc
2049 579 2347 645 specialiter
2392 584 2716 650 przecipimus
2762 588 3052 656 imminere,
3092 604 3147 644 ut
3191 604 3294 644 tres
3336 595 3452 646 illas

1910 667 2193 728 portiones,
2219 682 2346 734 quas
2383 684 2476 735 per
2518 673 2793 727 triennium
2835 677 3025 730 dicitur
3067 679 3166 732 sibi
3216 691 3446 733 tantum-

1909 751 2062 802 modo
2096 753 2417 820 vindicasse,
2457 760 2710 814 restituat.
2740 762 2864 815 Data
2895 765 3100 818 decimo
3134 770 3288 820 tertio
3315 769 3446 837 (xtv)

1905 843 2242 896 Calendarum
2284 847 2644 902 Decembrium
2691 853 2851 918 (anno
2893 855 3095 908 Domini
3132 858 3278 925 475),
3326 871 3443 925 post

1905 933 2231 989 consulatum
2261 937 2449 992 Leonis
2476 940 2713 1008 Augusti.

2454 1051 2770 1105 EPISTOLA
2809 1053 2873 1107 IV

2274 1150 2511 1188 εικιιιιοιι
2541 1153 2682 1192 ΡΔΡΒ
2715 1158 2781 1193 ΑΙ)
2812 1159 3068 1198 ZENONEU.

1901 1238 2063 1320 Roga}
2116 1253 2176 1320 ut
2229 1245 2536 1300 Timotheum
2593 1251 2863 1317 .Elurum,
2919 1257 3003 1320 qui
3047 1255 3436 1309 Alexandrinam

1967 1312 2131 1391 sedem
2161 1312 2337 1391 iterum
2359 1331 2619 1391 occupare,
2644 1329 2696 1391 et
2715 1312 3298 1391 clainvcanstanliuopoli
3318 1343 3435 1376 suus

1967 1378 2176 1496 ferrese:
2204 1378 2525 1436 disseminare
2551 1378 2841 1451 conabatur,
2869 1393 3003 1459 regia
3032 1378 3266 1458 patessate
3294 1395 3433 1445 cohi-

2001 1458 2098 1496 εαι.

2001 1458 2078 1498 eat
2086 1487 2098 1500 .

1970 1555 2165 1609 Zenoni
2199 1563 2426 1639 Augusto
2456 1561 2717 1639 [Desilisco
2743 1567 2799 1639 in
2827 1567 2946 1619 eod.
2980 1568 3286 1622 V’irdunensi
3308 1569 3349 1639 ¹]

2354 1629 2650 1695 δίιιίιιιίυίιιε
2673 1635 2964 1700 θρί›ετ›ρυ5.

1960 1733 2214 1801 Cuperem
2243 1738 2485 1804 quidem,
2517 1752 2763 1806 quantum
2795 1743 2856 1794 ad
2888 1759 3015 1795 mea:
3044 1754 3242 1810 Spectat
3268 1747 3422 1799 devoc

253 1795 346 1846 das
373 1795 517 1848 Junii
550 1797 709 1902 (anno
735 1799 939 1854 Domini
975 1801 1122 1870 482),
1162 1803 1414 1858 Severino
1457 1806 1569 1860 viro
1610 1807 1790 1864 claris-
1819 1828 1864 1885 Β
1894 1795 2053 1872 tionis
2077 1795 2378 1886 arbitrium,
2413 1795 2510 1893 qua
2534 1795 2799 1895 principes
2834 1795 3155 1886 Christianos
3189 1795 3421 1902 iugi};-

252 1897 383 1935 Slmu
408 1884 647 1940 consule.

771 1974 1091 2032 EPISTOLA
1130 1979 1196 2033 Ill

249 2074 480 2114 δῑιιιιιοιι
534 2077 672 2116 ΡΔΡΒ
714 2081 778 2117 ΔΙ)
833 2083 1193 2130 ηοηεκτιυκ,
1235 2083 1479 2130 εουιτιυι
1523 2087 1585 2123 ΕΤ
1632 2086 1789 2125 θενε-

802 2149 905 2188 ποι
948 2150 1237 2189 εριεοοροε.

248 2213 557 2292 Gaudentius
579 2220 880 2286 Attﬁnienais
900 2226 1177 2292 epimpua,
1197 2227 1255 2277 ob
1279 2226 1480 2281 illicitas
1509 2229 1785 2280 ordinatio-

315 2302 399 2338 nes
429 2288 608 2365 factas,
641 2307 842 2365 munere
864 2288 1234 2347 sacerdotalia
1267 2295 1450 2364 triplici
1465 2307 1620 2365 parte
1650 2301 1785 2351 redi-

311 2365 450 2406 tuum
472 2359 629 2407 ecclcs
651 2373 696 2410 te
724 2360 965 2422 privatur.

245 2441 542 2513 Simplicius
571 2447 868 2516 episcopus,
913 2447 1208 2530 Florentio,
1243 2450 1456 2519 Equitio
1490 2460 1543 2506 ct
1587 2452 1786 2508 Severo

861 2531 1070 2584 episco,.
1099 2533 1142 2571 ς.

314 2621 519 2675 Relatio
548 2637 643 2676 nos
672 2634 860 2678 vestrae
888 2625 1186 2682 dilectionis
1214 2627 1487 2692 instruxit,
1529 2638 1582 2684 et
1615 2639 1785 2696 gesto-

244 2723 354 2761 rum
380 2713 554 2764 series
584 2713 784 2779 plenius
819 2714 1106 2780 intimavit,
1138 2715 1486 2773 Gaudentium
1515 2719 1784 2774 Aufinien-

240 2797 310 2849 sis
334 2798 576 2870 [iturch.,
618 2800 914 2873 Oﬂ'iuienat's]
940 2802 1192 2858 Ecclesiae
1220 2806 1574 2872 sacerdotem,
1599 2817 1783 2861 contra

241 2894 429 2938 statuta
460 2901 722 2942 canonum
769 2903 828 2945 ac
871 2899 1048 2945 nostra
1090 2904 1382 2960 praecepta,
1429 2895 1785 2950 ordinationes

241 2978 444 3032 illicitas
483 2991 843 3047 perpetrasse,
888 2999 1107 3049 quarum
1137 2986 1210 3039 illi
1255 2997 1414 3040 totam
1447 2989 1655 3057 penitus
1690 3006 1787 3044 au-

240 3065 361 3117 ferri
409 3069 740 3132 prmcipinius
794 3082 1128 3136 petestatem.
1171 3066 1486 3140 Seripsitnus
1533 3075 1671 3129 enim
1715 3079 1780 3131 ad

1893 1910 2161 1962 neratione
2201 1913 2455 1978 suscipio,
2500 1915 2674 1968 debita
2720 1919 2893 1982 pietati
2938 1929 3120 1971 vestra:
3164 1923 3422 1974 continua

1891 1999 2057 2049 ofticia
2085 1999 2287 2052 deferre
2315 2003 2604 2069 Colloquiis.
2635 2005 2736 2056 Sed
2761 2021 2878 2057 cum
2909 2008 2972 2058 ad
3005 2008 3153 2074 hujus
3185 2012 3421 2062 intentio-

1886 2086 1969 2137 nis
1994 2100 2331 2154 augmentum
2363 2092 2517 2142 etiam
2550 2107 2711 2145 sacra;
2737 2109 2860 2144 cura
2891 2098 3155 2162 religionis
3179 2099 3420 2161 accedat,

1883 2175 2015 2226 ratio
2056 2176 2179 2228 mihi
2223 2181 2413 2244 negotii
2455 2181 2672 2245 petioris
2715 2183 2995 2247 incuinbt,
3033 2196 3087 2238 ut
3126 2188 3280 2241 simul
3319 2189 3416 2242 bo-

1883 2265 2258 2318 noriftceutiam
2285 2269 2430 2320 vobis
2462 2283 2621 2337 prona
2646 2283 2820 2325 men'e
2849 2275 3170 2339 persolvam,
3210 2284 3263 2329 et
3289 2292 3416 2332 cau-

1881 2367 1967 2406 sas
2013 2355 2236 2408 fideliter
2281 2357 2538 2411 insinuem
2575 2377 2586 2411 :
2628 2361 2748 2427 quia
2793 2378 2875 2414 uie
2917 2363 2980 2414 ad
3022 2372 3290 2432 utramque
3333 2369 3416 2419 vel

1882 2442 2047 2494 dicata
2082 2444 2237 2495 trahit
2276 2447 2566 2499 clementiae
2613 2458 2798 2499 vestra:
2831 2463 3036 2517 semper
3073 2451 3305 2516 ali‘ectio,
3334 2455 3415 2507 vel

1881 2542 2150 2596 respei-tus
2176 2533 2372 2584 ordinis
2401 2535 2501 2588 mei
2529 2543 2584 2587 et
2607 2537 2877 2602 apostolici
2907 2538 3280 2594 moderaminis
3308 2544 3414 2596 sol-

1884 2615 2098 2670 licitudo
2126 2621 2410 2685 compellit.

1955 2707 2181 2760 Functus
2227 2711 2399 2776 igitur,
2430 2711 2806 2777 gloriosissime
2830 2728 2889 2766 ac
2915 2713 3314 2772 clementissime
3341 2719 3411 2771 illi

1885 2796 2167 2862 imperator
2204 2799 2455 2866 Auguste,
2489 2816 2704 2854 munere
2741 2803 3025 2866 salutandi,
3062 2821 3176 2870 qua:
3218 2809 3266 2858 in
3309 2809 3410 2860 Ec-

1883 2884 2058 2937 clesiis
2082 2886 2307 2938 Orientis
2354 2903 2444 2954 per
2489 2887 2848 2942 haereticorum
2888 2891 3153 2944 latrocinia
3187 2895 3408 2946 recidiva

1885 2988 2064 3027 rursos
2089 2975 2328 3027 dicuntur
2351 2978 2586 3028 scandala
2617 2979 2892 3041 concitari,
2921 2995 3016 3033 nec
3037 2981 3203 3033 debeo
3230 2982 3407 3046 silerc,

1887 3075 1984 3115 nec
2008 3076 2238 3128 possum.
2265 3063 2390 3115 Nam
2411 3065 2544 3115 sicut
2567 3065 2618 3117 in
2650 3080 2816 3118 meam
2845 3069 3076 3121 notitiam
3103 3070 3408 3126 ferventiutu

239 3153 487 3206 severum
538 3154 750 3209 mtrem
790 3166 841 3210 ει
879 3157 1249 3226 coepiscopum
1281 3170 1565 3226 ,ηοεη-υιη,
1613 3173 1667 3215 ιη
1713 3165 1776 3231 (εί
1804 3147 1848 3206 C
1883 3165 1976 3216 pro
2005 3151 2106 3204 fide
2131 3152 2380 3203 catholica
2419 3151 2715 3206 detulerunt
2743 3158 2934 3229 scripta
2957 3168 2974 3196 tl
3001 3160 3368 3214 monachorum
3390 3202 3406 3226 ,

241 3257 456 3296 necesse
483 3243 662 3312 fuerit)
690 3246 800 3311 ipse
841 3249 890 3297 in
923 3247 1217 3313 supradicta
1255 3248 1510 3314 Ecclesia,
1540 3251 1780 3304 conside-

240 3333 362 3383 tatis
396 3333 604 3384 Patrum
654 3335 866 3402 regulis,
901 3335 1000 3388 hoc
1044 3335 1285 3404 fungatur
1321 3338 1516 3405 omcio,
1547 3339 1780 3406 quo'ille

240 3427 431 3476 abusus
464 3439 580 3478 6:56
613 3425 880 3481 convictus
914 3435 1031 3482 est:
1073 3428 1139 3478 ita
1181 3435 1238 3480 ut
1277 3427 1329 3481 lii
1366 3429 1452 3496 qui
1498 3429 1674 3482 illicite
1710 3431 1780 3482 'ab

249 3516 432 3565 eodem
479 3525 600 3566 sunt
646 3515 873 3581 provecti
899 3555 913 3578 ,
959 3515 1026 3568 ab
1068 3517 1434 3570 ecclesiasticis
1477 3519 1780 3573 ministeriis

246 3603 344 3651 sint
380 3603 586 3658 remoti.
623 3603 786 3655 Simul
821 3605 976 3656 etiam
1015 3605 1080 3657 de
1111 3607 1397 3659 redditibus
1426 3607 1670 3661 Ecclesiae
1700 3611 1778 3662 vel

235 3691 511 3746 oblatione
543 3693 770 3746 fidelium
795 3737 808 3761 ,
839 3695 961 3760 quid
1001 3696 1181 3751 deceat
1227 3701 1515 3764 nescienti,
1547 3701 1675 3752 nihil
1721 3702 1780 3754 li-

241 3794 363 3833 cere
405 3781 704 3848 permittat,
735 3782 827 3836 sed
857 3785 965 3837 sola
998 3785 1044 3838 ei
1074 3799 1134 3838 ex
1167 3785 1248 3838 his
1275 3795 1456 3854 quarta
1491 3787 1632 3859 [una]
1657 3803 1775 3857 por-

233 3870 308 3919 tio
344 3871 658 3923 remittatur.
701 3871 822 3924 Dus:
851 3873 1220 3930 ecclesiasticis
1249 3875 1482 3941 fabricis,
1509 3887 1561 3930 et
1592 3893 1772 3946 erogac

239 3959 360 4011 tioni
394 3960 784 4027 peregrinorum
814 3971 866 4015 et
894 3978 1178 4030 pauperum
1208 3967 1513 4032 profuturae,
1541 3967 1608 4018 ab
1636 3969 1772 4020 oua-

239 4061 328 4112 gro
358 4047 410 4118 la
438 4045 688 4116 Bonagro]
722 4049 1024 4116 presbytero
1059 4051 1155 4101 sub
1195 4053 1424 4116 periculo
1455 4052 1534 4103 sui
1575 4051 1772 4103 ordinis

243 4135 632 4198 ministrentur;
664 4132 688 4170 ει
722 4136 896 4186 ultima
922 4137 1058 4188 inter
1097 4151 1153 4189 se
1182 4138 1386 4190 clericis
1415 4154 1507 4205 pro
1546 4139 1773 4208 singulo-

238 4236 346 4272 rum
380 4223 578 4274 meritis
620 4221 897 4275 dividatur.
942 4227 1010 4276 At
1049 4240 1171 4278 vero
1213 4227 1494 4280 ministeria
1541 4230 1772 4282 ecclesia:

1880 3242 2110 3304 comperi
2165 3238 2494 3292 Timotheum
2549 3243 2890 3308 parricidam,
2943 3247 3029 3313 qui
3085 3247 3407 3316 Egyptlaca

1882 3329 2078 3395 pridem
2109 3337 2337 3382 vastator
2371 3329 2617 3383 Ecclesia
2655 3332 2702 3382 in
2735 3348 2931 3386 morem
2973 3336 3097 3388 Cain
3128 3337 3206 3405 (ut
3248 3340 3408 3392 lectio

1880 3420 2053 3474 divina
2094 3419 2253 3491 [Gem
2282 3420 2363 3492 tv]
2410 3424 2645 3488 testatur)
2687 3425 2881 3492 ejectus
2908 3440 2937 3477 a
2972 3427 3100 3481 faeie
3144 3428 3262 3495 Dei,
3303 3431 3406 3511 hoc
3467 3449 3470 3452 ‘

1880 3520 1986 3571 est.
2015 3511 2081 3562 ab
2111 3513 2358 3566 Ecclesiae
2398 3513 2647 3580 dignitate
2681 3516 2931 3581 seclusus,
2957 3527 3010 3571 et
3033 3519 3137 3586 jam
3175 3536 3266 3585 per
3308 3523 3403 3576 dc-

1883 3611 2020 3653 serta
2049 3616 2227 3667 vagus,
2251 3601 2518 3655 scelerata:
2547 3603 2876 3657 conscientia:
2895 3605 2982 3657 diu
3012 3615 3260 3662 tormenta
3291 3623 3408 3677 pas-

1884 3703 2065 3752 surus,
2117 3689 2168 3742 in
2223 3690 2460 3741 exsilium
2519 3692 2712 3757 proprii
2755 3693 2949 3744 erroris
2993 3695 3248 3747 abductus
3295 3706 3405 3758 est,

1879 3777 2158 3843 resumptis
2197 3777 2396 3844 priStini
2431 3776 2617 3829 furoris
2656 3777 2909 3832 incendiis
2936 3782 3186 3834 coaflasse
3216 3783 3406 3837 nihilo-

1883 3868 2052 3918 minus
2094 3869 2295 3934 agmina
2348 3868 2700 3932 perditorum,
2746 3875 2800 3920 et
2847 3869 3209 3923 Alexandrinae
3259 3871 3406 3928 urbis

1882 3954 2208 4017 Ecclesiam,‘
2232 3969 2385 4020 quam
2422 3955 2725 4006 sacerdotali
2767 3956 2905 4020 prius
2946 3960 3192 4022 sanguine
3218 3971 3405 4010 crucu-

1881 4043 2036 4101 tavit,
2067 4043 2232 4105 ipsum
2267 4042 2436 4092 denuo
2467 4056 2603 4092 nunc
2628 4055 2895 4094 cruentum
2935 4045 3237 4108 depulsione
3276 4045 3403 4113 legi-

1880 4132 1987 4183 titni
2033 4131 2325 4199 pervasisse
2367 4129 2624 4195 pontillcis
2660 4144 2673 4180 :
2718 4139 2771 4180 ut
2811 4132 2892 4182 cui
2943 4130 3029 4182 illa
3073 4133 3404 4199 relegationis

1879 4224 2060 4276 humili
2088 4237 2144 4273 as
2188 4223 2394 4288 injicere
2425 4221 2658 4274 debuerit
2688 4237 2748 4272 ex
2787 4222 2847 4273 iis
2892 4237 3003 4288 qtre
3040 4221 3198 4289 impie
3225 4238 3404 4290 gesse~

236 4325 348 4373 quae
400 4310 621 4362 alienata
669 4316 1045 4379 comperimus,
1099 4329 1344 4383 reparare
1389 4326 1764 4386 praesumptor,
1798 4311 1981 4378 Drat,
2023 4315 2254 4365 aculeum
2301 4311 2610 4378 pmoitendi,
2655 4311 2909 4362 nutrieudi
2952 4311 3121 4378 potius
3156 4311 3260 4365 otia
3304 4313 3396 4365 tri-

306 4492 333 4558 'I_
357 4481 484 4534 Cod.
528 4482 654 4558 Luc.
689 4484 757 4537 ita
795 4494 847 4538 et
882 4485 1043 4558 prima
1074 4503 1257 4552 manu;
1301 4488 1390 4542 sed
1434 4489 1593 4542 altera
1621 4505 1768 4558 teque

237 4555 441 4612 antiqua
471 4554 711 4605 emendat
739 4571 750 4604 :
783 4555 1105 4609 consulimus.

305 4618 328 4654 δ
352 4619 480 4671 (20d.
510 4625 656 4686 Luc.,
683 4623 766 4672 ibi.

306 4697 327 4722 ε
355 4688 486 4740 Cod.
519 4688 667 4753 Luc.,
695 4699 875 4758 quarta
900 4690 1135 4744 calendas
1161 4690 1322 4746 Junii.

305 4857 319 4885 '
355 4856 418 4907 Et
471 4855 744 4930 Basilisco,
781 4870 881 4930 non
916 4856 1126 4930 ⁸Ζεξῃοιιὶ
1156 4861 1402 4926 scriptam
1438 4877 1465 4914 a
1498 4861 1768 4930 Simplicio

241 4924 371 4976 lianc
399 4924 672 4989 epistulam
703 4925 882 4990 probat
912 4925 1095 4993 Pagius
1125 4931 1186 4980 ad
1218 4924 1303 4981 an.
1334 4931 1430 4983 Ch.
1459 4932 1584 4996 476,
1613 4924 1670 4984 ᾖ.
1702 4931 1762 4994 ιιι

239 5005 288 5044 et
317 5006 464 5056 seqq.

305 5006 476 5110 'siiit‘in
511 5057 811 5121 Simplicius
847 5075 905 5112 ea
947 5061 1244 5116 fidelissima
1289 5066 1546 5118 relatione
1588 5081 1769 5119 mona-

236 5129 451 5180 chorum
484 5125 1073 5198 Constantinopolitanae
1101 5132 1345 5185 Ecclesia:
1371 5135 1660 5198 accepisset
1688 5137 1768 5186 Τίς

240 5198 502 5247 motheum
533 5193 797 5256 lElurum,
826 5199 1250 5252 scelestissitnum
1278 5193 1644 5257 A'exandrtnte
1672 5202 1768 5252 Ec-

239 5268 413 5317 clesiae
464 5265 788 5320 invasoretn.
835 5278 935 5314 non
988 5269 1155 5318 solum
1199 5270 1263 5320 ab
1309 5271 1496 5322 exsilio
1542 5273 1765 5321 solutum

241 5337 416 5393 luisse,
445 5333 535 5384 sed
565 5339 718 5382 etiam
751 5332 909 5403 libere
938 5332 1381 5403 Constantinopoli
1414 5341 1634 5398 morari,
1670 5339 1764 5388 tbi-

239 5417 335 5467 que
367 5402 501 5452 vires
540 5413 723 5469 omnes
765 5415 858 5469 pro
897 5400 1078 5452 lueresi
1113 5400 1436 5469 propaganda
1481 5408 1762 5468 insuincre,

241 5466 370 5519 hanc
411 5467 690 5538 epistolam
715 5466 777 5518 ad
827 5467 1085 5538 Zenonem
1114 5466 1444 5536 ’Augu'Smm.
1483 5476 1628 5538 cujus
1675 5466 1766 5538 pa;

240 5538 458 5589 tri-cinio
509 5538 616 5600 ipsc
648 5535 883 5587 clanculo
915 5535 1230 5597 invehitur,
1252 5542 1458 5606 scripsit
1486 5559 1496 5591 :
1532 5535 1765 5607 :iiljungit

240 5617 500 5672 patentem
530 5604 592 5655 ad
622 5606 862 5657 Aeacium
895 5609 1190 5673 episcopum
1225 5604 1468 5675 scriptam
1499 5604 1766 5663 liac‘de're

1941 4485 1965 4522 ἀ
1996 4485 2122 4538 (10d.
2151 4485 2294 4544 Luc.,
2324 4483 2550 4535 ultimam
2580 4485 2809 4535 clerici...
2841 4486 3082 4536 dividant.

1947 4566 1969 4592 ο
2003 4557 2178 4607 Manus
2205 4567 2351 4613 mque
2377 4555 2582 4617 antiqua
2615 4555 2663 4603 in
2694 4555 2922 4618 margine
2947 4555 3084 4602 addit
3112 4553 3220 4605 hmc
3243 4557 3399 4607 verba

1872 4624 1923 4677 in
1955 4633 2148 4675 textum
2179 4621 2240 4672 ad
2282 4621 2448 4672 locum
2480 4636 2507 4670 a
2549 4636 2629 4671 me
2674 4622 2927 4684 signatum
2979 4622 3267 4674 revocanda
3302 4641 3312 4673 :
3356 4635 3401 4676 et

1871 4708 1982 4762 qua
2010 4688 2210 4744 abstulit
2233 4689 2486 4740 restituere
2505 4698 2728 4754 angatur,
2751 4688 2858 4751 cui,
2880 4698 2981 4741 etc.

1869 4859 2166 4928 epistolam,
2194 4856 2362 4928 eidem
2393 4856 2587 4910 Zenoni
2615 4854 2931 4928 offerendam
2954 4895 2967 4916 ,
2990 4871 3047 4908 ea
3080 4858 3285 4922 quidem
3317 4860 3396 4912 in-

1871 4924 2132 4986 tentione,
2175 4939 2240 4978 ne
2284 4927 2337 4977 in
2389 4937 2738 4978 transversum
2783 4924 2848 4974 ab
2896 4925 3150 4976 haereticis
3199 4929 3401 4993 penitus

1871 5004 2132 5063 ageretur.
2161 4994 2224 5063 Et
2244 5007 2556 5063 quanquam
2597 4993 2683 5044 uni
2729 4993 3024 5063 imperatori
3070 4997 3236 5047 omnis
3281 4999 3399 5049 mali

1869 5060 2205 5132 origu‘lribtti
2225 5060 2438 5132 deberet
2460 5069 2678 5132 ,_utpote
2719 5076 2802 5132 qur
2843 5061 3148 5126 Sacrilegum
3198 5064 3398 5114 invaso-

1870 5127 1980 5184 γριιῖ
2015 5129 2256 5181 Ecclesia:
2286 5131 2349 5181 ab
2379 5129 2563 5181 exsilio
2590 5142 2705 5178 eum
2733 5127 2928 5178 honore
2971 5141 3290 5191 revocasset,
3325 5141 3399 5182 ta-

1871 5215 1988 5253 men
2015 5197 2109 5262 ipsi
2137 5198 2338 5262 culpam
2371 5197 2630 5249 ascribere
2657 5195 3055 5261 prudentissime
3081 5198 3390 5264 dissimulat,

1873 5278 1928 5319 ut
1955 5267 2017 5318 ad
2050 5267 2403 5334 pmoitentiam
2432 5264 2683 5331 agendam
2725 5274 3071 5328 commotum,
3102 5264 3268 5334 faciat
3304 5281 3398 5332 pa-

1871 5336 1988 5387 trati
2011 5333 2220 5385 sceleris
2241 5334 2638 5385 destructorem.

1943 5405 1993 5454 In
2025 5405 2353 5453 consularem
2382 5409 2552 5452 notam
2581 5399 2822 5451 mendum
2857 5398 3058 5462 irrepsit
3086 5412 3098 5447 :
3133 5413 3249 5448 nam
3286 5400 3399 5453 loco

1871 5471 2086 5529 Armati,
2116 5472 2199 5534 qui
2234 5469 2330 5519 hoc
2360 5483 2515 5529 anno,
2550 5479 2696 5532 prout
2739 5467 3118 5518 cmendatiores
3159 5465 3272 5518 fasti
3316 5479 3393 5521 te-

1869 5547 2090 5600 stantur,
2128 5552 2242 5588 cum
2287 5537 2529 5588 Basil;SCo
2570 5537 2890 5588 consulatum
2931 5536 3143 5602 agebat,
3177 5537 3396 5601 positum

1870 5619 1949 5660 est
1978 5620 2164 5659 netncn
2190 5605 2426 5671 Augusti.
2454 5606 2576 5658 ch.
2607 5605 2797 5655 BlNlUS.
