3908 6456
548 6 853 17 -π-νγ-ι-π-γν-

496 391 571 449 39
1788 379 2108 437 ‘SIMPLICII
2174 378 2251 431 PA
2264 377 2370 433 WE
3233 402 3237 410 -
3610 380 3681 437 to

503 502 679 556 buisse
705 500 938 553 videatur
963 494 1231 550 atrocioris
1261 492 1511 546 insaniat:
1543 505 1645 560 quo
1672 478 1849 559 procul
1873 489 2036 543 dubio
2064 503 2115 561 Α
2208 486 2362 542 Certe
2390 494 2448 540 ut
2484 486 2647 541 facilis
2676 487 2826 543 vobis
2851 490 3142 545 necessaria
3173 504 3276 544 non
3310 490 3446 544 desit
3488 489 3682 545 instru-

503 588 629 643 Cain
666 593 776 657 ipso
804 589 953 657 longe
985 583 1340 639 detestabilior
1377 580 1710 649 approbatur.
1745 579 1837 632 llle
1876 578 2041 645 siqui-

503 678 620 729 tletn
643 694 669 728 a
702 684 995 743 perpetrato
1013 675 1171 727 semel
1203 672 1432 724 facinore
1462 670 1738 723 damnatus
1762 669 2037 729 abstinuit,

504 766 590 818 hic
616 766 830 833 profecit
853 765 917 817 ad
944 764 1161 817 crimina
1193 760 1389 828 majora
1417 770 1534 828 post
1564 775 1791 828 poenam.

571 873 673 926 Nec
698 887 761 925 eo
798 880 975 925 tamen
1010 869 1265 923 scelerum
1302 869 1405 921 line
1442 878 1750 930 contentus,
1784 865 2043 920 Constan-

503 962 891 1029 titiupolitanam
916 960 1129 1025 insuper
1155 958 1335 1011 urbem
1353 998 1367 1018 ,
1394 958 1526 1011 recti
1550 971 1761 1023 semper
1781 954 2043 1022 dogmatis

501 1067 677 1103 amore
723 1050 1023 1118 ﬂagrantem
1057 1050 1147 1113 (ne
1184 1047 1306 1113 quid
1351 1048 1716 1099 intemeratum
1766 1043 2042 1112 populator

505 1147 742 1193 humana:
771 1139 953 1189 salutis
975 1136 1261 1203 omitteret)
1292 1134 1457 1188 fertur
1480 1134 1727 1187 audacter
1754 1134 2039 1201 ingre~sus,

502 1240 555 1282 et
582 1244 610 1280 a
640 1244 747 1280 sua:
775 1225 1106 1278 consortibus
1146 1223 1415 1293 pravitatis
1448 1224 1670 1277 libenter
1705 1222 1914 1275 audisse
1942 1222 2041 1275 soli

503 1318 708 1370 Christo
744 1315 967 1368 debitam
996 1327 1205 1375 vocem,
1243 1327 1342 1380 qua
1388 1313 1542 1380 plane
1580 1327 1683 1364 non
1730 1312 1784 1363 in
1830 1310 2042 1364 nomine

508 1404 713 1458 Domini
746 1402 922 1454 venire
951 1401 1277 1463 benedictus,
1302 1400 1393 1453 sed
1421 1398 1584 1453 divini
1610 1399 1854 1452 culminis
1886 1411 2041 1451 usur-

506 1502 655 1562 pator
700 1493 968 1545 evidenter
1017 1501 1098 1543 est
1150 1499 1468 1543 monstratus
1506 1489 1857 1544 Antichristus
1893 1504 1908 1540 :
1954 1490 2040 1554 qui

504 1598 621 1637 cum
644 1583 799 1635 etiam
830 1597 855 1631 a
885 1578 1253 1657 communione
1277 1578 1531 1632 catholica
1571 1584 1676 1632 tam
1714 1576 2045 1631 laudabiliter

504 1685 641 1725 esset
670 1673 931 1733 exclusus,
965 1686 1055 1738 per
1083 1670 1428 1737 quorumdam
1474 1669 1700 1736 privatas
1728 1669 1929 1732 domos,
1963 1683 2046 1720 re-

500 1752 695 1827 spersis
721 1761 947 1811 humano
970 1760 1225 1824 sanguine
1249 1759 1511 1818 manibus,
1544 1772 1646 1809 non
1677 1756 1850 1807 divina
1881 1755 2047 1807 steri-

2140 578 2266 636 ctio,
2294 574 2593 629 earumdem
2623 577 2936 644 exemplaria
2974 579 3260 632 litterarum
3287 578 3351 631 ad
3388 578 3603 633 fratrem
3630 591 3682 635 et

2139 665 2504 729 coepiscopum
2528 673 2764 717 nostrum
2790 667 3033 719 Acacium
3058 667 3174 719 misi
3201 666 3390 719 ve~tris
3417 668 3680 730 sensibus,

2142 752 2426 808 oll'erenda.
2464 753 2585 808 Haec
2614 754 2768 822 igitur
2806 756 2969 823 pietas
3000 767 3086 809 tua
3116 757 3157 809 si
3188 771 3464 811 recensere
3501 758 3689 825 digne»

2142 850 2241 905 tur,
2275 842 2354 894 vel
2386 856 2503 909 quin
2534 842 2695 896 totius
2723 843 2951 897 Orientis
2978 846 3209 913 episcopi
3249 848 3316 900 de
3354 845 3508 913 hujus
3551 862 3682 915 prte-

2140 931 2414 985 d'rcationis
2458 934 2805 988 consensione
2848 937 3247 1005 rescripseriut,
3297 937 3516 1003 aspiciet
3558 953 3681 1003 pro-

2140 1021 2281 1075 fecto
2306 1022 2597 1076 examinata
2632 1022 2929 1092 diligenter,
2965 1032 3019 1077 et
3052 1026 3310 1078 veraciter
3334 1026 3682 1094 promulgata.

2140 1117 2297 1178 atque
2319 1111 2436 1163 ideo
2463 1111 2723 1177 pestifera:
2753 1111 2994 1165 falsitatis
3020 1114 3324 1179 ambagibus
3354 1129 3683 1182 nequaquam

2140 1199 2332 1252 debere
2374 1200 2587 1267 pulsari.
2629 1201 2760 1265 Quia
2800 1216 2978 1255 revera
3019 1217 3134 1270 qum
3178 1202 3249 1255 de
3296 1202 3681 1271 Scripturarum

2143 1288 2284 1341 fonte
2307 1288 2588 1355 purissimo
2609 1290 2812 1344 sincera
2841 1293 3217 1360 perspicuaque
3244 1302 3545 1357 manarunt,
3569 1293 3682 1346 nul-

2141 1376 2206 1431 lis
2243 1376 2430 1445 agitari
2468 1377 2735 1431 nebulosae
2773 1382 3015 1433 Versutia:
3055 1390 3301 1449 poterunt
3340 1386 3683 1451 argumentis.

2143 1464 2349 1519 Perstat
2386 1468 2525 1520 enim
2572 1467 2624 1519 in
2670 1469 3061 1522 successoribus
3102 1469 3212 1523 suis
3255 1469 3366 1523 lucc
3406 1482 3458 1524 et
3502 1472 3683 1524 eadem

2142 1555 2443 1621 apostolicae
2474 1570 2653 1607 norma
2683 1555 2959 1621 doctrinm,
2986 1559 3067 1609 cui
3115 1557 3371 1611 Dominus
3410 1561 3569 1612 totius
3596 1574 3686 1612 cu-

2145 1660 2255 1697 ram
2286 1646 2436 1699 ovilis
2476 1646 2729 1712 injunxit,
2765 1648 2846 1699 cui
2885 1661 2944 1701 se
2992 1662 3157 1716 usque
3200 1649 3263 1700 ad
3312 1648 3465 1703 tinem
3506 1651 3686 1704 s:eculi

2145 1733 2359 1786 minime
2382 1734 2711 1798 defuturum,
2744 1736 2824 1788 cui
2866 1744 3041 1803 portas
3079 1736 3233 1789 inferi
3262 1752 3523 1805 nunquam
3564 1753 3687 1805 pra:-

492 1853 637 1915 -'licia,
685 1850 775 1903 sed
819 1850 1089 1916 sacrilegia
1126 1848 1422 1901 celebrasse
1454 1857 1801 1910 memoratur,
1849 1846 1901 1895 in
1941 1859 2043 1910 quo
2074 1856 2119 1914 B
2146 1822 2393 1916 "Ii‘"”_5
2432 1837 2552 1916 es“?
2591 1826 2861 1916 Ρτθφίξίίῖ
2902 1828 3052 1891 cuius
3094 1827 3351 1881 ηηίθηιίδ
3395 1844 3509 1896 qum
3554 1829 3686 1897 "3"

502 1942 677 2007 utique
698 1954 805 2007 non
827 1947 905 1990 est
928 1937 1038 2005 ejus
1060 1936 1260 1988 ﬂrmata
1287 1934 1568 2002 susceptio,
1599 1934 1688 1986 sed
1713 1935 2042 1986 consciorum

502 2029 759 2097 divulgata
810 2027 1066 2095 proditio,
1111 2039 1229 2078 cum
1279 2024 1463 2077 eodem
1515 2024 1580 2075 de
1629 2023 1712 2075 illa
1761 2020 2045 2088 iniquitatis

502 2121 649 2184 sede,
685 2120 781 2172 nisi
810 2116 1141 2185 resipiscam,
1175 2114 1474 2169 omnimode
1502 2128 1735 2177 casuros,
1766 2127 1921 2181 quam
1942 2109 2045 2164 sic-

506 2219 563 2261 ut
596 2208 834 2261 diabolus
868 2217 1015 2272 pater
1036 2206 1168 2271 ejus,
1198 2204 1467 2258 Altissimo
1489 2204 1715 2256 similem
1737 2217 1793 2255 se
1821 2200 2040 2262 faciens,

496 2308 757 2351 aeternum
807 2295 907 2349 sibi
955 2294 1183 2363 perﬁdus
1235 2302 1545 2346 construere
1596 2307 1703 2344 non
1750 2290 1939 2343 desiuit
1978 2289 2044 2342 ad

503 2389 725 2439 ruinam.

575 2471 1040 2539 llazc,venerabilis
1083 2472 1389 2537 imperator,
1430 2482 1545 2520 cum
1592 2469 1803 2521 horreat
1844 2467 2046 2519 animus

505 2564 589 2617 vel
619 2579 647 2614 a
678 2571 819 2614 tanto
849 2561 1132 2629 gladiatore
1169 2560 1329 2613 fuisse
1360 2567 1551 2611 tentata
1571 2602 1584 2623 ,
1615 2561 1843 2610 maximo
1873 2567 2043 2609 tamen

506 2651 722 2721 (fateor)
753 2658 965 2715 stupore
1008 2648 1264 2712 detineor,
1293 2648 1390 2698 sub
1428 2656 1613 2699 vestra:
1653 2644 1861 2713 pietatis
1897 2659 2049 2711 aspo-

509 2742 675 2791 ctibus
708 2746 826 2803 potu
850 2752 935 2789 sse
956 2738 1230 2788 committi.
1253 2737 1380 2799 Quis
1406 2735 1546 2788 enim
1571 2734 1810 2787 devotam
1840 2747 2048 2801 semper

512 2829 618 2882 Deo
643 2827 934 2881 clementi-.2
964 2837 1149 2879 vestrm
1191 2836 1417 2878 mentem
1437 2864 1452 2887 ,
1493 2834 1545 2877 et
1573 2823 1875 2877 ortliodoxis
1903 2824 2050 2875 dedi-

498 2928 613 2971 ~tam
644 2917 855 2979 regulis,
894 2927 979 2968 aut
1028 2917 1261 2982 ignoret,
1303 2922 1389 2966 ant
1431 2914 1693 2976 ambigat?
1732 2914 1923 2979 quippe
1960 2911 2047 2979 qui

507 3021 747 3072 superine
780 3006 1115 3070 dispositione
1156 3004 1519 3070 providentius,
1550 3002 1679 3055 sicut
1709 3015 1802 3068 pro
1832 2999 2050 3051 utilitate

513 3095 714 3159 publica
742 3104 971 3162 anguste
1002 3095 1265 3145 memoriae
1294 3092 1536 3145 Marciani
1570 3090 1762 3158 pariter
1783 3099 1834 3144 et
1862 3090 2049 3143 Leonis

2149 1921 2328 1964 rentur
2356 1912 2404 1963 in
2434 1913 2604 1974 terris,
2646 1913 2779 1965 solvi
2822 1923 3041 1967 testatus
3068 1923 3149 1968 est
3178 1931 3279 1969 non
3312 1931 3463 1985 posse
3499 1934 3596 1973 nec
3635 1936 3686 1975 tu

2146 2002 2280 2053 caelo
2310 1999 2520 2061 (Matth.
2548 2001 2674 2067 λγι).
3504 2054 3510 2059 _

2221 2092 2549 2159 Quapropter
2592 2094 2923 2147 clementiam
2973 2106 3236 2159 vestram,
3282 2099 3363 2149 cui
3409 2115 3522 2153 mea
3572 2101 3687 2156 vive

2145 2183 2455 2251 propensius
2486 2182 2645 2236 frater
2675 2191 2728 2235 et
2754 2184 3095 2251 coepiscopus
3125 2200 3274 2239 meus
3304 2188 3525 2241 Aeacius
3564 2205 3689 2255 sup.

2146 2273 2383 2340 plicabit,
2420 2287 2604 2338 precor
2645 2282 2801 2340 atque
2848 2276 3089 2338 obsecro,
3133 2285 3194 2327 ut
3237 2277 3525 2331 imitatores
3568 2280 3689 2334 facti

2101 2376 2106 2381 θ
2146 2371 2402 2413 tantorum
2435 2372 2487 2414 et
2530 2360 2707 2414 talium
2754 2362 3227 2437 praedecessorum,
3260 2365 3500 2421 nefandis
3548 2382 3688 2436 pra:-

2146 2452 2461 2518 sumptionis
2492 2452 2761 2517 operarios
2804 2454 3063 2506 catholico
3104 2463 3315 2521 pectore
3357 2472 3687 2524 respuentcs,

2147 2544 2283 2609 rcg‘a
2309 2542 2565 2595 censeatis
2592 2550 2848 2608 potestate
2871 2542 3123 2596 cohiberi.
3145 2544 3377 2611 Quisquis
3399 2546 3538 2598 aliud
3569 2548 3689 2614 (sic-

2148 2641 2205 2683 ut
2246 2630 2484 2697 prazdixit
2520 2628 2827 2699 Apostolus)
2854 2640 3181 2698 primum
3220 2635 3353 2700 quod
3387 2633 3687 2702 accepimus.

2147 2722 2385 2773 seminare
2414 2721 2643 2785 molitur,
2681 2720 2945 2775 anathema
2971 2724 3033 2775 sit
3057 2724 3075 2789 (
3096 2721 3263 2775 Galat.
3292 2723 3361 2791 t).
3410 2724 3595 2779 Nullus
3625 2725 3688 2778 ad

2149 2826 2303 2862 aures
2331 2820 2533 2863 vestras
2562 2810 2871 2878 perniciosis
2915 2812 3177 2866 mentibus
3220 2814 3536 2880 subrependi
3581 2816 3687 2884 (Al.

2150 2901 2489 2967 subripiendi)
2538 2900 2794 2967 pandetur
2840 2916 3082 2953 accessus
3122 2920 3134 2953 :
3185 2903 3324 2954 nulla
3371 2906 3687 2958 retractandi

2153 2989 2273 3057 quid
2285 2990 2416 3055 piam
2442 2988 2505 3042 de
2528 2990 2791 3041 veteribus
2816 2991 3111 3043 constitutis
3145 2990 3329 3043 liducia
3352 2992 3687 3046 concedatur.

2151 3080 2279 3143 Quia
2313 3078 2465 3145 (sicut
2497 3078 2687 3144 smptus
2734 3078 3027 3129 iterandum
3060 3078 3171 3147 est)
3210 3079 3344 3145 quod
3390 3080 3689 3147 apostolicis

510 3183 701 3236 eruditi
730 3182 1025 3243 virtutibus,
1065 3182 1141 3233 sic
1175 3196 1354 3235 θαι-..ιη
1390 3181 1502 3233 sitis
1540 3180 1695 3232 etiam
1732 3179 1794 3232 ad
1830 3180 2003 3232 cattud
2026 3208 2049 3219 υ
2076 3190 2119 3249 c
2152 3169 2389 3223 manibus
2415 3184 2531 3221 cum
2567 3167 2809 3220 Ecclesiae
2843 3168 3152 3220 universalis
3186 3184 3402 3221 assensi:
3434 3170 3547 3223 acie
3577 3186 3689 3224 mc—

511 3285 623 3322 cam
655 3270 923 3321 veritatem
966 3269 1205 3321 sensibus
1236 3268 1493 3321 instituti:
1527 3282 1621 3320 nec
1662 3268 1901 3335 cuiquam
1942 3282 2053 3318 om-

511 3360 638 3411 nino
678 3358 744 3409 sit
785 3357 1306 3423 dubium,pietatem
1349 3365 1487 3407 tuam
1530 3357 1734 3407 illorum
1778 3369 1896 3406 esse
1939 3355 2053 3405 fidei

511 3460 805 3513 sequacem,
838 3460 1057 3510 quorum
1099 3460 1157 3496 es
1196 3458 1468 3496 successor
1513 3443 1735 3509 imperii.
1774 3442 1900 3506 Quae
1936 3455 2053 3493 cum

512 3535 577 3587 de
623 3544 811 3585 vestrae
859 3534 1247 3600 tranquillitatis
1294 3532 1469 3583 animo
1513 3539 1655 3582 certa
1696 3530 1761 3581 ab
1813 3530 2054 3581 omnibus

507 3632 783 3674 teneantur
830 3632 881 3674 et
924 3621 1055 3682 lixa,
1097 3621 1233 3672 absit
1279 3631 1333 3671 ut
1383 3620 1702 3686 temporibus
1745 3619 1932 3672 vestris
1976 3618 2053 3669 di-

514 3712 615 3761 vini
642 3710 808 3762 cultus
832 3710 1119 3775 integritas,
1152 3719 1205 3761 et
1238 3709 1527 3776 antiquitus
1555 3710 1797 3761 roborata
1820 3709 1935 3761 lidci
1968 3723 2053 3761 ca-

514 3798 715 3850 tholicae
746 3806 945 3863 putetur
972 3797 1342 3862 interpellando
1368 3798 1660 3849 sinceritas.

581 3889 857 3955 Respicite,
887 3904 1085 3955 quaeso,
1116 3888 1178 3938 ad
1210 3888 1382 3939 divina
1410 3887 1692 3949 beneﬁcia;
1720 3893 1774 3938 et
1802 3900 1918 3953 qua:
1947 3884 2051 3939 sint

514 3979 656 4029 vobis
703 3979 889 4029 collata
946 3978 1281 4045 perpendite;
1330 3989 1486 4043 atque
1528 3986 1584 4029 ut
1634 3978 1745 4029 haec
1800 3990 2047 4042 prospera

512 4067 714 4119 valeant
762 4080 1086 4131 permanere,
1124 4065 1505 4131 propitiandum
1546 4078 1663 4117 esse
1707 4072 1921 4116 censete
1958 4077 2050 4114 au-

511 4165 705 4205 ctorem
731 4153 977 4213 muneris,
1003 4168 1103 4205 non
1127 4152 1439 4205 laedendum.
1469 4153 1608 4204 inter
1627 4151 1883 4217 quaslibet
1907 4152 2045 4203 enim

512 4241 877 4305 occupationes
920 4240 1149 4303 publicas
1194 4253 1220 4288 a
1264 4238 1508 4303 religioso
1552 4238 1785 4302 principe
1830 4251 2047 4301 magno-

514 4343 635 4394 pere
673 4325 1046 4392 proetirandum
1077 4333 1184 4385 est,
1221 4324 1358 4389 quod
1388 4323 1499 4389 ejus
1539 4324 1763 4389 protegit
1790 4323 2048 4389 principa-

512 4427 615 4465 tum
643 4430 654 4463 :
687 4424 736 4464 ct
778 4412 1093 4479 [tradem-uda
1127 4416 1326 4463 cunctis
1371 4414 1525 4464 rebus
1564 4421 1643 4465 est
1688 4413 1916 4464 ccclcstis
1954 4413 2045 4462 0b-

2155 3258 2259 3312 rnit
2280 3257 2607 3324 evangelistze
2636 3255 2781 3308 fa'cis
2804 3256 3035 3307 abscintli
3056 3296 3069 3314 ,
3095 3259 3321 3323 vigorem
3353 3272 3559 3312 sumere
3587 3276 3687 3314 non

2156 3358 2321 3415 polt‘St
2351 3344 2655 3398 renascendi
2684 3359 2698 3395 :
2730 3358 2824 3395 nec
2860 3344 2911 3395 in
2940 3344 3212 3398 dominicae
3256 3346 3375 3397 vitis
3409 3345 3685 3402 fiuctivatn

2154 3434 2505 3502 (fructi/erunt)
2531 3432 2666 3483 Valet
2702 3430 2874 3486 redire
2902 3434 3237 3502 propaginem
3258 3474 3271 3495 ,
3300 3434 3436 3502 quod
3464 3436 3567 3503 igni
3592 3438 3690 3503 _de~

2154 3501 2387 3588 putatum
2416 3529 2615 3572 constat
2644 3528 2859 3572 sterno.
3080 3501 3084 3502 ί
3322 3501 3329 3502 7
3488 3501 3505 3503 —
3592 3501 3603 3516 ι

2226 3610 2279 3664 Si
2333 3610 2591 3662 luerosum
2644 3611 2867 3679 denique
2917 3611 3331 3665 machinamenta
3382 3626 3687 3670 cunciarum

2152 3700 2523 3753 ecclesiasticis
2562 3710 2821 3767 prostrata
2870 3699 3095 3753 decretis
3133 3717 3396 3770 nunquam
3446 3708 3689 3758 sinuntur

2152 3790 2533 3858 Oppugnatione
2571 3790 2697 3842 elisa
2740 3791 2966 3856 reparari
3000 3790 3321 3843 certamina:
3353 3802 3475 3846 ante
3514 3795 3687 3847 omnia

2152 3888 2325 3931 autem
2376 3892 2586 3945 qiueso,
2642 3886 2697 3929 ut
2753 3878 2889 3930 beati
2947 3879 3098 3930 Marci
3148 3879 3480 3944 evangelista
3534 3878 3689 3934 aedes

2152 3952 2578 4036 (Alexandrinam
2604 3967 2785 4032 loquor
2808 3966 3117 4033 Ecelesiam)
3136 3982 3164 4017 a
3186 3969 3533 4021 cruentissimi
3558 3985 3687 4036 pra:-

2148 4056 2300 4110 donis
2331 4057 2661 4109 incubatione
2692 4058 2936 4120 liberata,
2968 4057 3225 4111 catholico
3251 4058 3564 4112 reformetur
3593 4074 3688 4113 an-

2150 4148 2325 4207 ti~titi,
2361 4146 2753 4213 libertatemque
2788 4160 2933 4199 suam
2966 4147 3160 4212 pariter
3200 4149 3416 4215 recipiat
3445 4160 3497 4201 et
3535 4151 3688 4217 quie-

2150 4240 2273 4287 tem.
2300 4238 2365 4287 At
2394 4251 2516 4287 vero
2547 4236 2733 4303 impius
2766 4237 3052 4300 parricida,
3085 4222 3170 4304 qui
3206 4237 3393 4291 divinis
3417 4240 3568 4292 simul
3607 4248 3686 4293 est

2148 4335 2268 4372 reus
2306 4322 2501 4389 legibus
2530 4334 2582 4374 et
2623 4323 2882 4384 humanis,
2928 4324 3171 4376 reductus
3210 4327 3391 4379 eodem
3430 4342 3533 4393 quo
3565 4328 3685 4395 jure

2148 4409 2315 4461 fuerat
2344 4422 2463 4464 aute
2494 4413 2754 4473 detrusus,
2786 4413 2850 4463 ab
2890 4412 3244 4465 innocentium
3287 4430 3416 4469 nece
3454 4420 3685 4470 retraha-

512 4505 782 4557 scrvautim
815 4501 1087 4565 rectittido,
1118 4502 1228 4552 sine
1259 4516 1357 4566 qua
1395 4512 1534 4553 recte
1564 4502 1701 4554 nulla
1731 4502 2039 4553 consistunt.
2073 4519 2120 4577 ο
2149 4508 2229 4552 tur
2254 4501 2571 4563 animarum;
2601 4503 2775 4568 procul
2800 4517 2824 4552 a
2857 4516 3015 4569 regno
3044 4502 3247 4568 pietatis
3276 4514 3461 4556 vestra:
3493 4504 3683 4559 funesti

510 4596 800 4657 Suppetunt
838 4589 1030 4641 affatim
1075 4590 1364 4640 clementia:
1406 4600 1505 4641 tua:
1548 4590 1611 4655 (si
1661 4590 1710 4641 iit
1752 4589 1923 4655 palatii
1963 4584 2041 4639 sui

510 4679 696 4737 reptiti
745 4678 952 4729 IIl-tlltiCl
993 4675 1248 4740 arcltivis)
1297 4689 1412 4726 eum
1463 4686 1754 4728 nostrorum
1802 4675 2039 4729 coeuntia

508 4768 803 4839 deﬁnitione
832 4765 1081 4830 titajorum
1106 4764 1414 4815 documenta
1439 4764 1667 4828 copiosa.
1697 4762 1873 4831 Neque
1902 4764 2039 4816 enim

507 4858 874 4910 conscientiam
922 4865 1144 4907 vestram
1195 4852 1353 4903 latere
1406 4852 1721 4903 credendum
1763 4862 1876 4915 est,
1926 4848 2041 4917 qua:

489 4926 597 5007 iper
627 4954 834 4996 cuni-tas
858 4942 1145 5006 previncias
1164 4939 1392 4991 Orientis
1416 4955 1477 4989 ex
1508 4940 1709 5003 imperii
1734 4940 1888 4993 vestri
1918 4955 2039 4991 arce

507 5033 689 5088 diﬂusa
731 5034 887 5079 sunt!
920 5029 1001 5079 illa
1039 5028 1235 5079 scilicet
1274 5040 1389 5092 qua:
1428 5028 1506 5077 vel
1550 5026 1613 5078 ad
1654 5042 1887 5093 augusta:
1930 5041 2038 5078 mc-

511 5122 682 5169 morize
710 5116 972 5175 Marciani,
1006 5116 1341 5166 ttiltiiOtttitttts
1369 5125 1419 5165 et
1454 5114 1659 5180 Leonis,
1692 5117 1770 5167 vel
1801 5116 1860 5165 ad
1887 5115 2039 5165 Chal-

508 5208 809 5259 cedonensis
840 5204 1041 5255 concilii
1080 5204 1239 5256 beata:
1274 5203 1648 5255 recordationis
1681 5203 2036 5267 prietIecesmr

512 5309 651 5346 mens
691 5294 789 5349 Leo
831 5293 1062 5344 consulta
1093 5290 1314 5340 direxit:
1348 5292 1531 5354 quibus
1578 5290 1643 5340 ita
1695 5292 1842 5354 plene
1882 5302 2033 5353 atque

509 5381 725 5434 dilucide
754 5387 1130 5432 sacramentum
1162 5377 1435 5428 dominice
1467 5367 1840 5429 incarnationis
1876 5396 2034 5443 expu-

508 5479 637 5542 suit,
674 5485 725 5528 ut
757 5488 853 5523 non
896 5471 1048 5521 modo
1091 5468 1405 5527 catholicus,
1459 5467 1547 5517 sed
1592 5484 1655 5519 ne
1701 5468 2028 5521 Christianus

510 5561 709 5633 quidem
738 5564 895 5611 valeat
929 5555 1229 5619 nuncupari,
1253 5556 1482 5618 quisquis
1514 5554 1615 5605 illic
1637 5566 1688 5608 et
1714 5558 2029 5623 l'Ctielllp'iO-

516 5648 594 5702 ηις
614 5662 713 5700 sua:
738 5656 918 5699 cauSas
950 5659 1051 5694 nou
1086 5642 1289 5693 cvitlcut
1317 5658 1349 5691 ~r
1374 5652 1634 5721 agnoscat.

2144 4590 2330 4654 capitis
2374 4605 2571 4642 venena
2617 4590 2887 4643 discedant
2919 4608 2933 4641 :
2980 4605 3094 4657 quae
3121 4591 3362 4657 quoniam
3399 4592 3681 4645 salutifera:

2146 4678 2528 4743 prredicationis
2578 4680 2790 4731 auribus
2836 4680 3122 4742 obturatis,
3171 4681 3478 4732 ntedtcantia
3525 4682 3681 4734 terba

2142 4782 2329 4833 capere
2367 4768 2737 4832 nequiverunt,
2770 4769 2835 4820 ab
2880 4769 3085 4820 humani
3128 4780 3415 4819 conventus
3458 4769 3679 4822 abducta

2144 4855 2392 4921 pernicie,
2421 4854 2472 4905 in
2499 4853 2788 4907 vitu'entim
2825 4870 2931 4908 suae
2972 4872 3197 4924 congrua
3242 4858 3521 4911 solitudine
3554 4872 3682 4910 Cono

2146 4946 2446 4997 tabescant:
2478 4958 2580 5009 quo
2609 4932 2768 5010 magis
2801 4946 2859 4997 Β.
2888 4946 3024 4998 Petri
3054 4949 3271 5011 apostoli
3306 4965 3453 5012 voce,
3485 4951 3679 5015 qualis-

2139 5045 2340 5094 cunque
2377 5031 2515 5081 sedis
2560 5030 2674 5095 ejus
2729 5032 2991 5092 minister,
3034 5033 3293 5096 obtestor,
3337 5046 3389 5085 ttt
3439 5036 3677 5087 inimicos

2138 5119 2359 5183 antiquae
2389 5117 2505 5168 lidci
2533 5134 2634 5169 non
2661 5118 2800 5169 sinas
2830 5121 3036 5183 impune
3062 5122 3317 5186 grassari,
3347 5123 3432 5188 qui
3467 5133 3671 5174 Vestros

2136 5208 2326 5271 Optatis
2360 5207 2547 5257 habere
2574 5206 2865 5271 subjectos;
2893 5217 2945 5258 ut
2974 5224 3105 5260 verae
3127 5209 3468 5262 Confessiunis
3494 5224 3673 5275 pacem

2142 5305 2353 5346 cunctas
2384 5294 2583 5345 Domini
2612 5312 2821 5349 servare
2850 5298 3142 5351 decernetis
3173 5300 3456 5359 Ecclesias,
3480 5299 3563 5366 qui
3595 5316 3677 5353 or-

2140 5384 2253 5435 bem
2296 5384 2455 5434 vestri
2497 5383 2701 5448 iutpetii
2746 5386 3054 5439 desideratis
3099 5399 3279 5439 tenere
3325 5402 3588 5453 pacatum;
3622 5397 3677 5441 et

2139 5472 2340 5521 unicam
2368 5486 2511 5533 spent
2542 5472 2739 5533 salutis,
2768 5490 2881 5537 qute
2916 5489 3077 5539 genus
3109 5475 3375 5527 hooiiutuu
3407 5476 3469 5526 ad
3513 5490 3670 5537 regna

2136 5559 2365 5610 cmlestia
2390 5562 2645 5624 vitamque
2670 5562 2901 5625 perducit
2921 5573 3170 5615 alternam
3189 5601 3203 5625 ,
3228 5564 3368 5614 nulla
3398 5564 3665 5630 patiamini

2137 5657 2277 5712 parte
2315 5647 2519 5709 vi-ilati,
2551 5648 2634 5712 qui
2668 5650 2921 5714 placatum
2968 5651 3127 5702 Deum
3160 5651 3237 5703 vel
3289 5665 3447 5716 regno
3487 5662 3664 5706 vestro
