3930 6416
238 277 305 332 ιε

1552 273 1873 329 EPISTULA
1918 274 2022 326 Vlll

3339 280 3406 335 :96

240 394 289 437 et
314 386 452 449 justa
478 390 634 444 sunt,
663 382 855 434 nostris
891 394 1097 448 quoque
1137 380 1458 448 temporibus
1486 382 1655 448 eloqui
1690 396 1778 448 po-
1805 389 1853 444 Α
1883 396 1992 433 ram
2018 382 2168 450 longe
2198 384 2395 449 potiora
2424 400 2577 451 quam
2604 386 2801 454 cupio:
2831 390 2922 441 sed
2955 393 3051 444 mei
3074 408 3269 446 memor
3297 395 3410 445 olli-

211 485 215 490 '
244 471 432 527 tentias
456 471 663 524 Domini
694 470 773 524 vix
804 470 1050 538 qntelibet
1078 470 1302 523 humana
1332 471 1505 538 lingua
1532 472 1773 525 Sufficiet.

240 562 369 625 Quis
409 560 604 614 etenim
652 560 823 613 valeat
864 560 948 613 vel
986 560 1300 626 cogitatione
1343 564 1645 628 compSecti,
1696 564 1776 617 vel

226 666 367 704 voce
392 650 727 717 depromere,
756 646 893 715 quod
920 649 970 701 in
999 650 1111 716 ipso
1137 651 1404 718 utriusque
1433 652 1505 704 rei
1539 652 1778 705 laboran-

243 741 308 793 tis
332 740 557 792 articulo
583 748 637 793 et
660 739 793 791 votis
836 737 1055 805 publicis
1082 739 1346 807 religionis
1374 753 1566 794 sanctae
1606 742 1779 794 reddi-

239 829 317 881 dit
339 842 434 881 vos
465 826 659 896 quieti,
695 825 794 879 nisi
824 826 962 894 quod
1011 828 1136 879 tanti
1175 830 1593 898 consideratione
1620 831 1801 895 mira-,

240 918 339 971 culi
369 916 701 971 clamandum
723 925 805 968 est
832 931 952 968 cum
982 918 1234 985 propheta
1262 934 1275 969 :
1309 916 1434 971 Haec
1462 929 1530 971 est
1570 922 1776 973 mutatio

240 1008 457 1059 dexteri:
482 1005 663 1057 excelsi
694 1003 861 1071 (Psal.
891 1004 1095 1073 Lxxvt),
1125 1021 1242 1073 quae
1266 1007 1555 1061 esaltantes
1585 1021 1776 1063 semet-

238 1095 382 1161 ipsos
412 1100 653 1159 potenter
677 1091 932 1156 ltumiliat,
966 1104 1019 1145 et
1049 1093 1383 1148 humiliantes
1412 1110 1467 1148 se
1491 1098 1776 1153 clementer

238 1182 475 1235 exaltat?
516 1180 569 1234 ln
611 1182 797 1250 quibus
832 1183 989 1235 etiam
1022 1183 1066 1236 si
1101 1184 1501 1249 dispensationis
1537 1201 1776 1252 superna:

238 1273 475 1340 sagacius
504 1286 750 1325 mensura
787 1272 1024 1336 lihretur,
1066 1274 1297 1340 profecto
1327 1274 1593 1330 evidenter
1620 1293 1777 1343 appa-

234 1371 349 1427 ret,
393 1362 514 1425 ideo
543 1361 859 1430 perﬁdorum
905 1362 1177 1428 irrepsisse
1222 1364 1499 1430 perniciem
1519 1405 1533 1429 ,
1564 1374 1621 1419 ut
1650 1366 1777 1420 lides

220 1451 527 1504 clementiae
587 1461 689 1502 tua:
747 1451 904 1502 etiam
965 1451 1101 1502 inter
1162 1449 1379 1503 adversa
1434 1442 1772 1517 probaretur;

235 1548 541 1607 quantoque
586 1541 749 1605 magis
792 1537 948 1590 rebus
992 1538 1161 1604 urgeri
1204 1536 1504 1591 crederetur
1540 1538 1771 1605 infestis,

230 1637 374 1681 tanto
408 1629 599 1681 clarius
622 1636 791 1679 vestra
819 1626 1217 1693 magnanimitas
1243 1625 1541 1681 immineret
1576 1644 1589 1679 :
1622 1638 1776 1696 atque

1880 472 1965 535 cii,
2002 474 2052 525 in
2076 473 2209 528 hanc
2238 484 2432 542 partem
2462 478 2787 530 clementiam
2817 490 2956 531 tuam
2985 480 3101 534 ideo
3130 483 3407 549 prolixiore

1879 559 2060 613 hortor
2104 562 2354 629 alloquio,
2405 566 2522 631 quia
2564 566 2764 631 imperii
2796 567 2865 618 tui
2915 570 3110 634 pariter
3140 580 3192 623 et
3228 573 3409 627 salutis

1874 648 2085 711 all‘ectu,
2110 650 2214 704 illis
2256 662 2305 705 te
2339 653 2508 705 causis
2539 654 2792 707 inhaerere
2821 670 3027 723 semper
3052 671 3263 724 exopto,
3292 664 3410 728 qni-

1876 738 1971 789 bus
2009 739 2138 792 solis
2166 750 2218 792 et
2239 743 2518 807 praesentis
2550 745 2691 810 regni
2723 745 2974 798 stabilitas
2997 749 3327 805 custoditur;
3360 762 3411 803 et

1878 828 2059 880 teterni
2080 828 2245 895 gloria
2275 841 2625 897 comparatur.
2661 830 2806 885 Unde
2845 843 2965 887 ante
2994 836 3167 887 omnia
3201 852 3403 901 precor,

1878 922 1933 965 ut
1975 915 2377 969 Aiexandrinam
2426 920 2712 972 Ecclesiam
2770 938 2872 973 non
2914 924 3082 976 minus
3131 939 3158 975 a
3207 925 3409 981 funesto

1876 1015 2032 1070 quam
2075 1004 2143 1056 ab
2174 1004 2417 1059 baeretico
2448 1023 2723 1074 pervasure
2751 1012 3041 1064 clementia:
3080 1022 3267 1065 vestrze
3304 1015 3411 1067 dis-

1828 1124 1832 1128 κ
1881 1095 2225 1162 positionibus
2256 1100 2561 1167 liberatam,
2593 1103 2852 1155 catholico
2890 1119 2950 1157 ac
2992 1106 3218 1172 legitimo
3259 1109 3409 1160 resti-

1876 1183 1949 1234 tui
1978 1185 2238 1239 censeatis
2262 1188 2513 1249 antistiti;
2557 1191 2736 1257 eisque
2775 1192 2931 1243 etiam
2960 1209 3090 1260 quos
3116 1195 3408 1248 temeritate

1877 1272 2132 1326 diabolica
2159 1275 2381 1328 dirersis
2418 1278 2654 1330 ecclesiis
2676 1278 2944 1331 ordinasse
2974 1282 3271 1347 perhibetur
3298 1284 3412 1349 eje-

1875 1360 1991 1422 ctis,
2026 1374 2180 1415 reeta:
2209 1364 2325 1417 tidei
2352 1367 2620 1432 subrogari
2648 1369 2974 1421 constituatis
3007 1370 3280 1437 episeopos
3310 1388 3324 1422 :
3354 1381 3410 1424 nt

1875 1450 2009 1503 sicut
2037 1451 2409 1518 rempublicam
2441 1464 2665 1507 vestram
2694 1471 2722 1507 a
2752 1458 3021 1527 tyrannica
3052 1459 3409 1514 dominatione

1878 1540 2163 1605 purgastis,
2196 1540 2264 1591 ita
2289 1542 2479 1609 uhiqne
2510 1543 2797 1598 Ecclesium
2828 1546 2919 1598 Dei
2949 1548 3016 1599 ab
3044 1548 3410 1602 hereticorum

1875 1626 2163 1681 latrociniis
2218 1638 2372 1697 atque
2416 1632 2667 1700 contagiis
2718 1636 2949 1695 eruatis;
2998 1651 3094 1689 nec
3145 1638 3192 1688 id
3236 1639 3409 1704 potius

229 1716 297 1769 ob
347 1719 449 1769 hoc
496 1714 907 1767 mansuetudinis
966 1724 1150 1767 vestra:
1193 1714 1259 1769 de
1299 1716 1769 1783 ConstantinOpoli—
1803 1718 1851 1776 B
1877 1716 2164 1781 praevalere
2212 1718 2495 1784 patiamini,
2537 1720 2673 1788 quod
2720 1721 2962 1788 iniquitas
3010 1730 3321 1790 temporum,
3352 1736 3408 1777 es

231 1810 353 1854 lana
380 1802 511 1855 urbe
531 1803 834 1869 provenisse
857 1802 1162 1865 discessum,
1186 1813 1241 1853 ut
1263 1803 1616 1857 universorum
1637 1807 1793 1860 desi-.

228 1890 392 1944 deriis
420 1890 671 1959 expetiti.
714 1891 876 1957 gloria
914 1890 1110 1956 majore
1142 1890 1414 1954 rediretis;
1463 1902 1518 1944 ut
1545 1908 1605 1947 ex
1646 1909 1771 1947 enn-

230 1979 505 2031 Irariorum
529 1978 795 2045 periculis,
818 1978 955 2045 quod
991 1978 1045 2030 in
1079 1980 1223 2032 vobis
1251 1989 1391 2031 esset
1418 1982 1619 2033 cunttis
1644 1984 1769 2036 utile

228 2072 552 2137 noseeretpr.
588 2064 846 2118 Davidicze
886 2064 1127 2116 nimirntn
1168 2065 1309 2118 illius
1341 2066 1547 2121 virtutis
1581 2082 1767 2121 exem-

228 2155 334 2223 plo,
375 2168 478 2223 qua
502 2155 751 2223 singulari
783 2154 1028 2223 patientia
1057 2155 1251 2209 cedens
1278 2157 1541 2222 paululum
1582 2157 1770 2211 furori-

224 2244 324 2297 bus
355 2243 652 2311 parricidae,
681 2245 931 2297 continuo
957 2244 1225 2298 victoriam
1267 2246 1570 2311 pepulormn
1604 2250 1770 2313 preci-

228 2328 320 2385 bus
352 2327 658 2399 imploratua
691 2334 1053 2399 praestantiore
1082 2334 1287 2402 fasnigio
1315 2344 1396 2388 est
1444 2351 1683 2389 reversus
1716 2340 1766 2390 in

226 2436 465 2491 regnum.
516 2421 716 2474 La‘tare
758 2423 929 2488 igitur,
972 2423 1283 2475 venerabilis
1329 2424 1631 2487 imperator,
1676 2442 1767 2479 eos

226 2508 387 2563 fuisse
417 2520 533 2563 tuus
554 2510 736 2563 hostes
763 2511 850 2577 qui
874 2510 1187 2564 exstiterunt
1218 2512 1510 2565 Divinitatis
1538 2514 1764 2582 inimici;

225 2606 379 2665 atque
425 2599 594 2665 gaude
620 2612 736 2650 cum
785 2598 1017 2650 Ecclesia
1060 2594 1344 2665 laborasse,
1397 2611 1447 2653 et
1487 2617 1603 2654 cum
1646 2605 1763 2657 fidei

226 2685 499 2738 catholica:
522 2686 757 2739 libertate
786 2686 1059 2754 imperium
1091 2690 1406 2751 resutntum,
1439 2699 1593 2757 atque
1633 2704 1684 2744 ut
1716 2694 1765 2745 in

227 2774 469 2826 omnibus
494 2774 687 2829 doceas
722 2788 929 2827 causam
961 2774 1051 2828 tibi
1081 2791 1195 2829 cum
1230 2777 1336 2829 Deo
1374 2793 1491 2832 e-se
1528 2794 1765 2836 commu-

226 2876 365 2926 nem,
400 2867 549 2929 cu;us
577 2878 675 2929 cpe
706 2863 924 2916 viriliter
954 2864 1116 2917 fretus
1142 2866 1359 2926 insiste;
1408 2880 1459 2918 ιιι
1489 2885 1581 2935 per
1608 2887 1762 2936 quem

226 2956 462 3019 publicos
485 2955 818 3007 incubatores
842 2956 1064 3023 subegit,
1090 2956 1338 3009 Ecclesia:
1358 2972 1562 3023 quoque
1586 2960 1763 3027 depel-

1872 1819 1964 1858 eos
1992 1822 2122 1873 quos
2144 1822 2246 1860 non
2275 1809 2441 1861 solum
2475 1822 2650 1864 vestro
2680 1812 2919 1878 imperio,
2961 1812 3051 1866 sed
3080 1824 3132 1866 et
3163 1815 3213 1867 in
3241 1814 3405 1867 Deum

1869 1909 2077 1962 quoque
2115 1898 2322 1950 rebellis
2360 1900 2575 1965 spiritus
2615 1904 2927 1965 cetieitavit;
2969 1918 3121 1970 quam
3152 1907 3287 1971 quod
3330 1914 3405 1957 tot

1870 1986 2104 2051 tantique
2144 1988 2435 2052 pontiﬁces,
2486 2000 2539 2041 et
2579 2004 2695 2042 cum
2738 1993 2961 2059 egregiis
2998 1995 3405 2056 orthodoxistue

1863 2072 2202 2136 pontiﬁcibus
2236 2076 2546 2128 universalis
2591 2078 2837 2131 Ecclesiae
2866 2081 3093 2134 decrevit
3135 2098 3401 2137 assensus.

1867 2158 2305 2217 Chalcedonensis
2329 2164 2513 2232 synodi
2551 2169 2855 2232 constituta,
2886 2171 2964 2221 vel
3003 2184 3063 2223 ea
3090 2186 3206 2239 qum
3238 2174 3405 2227 beata:

1868 2250 2135 2302 memoriae
2177 2252 2529 2317 praedecessor
2574 2270 2719 2308 meus
2760 2258 2866 2310 Leo
2909 2262 3188 2325 apostolica
3224 2263 3404 2315 erudi-

1870 2339 2008 2409 tione
2052 2340 2338 2404 perdocuit,
2398 2342 2702 2397 intemerata
2760 2347 2933 2411 vigere
2976 2349 3235 2414 iubeatis;
3284 2356 3402 2418 quia

1866 2441 1963 2479 nec
1986 2429 2092 2481 ullo
2122 2432 2276 2483 modo
2305 2434 2574 2485 retractari
2606 2443 2777 2500 potest
2805 2437 2940 2503 quod
2972 2439 3180 2491 illorum
3213 2441 3401 2494 defini-

1866 2518 2007 2570 tione
2046 2518 2269 2584 sepitum
2304 2530 2407 2585 est,
2446 2537 2543 2575 nec
2571 2524 2827 2578 ullatenus
2861 2510 3021 2594 recipi
3067 2529 3257 2584 totiens
3299 2546 3402 2584 uno

1866 2604 2096 2672 undique
2136 2622 2228 2661 ore
2263 2608 2559 2665 damnatus.
2594 2613 2706 2679 ipsa
2751 2624 2832 2667 est
2876 2611 3088 2684 quippe,
3136 2620 3268 2672 sicut
3299 2635 3402 2673 ex-

1865 2694 1997 2758 perti
2043 2696 2190 2758 estis,
2243 2699 2502 2751 catholica
2548 2700 2693 2767 ﬁdes,
2743 2718 2857 2769 qua:
2900 2716 3138 2771 potentes
3176 2708 3241 2762 de
3276 2710 3400 2764 sede

1865 2780 1988 2834 lmsa
2019 2782 2282 2851 deposuit,
2308 2796 2360 2839 et
2392 2788 2699 2843 exaltandos
2736 2791 2959 2846 huméles
2996 2796 3250 2849 cu3t0dita
3286 2812 3401 2853 ser-

1864 2872 2023 2922 vavit.
2057 2871 2235 2937 Quare
2276 2877 2403 2928 satis
2440 2880 2693 2945 agendum
2737 2890 2816 2933 est
2856 2885 3031 2950 pietati
3080 2894 3199 2950 tuae,
3230 2897 3283 2939 ut
3312 2889 3401 2956 qui

1866 2957 2020 3023 hujus
2048 2960 2136 3013 tibi
2163 2974 2345 3014 auctor
2371 2974 2450 3016 est
2473 2966 2614 3030 doni,
2654 2969 2721 3020 sit
2752 2968 2863 3035 ipse
2888 2972 3043 3024 etiam
3070 2984 3396 3043 propagator.

226 3047 293 3097 lat
323 3054 596 3114 tyrannos.
628 3044 773 3099 Sicut
802 3046 941 3096 enim
975 3044 1138 3110 pietas
1173 3054 1342 3097 vestra
1379 3048 1561 3099 merito
1587 3059 1758 3103 recte-
1788 3053 1832 3128 ς
1865 3044 1988 3098 Data
2021 3056 2207 3100 octavo
2250 3051 2339 3117 [al.
2371 3054 2603 3123 septimo]
2654 3058 2771 3110 idus
2810 3059 3051 3113 Octobris
3080 3063 3236 3131 (anno
3270 3064 3393 3119 Chr.

225 3147 323 3200 que
350 3132 711 3197 conlidit,‘illo
739 3147 835 3188 nos
863 3142 1098 3198 tempore
1138 3133 1262 3185 nihil
1293 3133 1431 3187 aliud
1475 3134 1636 3189 Deum
1669 3155 1764 3192 nu—
1810 3124 1815 3128 ’

225 3232 386 3277 atrum
410 3222 721 3290 suppliciter
746 3222 1072 3289 implorasse,
1103 3237 1255 3289 quam
1287 3231 1343 3274 ut
1364 3223 1513 3275 nobis
1542 3223 1761 3280 Romani

225 3310 429 3378 imperii
473 3312 723 3378 praesules
762 3311 942 3379 quales
988 3327 1123 3363 nunc
1154 3310 1434 3378 l0quimur,
1475 3315 1759 3370 reddi-ren-

224 3410 339 3463 tur;
380 3400 449 3453 ita
495 3401 783 3467 exspectari
825 3401 1021 3465 cernis,
1064 3410 1122 3453 ut
1170 3400 1466 3468 hujusmodi
1520 3419 1613 3459 vos
1646 3422 1762 3467 esse

224 3493 457 3559 ipsorum
513 3502 719 3545 actuum
773 3492 1026 3561 qualitate
1083 3496 1407 3551 monstretis.
1464 3498 1757 3563 Respicite,

224 3596 421 3648 quaeso.
471 3590 705 3649 augustae
758 3582 1024 3636 memoriae
1077 3584 1321 3638 Marciani
1368 3596 1524 3654 atque
1571 3588 1761 3641 Leonis

223 3672 362 3722 omni
409 3668 605 3722 mundo
650 3672 983 3737 censpieuam
1030 3673 1281 3725 catholica
1320 3674 1597 3729 devotione
1635 3692 1761 3729 eon-

223 3759 465 3812 stantiam
492 3769 577 3821 ;et
605 3758 801 3812 salubri
831 3759 1251 3815 consideratione
1282 3765 1605 3831 perpendite,
1637 3781 1754 3819 cum

222 3846 273 3899 in
302 3847 490 3900 eodem
518 3846 633 3899 loco
661 3854 803 3900 stare
822 3849 1151 3915 nequiverint
1180 3850 1267 3917 qui
1298 3852 1362 3901 ah
1396 3866 1573 3902 eorum
1605 3854 1761 3904 recti-

224 3934 402 3987 tudine
425 3935 720 3995 deviarunt,
759 3948 1113 3988 successorem
1153 3937 1308 4000 regia:
1335 3938 1604 3999 potestatis
1631 3938 1757 4005 legi-

221 4024 429 4084 timum,
455 4036 516 4074 ac
535 4021 791 4075 divinitus
824 4022 1125 4074 attributum
1155 4037 1273 4074 eum
1299 4021 1409 4075 fore
1440 4022 1552 4077 sine
1575 4025 1752 4094 dubio,

220 4116 304 4177 qui
336 4114 545 4163 illorum
577 4110 695 4161 lidei
729 4110 1017 4175 perstiterit
1054 4110 1303 4164 imitator.
1334 4112 1523 4179 Debes,
1563 4115 1756 4184 glorio-

220 4200 426 4253 sissime
445 4204 502 4249 et
527 4196 928 4251 clementissime
958 4198 1030 4251 ﬁli
1062 4200 1361 4266 imperator,
1389 4216 1621 4271 augusta:
1648 4222 1756 4259 me-

221 4287 401 4341 moriae
429 4294 689 4341 tantorum
711 4286 936 4341 virorum
964 4289 1245 4358 taliumque
1266 4294 1632 4367 reverentiam,
1664 4296 1756 4349 de-

1862 3134 1990 3202 477)
2017 3145 2134 3203 post
2161 3140 2485 3193 consulatum
2516 3143 2749 3198 Basilisci
2780 3157 2831 3199 et
2864 3148 3086 3202 Armati.

2463 3272 2780 3327 EPISTULA

2209 3399 2374 3438 Αυιιςιι
2404 3401 2468 3437 ΑΒ
2502 3400 2787 3442 ειιιιιιτειυιι
2817 3405 2979 3444 ΡΑΡΑΜ
3001 3402 3045 3446 ³ο

1862 3488 2178 3561 Simplicium
2216 3494 2277 3545 de
2314 3496 2670 3548 Alexandrina
2695 3496 2935 3554 Ecclesia:
2974 3513 3104 3555 statu
3138 3508 3391 3561 certiorem

1932 3559 2320 3638 [transeuntis
2363 3564 2704 3638 ob_Timothei
2732 3567 2947 3621 heretici
2996 3584 3219 3638 mortem,
3252 3559 3396 3631 Petri

1930 3626 2108 3713 Hogg't:
2130 3631 2352 3713 ej‘usdem
2402 3631 2639 3713 Ecclesia
2686 3638 3040 3713 patagiatam}
3070 3626 3273 3711 fugarit,

1927 3710 2039 3767 cem;
2063 3695 2303 3752 Ecclesia:
2327 3702 2570 3753 redditam
2594 3695 2716 3766 esse,
2745 3720 2804 3755 ac
2835 3695 3150 3761 Timothequ
3162 3695 3266 3764 ιιιέ
3282 3695 3396 3767 erat“

1927 3765 2221 3817 restitutum.

1860 3870 2081 3926 Domino
2110 3876 2421 3958 beatissimo.
2453 3883 2803 3958 sanctonpatri
2842 3884 3233 3958 archiepiscopo
3271 3887 3389 3958 [pa-

2092 3942 2324 3993 triarchas
2343 3946 2593 4013 episcopo]
2624 3948 2889 4013 Simplicio
2914 3942 3149 4006 Aeacius.

1926 4025 2337 4083 Sollicitudinem
2388 4033 2619 4085 omnium
2671 4035 3050 4103 Ecelesiarum,
3097 4042 3383 4101 secundum

1856 4106 2162 4183 Apbstolum
2193 4117 2276 4188 (Η
2310 4118 2426 4175 Cor.
2459 4124 2554 4191 xi),
2588 4123 3035 4193 circumferentes,
3072 4146 3166 4186 nos
3191 4133 3387 4190 indesi-

1858 4216 2041 4260 nenter
2072 4206 2370 4272 hortamini,
2398 4212 2634 4278 quamvis
2664 4224 2847 4282 sponte
2876 4218 3147 4285 vigilantes
3171 4237 3230 4276 ac
3251 4239 3384 4293 pra:-

1857 4308 2127 4350 currentes
2161 4316 2171 4348 :
2202 4301 2295 4352 sed
2322 4314 2413 4352 vos
2433 4299 2663 4355 divinum
2693 4305 2859 4359 zelum
2889 4310 3041 4361 solito
3069 4311 3255 4381 [diuina
3275 4315 3382 4368 solo

220 4379 314 4432 bes
337 4379 480 4431 vices
515 4376 817 4429 muneribus
848 4377 959 4431 Dei.
998 4378 1089 4431 llle
1120 4386 1171 4433 te
1212 4381 1275 4433 ad
1309 4381 1524 4436 istorum
1552 4384 1757 4439 reduxit
1783 4395 1832 4454 ι)
1857 4374 2114 4455 sollicitos]
2155 4388 2547 4453 demonstratis,
2576 4403 2766 4446 statum
2801 4374 3163 4455 Alexandrina)
3202 4403 3382 4460 Eccle-

221 4468 535 4535 imperium:
566 4476 618 4519 tu
665 4465 772 4519 Deo
800 4466 913 4519 istis
956 4468 1178 4521 similem
1223 4469 1383 4523 redde
1426 4471 1747 4527 famulatum.

219 4559 282 4611 Et
311 4558 430 4625 quia
460 4556 574 4609 hac
600 4556 751 4608 beato
782 4555 1031 4623 Apostolo
1064 4555 1283 4609 docente
1312 4572 1406 4611 nos
1443 4558 1597 4611 Petro
1636 4575 1749 4614 mea

218 4662 386 4713 nuper
415 4644 710 4699 humilitate
748 4643 1083 4710 prmdicante,
1124 4644 1345 4697 refutat:
1373 4654 1511 4706 sunt,
1544 4661 1571 4697 a
1600 4663 1753 4700 casu-

219 4737 310 4796 ris,
345 4734 454 4786 Deo
483 4730 704 4794 factore,
735 4729 1006 4797 proficiant
1048 4730 1098 4782 in
1130 4732 1274 4799 regni
1316 4733 1575 4787 soliditate
1602 4751 1748 4788 man-

216 4825 373 4876 suris.
406 4821 656 4889 Equidem
697 4818 885 4873 litteris
912 4833 1041 4887 quas
1067 4828 1244 4874 vestra
1280 4822 1549 4876 clementia
1589 4825 1747 4879 desti-

216 4914 384 4974 navit,
441 4912 625 4977 pignus
679 4909 986 4964 immensum
1035 4912 1344 4966 veneranda:
1394 4915 1744 4985 religiositatis

214 5000 579 5069 accipienstet
607 4996 801 5065 ingenti
828 4998 1170 5065 gratulatione
1196 5001 1420 5068 respiro.
1452 5013 1503 5056 et
1530 5008 1746 5060 omnino

214 5102 318 5140 non
344 5083 554 5151 ambigo
578 5092 805 5152 mentem
836 5093 1058 5137 vestram
1088 5086 1138 5139 in
1171 5089 1325 5141 rebus
1355 5089 1545 5145 divinis
1567 5106 1743 5161 gestu-

282 5247 308 5273 ι
340 5238 394 5289 ln
424 5233 545 5288 eod.
579 5229 842 5285 vetustiss.
867 5230 1181 5299 Frisingensi
1217 5250 1372 5300 stec.,
1406 5246 1461 5291 ut
1492 5238 1613 5292 alibi
1641 5256 1735 5293 an-

214 5306 421 5374 notavi,
479 5317 599 5374 vui,
649 5300 761 5374 Irae
813 5300 1037 5374 epistola
1078 5304 1146 5374 ita
1173 5309 1495 5374 enuntiatur
1524 5309 1729 5374 :lircip.

213 5372 493 5441 αειιιριιιηι
519 5367 738 5439 epistolas
758 5382 902 5435 quem
926 5366 1044 5438 (sic)
1072 5371 1204 5423 misit
1228 5371 1438 5427 Aeacius
1456 5378 1524 5427 ad
1552 5366 1734 5431 sancta

212 5494 443 5535 meum
464 5497 631 5540 orans,
660 5479 723 5531 ab
751 5477 969 5545 Ιιιιηωηιι
996 5479 1095 5532 vita
1132 5480 1309 5535 hausto
1336 5499 1523 5539 ueneno
1548 5486 1745 5540 soluta

212 5562 306 5607 at.
330 5552 400 5604 lta
424 5554 475 5605 in
502 5549 838 5617 semetipsum
857 5546 998 5615 justo
1026 5548 1115 5604 Dei
1139 5548 1335 5621 judicio
1363 5554 1554 5611 vindex
1574 5556 1741 5621 scele-

1854 4472 1947 4525 sire
1976 4475 2169 4528 certius
2210 4479 2565 4543 requirentes;
2598 4492 2653 4534 ut
2696 4498 2789 4550 pro
2830 4489 3056 4550 piternis
3095 4493 3380 4547 canonibus

1853 4562 2149 4625 suscipiatis
2194 4563 2447 4629 laborem,
2493 4569 2725 4634 piissimo
2762 4572 3015 4627 stillantes
3055 4578 3245 4633 sudore
3285 4597 3378 4649 pro

1855 4648 1951 4711 bis,
1985 4652 2118 4701 sicut
2144 4664 2349 4717 semper
2378 4666 2459 4708 est
2496 4660 2857 4723 approbatum.
2891 4662 2993 4716 Sed
3024 4664 3256 4722 Christus

1854 4738 2023 4791 minus
2048 4750 2241 4806 noster,
2272 4746 2356 4809 qui
2387 4746 2719 4813 diligentibus
2745 4764 2801 4802 se
2830 4750 2880 4802 in
2918 4752 3105 4811 bonum
3127 4772 3379 4826 coepera-

1853 4838 1933 4882 tur
1969 4831 2139 4900 (Rom.
2190 4836 2321 4902 vni),
2365 4840 2555 4892 nostris
2593 4844 2986 4910 cogitationibus
3034 4851 3287 4917 insidens,
3321 4865 3378 4909 et

1850 4933 2007 4971 unam
2032 4921 2177 4974 nobis
2210 4924 2257 4975 in
2287 4925 2366 4978 his
2393 4938 2617 4983 mentem
2645 4942 2795 4997 atque
2824 4936 3057 4991 eamdem
3086 4955 3176 5006 pro
3204 4943 3375 5010 gloria

1848 5024 1939 5061 Sua
1968 5024 2085 5063 esse
2110 5026 2451 5083 cognoscens,
2476 5035 2682 5073 omnem
2710 5023 3108 5095 victorianripse
3132 5031 3366 5100 perfecit,

1848 5108 2118 5153 consortes
2149 5117 2244 5155 nos
2270 5120 2386 5157 cum
2419 5108 2843 5175 tranquillissime
2876 5118 3107 5184 principe
3140 5118 3368 5186 faciens,

1838 5249 2427 5334 rite‘ntoriwi‘sintp'l‘icium
2454 5273 2637 5334 papam
2664 5261 2899 5334 lienteria:
2926 5270 3078 5334 urbis,
3108 5270 3189 5321 ubi
3219 5273 3365 5328 dumo

1837 5324 2011 5367 natum
2047 5321 2211 5371 retulit
2236 5320 2881 5392 Petrum'Alexandrinum.

1846 5503 1961 5541 rum
1982 5502 2191 5571 suorum
2223 5492 2522 5571 insurreait,
2552 5498 2635 5571 cui
2661 5500 2996 5571 imperatores
3023 5504 3108 5570 qui
3138 5519 3365 5571 praeces-

1845 5561 2027 5612 serunt
2048 5560 2223 5629 inique
2254 5560 2531 5619 admodum
2562 5560 2883 5633 ignoverant.
2910 5560 3262 5631 Sevauiws.
