3908 6420
386 463 394 470 ,
437 411 501 464 Π
1743 405 2044 461 51111³1ι1011
2083 406 2279 461 PAPA‘I
3527 409 3593 460 ις

434 527 487 569 et
529 512 856 568 Timotheum
885 513 1090 580 quidem
1125 511 1475 576 decessorem,
1524 511 1808 579 spirantem
1843 529 1962 580 pro-
1990 521 2037 576 Α
2067 515 2163 577 dit,
2207 527 2323 582 qua:
2372 528 2466 566 nos
2495 514 2683 568 liberos
2733 528 2825 582 pro
2871 514 3073 582 populis
3114 513 3420 569 Christianis
3457 522 3592 581 apttl

432 605 613 665 cellas,
648 613 701 656 et
726 603 1129 656 ecclesiasticam
1165 602 1590 669 tranquillitatem
1624 602 1781 669 (sicut
1805 618 1962 670 appa-

432 694 557 760 ruit)
594 693 1011 753 contnrbantem,
1051 693 1169 743 vita:
1195 691 1443 744 subduxit
1480 691 1738 755 humanm,
1785 694 1964 745 dicens

429 786 474 839 ei
501 797 515 833 :
540 782 668 847 Tace
692 792 737 834 et
758 780 1238 847 obmtesceUIarc.
1270 779 1363 848 μ’).
1397 782 1602 834 l'etrum
1628 798 1851 850 quoque,
1875 785 1961 850 qui

429 872 494 922 ab
523 868 838 922 Alexandria
871 881 1016 920 more
1048 867 1290 920 similiter
1317 867 1538 939 [similis]
1570 870 1808 935 procellm
1847 885 1963 922 sur-

430 967 657 1018 rexerat,
683 955 978 1021 dissipavit,
1019 966 1175 1020 atque
1205 956 1254 1008 in
1282 967 1528 1008 aeternam
1560 957 1728 1023 fugam
1758 958 1962 1024 (sancto

428 1047 624 1114 Spiritu
656 1044 832 1111 ﬂante)
862 1045 1141 1101 convertit.
1181 1061 1339 1098 unum
1381 1056 1435 1099 et
1467 1049 1631 1114 ipsum
1669 1048 1734 1100 de
1767 1050 1845 1100 his
1872 1049 1958 1114 qui

427 1138 548 1187 olim
590 1135 794 1187 fuerant
816 1135 1064 1186 damnati.
1099 1134 1238 1188 Sicut
1262 1135 1401 1188 enim
1435 1137 1484 1188 in
1514 1139 1704 1190 nostris
1733 1138 1960 1192 archivis

428 1221 694 1293 [conciliis]
729 1224 993 1274 inventum
1023 1230 1122 1287 est,
1169 1231 1222 1274 et
1248 1221 1313 1275 de
1361 1224 1550 1276 vestris
1588 1225 1791 1277 scriniis
1819 1225 1958 1295 [ure-

428 1309 587 1378 nue],
637 1311 681 1363 si
729 1310 1010 1379 dignamini
1055 1311 1340 1378 requirere,
1396 1312 1631 1378 poteritis
1677 1328 1960 1381 agnoscere

426 1416 542 1464 quae
571 1402 620 1453 in
664 1408 899 1467 tempore
947 1399 1012 1452 de
1060 1400 1243 1452 eodem
1285 1401 1582 1464 subsecuta,
1630 1401 1694 1452 ab
1736 1403 1960 1454 Alexan-

428 1489 579 1541 drino
618 1489 861 1555 episcopo
909 1487 1126 1540 Romam
1170 1488 1234 1539 ad
1283 1487 1591 1540 alterutrum
1634 1489 1737 1540 sint
1778 1490 1954 1542 relata.

427 1577 524 1642 Qui
553 1578 736 1630 Petrus
765 1576 931 1629 noctis
961 1575 1191 1628 existens
1229 1575 1385 1636 filius,
1417 1583 1470 1629 et
1505 1591 1716 1643 operum
1743 1578 1841 1630 diei
1872 1577 1957 1630 lu-

429 1667 657 1722 centium
682 1669 882 1720 alienus
901 1680 1178 1734 apparens,
1203 1669 1417 1721 omnino
1443 1669 1681 1721 tenebras
1709 1670 1771 1721 ad
1801 1670 1958 1721 latro-

427 1758 620 1810 cinium
674 1755 1028 1824 peragendum
1081 1749 1368 1823 congruas,
1421 1771 1598 1808 earum
1649 1768 1960 1823 cooperator

427 1846 699 1898 inveniens
721 1844 890 1897 media
920 1853 1094 1905 nocte,
1125 1841 1296 1894 adhuc
1312 1843 1521 1908 jaccnte
1542 1843 1792 1896 cadavere
1820 1844 1959 1896 illius
1990 1861 2035 1918 Β

426 1934 510 2001 qui
539 1941 784 2000 paternos
811 1944 1042 1984 canones
1065 1929 1415 1991 subverterat,
1459 1930 1740 1995 insepulta,
1779 1931 1961 1984 subre—

426 2023 528 2090 psit
557 2023 604 2074 in
647 2021 821 2074 sedem
853 2019 1118 2090 [surripuit
1151 2017 1358 2087 sedem],
1384 2017 1513 2071 sicut
1543 2019 1654 2084 ipse
1680 2020 1959 2071 arbitratus

424 2122 528 2174 est,
569 2125 675 2164 uno
704 2119 756 2163 et
784 2108 898 2163 solo
940 2117 1218 2178 praesente,
1268 2117 1322 2162 et
1349 2123 1413 2161 eo
1453 2109 1540 2173 qui
1569 2121 1785 2161 consors
1822 2107 1960 2160 illius

433 2201 707 2253 insistebat
726 2199 961 2262 insaniae,
989 2198 1058 2250 ita
1088 2208 1142 2250 ut
1169 2207 1383 2266 propter
1411 2198 1507 2251 hoc
1531 2198 1814 2264 majoribus
1837 2211 1958 2264 sup—

425 2291 594 2357 pliciis
619 2289 934 2343 subderetur
964 2305 976 2338 :
1007 2302 1104 2340 nec
1134 2287 1268 2354 quod
1309 2289 1550 2354 sperabat
1581 2287 1823 2339 effectum
1854 2293 1953 2339 est.

427 2380 527 2434 Sed
559 2380 646 2432 ille
665 2377 870 2446 quidem
895 2376 960 2429 de
989 2389 1046 2430 se
1074 2390 1137 2428 ex
1169 2384 1314 2444 parte
1344 2377 1421 2428 vel
1457 2375 1669 2426 minima
1695 2375 1954 2442 judicans,

425 2482 676 2535 noSquam
708 2467 913 2534 penitus
935 2464 1148 2517 omnino
1187 2464 1496 2530 comparuit.
1536 2464 1839 2515 Timotheus
1868 2476 1956 2514 au-

426 2577 527 2615 tem
551 2572 881 2630 paternorum
904 2573 1156 2611 canonum
1188 2567 1384 2622 custos,
1415 2559 1502 2625 qui
1532 2557 1790 2610 Davidicre
1811 2572 1957 2608 man-

424 2649 710 2703 suetudinis
733 2647 973 2713 exemplo
1009 2647 1268 2710 subditur,
1300 2655 1351 2698 et
1385 2660 1550 2711 usque
1589 2645 1639 2697 in
1687 2646 1841 2696 finem
1869 2658 1957 2710 pa-

437 2739 589 2801 tiens,
633 2746 786 2803 atque
815 2735 1056 2802 potestati
1085 2735 1309 2802 propriae
1351 2735 1622 2786 restitutus
1651 2749 1678 2784 a
1727 2733 1954 2797 Christo,

425 2828 647 2897 propriae
673 2827 812 2880 sedis
845 2828 1040 2878 honore
1073 2825 1313 2877 Letatur:
1348 2834 1399 2876 et
1437 2824 1784 2890 spiri‘ualium
1827 2823 1958 2873 lilio-

428 2933 538 2969 rum
574 2930 728 2968 voces
768 2915 1049 2982 accipiens,
1096 2913 1314 2982 gratiam
1365 2913 1647 2962 curationis
1691 2921 1958 2976 exspectat

428 3007 766 3073 multiplicato
794 3005 921 3058 inse
945 3004 1143 3056 lmnore
1172 3019 1199 3054 a
1222 3000 1429 3055 Christo
1458 3001 1688 3067 principe
1714 2999 1958 3052 sacerdoa

425 3107 531 3148 tum
566 3113 576 3146 :
613 3102 826 3161 prOptcr
852 3107 1004 3159 quem
1051 3103 1101 3144 et
1130 3092 1421 3144 tolerantia:
1461 3095 1706 3142 coronam
1755 3089 1957 3141 sibimet

2063 603 2492 669 omnipotentiam
2543 603 2810 656 cmlestem
2849 610 3060 669 prestat
3087 602 3417 670 interpretes.
3448 602 3595 656 Sicut

2061 710 2186 765 ergo
2227 697 2276 748 in
2307 693 2475 745 reditu
2509 691 2684 744 fratris
2714 705 2762 745 et
2797 692 3089 760 coepisc0pi
3139 692 3302 743 nostri
3331 692 3592 746 Timothei

2062 785 2405 854 gratulamur,
2449 783 2516 834 ita
2540 797 2655 834 eum
2682 790 3047 834 commenente
3073 781 3362 834 dilectione
3391 791 3474 833 tua
3501 797 3593 833 cu-

2062 874 2229 940 pimus
2280 869 2788 936 irreprehensibilem
2839 869 3056 936 reperiri
3093 887 3104 921 :
3137 869 3258 936 quia
3307 869 3589 921 meministi

2061 960 2181 1023 hoc,
2212 973 2328 1011 eum
2370 958 2672 1025 jamdudum
2714 958 2878 1010 fidelis
2917 959 3151 1024 praesulis
3197 973 3297 1010 non
3345 957 3590 1010 habuisse

2059 1047 2428 1109 constantiam,
2458 1047 2665 1115 quando
2693 1048 2760 1109 ei,
2799 1057 2854 1099 ut
2883 1047 3107 1099 damnati
3143 1047 3369 1099 Dioscuri
3401 1060 3588 1097 nomen

2061 1139 2197 1192 inter
2240 1137 2420 1190 altaria
2461 1139 2789 1200 recitaretur,
2834 1145 3093 1188 extortum
3129 1147 3229 1188 est.
3272 1136 3396 1188 Data
3435 1135 3590 1187 tertio

2060 1228 2176 1281 idus
2227 1227 2397 1280 Hartii
2446 1227 2598 1295 (anno
2641 1225 2760 1280 Chr.
2807 1227 2954 1294 478),
3003 1227 3249 1280 Illo.vir0
3295 1225 3590 1280 clarissimo

2057 1317 2288 1371 consule.

2606 1407 2922 1461 EPISTOLA
2956 1409 2994 1460 Χ
3011 1446 3024 1460 .

2221 1511 2455 1550 SIIIPLICII
2487 1512 2627 1549 ΡᾹΡᾸΞ
2667 1513 2730 1548 AD
2770 1511 3002 1548 ZENOVl-II
3039 1511 3418 1550 ιυρεκιτοιιειῐ.

2057 1602 2258 1657 Gratias
2289 1608 2390 1671 agit
2434 1601 2747 1655 Timotheum
2777 1604 3126 1656 Alexandrina:
3166 1604 3398 1656 Ecclesia:
3436 1604 3582 1654 resti-

2129 1681 2310 1742 tutum,
2351 1689 2558 1736 eumque
2600 1683 2740 1742 rogat
2769 1683 2821 1722 ut
2860 1672 3055 1723 Petrum
3094 1674 3314 1742 ejusdem
3348 1671 3584 1723 Ecclesia:

2128 1741 2511 1805 perturbatorcm
2543 1740 2724 1809 expelli
2738 1743 2930 1810 jnbeat.

2263 1849 2560 1914 Simplicius
2585 1851 2860 1916 episcopus
2889 1850 3084 1902 Zenoni
3116 1850 3366 1917 Augusto.

2130 1941 2228 1992 Per
2258 1940 2466 1993 Petrum
2494 1941 2658 1991 virum
2684 1939 3031 2006 spectabilem
3071 1940 3312 1992 comitem
3344 1935 3584 1990 PTac'dia:

2059 2019 2397 2080 nobilissima:
2444 2027 2650 2080 femina:
2701 2027 2826 2079 olim
2879 2025 3172 2077 divinorum
3236 2025 3585 2078 exsultatione

2058 2133 2349 2180 munerum,
2377 2117 2703 2184 triumphalis
2735 2117 2783 2168 in
2819 2116 3039 2168 Domino
3069 2116 3212 2183 regni
3242 2115 3397 2169 vestri
3422 2115 3585 2183 gloria

2055 2207 2317 2271 dilatatur,
2368 2222 2486 2258 cum
2533 2199 2843 2257 universalis
2891 2205 3135 2257 Ecclesize
3174 2205 3360 2270 gaudio
3390 2204 3585 2256 medio-

2055 2295 2251 2349 critatis
2278 2310 2404 2346 mea:
2433 2295 2635 2346 lit'eras
2665 2295 2916 2345 obtulisse
2942 2291 3297 2354 meminerint;
3329 2305 3425 2343 nec
3455 2291 3539 2342 inte
3560 2305 3586 2342 ι’

2057 2383 2327 2436 universos
2375 2383 2645 2434 catholica:
2694 2381 2810 2432 ﬁdti
2845 2381 3142 2432 sacerdotes
3181 2394 3336 2444 opera
3383 2378 3583 2429 Domini

2058 2472 2217 2523 DOSlli
2245 2471 2323 2524 vel
2370 2473 2511 2523 solus
2551 2471 2694 2536 potui
2723 2480 2916 2530 tacere,
2961 2471 3040 2521 vel
3082 2467 3276 2535 primus
3308 2482 3320 2516 :
3360 2465 3475 2532 quia
3503 2479 3584 2517 se-

2055 2560 2280 2613 cundum
2313 2558 2520 2612 beatum
2552 2558 2764 2610 Paulum
2791 2558 3079 2624 apostolum
3105 2554 3189 2624 (II
3212 2553 3328 2607 Cor.
3353 2556 3468 2619 xu),
3490 2553 3585 2607 Ec-

2057 2651 2330 2704 clesiarum
2361 2650 2590 2702 omnium
2617 2663 2793 2702 curam
2843 2649 3126 2711 sustinens,
3169 2647 3294 2699 mihi
3323 2660 3580 2697 summam

2055 2741 2226 2806 gaudii
2254 2739 2317 2791 de
2342 2739 2540 2790 reddita
2565 2752 2657 2806 pro
2686 2740 2852 2790 eleine
2879 2739 2963 2789 .tia
2999 2747 3168 2789 vi-stra
3196 2751 3370 2787 carum
3412 2733 3583 2800 quiete

2057 2827 2354 2893 specialiter
2399 2826 2676 2889 vindicavi,
2727 2829 2862 2892 qu.:d
2912 2840 3003 2876 vos
3044 2824 3334 2876 Divinitatis
3371 2822 3584 2885 auxilio,

2058 2916 2271 2978 deget-tis
2326 2915 2588 2981 religionis
2639 2925 2690 2965 et
2729 2914 2870 2981 regni
2930 2914 3181 2978 hostibus,
3241 2911 3586 2963 meruerimus

2061 3003 2249 3054 habere
2304 3003 2544 3062 victores,
2597 3010 2649 3053 et
2704 3001 2755 3052 in
2813 3015 2914 3051 uno
2971 2999 3257 3065 eodemque
3307 3005 3582 3064 proventu,

2061 3093 2270 3145 Christo
2300 3095 2347 3144 in
2385 3092 2531 3144 nobis
2564 3091 2755 3159 ubique
2786 3091 3041 3154 vincente,
3082 3099 3134 3142 et
3162 3089 3332 3140 cultus
3364 3101 3498 3139 verte
3529 3087 3586 3136 li-

426 3188 685 3255 religavit.
741 3184 1007 3238 Attentius
1053 3183 1208 3250 igitur
1248 3189 1361 3235 oret
1403 3191 1572 3235 vestra
1622 3169 1960 3233 beatitudo-et
1986 3186 2031 3248 (ζ
2060 3185 2162 3243 dei,
2202 3193 2254 3235 et
2286 3193 2450 3234 status
2479 3191 2558 3236 est
2588 3193 2854 3248 reparatus
2881 3180 3120 3246 imperii:
3154 3177 3288 3244 quod
3313 3185 3585 3241 utrumque

426 3291 519 3344 pro
554 3273 998 3327 Christianissimo
1047 3270 1380 3338 imperatore,
1432 3280 1482 3323 et
1522 3285 1616 3338 pro
1659 3269 1953 3336 nobisipsis.

425 3366 561 3419 lVihil
589 3365 728 3417 enim
757 3361 1162 3430 prmtermittitur
1191 3374 1371 3413 eorum
1401 3374 1516 3425 quae
1558 3357 1621 3411 ad
1669 3355 1954 3410 cusw‘diam

425 3454 793 3508 ecclesiastica:
839 3451 1122 3516 respiciunt
1157 3449 1466 3515 disciplinas.
1509 3446 1815 3499 Universum
1856 3447 1958 3497 fra-

429 3541 723 3595 ternitatem
755 3553 869 3605 quze
909 3537 1173 3588 vobiscum
1225 3545 1304 3587 est
1338 3538 1387 3586 in
1416 3534 1649 3594 Christo,
1701 3545 1749 3586 et
1782 3549 1876 3600 ego
1907 3542 1958 3584 et

427 3633 512 3698 qui
553 3642 754 3681 mecum
799 3633 938 3688 sunt,
979 3626 1286 3675 salutamus.
1325 3622 1383 3673 Et
1415 3623 1517 3673 alia
1556 3638 1725 3671 manu.
1776 3621 1828 3671 ln
1862 3620 1960 3671 Do-

428 3717 568 3771 mino
603 3714 945 3778 conservet-is,
998 3713 1324 3764 strictissime
1370 3721 1420 3764 et
1464 3711 1763 3763 bellissime
1812 3719 1959 3774 pater

430 3807 538 3875 [ora
559 3820 648 3872 pro
674 3802 832 3862 nobis,
863 3801 1136 3866 justissima
1158 3796 1338 3865 pater].

985 3927 1306 3980 EPISTULA
1340 3926 1425 3977 IX.

803 4033 1037 4071 Slill‘LlCll
1063 4032 1204 4069 PAPE
1243 4033 1308 4068 AD
1340 4031 1577 4068 ACAQUM.

428 4112 720 4166 Gt'alulalur
747 4111 1054 4163 'l'imotlteum
1087 4110 1401 4161 Alexandria:
1434 4111 1714 4177 episcopum
1750 4109 1956 4160 catholi-

665 4197 775 4231 cum
822 4195 925 4230 sua:
955 4178 1190 4229 Ecclesiw
1220 4179 1374 4244 fuisse
1409 4179 1710 4231 restitutum.

430 4270 725 4339 Simplicius
769 4269 1046 4335 episcopus
1074 4267 1265 4384 Aclat-io
1310 4268 1554 4331 episcopo
1583 4266 1957 4318 Constantino-

1077 4347 1142 4384 no
1167 4342 1324 4384 ttano.

1077 4347 1324 4402 poutano.

494 4427 659 4491 Quam
689 4426 757 4477 sit
796 4423 977 4476 efﬁcax
1022 4411 1422 4489 supplicantium
1469 4418 1687 4471 Domino
1718 4434 1958 4486 per:eve-

2061 3272 2176 3323 ideo
2212 3268 2375 3322 fuerat
2407 3270 2633 3336 (diabolo
2663 3283 2718 3320 Se
2755 3268 2817 3319 ad
2851 3279 3051 3332 tempus
3081 3264 3446 3330 interset-ente)
3476 3273 3580 3315 tur-

2059 3359 2255 3420 batutn,
2288 3368 2341 3409 ut
2378 3356 2680 3408 alterutrius
2717 3353 3030 3407 adversariis
3075 3351 3360 3418 dissipatis,
3392 3365 3588 3417 praeco-

2060 3448 2141 3499 nia
2182 3447 2365 3499 tierent
2407 3446 2603 3513 majora
2656 3445 2944 3508 vincentis;
2983 3443 3117 3494 unde
3166 3449 3266 3493 tam
3323 3440 3588 3506 praeclara:

2059 3536 2277 3588 frnctnrn
2307 3537 2508 3586 virtutis
2549 3534 2765 3601 adeptos
2790 3547 2906 3586 cum
2937 3532 3110 3584 lmtitia
3133 3529 3458 3582 'univcrsals
3491 3528 3585 3579 Ec-

2057 3626 2228 3677 clesia:
2253 3639 2388 3676 nunc
2409 3639 2611 3690 quoque
2637 3624 2747 3675 .~ine
2768 3623 3060 3676 cessatione
3093 3621 3254 3683 facio;
3289 3629 3460 3673 tacere
3483 3636 3585 3670 non

2061 3727 2268 3777 possum
2311 3714 2502 3776 gratias
2546 3713 2658 3763 sine
2688 3711 2843 3763 dubio
2887 3724 3142 3777 perennes
3188 3709 3320 3776 quod
3361 3707 3585 3775 antiquze

2058 3813 2297 3864 vermque
2325 3799 2436 3849 title:
2469 3797 2520 3848 in
2553 3799 2709 3849 fratre
2747 3808 2796 3850 et
2827 3799 3135 3863 coepiscopo
3167 3811 3282 3850 meo
3311 3796 3586 3848 Timotheo

2060 3885 2462 3938 Alexandrinam
2510 3886 2794 3938 Ecclesiam
2835 3887 3164 3948 reddidisds,
3205 3887 3353 3953 cujus
3394 3888 3457 3936 ad
3505 3899 3585 3937 me

2059 3992 2225 4043 nuper
2265 3977 2376 4030 litte
2408 3992 2451 4029 te
2487 3991 2860 4040 commeantes,
2893 3977 3106 4041 expulsa
3140 3977 3448 4043 profanitate
3487 3975 3585 4027 Eu-

2061 4065 2282 4134 tychetis
2326 4077 2482 4134 atque
2528 4066 2759 4119 Dioscuri
2796 4065 3179 4127 damnatorum,
3230 4067 3292 4117 ad
3331 4064 3585 4133 regendos

2057 4153 2378 4206 orthodoxos
2423 4155 2558 4206 beati
2596 4154 2732 4208 l’etri
2763 4162 2816 4207 et
2861 4151 3188 4220 evangelista:
3219 4152 3375 4204 Marci
3406 4151 3585 4203 sedem

2063 4241 2220 4308 (qued
2264 4251 2384 4293 ante
2411 4252 2729 4308 compertum
2766 4244 2868 4308 est)
2895 4257 2951 4295 se
2978 4243 3237 4309 recepisse
3265 4255 3585 4293 Commemo-

2060 4330 2223 4392 ravit;
2249 4330 2468 4382 incitans
2490 4346 2586 4383 nos
2614 4332 2866 4392 volentes,
2898 4343 2951 4383 ut
2985 4331 3097 4384 huic
3128 4333 3234 4398 ipsa
3267 4333 3471 4399 pictatis
3497 4341 3586 4385 γῦ-

2059 4418 2180 4470 stris
2221 4417 2460 4470 sensibus
2505 4434 2549 4469 rt
2566 4417 2838 4470 ferremus.
2882 4419 2949 4472 Ut
2977 4433 3103 4483 ergo
3131 4421 3475 4484 tranquillitas
3507 4437 3585 4474 ve-

431 4516 591 4568 rantia
624 4514 976 4574 sacerdotum,
1025 4519 1078 4563 et
1121 4524 1272 4576 quam
1308 4510 1535 4576 jucundo
1567 4512 1853 4577 gratuletur
1880 4508 1955 4559 af-
1985 4511 2032 4567 ι)
2056 4510 2148 4560 stri
2183 4519 2425 4573 perpetua
2457 4516 2507 4559 et
2538 4506 2638 4558 fixa
2669 4507 2733 4559 sit
2757 4508 2920 4575 regni,
2952 4507 3180 4574 quietem
3204 4523 3354 4573 quam
3386 4519 3534 4560 cunct
3560 4525 3584 4560 s

427 4605 584 4666 fectu,
611 4602 838 4656 studium
869 4599 1005 4667 quod
1036 4597 1326 4652 defensioni
1377 4598 1492 4650 ﬁdei
1525 4599 1741 4650 sinceris
1773 4598 1958 4649 tuenti-

429 4694 524 4745 bns
581 4691 872 4760 exhibetur,
917 4689 1103 4741 litteris
1145 4695 1248 4738 tua:
1293 4687 1588 4739 dlectionis
1639 4695 1953 4754 agnoscitur,

427 4783 633 4848 quando
663 4790 778 4848 post
806 4787 944 4831 tanta
987 4778 1292 4839 certamina,
1327 4777 1512 4843 quibus
1547 4777 1636 4830 Dei
1663 4778 1958 4829 niiseriCor-

425 4873 514 4927 dia
540 4873 590 4922 in
620 4885 775 4923 causa
807 4870 1031 4936 propria:
1061 4866 1329 4934 religionis
1356 4867 1572 4919 famulos
1601 4877 1652 4919 et
1692 4868 1956 4919 ministros

425 4975 533 5012 sua:
574 4960 898 5012 constituens
948 4957 1214 5025 potestati,
1256 4957 1648 5023 probatissimos
1696 4958 1792 5009 sibi
1836 4955 1957 5007 fecit

427 5063 545 5103 esse
575 5049 817 5108 victoree,
846 5048 1101 5116 siquidem
1131 5047 1485 5100 Alexandrina
1515 5048 1748 5101 Eccles’a
1779 5048 1956 5099 divino

428 5138 636 5191 tandem
662 5138 857 5204 judicio
887 5140 1126 5203 liberata,
1164 5139 1212 5188 in
1247 5125 1564 5188 cnt‘tsnrtium
1601 5127 1956 5190 communium

427 5243 523 5281 nos
551 5229 810 5279 advcicans
837 5228 1162 5293 gaudiorum,
1188 5242 1305 5277 eum
1336 5227 1419 5292 qui
1449 5226 1513 5278 ab
1538 5227 1600 5278 ll.t
1620 5231 1784 5280 retico
1816 5227 1956 5293 fuga-

429 5323 510 5368 tus
537 5317 720 5378 fuerat,
747 5315 807 5365 ad
839 5315 951 5381 ejus
971 5316 1146 5368 sedem
1173 5315 1386 5366 rediisse
1406 5316 1632 5367 testaris.
1667 5315 1812 5368 Unde
1842 5315 1954 5367 ani-

431 5409 527 5457 mis
558 5406 930 5459 exsultantibus
974 5406 1036 5456 ad
1078 5403 1382 5456 universalis
1431 5401 1674 5458 Ecclesiae
1701 5406 1950 5473 quietem,

430 5493 636 5548 Christo
674 5498 775 5548 Dco
824 5505 1010 5548 nostro.
1051 5508 1143 5560 pro
1180 5493 1345 5544 salute
1397 5491 1616 5557 primum
1667 5495 1954 5546 fidelissimi

431 5583 679 5650 principis
707 5587 1080 5651 supplicamus,
1125 5582 1205 5633 cui
1248 5596 1340 5644 pro
1379 5583 1669 5645 devotione,
1704 5599 1800 5650 qua
1831 5598 1956 5634 tun-

429 5685 541 5725 Ctos
571 5673 830 5741 antevenit
876 5672 1189 5738 sacerdOtes,
1224 5669 1388 5738 pietas
1423 5669 1530 5723 haec
1558 5670 1726 5724 divina
1769 5687 1955 5726 conce~

2060 4600 2108 4650 in
2151 4608 2436 4649 memorata
2482 4597 2716 4650 Ecclesia
2762 4597 3098 4665 pratstitistis,
3139 4597 3372 4663 pervigili
3414 4609 3585 4666 prote-

2058 4688 2227 4740 ctinne
2269 4671 2523 4740 custodite
2557 4707 2566 4739 :
2598 4697 2648 4741 et
2694 4688 2829 4754 quod
2867 4688 3079 4756 juvante
3123 4701 3214 4739 vos
3245 4686 3463 4737 Domino
3495 4704 3585 4752 pro

2059 4779 2406 4830 innocentium
2442 4779 2631 4832 fecistis
2677 4781 2842 4832 salute
2893 4780 3206 4842 animarum,
3260 4777 3586 4845 religiosiurn

2057 4868 2229 4921 studio
2275 4878 2328 4921 et
2371 4871 2635 4936 diligentia
2682 4870 2958 4924 attentiore
2997 4869 3250 4935 protegite
3282 4884 3295 4920 :
3327 4868 3442 4933 quia
3484 4887 3583 4920 non

2062 4957 2279 5009 minoris
2317 4968 2396 5011 est
2449 4959 2624 5026 gloria:
2669 4959 2805 5025 quod
2842 4957 3138 5010 condideris
3189 4967 3398 5010 servare
3431 4970 3583 5022 quam

2061 5046 2347 5100 concedere
2377 5044 2660 5117 [condere];
2701 5059 2753 5101 et
2782 5049 3021 5100 omnibus
3045 5057 3122 5100 est
3151 5049 3440 5113 probatum,
3475 5057 3584 5095 tan-

2063 5141 2168 5186 tum
2203 5134 2346 5186 vobis
2391 5135 2547 5188 divini
2581 5137 2768 5189 favoris
2799 5137 3116 5201 impensum.
3155 5150 3402 5202 quantum
3435 5131 3583 5183 Chr:-

2061 5223 2241 5274 stianm
2263 5222 2498 5290 religioni
2526 5238 2553 5275 a
2585 5233 2756 5276 vestra
2791 5224 2979 5290 pietate
3004 5233 3084 5276 est
3112 5221 3405 5276 sedulitatis
3432 5219 3582 5272 exbl-

2058 5311 2244 5363 bitum.
2275 5312 2333 5363 Et
2358 5314 2594 5378 quamvis
2626 5315 2674 5364 itt
2702 5313 2843 5364 omni
2869 5321 3013 5378 parte
3039 5313 3184 5379 regni
3211 5311 3288 5363 sui
3321 5306 3584 5375 profutura

2054 5400 2228 5452 divina
2266 5399 2425 5452 cultui
2453 5402 2769 5466 providentia
2803 5391 2972 5454 vestra
3004 5417 3105 5453 non
3146 5401 3412 5451 desisteret
3447 5397 3586 5446 curis

2057 5491 2275 5555 publicis
2321 5492 2744 5558 tranquillitatem
2794 5491 3038 5544 Ecclesize
3086 5491 3354 5556 praeferre,
3405 5501 3582 5552 precor

2057 5589 2226 5632 tamen
2269 5588 2324 5631 ut
2377 5581 2512 5645 quod
2562 5597 2656 5647 per
2697 5595 2792 5633 nos
2828 5580 2965 5633 serio
3009 5579 3258 5647 pustulat,
3303 5576 3407 5626 ἰιιιο
3447 5571 3582 5636 quod

2058 5671 2152 5739 ipsi
2199 5672 2471 5738 specialius
2527 5672 2899 5738 supplicamus,
2948 5672 3157 5726 Petrum
3218 5663 3584 5721 Alexandrina)
