3908 6394
263 370 325 422 ιο
1600 360 1787 417 EPlST

1888 364 1923 415 Λ
1964 357 2071 411 Xll.
3352 348 3421 401 50

244 482 505 533 .I‘Zt'clesim
553 493 904 545 pervasorem,
962 486 1013 530 et
1049 478 1115 531 ob
1162 477 1260 527 hoc
1303 476 1417 541 jure
1465 474 1785 538 damnatum,
1814 480 1861 535 Α
1890 468 2089 536 sumus)
2122 469 2171 520 in
2199 468 2368 534 aliqua
2414 465 2660 531 religione
2707 465 2876 535 [forte
2905 460 3137 531 regione]
3180 461 3421 527 antiquus

261 572 378 635 quia
413 568 583 620 moliri
612 568 847 635 qna-dam
880 568 1043 618 latens
1073 566 1123 617 in
1154 562 1497 616 Alexandrina
1530 561 1685 629 (sicut
1722 560 1786 610 ad

263 672 355 707 nos
396 660 644 721 scriptum
694 655 792 719 est)
824 654 1033 706 civitate
1070 664 1249 705 contra
1290 650 1399 701 htec
1435 663 1550 715 qua:
1578 663 1607 698 a
1644 646 1790 699 vobis

261 753 379 794 sunt
434 752 645 803 statuta,
705 751 1057 802 memoratur,
1096 739 1161 790 ad
1207 737 1466 791 exteriora
1519 734 1787 789 transferri

262 830 498 897 piissima
542 832 886 896 praeceptiooe
930 829 1175 895 iubeatis,
1228 843 1292 879 ne
1335 828 1534 894 aliquos
1572 826 1788 877 modica:

264 920 380 971 ﬁdei
412 920 569 986 (quod
600 920 770 973 facere
813 918 1137 987 perhibetur)
1167 916 1387 981 inﬁciat,
1404 924 1457 970 et
1482 914 1546 968 ad
1578 929 1790 984 perver-

263 1009 433 1059 sitatis
458 1022 567 1061 sua:
596 1009 941 1060 instrumenta
982 1007 1237 1059 traducat.
1272 1006 1447 1073 Longe
1472 1004 1577 1056 sint
1606 1005 1671 1056 sb
1717 1004 1791 1054 in-

262 1096 570 1149 nocentibus
593 1096 882 1162 perniciusa
907 1094 1167 1159 contagia,
1200 1104 1255 1145 ut
1287 1109 1376 1159 per
1406 1108 1498 1144 vos
1528 1092 1660 1143 intra
1693 1091 1790 1142 Do-

264 1183 605 1250 tnicii.gregis
647 1184 784 1237 ovile
831 1185 898 1235 sit
938 1182 1233 1243 sinceritas,
1272 1196 1426 1249 quam
1461 1181 1569 1233 Sola
1616 1189 1791 1245 tenere

263 1270 433 1341 poth
460 1273 745 1342 imperialis
773 1274 1076 1327 auctoritas.

805 1382 1126 1437 EPISTULA
1166 1381 1229 1434 XI
1243 1421 1255 1433 .

621 1490 860 1529 ειενιιειι
898 1492 1038 1528 ΡΑΡκΕ
1076 1491 1141 1553 Af)
1178 1490 1416 1529 ACACIUH.

264 1559 447 1614 Scribit
475 1560 789 1615 Timotheum
827 1564 1143 1615 Alexandri}:
1167 1564 1465 1614 catholicum
1502 1564 1789 1630 episcopum

327 1648 358 1680 ο
382 1647 435 1682 se
458 1633 645 1683 veniam
668 1633 880 1697 petiisse,
909 1633 1040 1696 quod
1064 1632 1287 1682 Dioscori
1304 1646 1487 1697 nomen
1517 1634 1643 1681 inter
1666 1634 1795 1682 atta-

327 1700 401 1749 ria
431 1700 601 1751 timore
646 1700 822 1751 ductus
866 1700 1136 1760 recitasset,
1177 1714 1221 1751 et
1250 1696 1311 1750 σε’
1337 1702 1401 1749 ad
1444 1700 1793 1761 imperatorem

329 1766 517 1819 litteras
542 1768 735 1819 dedisse
761 1777 811 1819 ut
838 1766 1041 1819 Petrum
1062 1767 1203 1819 dicta:
1228 1765 1461 1819 Ecclesia:
1483 1769 1790 1834 perturbato-

328 1850 430 1885 rem
457 1837 633 1902 procul
659 1844 842 1887 arceat.

262 1921 557 1991 Simplicius
616 1925 893 1992 episcopus
957 1924 1148 2002 Acacio
1210 1924 1791 1990 Constantino,tolitan0

772 2062 777 2066 _
896 2006 1164 2059 episeopo.

326 2062 559 2142 Quantos
582 2088 635 2131 et
678 2062 833 2146 quam
861 2078 1049 2132 uberes
1080 2080 1276 2133 fructus
1308 2082 1612 2134 constantia:
1652 2083 1790 2149 ﬁdei,

259 2173 313 2215 et
339 2165 643 2217 devotarum
673 2168 809 2219 circa
858 2168 1161 2235 religionem
1203 2168 1510 2243 catholicam
1540 2170 1789 2223 mentium

260 2268 466 2321 διιηιιιει·
496 2257 683 2310 haheat
708 2257 977 2322 fortitudo.
1003 2261 1149 2314 labor
1180 2272 1278 2314 tua:
1306 2264 1598 2317 dilectionis
1625 2274 1677 2317 et
1702 2280 1792 2320 eo-

260 2355 371 2391 rum
418 2341 504 2409 qui
537 2344 729 2409 pariter
758 2356 969 2412 repente
997 2347 1206 2400 diabolo
1244 2348 1545 2415 jamdudum
1577 2352 1790 2405 turban-

261 2437 359 2488 tur.
408 2432 658 2484 ostendit.
706 2432 831 2486 Nam
880 2448 995 2487 cum
1038 2435 1233 2488 Christi
1266 2437 1503 2491 inimicus
1545 2447 1597 2491 et
1648 2441 1793 2506 regni

258 2519 533 2573 Christiani
580 2536 787 2591 semper
836 2526 1005 2577 aulam
1056 2541 1173 2578 mox
1225 2543 1443 2581 casurus
1487 2530 1791 2597 invaderet,

260 2624 415 2679 atque
461 2617 615 2682 impia
642 2619 1005 2683 persecutione
1037 2618 1213 2671 fideles
1241 2620 1444 2673 Domini
1489 2624 1794 2692 plebemque

258 2713 576 2765 concuteret,
607 2704 841 2757 oratione
885 2716 1039 2773 atque
1086 2706 1274 2766 vixiliis
1322 2710 1573 2776 sacrilega
1610 2722 1795 2763 'tenta-

259 2799 428 2841 menti
475 2792 770 2857 superavit,
813 2803 862 2845 et
900 2808 956 2845 se
1002 2797 1211 2847 victoria
1261 2797 1491 2849 caelestis
1520 2815 1583 2853 eo
1631 2816 1792 2868 usque

258 2880 510 2944 porrexit,
543 2889 597 2932 ut
643 2895 881 2948 regressu
910 2884 1285 2949 religiosissimi
1316 2889 1583 2954 principi~,
1616 2891 1793 2941 Eccle-

258 2968 347 3018 size
372 2983 577 3036 quoque
603 2971 969 3025 Alexandrina:
1001 2976 1288 3027 catholicus
1318 2978 1629 3031 redderetur
1654 2984 1788 3033 anti-

258 3062 382 3115 stes,
433 3054 499 3106 de
544 3070 643 3122 quo
674 3072 790 3109 mox
830 3074 948 3111 cum
994 3062 1336 3114 exsultatione
1379 3064 1570 3116 divina:
1610 3070 1790 3133 gratia:

255 3143 437 3207 gaudia
470 3154 646 3197 nostra
677 3140 1010 3207 contulimus,
1036 3158 1089 3199 et
1118 3150 1306 3201 mutuis
1337 3167 1429 3203 nos
1455 3153 1634 3205 litteris
1664 3156 1781 3207 feci-
1814 3146 1856 3203 C

256 3245 370 3282 mus
400 3232 667 3297 gratulari.
700 3232 764 3286 Et
810 3235 930 3288 licet
984 3236 1171 3289 ltetitize
1206 3238 1361 3303 'psius
1400 3255 1660 3307 nunquam
1706 3246 1785 3297 sui

256 3319 480 3373 defuerit
503 3322 786 3387 plenitudo,
806 3332 976 3375 tamen
1004 3325 1162 3377 frater
1182 3333 1236 3377 et
1256 3327 1593 3395 coepisc0pus
1615 3345 1787 3384 noster

255 3408 559 3461 Timotheus
587 3414 945 3474 persecutione
989 3413 1303 3477 [robubilior
1352 3413 1535 3479 factus,
1584 3419 1786 3478 pristini

258 3514 359 3551 non
403 3500 676 3551 immemor
707 3503 922 3554 instituti
966 3518 1055 3569 per
1094 3504 1302 3556 fratrem
1333 3513 1384 3556 et
1427 3507 1785 3575 coepiscopum

257 3587 458 3648 Isaiam,
488 3598 539 3640 et
566 3589 697 3641 ﬁlios
727 3604 932 3644 nostros
960 3593 1127 3644 Nilum
1159 3593 1540 3661 presbyterum,
1567 3606 1619 3649 et
1659 3600 1787 3652 illar-

259 3681 447 3744 tyrium
497 3682 767 3733 diaconum
816 3682 1177 3741 Alexandrinae
1241 3689 1489 3746 Ecclesiae
1534 3691 1785 3747 Solemnia

256 3766 444 3832 scripta
474 3769 680 3832 direxit;
713 3771 897 3837 quibus
927 3782 978 3825 et
1011 3775 1132 3839 illud
1164 3778 1299 3844 quod
1329 3792 1450 3834 ante
1481 3782 1787 3846 perterritus

256 3856 319 3908 de
347 3856 577 3909 Dioscuri
604 3860 809 3912 nomine
836 3860 1045 3923 fecerat,
1096 3879 1152 3916 se
1178 3864 1497 3921 destruxisse
1529 3884 1785 3921 memora-

256 3940 347 4009 vit,
375 3956 430 3999 et
458 3948 811 4002 remissionem
842 3952 1000 4016 ipsius
1021 3955 1215 4006 erroris
1242 3958 1473 4022 expetiit,
1499 3972 1694 4023 nosque
1719 3958 1784 4009 de

256 4035 427 4099 quiete
472 4035 589 4086 fecit
637 4035 883 4088 Ecclesiae
926 4040 1197 4104 gratulari,
1259 4054 1503 4107 expertus
1552 4058 1671 4110 erga
1729 4058 1785 4097 se

257 4133 502 4188 quantum
532 4124 799 4175 nobiscum
829 4134 914 4177 tua
945 4130 1137 4179 caritas
1158 4129 1315 4194 videt,
1340 4132 1474 4197 quod
1504 4134 1550 4185 in
1581 4149 1642 4186 eo
1666 4144 1783 4187 tunc

256 4212 684 4277 reprehendimus
734 4228 834 4264 non
881 4214 1099 4268 inultum
1148 4229 1199 4271 et
1237 4223 1623 4274 reconciliatum
1661 4224 1781 4289 sibi,

258 4314 391 4352 nunc
420 4299 610 4352 divina:
639 4302 985 4357 miserationis
1008 4306 1273 4369 aflecmm,
1314 4310 1471 4363 frater
1496 4312 1783 4375 carissime,

256 4388 555 4441 memoratis
586 4391 635 4442 in
684 4388 830 4452 urbe,
862 4407 977 4460 quae
1026 4409 1143 4446 mox
1189 4410 1455 4463 venerant,
1492 4403 1783 4455 constitutis

1892 559 1979 613 ille
2024 570 2241 624 serpens
2289 554 2441 609 toties
2478 554 2639 607 excisi
2668 554 2855 619 capitis
2894 555 3039 605 virus
3066 550 3321 613 eﬂ’undat,
3370 560 3423 603 et

1890 646 2160 702 inﬁciendi
2187 646 2389 713 aliquos
2415 645 2743 697 occasionem
2777 642 2936 710 (quod
2962 642 3119 709 absit)
3148 654 3327 693 rursus
3352 639 3426 689 in-

1890 738 2082 799 veniat,
2105 735 2319 805 provida
2344 742 2719 801 praceptorum
2741 745 2847 783 sua:
2872 731 3073 793 pietatis
3097 730 3425 782 ordinatione

1890 826 2132 891 disponat
2174 822 2457 890 religiosis,
2506 832 2556 873 et
2605 821 2738 874 sicut
2778 819 3073 871 evidentius
3118 816 3426 883 approbavit

1862 914 2019 978 .Deo,
2058 926 2115 965 se
2151 908 2627 964 commendantibus
2660 907 2861 975 legibus
2898 907 3116 969 sanciat,
3161 918 3227 958 ne
3254 908 3332 956 vel
3373 905 3425 956 iu

1893 1000 2116 1052 tenebris
2142 999 2465 1059 delitescant,
2495 1005 2547 1049 et
2586 997 2846 1065 improvisi
2878 996 3199 1047 ambulantes
3230 996 3280 1045 in
3310 995 3425 1045 luce

1892 1089 2197 1155 percutiant,
2228 1096 2281 1139 et
2311 1087 2385 1137 Itis
2413 1100 2542 1153 quos
2573 1086 2624 1137 in
2656 1084 2754 1137 fide
2785 1098 3038 1150 pauperes
3066 1098 3183 1137 esse
3214 1096 3424 1148 repec-

1892 1180 1996 1231 rint
2036 1178 2195 1245 (quod
2240 1177 2487 1243 propheta
2537 1174 2777 1241 testatur)
2822 1175 3094 1227 insidietur
3135 1182 3191 1226 ut
3238 1177 3420 1239 rapiat.

1894 1267 2099 1320 Petrum
2141 1267 2383 1326 maxime,
2417 1266 2500 1333 qui
2534 1268 2894 1319 nonnullarum
2925 1264 3217 1325 domorum,
3243 1264 3426 1329 suique

1894 1357 2137 1410 similium
2172 1358 2383 1411 latebris
2412 1357 2744 1420 confovetur;
2789 1366 2839 1411 et
2867 1371 3021 1425 quem
3051 1356 3163 1409 zelo
3202 1355 3319 1407 ﬁdei
3358 1356 3426 1407 ab

1892 1450 2191 1515 episcopatu
2219 1451 2486 1503 constituit
2519 1450 2837 1513 submoveri,
2869 1450 2919 1501 in
2951 1449 3236 1502 exteriores
3262 1458 3425 1502 terras

1891 1537 2066 1603 ahjiei,
2098 1539 2229 1591 sicut
2258 1549 2309 1591 et
2336 1552 2431 1592 nos
2460 1539 2637 1605 pietati
2666 1539 2780 1606 ejus
2814 1539 3139 1605 scripsimus,
3167 1536 3229 1590 ad
3260 1538 3424 1591 eccle-

1892 1626 2149 1680 siasticam
2176 1644 2351 1693 pacem
2381 1630 2593 1695 speciali
2626 1631 2972 1698 praeceptione
2997 1630 3275 1683 decernat:
3305 1632 3425 1697 quia

1895 1731 2073 1770 rursus
2119 1720 2367 1771 asseritur
2408 1719 2577 1784 aliqua
2633 1730 2811 1772 contra
2866 1718 3254 1784 dispositionem
3306 1718 3423 1773 ﬁdei

1895 1811 2054 1877 ipsius
2082 1812 2194 1863 sine
2221 1810 2511 1864 cessatione
2541 1811 2727 1862 moliri.
2758 1812 2885 1874 Quia
2916 1810 3069 1876 igitur
3097 1811 3206 1861 haec
3229 1824 3425 1876 oppor-

1895 1904 2111 1955 tuuita‘e
2140 1901 2409 1966 perlatoris
2438 1900 2674 1952 fidissimi
2706 1914 2798 1951 nos
2828 1900 3056 1968 oportuit
3098 1899 3346 1958 indicare.
3370 1909 3423 1951 et

1892 1990 2169 2056 specialius
2210 1990 2513 2055 admonere,
2546 1990 2813 2042 hortamur
2843 2000 2896 2041 ut
2925 2004 3040 2042 cum
3081 1990 3423 2042 internuntius

1892 2080 2123 2131 remeare
2152 2080 2389 2144 coeperit,
2419 2080 2497 2131 vel
2540 2080 2581 2131 si
2630 2094 2728 2145 qua
2772 2079 2987 2131 forsitan
3025 2082 3191 2131 altera
3221 2082 3423 2133 occasio

1893 2168 2199 2232 reperietur,
2229 2167 2607 2234 quamprimum
2642 2182 2736 2220 nos
2762 2167 2921 2220 facias
2948 2170 3217 2233 certiores,
3247 2178 3298 2220 et
3336 2184 3423 2222 cu-

1892 2270 2001 2307 rant
2028 2268 2254 2307 nosuam
2278 2255 2548 2308 sublevare
2569 2255 2904 2322 deproperes.
2921 2255 2981 2309 Ut
3007 2264 3177 2308 autem
3202 2256 3425 2321 perfecto

1891 2344 2079 2413 gaudio
2101 2345 2461 2412 gauderemus,
2487 2344 2620 2396 idem
2648 2345 2804 2395 frater
2825 2353 2875 2397 et
2894 2346 3229 2411 coepiscopus
3251 2353 3424 2397 nOster

1893 2435 2195 2487 Timotheus
2249 2434 2543 2499 exemplum
2598 2432 2756 2485 libelli
2809 2430 3175 2484 satistactionis
3242 2447 3420 2485 eorum

1891 2539 2021 2591 quos
2063 2538 2092 2577 a
2122 2523 2392 2577 catholicae
2422 2522 2537 2574 fidei
2584 2525 2800 2573 veritate
2831 2521 3134 2573 Tunotheus
3160 2532 3211 2574 et
3244 2522 3422 2573 Petrus

1891 2616 2095 2683 utrique
2135 2614 2385 2674 damnati,
2418 2613 2766 2665 damnationis
2815 2624 3012 2664 terrore
3053 2610 3419 2676 traduxerant,

1892 2708 2091 2757 veniam
2122 2704 2461 2771 postulantes,
2485 2702 2547 2754 ad
2591 2717 2684 2754 nos
2708 2703 2900 2770 pariter
2924 2703 3221 2765 destinavit,
3249 2718 3419 2756 sarcr-

1891 2794 2047 2847 dotali
2080 2795 2268 2860 pietate
2299 2794 2457 2859 lapsis
2496 2794 2772 2846 subvenire
2800 2792 3100 2845 desiderans
3127 2810 3136 2841 :
3168 2793 3302 2859 quod
3343 2791 3421 2846 di-

1891 2885 2022 2935 vinte
2050 2883 2397 2934 miserationis
2426 2882 2635 2945 intuitu,
2666 2894 2779 2947 qua:
2804 2882 3061 2932 nctninem
3088 2882 3191 2933 vult
3228 2881 3417 2948 perire,

1891 2972 2162 3024 refutahile
2193 2987 2294 3023 non
2330 2985 2588 3037 putamus.

2407 3101 2729 3155 EPISTULA
2770 3102 2903 3153 Xlll.

2050 3203 2282 3240 SIIPLICII
2321 3204 2462 3241 PAPL
2502 3205 2564 3240 ,ιο
2604 3206 2836 3241 ΖΕΝΟΝΕΜ
2878 3205 3258 3242 IMPERATOREH.

1891 3277 2133 3327 Hortatur
2190 3285 2243 3326 ut
2293 3275 2594 3327 Timotheum
2645 3277 2998 3327 Alexandrini}:
3048 3276 3283 3328 Ecclesia:
3325 3295 3415 3330 sua

1956 3360 2104 3409 opera
2142 3340 2419 3395 restitutum
2462 3353 2702 3411 protegat,
2753 3354 2798 3396 et
2844 3353 2895 3392 ut
2944 3343 3145 3394 Petrum
3196 3347 3415 3408 ejusdem

1963 3412 2197 3465 Ecclesia!
2223 3415 2605 3478 perturbatorem
2637 3413 2829 3477 longius
2858 3412 3239 3480 expellijuheal.

2109 3505 2401 3570 Simplicius
2427 3504 2701 3570 episcopus
2732 3504 2922 3555 Zenoni
2956 3507 3203 3571 Augusto.

1959 3592 2197 3645 Proxime
2222 3592 2427 3660 quidem
2450 3608 2564 3643 cum
2590 3593 2652 3643 ad
2683 3591 2869 3644 Urbem
2895 3592 3051 3643 frater
3073 3601 3124 3645 et
3154 3593 3415 3658 coepisctw

1890 3698 1981 3749 pus
2008 3683 2377 3735 mediocritatis
2406 3698 2533 3734 mea:
2558 3681 2862 3734 Timotheus
2890 3681 3251 3733 Alexandrina}
3278 3683 3415 3733 urbis

1886 3774 2099 3825 antistes
2132 3782 2318 3825 novato
2347 3787 2491 3825 more
2519 3774 2761 3827 misisset.
2794 3773 3059 3825 victoriam
3092 3783 3275 3825 vestrm
3300 3773 3415 3824 fidei

1888 3862 1940 3913 in
1960 3862 2071 3924 eius
2094 3861 2420 3913 reStitutione
2442 3866 2677 3926 cognovi.
2702 3860 2898 3913 Pietate
2925 3862 3060 3912 enim
3094 3874 3259 3913 vestra
3292 3863 3413 3914 fulta

1890 3954 2178 4005 Divinitatis
2208 3954 2416 4013 auxilio,
2449 3963 2501 4003 et
2532 3932 2729 4015 imperii
2762 3956 2958 4015 tranqui
2989 3955 3125 4014 litas,
3155 3964 3205 4005 et
3236 3955 3414 4006 catho-

1886 4042 1998 4091 licre
2026 4041 2288 4106 religionis
2334 4040 2657 4103 Splendorem
2687 4055 2855 4103 suum,
2891 4040 3255 4092 scandalornm‘
3278 4044 3413 4094 nube

1885 4128 2133 4186 discussa,
2170 4128 2361 4192 recepit
2406 4128 2667 4193 integritas
2702 4144 2713 4177 :
2745 4126 2809 4177 de
2841 4142 2940 4192 quo
2972 4143 3050 4177 me
3078 4129 3269 4192 gratias
3299 4138 3411 4194 post

1890 4220 2045 4271 Deum
2075 4218 2362 4270 clementia:
2401 4227 2588 4268 vestite
2618 4217 2781 4283 egisse
2830 4216 3153 4279 reminiscor,
3186 4225 3237 4268 et
3279 4231 3413 4269 nunc

1887 4323 2092 4375 quoque
2115 4309 2304 4360 cultum
2348 4316 2523 4359 vestro
2552 4320 2710 4373 regno
2734 4304 2955 4357 debitum
2986 4306 3141 4357 silere
3170 4321 3273 4357 non
3306 4320 3413 4381 lpo-

1890 4400 1981 4461 tui,
2010 4413 2074 4449 ne
2103 4396 2482 4463 quodammodo
2511 4396 2713 4448 viderer
2739 4396 2989 4461 ingratus,
3043 4395 3084 4445 si
3114 4394 3260 4446 vobis
3288 4410 3413 4461 qua-

256 4477 577 4529 occasionetn
608 4478 696 4530 filii
724 4484 884 4533 nostri
913 4483 1070 4545 Petri,
1094 4485 1187 4537 viri
1220 4489 1517 4553 spectabilis
1555 4493 1777 4554 comitis,
1813 4474 1861 4531 υ
1891 4486 2009 4536 libet
2035 4484 2418 4549 Opportunitate
2447 4486 2523 4534 vel
2574 4484 2773 4549 imperii
2806 4485 2881 4534 vel
2932 4483 3273 4535 Ecclesiarum
3306 4484 3412 4535 lau-

256 4566 400 4632 quasi
428 4582 488 4617 ex
518 4570 769 4619 sententia
801 4571 1174 4634 proficiscentis
1204 4576 1451 4640 amplexi,
1476 4585 1576 4627 tam
1604 4587 1780 4630 nostro

258 4657 540 4718 proposito,
569 4670 721 4720 quam
754 4658 1001 4723 petitione
1026 4660 1195 4711 fratris
1224 4668 1276 4713 et
1297 4664 1585 4729 coepiscopi
1620 4666 1777 4716 nostri

256 4740 536 4803 Timothei,
565 4743 952 4812 legatorumque
978 4747 1133 4814 ipsius
1161 4753 1420 4816 precibus,
1453 4754 1670 4819 idipsum
1714 4754 1775 4804 ad

257 4834 393 4877 tuam
442 4829 695 4881 voluimus
741 4832 1009 4896 pervenire
1058 4837 1313 4896 notitiam,
1346 4848 1397 4889 ut
1444 4840 1594 4889 etiam
1645 4855 1777 4893 nunc

255 4914 603 4963 cinnmunium
649 4915 800 4967 fieres
845 4918 1100 4985 particeps
1130 4923 1445 4988 gaudiorum,
1480 4934 1533 4977 et
1561 4926 1607 4976 in
1644 4942 1775 4991 prae—

254 4998 404 5051 dicta
443 4999 685 5055 Ecclesia:
731 5006 1101 5071 tranquillitas
1151 5010 1605 5076 (quemadmodum
1649 5015 1778 5066 dixi-

257 5089 401 5151 mus)
453 5088 644 5141 laboris
692 5094 759 5143 tui
809 5095 1072 5147 nobiscum
1120 5112 1362 5163 carperes
1416 5099 1673 5163 fructum,
1730 5112 1781 5154 et

254 5180 681 5231 christianissimo
711 5193 761 5233 et
788 5186 1187 5241 clementissimo
1217 5193 1431 5258 principi
1472 5205 1672 5247 nostras
1701 5196 1783 5247 lit-

256 5276 388 5317 teras
418 5266 665 5328 offerens,
688 5283 843 5332 super
874 5271 968 5323 hac
996 5276 1146 5325 etiam
1181 5292 1253 5340 re,
1284 5290 1339 5331 ut
1365 5290 1417 5331 et
1444 5282 1552 5345 ipse
1576 5297 1778 5346 quoque

256 5358 541 5409 devotionis
588 5369 639 5410 et
694 5358 812 5409 fidei
860 5363 1079 5427 propriae
1135 5367 1302 5427 donis,
1347 5384 1404 5420 se
1460 5371 1563 5421 Deo
1610 5381 1780 5437 proteo

255 5456 421 5511 gente,
458 5447 680 5505 lmtctur,
711 5455 860 5511 atque
903 5449 1172 5504 insistente
1200 5456 1414 5509 caritate
1455 5466 1538 5508 tua
1568 5461 1780 5511 acriori-

256 5536 344 5586 bus
372 5536 558 5587 studiis
587 5536 850 5588 catholica:
882 5539 1141 5604 religionis
1168 5544 1407 5595 salutaria
1439 5548 1631 5613 scripta
1660 5550 1779 5599 mit-

254 5628 403 5679 tendo
446 5624 651 5677 munire
694 5624 926 5691 dignetur
970 5627 1245 5693 Ecclesias,
1293 5647 1355 5685 ne
1390 5633 1543 5697 (sicut
1574 5636 1773 5698 experti

1886 4574 2011 4623 dare
2040 4573 2343 4623 desisterem
2377 4580 2451 4623 tot
2482 4571 2789 4636 triumphos.
2830 4571 3089 4622 Exhibeas
3118 4586 3240 4636 ergo
3269 4570 3411 4622 delii-

1887 4669 1948 4710 tte
1979 4658 2322 4709 Venerationis
2350 4658 2595 4721 ofﬁcium,
2647 4673 2823 4721 precor
2867 4668 2920 4709 ut
2966 4658 3245 4710 studiosius
3274 4659 3409 4710 circa

1885 4750 2156 4800 universos
2200 4758 2355 4801 recta!
2403 4748 2521 4799 fidei
2568 4748 2879 4809 sat‘erdoles,
2930 4758 2982 4800 et
3029 4750 3250 4801 maxime
3277 4748 3408 4801 circa

1883 4836 2287 4889 Alexandrinum
2318 4837 2637 4901 episcopum,
2670 4837 2815 4900 cujus
2843 4836 3141 4888 cettaminis
3170 4846 3221 4888 et
3252 4845 3409 4887 testes

1880 4925 2048 4977 fuistis
2077 4935 2125 4974 et
2161 4924 2382 4989 judices,
2415 4924 2749 4989 protectionis
2796 4923 3099 4987 ili-pendatis
3132 4923 3402 4983 auxilium,

1880 5023 1930 5065 et
1952 5014 2240 5064 decernetis
2266 5014 2509 5079 piissimis
2530 5012 2819 5065 constitutis
2845 5012 3048 5063 Petrum
3080 5012 3217 5063 sedis
3247 5010 3406 5073 ipsius

1882 5116 2206 5170 petrvasorem
2240 5104 2343 5168 (cui
2387 5118 2479 5154 nec
2528 5103 2576 5153 in
2622 5102 2889 5153 diaconatu
2919 5115 3041 5151 suus
3086 5100 3245 5164 potttit
3273 5099 3401 5149 ordo

1884 5189 2143 5256 constare)
2174 5190 2370 5258 longius
2402 5205 2428 5242 a
2460 5198 2561 5241 tam
2610 5190 2850 5255 prmelara
2900 5190 3105 5239 civitate
3150 5185 3399 5252 relegari,

1886 5293 1949 5329 ne
1996 5276 2308 5329 inﬁrmiores
2358 5278 2511 5346 [forte
2557 5275 2861 5342 inﬁrmioris]
2890 5276 3005 5327 ﬁdei
3033 5274 3231 5339 aliquos
3272 5273 3401 5323 forte

1884 5365 2115 5425 seducat,
2144 5373 2196 5415 et
2229 5364 2279 5417 in
2310 5365 2487 5417 eadem
2520 5365 2747 5416 Ecclesia
2793 5362 2952 5430 (quod
2981 5362 3137 5422 absit)
3179 5375 3293 5426 qua:
3319 5374 3403 5411 so-

1886 5454 2031 5521 pistis
2069 5455 2310 5506 scandala
2352 5468 2525 5506 rursus
2551 5455 2788 5520 exagitet.
2820 5450 3077 5502 l’robastis
3106 5452 3155 5501 in
3183 5464 3404 5517 corpore

1884 5543 2022 5594 illum
2055 5542 2198 5593 vobis
2228 5543 2454 5594 dextera:
2483 5554 2588 5592 suae
2633 5541 2835 5591 dedisse
2872 5538 3187 5601 praesidium,
3224 5540 3307 5604 qui
3340 5539 3401 5588 ad

1884 5635 2035 5684 totius
2063 5632 2200 5684 orbis
2229 5630 2491 5696 gaudium,
2520 5642 2570 5683 ct
2619 5630 2666 5682 in
2701 5628 2939 5681 Ecclesia:
2972 5630 3273 5681 universalis
3312 5644 3399 5679 et.
