3908 6432
484 462 545 514 5i
1780 462 2083 518 SIMPLICII
2124 458 2314 516 PAPIE
3462 417 3467 421 -
3575 463 3642 519 ΒΞ

478 568 815 622 saltationem
864 568 915 621 in
952 578 1123 627 vestra
1170 568 1442 622 clementia
1496 568 1785 622 Romanum
1833 580 2006 625 servat
2034 574 2081 631 Α
2106 572 2222 639 gnis
2256 571 2506 639 jubentur
2543 574 2715 640 perire
2757 575 3025 644 suppliciis

483 657 778 722 imperium.
812 658 933 710 Data
976 674 1008 710 x
1047 657 1288 711 calendas
1331 656 1638 712 Novembris
1682 659 1842 727 (anno
1883 660 2007 713 Chr.

482 742 630 811 478),
656 744 776 799 Viro
805 745 1093 797 clarissimo
1118 745 1355 798 consule.

978 875 992 903 ’
1037 873 1355 927 EPISTULA
1393 874 1525 929 XIII.

848 978 1083 1019 διυνιιειι
1121 980 1261 1018 ΡΛΡΒ
1299 982 1364 1017 ΔΙ)
1402 980 1640 1019 Αελςιωι.

748 1075 937 1129 Eadem
975 1092 1087 1145 qua
1136 1078 1189 1129 in
1226 1078 1473 1145 superiori
1517 1077 1747 1146 epistola.

477 1182 774 1251 Simplicius
811 1185 1108 1252 episcopus,
1139 1186 1331 1239 Acacio
1357 1184 1605 1253 episcopo
1645 1184 2013 1240 Constantino-

1126 1254 1374 1321 politano.

550 1359 798 1415 Proxime
825 1360 1036 1429 quidem
1064 1360 1326 1414 dilectioni
1353 1368 1473 1424 tute,
1499 1360 1792 1424 petentibus
1818 1359 1899 1413 his
1926 1361 2013 1428 qui

476 1448 540 1501 ad
570 1463 664 1500 nos
690 1463 718 1499 a
748 1448 910 1502 fratre
947 1456 1000 1502 et
1040 1450 1349 1515 coepiscopo
1378 1457 1559 1501 nostro
1585 1447 1861 1501 'l‘immbeo
1893 1447 2015 1501 Ale-

478 1535 747 1589 xandrinae
776 1536 1022 1590 Ecclesia
1042 1535 1273 1590 antistite
1295 1535 1477 1589 directi
1498 1535 1721 1599 fuerant,
1740 1550 2015 1589 commune

428 1672 433 1677 .
479 1624 728 1687 gaudium
758 1622 947 1678 litteris
976 1625 1218 1688 iudicavi,
1252 1624 1397 1678 etde
1438 1622 1608 1676 fructu
1635 1622 1854 1690 piissimi
1889 1636 2015 1689 ope-

480 1711 574 1774 tis,
606 1712 740 1779 quod
784 1711 1073 1765 catholicus
1120 1720 1421 1766 memorata:
1468 1711 1718 1764 Ecclesiae
1768 1710 2014 1765 sacerdos

475 1808 561 1853 est
587 1800 876 1867 restitutus,
918 1802 1118 1868 pariter
1142 1816 1237 1855 nos
1265 1800 1490 1868 gaudere
1518 1801 1841 1854 memoravi:
1874 1800 2013 1868 quod

3070 590 3086 627 :
3135 578 3188 629 in
3232 590 3335 644 quo
3379 584 3434 630 et
3473 578 3638 645 quieti

2116 660 2360 714 Ecclesia:
2382 669 2435 713 et
2463 671 2638 715 vestro
2663 663 2946 733 consuletis
2973 664 3213 732 imperio,
3234 666 3356 733 quia
3382 664 3641 719 vindicata

2115 746 2206 800 Dei
2230 750 2545 802 contumelia
2575 724 2873 805 ulciscentis
2910 762 2989 805 est
3017 752 3206 821 gratia,
3236 724 3287 805 et
3332 753 3644 806 conciliatur

2115 837 2194 888 liis
2223 836 2384 890 divini
2411 836 2603 891 favoris
2623 840 2894 903 auxilium,
2920 854 3140 907 quorum
3163 855 3289 895 cura
3314 842 3643 910 sacrilegium

2112 936 2216 976 non
2248 923 2517 992 reliquerit
2543 926 2875 994 impunitum.
2902 928 3004 984 Sed
3036 938 3093 983 ut
3121 930 3302 996 loquar
3330 928 3642 984 ﬁducialiler

2112 1014 2329 1081 principi
2354 1014 2672 1083 Christiano,
2697 1018 2741 1071 si
2770 1020 3149 1085 prateritarum
3177 1019 3465 1072 litterarum
3508 1034 3640 1087 quas

2109 1106 2175 1158 de
2196 1106 2337 1160 Petri
2360 1108 2682 1177 aliorumque
2707 1110 2919 1163 nomine
2944 1109 3244 1178 iamdudum
3265 1110 3330 1164 ad
3356 1107 3568 1163 fratrem
3591 1118 3646 1162 et

2110 1193 2473 1262 coepiscopum
2500 1211 2671 1249 meum
2694 1197 2939 1251 Acacium
2964 1198 3237 1265 scripsisse
3262 1198 3497 1263 memini,
3515 1198 3647 1251 ordo

2114 1294 2398 1348 teneretur,
2427 1285 2492 1339 ad
2537 1288 2633 1340 hoc
2676 1303 2778 1341 non
2807 1289 2974 1355 potuit
3007 1288 3309 1355 pervmirc;
3350 1288 3497 1357 quod
3527 1287 3646 1354 jure

2112 1389 2253 1427 nunc
2276 1374 2465 1427 meruit
2490 1374 2772 1431 vindicare.
2801 1374 3165 1430 laudaveram
3181 1389 3403 1443 namque
3427 1383 3485 1429 ut
3511 1374 3645 1428 facta

2110 1466 2443 1532 suggestione
2473 1467 2650 1534 pietati
2678 1478 2889 1531 vestra,
2932 1468 3232 1535 pmdictus,
3281 1477 3337 1521 ut
3376 1476 3445 1522 et.
3469 1466 3644 1522 ceteri

2112 1551 2202 1617 qui
2234 1566 2326 1619 per
2361 1555 2687 1607 occasionem
2718 1555 3016 1624 tyrannica
3039 1554 3409 1609 dominationis
3435 1555 3644 1609 invase-

2112 1648 2229 1689 rant
2276 1637 2538 1694 Ecclesiae
2569 1641 2681 1705 Dei,
2728 1650 2877 1695 extra
2917 1650 3081 1696 metas
3125 1641 3283 1696 vestri
3322 1641 3648 1710 pellerentur

2114 1722 2339 1791 imperii,
2371 1741 2436 1780 ne
2465 1727 2726 1795 pestiferis
2755 1728 2997 1782 sensibus
3043 1730 3332 1798 quibusque
3359 1730 3647 1798 simplicioo

2115 1812 2261 1866 ribus
2288 1830 2381 1869 ore
2422 1818 2679 1887 sacrilego
2705 1819 2847 1873 virus
2876 1820 3231 1887 infunderent,
3262 1829 3315 1876 et
3341 1822 3517 1877 verbis
3544 1823 3646 1876 im-

477 1904 616 1942 nunc
639 1903 846 1957 quoque
869 1889 1162 1958 significare
1188 1890 1598 1957 properavimus,
1624 1896 1682 1941 ut
1704 1901 2014 1956 agnosceres

2119 1903 2214 1969 piis
2239 1915 2419 1959 contra
2466 1907 2618 1960 ﬁdem
2662 1906 3006 1961 orthodoxam
3035 1911 3423 1964 innocentiores
3447 1910 3648 1964 animas

476 1981 665 2049 gaudia
692 1982 959 2035 silentium
981 1996 1084 2033 non
1108 1994 1304 2032 amare.
1330 1978 1479 2032 Unde
1498 1992 1705 2045 semper
1725 1978 2015 2040 exsultans,

476 2082 530 2123 et
554 2071 849 2124 orationum
877 2071 1225 2126 communium
1245 2070 1460 2145 cupiens
1490 2078 1607 2121 vota
1636 2070 1845 2134 sociari,
1895 2069 2015 2121 bor-

458 2171 581 2229 _tor,
614 2162 775 2215 frater
816 2163 1103 2226 carissime,
1134 2171 1189 2214 ut
1237 2163 1391 2215 rebus
1418 2178 1513 2230 per
1549 2162 2013 2215 clementissimum

477 2259 533 2301 ct
556 2247 1059 2304 Christianissitnum
1106 2249 1390 2319 principem
1439 2251 1545 2305 Deo
1570 2260 1781 2304 auctore
1805 2264 2017 2317 compo-

478 2342 614 2402 sitis,
654 2342 933 2409 diligentia:
959 2341 1255 2396 sollicitudo
1280 2356 1385 2393 non
1414 2341 1548 2395 desit
1576 2357 1590 2392 :
1617 2340 1708 2394 sed
1736 2341 1923 2394 Petrus
1949 2342 2016 2396 ab

480 2431 713 2485 indebita
732 2431 829 2486 sibi
859 2431 1058 2485 honore
1081 2431 1333 2497 deiectus,
1359 2430 1409 2482 in
1432 2429 1777 2483 Alexandrina
1805 2432 2017 2496 regione

479 2535 581 2572 non
606 2521 808 2574 sinatur
838 2519 1094 2579 habitare.
1126 2521 1216 2573 sed
1260 2518 1439 2585 procul
1466 2526 1612 2570 extra
1644 2518 1893 2571 terminos
1921 2533 2014 2586 pa-

481 2612 626 2675 triae,
672 2608 805 2661 sicut
850 2608 1009 2665 etiam
1049 2622 1143 2660 nos
1189 2608 1553 2673 poposcimus,
1601 2605 1857 2671 frequenti
1898 2621 2013 2658 eum

434 2694 437 2697 ’
480 2696 709 2763 postules
737 2696 979 2764 suggestis
1003 2709 1067 2747 ne
1095 2694 1343 2763 relegari;
1385 2709 1450 2747 ne
1487 2709 1618 2761 quos
1657 2694 2013 2761 imperitorum

479 2785 753 2852 pravitatis
798 2800 907 2839 sua:
948 2785 1284 2851 persuasione
1338 2784 1574 2847 seducat,
1602 2793 1655 2837 ct
1682 2798 1709 2835 a
1748 2784 2015 2840 catholica!

481 2877 689 2929 tramite
717 2875 949 2929 veritatis
980 2885 1199 2928 avertat.
1225 2874 1481 2944 Quidquid
1511 2857 1681 2928 autem
1716 2876 1781 2929 de
1810 2877 2018 2944 rcbgio-

481 2965 691 3018 sissimo
722 2963 1022 3028 impetrabis
1051 2964 1291 3031 imperio,
1320 2978 1443 3016 cura
1489 2973 1588 3017 tum
1632 2963 1923 3019 dilectionis
1951 2965 2015 3018 ad

482 3068 651 3107 meam
698 3053 933 3106 notitiam
981 3052 1132 3107 faciat
1159 3052 1452 3121 pervenire,
1483 3061 1536 3106 et
1582 3068 1677 3106 nos
1706 3062 1911 3107 actuum
1948 3053 2013 3105 ad

482 3140 771 3194 custodiam
819 3142 1131 3209 evangelica:
1192 3143 1444 3195 doctrinae
1506 3142 1879 3209 pertinentium
1925 3141 2018 3194 det

2116 1996 2447 2059 saueiarent;
2494 1998 2631 2065 quod
2675 2008 2780 2051 tum
2809 2008 3046 2066 apparet,
3074 2015 3204 2053 cum
3234 2002 3409 2054 minus
3434 2002 3529 2054 ista
3556 2015 3647 2055 ett-

2115 2092 2313 2148 rantur,
2341 2095 2393 2137 et
2415 2084 2546 2139 levia
2573 2099 2691 2139 esse
2713 2085 3021 2150 creduntur;
3047 2098 3221 2141 actum
3241 2096 3342 2151 est,
3370 2084 3647 2156 nt(qitem-

2112 2173 2391 2228 admodum
2440 2172 2744 2243 perhibetis)
2787 2174 2925 2228 inter
2954 2175 3159 2238 altaria,
3190 2189 3293 2227 non
3330 2175 3435 2240 jam
3494 2174 3643 2242 plebs

2116 2265 2537 2331 persuasionibus
2562 2280 2771 2329 eorum,
2811 2266 2900 2319 sed
2937 2266 3037 2333 ipsi
3073 2282 3280 2334 quoque
3317 2268 3565 2329 praesules
3594 2274 3648 2321 et

2114 2354 2487 2420 praedicatores
2515 2354 2633 2407 fidei
2672 2354 2906 2421 perirent
2932 2353 3154 2407 funestis
3189 2354 3375 2422 gladiis
3398 2354 3646 2407 sacerdo-

2115 2450 2213 2495 tes.
2250 2443 2396 2497 Unde
2419 2443 2465 2498 si
2492 2458 2607 2511 qute
2636 2444 2752 2496 alia:
2781 2442 3015 2510 reliquie
3042 2441 3140 2495 sub
3176 2452 3348 2496 vestro
3372 2443 3648 2508 reperiun-

2116 2538 2201 2582 tur
2221 2531 2459 2595 imperio,
2490 2543 2579 2583 eas
2607 2530 2688 2584 vel
2717 2545 2852 2583 nunc
2882 2531 2932 2582 in
2961 2529 3252 2584 exteriores
3282 2539 3445 2584 terras
3466 2530 3647 2598 iubete

2114 2620 2358 2688 propelli,
2385 2634 2451 2673 ne
2477 2635 2577 2689 qua
2605 2614 2853 2687 deinceps
2874 2618 2925 2673 in
2946 2634 3011 2673 eo
3031 2620 3100 2671 sit
3120 2618 3403 2672 necessitas
3420 2628 3471 2673 et
3491 2632 3646 2674 causa

2114 2708 2385 2776 supplicii;
2414 2708 2532 2775 quia
2565 2707 2751 2761 melius
2790 2716 2870 2761 est
2902 2705 3097 2760 aditum
3132 2706 3453 2759 obstruxisse
3490 2721 3645 2773 quam

2113 2812 2318 2867 poenam
2343 2797 2577 2865 exegisse
2604 2796 2813 2861 peccati.
2857 2794 2919 2847 Et
2952 2795 3194 2862 quoniam
3222 2792 3503 2846 seditiones
3531 2793 3638 2845 An-

2115 2886 2382 2938 tiochenas
2425 2882 2817 2949 religiosissime
2843 2880 3107 2949 proposito
3134 2879 3387 2942 sedandas
3422 2895 3523 2933 non
3551 2879 3643 2931 ali-

2112 2982 2192 3027 ter
2218 2972 2584 3032 existimastis,
2616 2970 2714 3022 nisi
2749 2959 2949 3035 praeter.
2972 2968 3322 3036 praeiudicium
3360 2966 3642 3020 venerandi

2113 3063 2251 3115 illius
2274 3060 2481 3115 concilii
2508 3058 2700 3113 Nicami
2739 3058 2878 3125 apud
2919 3056 3421 3122 Constantinopolim
3462 3055 3644 3109 iisdem

2118 3150 2417 3218 petentibus
2440 3148 2769 3201 ordina:etur
2796 3147 3028 3209 antistes,
3043 3144 3181 3212 quod
3204 3146 3255 3197 in
3281 3134 3395 3211 eius
3420 3152 3646 3197 tantumv-

483 3242 602 3281 esse
638 3240 925 3283 consortes.
976 3230 1103 3283 Data
1133 3245 1214 3283 ινι
1242 3230 1485 3285 calendas
1521 3229 1826 3285 Novembris
1852 3228 2014 3299 (anno
2040 3218 2085 3279 Ο
2116 3239 2271 3292 modo
2301 3252 2517 3305 persona
2548 3237 2623 3288 sic
2668 3234 2993 3288 memorasti;
3046 3243 3392 3299 assumptum,
3423 3241 3478 3285 ιη
3504 3233 3648 3286 dein.

482 3318 606 3373 Chr.
634 3319 781 3389 478),
811 3319 904 3372 Illo
925 3321 1037 3373 viro
1064 3320 1354 3375 clarissimo
1378 3322 1611 3377 consule.

1000 3429 1320 3485 EPISTULA
1358 3430 1495 3483 XIV.
1571 3463 1573 3467 ι

642 3531 878 3571 διυριιοιι
914 3532 1058 3570 ΡΑΡΕ
1096 3534 1160 3570 AD
1200 3531 1435 3570 ῑεδοηιι
1476 3531 1855 3571 ΙἊΡΕΒΛΤΟΜΞΙ.

480 3604 681 3658 Laudat
703 3606 1011 3668 imperatam
1047 3603 1428 3656 sollicitudinem
1455 3607 1507 3656 in
1544 3605 1620 3656 Itis
1645 3605 1906 3667 puniendis
1934 3604 2017 3670 qui

554 3672 826 3724 Antiochiae
848 3674 898 3723 in
921 3673 1265 3739 episcoporum
1285 3672 1443 3724 credes
1464 3675 1884 3735 conspirauerunt.
1919 3672 2017 3723 Do-

555 3741 620 3790 let
644 3755 760 3790 suas
790 3740 857 3791 ad
886 3739 1120 3791 Acacium
1160 3740 1351 3791 litteras
1394 3741 1694 3792 exsecutioni
1742 3756 1838 3791 non
1869 3741 2019 3803 fuisse

553 3808 839 3870 mandatas,
864 3815 910 3858 et
942 3807 1257 3859 Antiocheam
1288 3805 1523 3859 Ecclesitz
1547 3808 1779 3859 antistitis
1819 3808 2020 3859 electio-

558 3892 691 3939 nem,
722 3874 920 3928 Nicami
947 3876 1142 3927 concilii
1180 3891 1279 3927 non
1307 3876 1558 3928 observato
1578 3878 1806 3938 decreto,
1836 3881 2019 3942 fectant

555 3944 815 4014 approbat.

691 4031 985 4097 Simplicius
1012 4033 1306 4100 episcopus,
1338 4032 1530 4087 Zenoni
1554 4034 1807 4102 Augusto.

560 4124 633 4177 De
665 4124 898 4178 Ecclesia
921 4122 1249 4178 Antiochcna
1285 4124 1607 4178 venerandos
1647 4125 1771 4177 mihi
1813 4139 2021 4191 semper

493 4224 681 4265 vesme
724 4212 934 4280 pictatis
970 4214 1145 4280 apices
1186 4213 1395 4281 gavisus
1433 4214 1632 4280 accepi,
1660 4214 1847 4281 quibus
1875 4214 2019 4281 inge-

493 4300 602 4351 nito
631 4300 778 4353 vobis
807 4300 980 4353 studio
1015 4299 1284 4353 catholicae
1311 4300 1571 4365 religionis
1615 4312 1732 4367 post
1760 4302 2023 4355 defensio-

492 4403 613 4441 nem
646 4388 783 4451 fidei,
803 4402 916 4453 qute
942 4375 1038 4439 v‘o‘s
1074 4393 1248 4439 servat
1271 4400 1332 4441 ac
1354 4388 1603 4449 custodit,
1631 4389 1910 4454 impietatis
1932 4404 2023 4442 au-

496 4476 694 4529 daciam
722 4485 775 4528 et
802 4474 1030 4527 facinora
1060 4475 1192 4541 apud
1219 4473 1545 4527 Antiochiam
1573 4483 1860 4540 perpetrata
1884 4490 2024 4543 coer-

2114 3343 2237 3397 ccps
2259 3328 2540 3382 secundum
2570 3325 2901 3378 definitiones
2929 3323 3137 3376 Patrum
3162 3320 3415 3387 Orientali
3437 3321 3647 3389 synodo

2112 3422 2307 3473 creatio
2334 3417 2638 3470 Antiocheni
2686 3412 2946 3482 pontiﬁcis
2981 3400 3299 3475 reservetur,
3330 3425 3428 3464 nec
3468 3408 3649 3465 haberi

2114 3509 2231 3561 loco
2259 3507 2414 3560 vultis
2442 3506 2670 3573 injuria.
2705 3504 2843 3573 quod
2878 3503 3219 3558 dissensionis
3255 3504 3420 3573 gratia
3454 3503 3646 3556 factum

2113 3606 2198 3649 est
2245 3592 2561 3647 auferendae.
2600 3592 2767 3647 Tenet
2802 3592 2937 3646 hanc
2976 3592 3182 3659 pietatis
3223 3600 3411 3646 vestrae
3458 3591 3648 3645 beatus

2116 3680 2300 3735 Petrus
2325 3681 2591 3748 apostolus
2616 3679 2970 3747 sponsionem,
2990 3687 3044 3733 et
3070 3679 3498 3733 Christianissimi
3520 3678 3647 3731 fide-

2117 3769 2403 3836 lissimique
2438 3766 2684 3835 principis
2725 3778 2952 3819 mentem
2994 3766 3048 3818 in
3086 3767 3201 3819 hcc
3237 3764 3392 3819 verba
3418 3765 3644 3832 iurasse,

2117 3859 2251 3927 quod
2283 3857 2497 3926 posthac
2527 3856 2579 3909 in
2608 3854 2932 3908 Antiochena
2967 3855 3098 3908 urbe
3124 3855 3303 3908 ~veteri
3348 3870 3493 3909 more
3534 3869 3649 3909 ser—

2119 3956 2235 4002 vota
2260 3962 2289 3999 a
2313 3942 2834 4013 comprovi‘ncialibus
2859 3943 2968 3998 suis
2988 3942 3246 4011 episcopis
3270 3942 3560 4008 ordinetur,
3582 3958 3649 3997 ne
3706 3928 3714 3934 ’

2118 4037 2253 4107 quod
2280 4026 2417 4089 nunc
2446 4035 2606 4089 frater
2634 4044 2686 4088 et
2708 4033 3049 4101 coepiscopus
3079 4032 3227 4085 meus
3254 4033 3471 4087 Aeacius
3500 4034 3648 4086 vobis

2118 4134 2200 4181 οτι
2221 4124 2518 4195 iubentibus
2539 4129 2835 4182 exsecutus.
2870 4121 2920 4174 in
2961 4108 3110 4181 usum
3138 4121 3453 4188 posteritatis
3476 4122 3651 4175 veniat

2120 4225 2171 4267 et
2208 4222 2401 4265 statuta
2427 4212 2668 4273 Patrum,
2710 4224 2825 4279 qua:
2854 4208 3114 4278 pmcipue
3147 4207 3430 4277 prmissus
3465 4208 3648 4268 illmsa,

2121 4299 2425 4353 confundat.
2454 4299 2602 4353 Unde
2637 4314 2751 4365 quae
2777 4313 2806 4350 a
2842 4286 2989 4351 vobis
3029 4308 3211 4353 amore
3245 4296 3436 4364 quietis
3471 4307 3651 4350 sancte

2123 4400 2177 4444 et
2206 4390 2446 4457 religiose
2476 4396 2597 4439 sunt
2621 4388 2876 4447 ordinata,
2908 4387 3191 4453 reprobate
3222 4401 3648 4455 non-possumus,

2126 4493 2191 4531 ne
2231 4486 2393 4530 status
2425 4475 2760 4527 Antiochense
2797 4474 3049 4528 Ecclesia:
3076 4474 3175 4527 sub
3216 4485 3391 4528 nostra
3438 4476 3651 4528 dubita-

496 4566 597 4617 cita
642 4564 944 4630 reperimus.
971 4604 975 4611 .
1005 4563 1333 4616 Exsultantes
1385 4562 1533 4616 vobis
1578 4563 1750 4618 inesse
1796 4567 2022 4617 animum
2053 4542 2102 4598 Ῑ)
2127 4570 2265 4621 tione
2293 4566 2525 4619 videatur
2554 4563 2841 4630 ambiguus,
2868 4563 3124 4629 praecipue
3148 4578 3264 4615 cum
3290 4564 3333 4616 is
3354 4564 3441 4629 qui
3466 4565 3651 4631 legitur

497 4650 781 4704 fidelissimi
808 4651 1094 4704 sacerdotis
1132 4659 1184 4704 et
1228 4651 1495 4717 principis,
1537 4660 1590 4702 ιιι
1620 4652 1904 4719 imperialis
1928 4667 2023 4705 au-

499 4741 714 4792 ctoritas
742 4748 795 4791 et
816 4738 1009 4805 jnncta‘
1038 4739 1342 4792 Cltristianm
1370 4738 1632 4793 devotioni
1659 4738 2027 4807 acccptabilior

502 4828 611 4880 Deo
654 4827 820 4891 flaret,
862 4837 916 4880 et
953 4836 1230 4894 appareret
1273 4828 1560 4895 integritas,
1607 4843 1723 4880 cum
1754 4822 1812 4879 hi
1859 4829 2025 4896 quiin

500 4914 860 4980 episcoporum
891 4928 1045 4968 ncces
1088 4915 1337 4983 sacrilega
1382 4915 1523 4968 caede
1554 4904 1919 4979 versatisunt,’
1943 4914 2026 4966 di-

578 5045 594 5073 ί
633 5044 933 5097 Timotheus
988 5045 1365 5098 Alexandrinus
1414 5046 1689 5113 episcopus
1737 5046 1785 5098 in
1850 5047 2025 5099 sedem

507 5113 776 5179 restitutus
812 5122 917 5163 tres
954 5113 1350 5179 hosce-legatos,
1377 5114 1555 5164 l~aiam
1588 5116 1908 5179 episcopum,
1937 5114 2026 5165 Ni-

506 5181 613 5249 lum
645 5177 1000 5249 presbyterum
1032 5191 1082 5232 et
1114 5177 1409 5249 Martyrium
1449 5180 1744 5249 diaconum,
1768 5177 1845 5234 ex
1888 5195 2030 5233 more

510 5248 720 5312 antiquo
750 5246 810 5296 ad
844 5245 1125 5298 Romanum
1163 5245 1455 5313 pontificem
1501 5248 1788 5311 ablegavit,
1824 5250 2028 5300 veniam

506 5330 697 5381 rogans
734 5314 907 5367 delicti
950 5316 1025 5366 sui
1070 5316 1204 5367 illius
1229 5330 1352 5378 quo,
1382 5315 1561 5379 gladiis
1592 5316 2031 5383 Entyeltianorum

508 5393 739 5446 coactus,
775 5392 950 5433 contra
986 5383 1378 5433 constitutiones
1420 5383 1605 5433 Leonis
1649 5399 1813 5449 papae,
1844 5399 2032 5436 nomen

513 5452 739 5502 tlioscori
770 5451 903 5516 apud
928 5451 1087 5501 altare
1113 5451 1365 5501 recitavit.
1396 5449 1457 5500 Et
1481 5463 1767 5515 quanquam
1792 5454 1840 5504 id
1867 5453 2033 5505 moui.-

513 5527 597 5573 ttts
627 5517 851 5580 fecisset,
884 5534 986 5570 non
1033 5518 1145 5568 leve
1190 5526 1358 5567 tamen
1406 5516 1602 5567 facinus
1647 5518 1764 5568 illud
1808 5522 1857 5571 in
1891 5530 2033 5572 tanto

516 5586 754 5647 pontifice
779 5586 936 5637 videri
968 5594 1185 5651 poterat.
1220 5586 1434 5647 Insuper
1456 5582 1634 5635 eadem
1665 5585 1918 5652 legatione
1944 5603 2038 5638 no-

514 5662 621 5702 tnut
651 5652 768 5703 fecit
799 5655 1002 5704 Petrum
1036 5653 1269 5717 Moggmn
1317 5652 1676 5703 Alexandrina”:
1714 5655 1852 5706 sedis
1894 5657 2031 5706 inva-

514 5734 705 5785 surum,
736 5720 821 5787 qui
845 5719 1011 5787 fugam
1040 5731 1276 5788 captasse
1307 5718 1591 5782 videbatur,
1616 5720 1664 5773 in
1696 5721 1897 5775 civitate
1928 5723 2038 5774 luti-

2127 4654 2416 4713 ordinatus.
2447 4652 2741 4705 testimonio
2777 4651 3068 4705 clementia:
3096 4660 3301 4712 vestrm,
3328 4657 3382 4702 et
3417 4658 3556 4703 tanta
3584 4653 3652 4705 sit

2130 4738 2492 4808 prmdicatione
2521 4740 2791 4803 subnixus,
2825 4747 2882 4791 ut
2919 4739 2967 4790 in
2998 4752 3061 4790 eo
3102 4746 3291 4804 praeter
3319 4736 3503 4790 horum
3535 4741 3651 4790 vul-

2130 4843 2310 4882 nerum
2347 4827 2575 4881 dolorem
2620 4829 2787 4893 posito
2831 4828 3088 4893 possimus
3147 4812 3201 4880 et
3246 4826 3497 4879 Ecclesiae
3536 4844 3652 4896 quat

2132 4916 2274 4968 illum
2306 4914 2513 4978 meruit,
2540 4914 2769 4981 gloriari.
2806 4913 2929 4966 llaec
2974 4913 3207 4981 repensis
3244 4913 3573 4969 sermonibus
3601 4923 3655 4969 et

2132 5054 2261 5105 tare,
2296 5054 2348 5096 et
2386 5057 2591 5097 secreto
2633 5060 2743 5096 rem
2777 5057 2948 5110 agere.
2976 5044 3309 5097 seducentem
3340 5048 3553 5110 multos,
3601 5057 3655 5102 et

2130 5113 2330 5165 cladem
2374 5113 2512 5184 illius
2543 5113 2785 5184 Ecclesia:
2820 5112 3047 5184 graviter
3082 5126 3361 5184 procurare
3383 5132 3395 5166 :
3419 5116 3654 5184 adeoque

2131 5182 2480 5233 necessarium
2512 5180 2673 5232 videri
2704 5191 2756 5230 ut
2779 5180 2842 5232 ad
2876 5181 2984 5231 haec
3015 5181 3239 5244 pericu-'3
3268 5184 3513 5243 tollenda,
3542 5180 3656 5234 lon-

2132 5250 2245 5315 gius
2274 5251 2323 5299 in
2351 5248 2587 5299 exsilium
2632 5247 2925 5312 pelleretur.
2973 5248 3061 5299 His
3089 5250 3314 5314 acceptis
3347 5251 3527 5303 scribit
3556 5251 3655 5301 im-

2134 5316 2359 5379 peratori
2388 5324 2438 5367 et
2466 5316 2652 5367 Aeztcio
2676 5316 2921 5380 episcopo
2956 5315 3252 5381 Simplicius
3284 5332 3436 5382 papa,
3476 5326 3657 5383 petens

2137 5384 2234 5435 hoc
2262 5384 2442 5434 sedulo
2484 5386 2653 5434 curari
2703 5394 2757 5433 ιιι
2800 5386 3177 5449 quamprimum
3224 5387 3380 5436 homo
3406 5386 3657 5437 scelestus

2136 5452 2338 5518 longius
2367 5450 2416 5501 in
2445 5451 2682 5502 exsilium
2710 5451 3015 5503 detrudatnr
3042 5468 3053 5501 :
3078 5451 3195 5503 ideo
3217 5454 3266 5504 in
3295 5454 3494 5517 primis,
3519 5456 3656 5518 quod

2135 5520 2434 5584 episcopum
2462 5518 2785 5570 Alexandria:
2816 5528 3006 5584 ageret,
3041 5534 3191 5586 quem
3224 5522 3440 5571 necdum
3478 5521 3656 5573 diaco—

2139 5602 2259 5638 num
2324 5586 2613 5636 ordinatum
2679 5600 2791 5637 esse
2850 5595 3132 5638 constaret.
3193 5587 3320 5640 Vide
3381 5588 3665 5641 Baronium

2139 5669 2273 5707 anno
2293 5652 2412 5717 478,
2447 5668 2586 5705 num.
2611 5653 2645 5706 9
2673 5663 2724 5707 et
2748 5654 3101 5721 sequentibus.
3134 5654 3257 5707 Ssv.
3290 5655 3482 5707 BINIUS.
