3930 6428
275 387 340 445 57
1631 385 1963 441 EPISTOLA
2002 385 2164 441 XVII.
3449 381 3519 435 5‘3

280 504 422 556 tione
464 502 808 569 sententiam,
856 515 925 554 ne
962 499 1086 568 quid
1139 506 1328 554 contra
1374 508 1576 554 tantum
1642 515 1705 555 ac
1749 501 1856 555 tale
1881 501 1933 563 Ἀ
1959 502 2183 556 subinde
2211 516 2327 570 qua:
2353 511 2619 571 gerantur,
2648 515 2835 572 quave
2857 501 3083 571 gerenda
3110 502 3235 565 sint,
3259 501 3519 557 veraciter

283 592 649 646 testimonium
680 605 1012 661 prteprOpere
1030 588 1217 644 fecisse
1239 589 1528 659 judic‘arer.
1572 590 1678 645 Sed
1711 590 1840 644 illud

281 697 369 736 nte
412 697 518 736 non
555 681 896 736 mediocriter
935 681 1057 734 fecit
1093 681 1375 734 attonitum
1400 722 1416 748 ,
1466 681 1606 750 quod
1656 681 1846 735 iisdem

283 773 483 828 litteris
521 775 632 827 suis
677 772 912 835 Petrum,
943 771 1031 840 qui
1051 773 1422 826 hereticorum
1450 773 1624 827 socius
1645 771 1844 828 dudum

277 864 553 918 exstitisse
613 862 868 932 probetur
923 872 978 917 et
1039 863 1322 932 princeps,
1372 864 1515 932 quod
1571 864 1848 919 conscien-

279 954 406 1008 tiam
449 955 747 1009 dilectionis
792 962 896 1007 tua:
922 954 1261 1007 meminimus
1300 968 1404 1008 non
1438 955 1623 1019 latere,
1654 956 1852 1010 instru-

277 1045 593 1112 ctionesque
662 1043 805 1112 ipsas
867 1028 1264 1112 quibusfuerit
1310 1044 1648 1110 confutatus,
1694 1059 1853 1099 nosse

277 1135 628 1201 conﬁdimus,
667 1148 934 1203 quemque
973 1132 1133 1188 etiam
1169 1135 1387 1189 dubium
1431 1151 1535 1190 non
1572 1138 1642 1190 sit
1681 1137 1856 1191 adhuc

278 1235 433 1278 extra
490 1225 919 1280 communionem
970 1224 1164 1280 durare
1208 1224 1559 1289 catholicam,
1608 1239 1856 1295 saapeque

277 1330 382 1370 nos
430 1316 498 1370 de
537 1316 725 1370 eodem
770 1315 965 1371 ex‘llla
1011 1315 1140 1369 urbe
1180 1315 1425 1385 pellendo
1470 1317 1747 1386 scripsisse
1779 1317 1858 1375 sit

276 1418 510 1473 certum,
538 1409 601 1462 ad
630 1410 861 1484 prafatze
888 1407 1144 1462 Ecclesia:
1170 1409 1409 1478 regimen
1438 1410 1704 1464 existimet
1736 1425 1856 1479 pro-

274 1502 581 1556 vehendum
616 1518 629 1553 :
662 1516 888 1570 cumque
918 1501 1191 1569 promittat
1233 1511 1395 1554 recta:
1435 1501 1553 1553 ﬁdei
1593 1500 1854 1554 deﬁnitio-

281 1594 443 1647 nibus
468 1593 754 1647 convenire
781 1633 795 1657 ,
825 1607 855 1645 a
882 1594 1033 1656 cujus
1061 1595 1240 1658 utique
1268 1591 1427 1661 (sicut
1453 1593 1695 1656 superius
1726 1592 1856 1661 dixi)

273 1683 551 1736 consortio
575 1693 679 1734 tam
707 1681 851 1749 degit
870 1689 1174 1744 extraneos,
1205 1693 1360 1748 quam
1388 1678 1455 1732 ab
1481 1678 1596 1744 ejus
1619 1694 1858 1731 commu-

276 1772 443 1826 nione
473 1772 733 1826 discretus
763 1755 838 1824 est
864 1810 878 1835 ,
911 1769 976 1823 ad
1007 1784 1163 1838 quam
1192 1770 1234 1822 si
1265 1783 1405 1822 nunc
1426 1770 1607 1823 redire
1638 1778 1858 1822 co..ten-

275 1863 330 1916 di
379 1903 393 1923 ,
428 1863 528 1916 nisi
559 1877 654 1930 per
683 1860 1096 1915 satisfactionem
1137 1859 1450 1913 Christianis
1485 1860 1678 1928 regulis
1703 1874 1847 1912 com-
1880 1860 1924 1918 Β

275 1956 560 2022 petentem
587 1968 691 2007 non
731 1960 902 2021 potest
946 1952 1195 2017 introire,
1236 1964 1300 2002 ac
1337 1949 1557 2019 perinde
1599 1947 1852 2020 [proinde]

273 2056 381 2094 non
431 2042 498 2094 ad
548 2042 811 2108 fastigium
857 2039 1200 2094 sacerdotalis
1248 2039 1516 2106 dignitatis
1556 2039 1849 2102 accedere;

273 2132 368 2185 sed
399 2131 658 2194 medelas,
691 2145 810 2199 qua:
851 2138 965 2194 post
999 2128 1378 2196 paenitudinem
1410 2128 1703 2195 prtestanda
1730 2139 1810 2181 est
1834 2168 1849 2193 ,

272 2233 670 2287 consequenter
693 2217 859 2288 aptari
885 2219 1074 2270 animm
1101 2231 1212 2271 sua:
1240 2218 1458 2286 cupiens
1485 2218 1852 2271 reconciliatus

269 2313 529 2365 auxilium
557 2354 567 2371 .
599 2326 702 2364 non
735 2311 951 2374 gradum
981 2313 1174 2363 summi
1202 2308 1417 2362 honoris
1444 2308 1695 2364 allectans
1715 2351 1728 2368 .
1761 2309 1850 2378 qui

267 2401 360 2455 diu
388 2402 725 2455 convincitur
751 2400 909 2454 fuisse
940 2415 1226 2468 perversos
1250 2441 1264 2464 ,
1291 2417 1358 2454 ne
1388 2416 1480 2468 per
1502 2399 1735 2468 Speciem
1769 2416 1853 2454 re-

270 2493 503 2546 meantis
531 2504 634 2543 non
669 2489 960 2543 remedium
987 2490 1211 2543 sincerae
1245 2487 1560 2543 salvationis
1591 2489 1845 2557 inquirat,

271 2583 370 2636 sed
418 2565 722 2637 facultatem
756 2579 1105 2649 propaganda:
1138 2580 1414 2648 pravitatis
1449 2579 1703 2633 ineeniat.
1735 2579 1850 2646 Quo

267 2672 414 2726 farto
452 2687 555 2726 non
603 2673 745 2726 hunc
783 2670 950 2739 magis
987 2671 1054 2722 ah
1091 2684 1271 2722 errore
1298 2668 1658 2734 detrahimus,
1691 2684 1847 2736 quam

268 2763 564 2833 perniciem
599 2761 842 2815 ﬁdelibus
873 2760 1200 2827 irrogantus,
1238 2774 1407 2827 eoque
1438 2761 1595 2814 modo
1623 2758 1848 2814 Chalce-

269 2855 529 2908 dOneusis
567 2854 758 2922 synodi
794 2861 989 2905 statuta
1021 2852 1313 2914 violantes,
1343 2851 1544 2904 aditum
1582 2865 1718 2904 saeva
1751 2867 1846 2904 eo-

269 2945 544 3014 pulatione
590 2944 869 3012 grassandi
927 2944 978 2996 in
1039 2943 1328 2996 Ecclesiam
1379 2941 1517 3009 lupis
1569 2943 1848 3008 rapacibus

267 3035 557 3103 aperimus.
597 3033 832 3101 Denique
861 3031 928 3085 ab
953 3033 1150 3086 eisdem
1182 3032 1332 3100 ipsis,
1359 3045 1477 3084 cum
1507 3029 1696 3098 quibus
1722 3031 1846 3085 olim

266 3141 294 3176 a
335 3124 594 3177 catholica
630 3122 1028 3190 participatione
1056 3121 1259 3174 divisus
1292 3131 1403 3184 est,
1436 3120 1670 3187 pontifex
1711 3120 1848 3174 dici-

266 3223 353 3269 tur
384 3214 640 3283 postulari
685 3231 700 3265 :

266 3314 468 3357 rectam
513 3304 669 3358 ﬁdem
701 3304 854 3366 velle,
889 3303 982 3358 sed
1019 3304 1069 3357 in
1111 3302 1340 3371 praesule
1385 3302 1598 3371 preprio
1626 3300 1837 3354 nefandi

265 3396 531 3464 dogmatis
572 3411 810 3465 quarrere
852 3404 1204 3464 potestatem;
1241 3409 1412 3464 neque
1450 3395 1584 3449 inter
1619 3393 1763 3462 ipsos
1793 3402 1848 3446 et

265 3488 530 3541 veraciter
575 3487 869 3541 sentientes
909 3501 1008 3556 pax
1048 3486 1171 3540 inde
1206 3486 1374 3554 possit
1413 3484 1549 3540 fmda
1577 3484 1844 3555 generari,

265 3579 412 3632 unde
436 3578 806 3631 hereticorum
831 3579 1086 3630 montium
1107 3578 1300 3630 crescit
1325 3575 1528 3629 funesta
1551 3575 1842 3639 damnatio,

265 3679 320 3723 et
345 3668 730 3723 catholicorum
772 3668 1009 3722 succedit
1039 3666 1340 3721 miseranda
1373 3667 1671 3732 captivitas.
1708 3666 1845 3718 Tan-

266 3761 334 3814 tis
376 3760 539 3827 igitur
576 3759 728 3813 malis
758 3770 914 3828 atque
955 3759 1203 3828 periculis
1238 3774 1331 3826 pro
1360 3758 1640 3812 sacerdotii
1673 3759 1844 3826 quali-

269 3862 398 3914 tate,
435 3859 489 3905 et
517 3851 790 3905 catholica:
821 3851 1214 3918 praedicationis
1241 3850 1452 3914 intuitu,
1480 3857 1536 3901 ut
1564 3864 1662 3915 qua
1693 3856 1844 3916 potes

266 3942 475 3996 ratione
515 3942 786 4011 sapienter
820 3941 1083 4006 obsistas,
1130 3940 1372 3994 maximis
1416 3940 1645 4005 undique
1684 3940 1843 3991 rebus

265 4035 577 4112 astringeris
631 4050 644 4082 :
708 4046 808 4085 nec
848 4030 1116 4084 dilectioni
1164 4039 1266 4081 tuze
1298 4029 1374 4080 fas
1419 4038 1499 4080 est
1538 4028 1587 4078 id
1633 4026 1842 4091 segnius

265 4125 496 4188 operari,
527 4121 666 4188 quod
712 4121 776 4173 ad
818 4122 1006 4171 animae
1041 4129 1142 4170 tua:
1173 4131 1407 4178 causam,
1431 4115 1661 4184 honoris
1701 4115 1835 4167 cesti-

266 4212 622 4275 tttationisque
646 4218 942 4276 respectum
968 4222 1068 4260 non
1091 4206 1298 4259 dubitas
1327 4201 1864 4272 pertittere.'0pp0r-_

267 4299 581 4352 tunitattbus
613 4313 740 4365 ergo
768 4297 1014 4363 repertis,
1044 4296 1445 4351 clementissimi
1477 4297 1726 4364 principis
1746 4311 1841 4346 vo-

265 4390 524 4442 luntatem
547 4386 936 4440 incessabiliter
961 4401 1054 4453 pro
1077 4387 1177 4439 ﬁde
1197 4386 1452 4440 catholica
1475 4385 1836 4453 supplicando,

264 4488 320 4531 ct
354 4479 418 4528 ab
452 4477 532 4529 his
573 4475 759 4530 sedulo
799 4490 1046 4528 revocare
1084 4492 1201 4544 qua:
1236 4475 1416 4528 nociva
1454 4485 1577 4527 sunt
1607 4475 1836 4543 dogmati

1949 592 2208 657 indicate,
2237 601 2290 645 ut
2322 592 2646 646 creditorum
2683 591 2888 647 tibimet
2923 591 3321 661 dispensatione
3349 592 3520 646 domi-

1949 681 2065 736 nica
2098 681 2420 759 talentorum
2447 682 2499 735 in
2530 681 2630 735 hac
2669 681 3103 750 multiplicatione
3130 682 3300 736 fidelis
3331 696 3518 737 servus

1951 774 2247 829 ostendaris
2268 815 2283 840 ,
2311 775 2356 827 si
2388 787 2492 828 non
2521 781 2722 826 tantum
2753 774 2807 827 in
2847 773 3078 827 Ecclesia
3110 776 3193 827 cui
3227 774 3514 842 prmsides,

1950 864 2044 918 sed
2072 863 2373 932 ubicunque
2402 864 2636 932 potueris
2655 905 2677 932 ι
2702 878 2798 932 pro
2822 865 3027 918 unitate
3053 864 3313 919 catholica
3343 874 3396 917 et
3424 877 3524 932 pro

1954 956 2188 1025 paternis
2213 955 2611 1010 definitionibus
2639 957 2864 1012 suadere
2890 971 2992 1011 non
3021 970 3232 1012 renuas.
3262 958 3390 1010 Data
3422 955 3526 1008 idi-

1953 1046 2053 1100 bus
2078 1046 2230 1101 Juliis
2256 1047 2416 1116 (anno
2444 1047 2571 1102 Chr.
2607 1047 2757 1117 482),
2787 1046 3041 1103 Severiuo
3075 1048 3190 1102 viro
3227 1046 3523 1101 clarissimo

1954 1135 2192 1191 consule.
2853 1153 2859 1157 ·

2303 1391 2812 1487 frnscusurou
2850 1402 3207 1492 EptsroLa:

2345 1572 2588 1614 ShlPLlCll
2616 1573 2762 1613 PAP8
2793 1574 2860 1614 ΔΙ)
2889 1573 3148 1614 ΖΕΝΟΝΕΙ.

1961 1710 2149 1780 Incipit
2179 1711 2423 1784 epistola_
2437 1719 2636 1766 sanctae
2676 1713 2949 1784 memerita
2981 1714 3240 1783 Simplicii
3277 1728 3424 1784 papae
3453 1715 3519 1771 ad

2390 1780 2658 1836 Zenonem
2687 1783 3082 1851 imperatorem.

2365 1919 2508 1974 Inter
2537 1932 2715 1975 cartera
2737 1931 2782 1976 et
2803 1923 2872 1975 ad
2900 1923 3086 1975 locum.

2024 2036 2130 2092 Sed
2158 2036 2266 2104 jam
2295 2036 2570 2090 veniamus
2593 2035 2661 2088 ad
2690 2050 2781 2088 eos
2811 2051 3034 2104 quorum
3057 2053 3218 2092 unum
3249 2053 3280 2092 a
3313 2039 3529 2108 pontiﬁc

1952 2127 2036 2180 cio
2057 2119 2432 2178 Alexandrinae
2457 2124 2704 2177 Ecclesiae
2723 2126 3122 2187 secludendum,
3153 2129 3374 2182 alterum
3399 2129 3522 2182 hui-

1955 2216 2345 2284 prmﬁciendum
2375 2215 2771 2282 tranquillitatis
2797 2226 2900 2269 tua:
2927 2218 3122 2286 scripta
3151 2221 3519 2285 pronuntiant.

1953 2323 2015 2361 ac
2040 2308 2232 2376 primo,
2264 2306 2306 2360 si
2335 2307 2502 2373 placet
2539 2321 2759 2374 persona
2785 2306 2922 2360 Petri
2943 2348 2958 2373 ,
2985 2309 3229 2362 meritum
3263 2312 3520 2379 expenda-

1953 2413 2091 2451 mus.
2121 2397 2378 2450 Nimirum
2406 2397 2491 2450 bic
2530 2404 2612 2450 cst
2644 2396 2884 2462 complex
2918 2398 3194 2465 parricidae
3221 2397 3377 2469 [forte
3401 2417 3524 2469 par-

1952 2485 2143 2557 ricidii]
2170 2485 2466 2550 Timothei,
2500 2495 2553 2539 et
2588 2486 2777 2540 exsilio
2816 2487 3144 2554 sempiterno
3174 2497 3352 2546 vestra
3393 2507 3522 2558 (νιος

1951 2594 2053 2645 que
2091 2566 2328 2645 iussione
2355 2575 2716 2646 dignissimus.
2748 2576 2844 2630 llic
2871 2586 3053 2632 contra
3084 2578 3359 2634 veritatem
3390 2582 3524 2633 mili-

1954 2667 2175 2721 tantium
2225 2667 2400 2720 socius
2451 2681 2696 2736 semper,
2751 2675 2806 2720 et
2857 2667 3063 2722 doctor.
3125 2668 3251 2732 Hic,
3304 2669 3372 2724 de
3421 2686 3524 2738 quo

1952 2758 2310 2813 Alexandrina
2342 2759 2473 2811 urbe
2502 2757 2746 2826 pellendo
2782 2772 2926 2826 smpe
2969 2773 3054 2812 me
3089 2759 3284 2829 litteris
3310 2776 3524 2828 rogasse

1951 2866 2057 2904 non
2085 2851 2300 2905 dubium
2328 2859 2436 2913 est;
2470 2849 2558 2918 qui
2583 2851 2627 2903 si
2653 2859 2794 2905 esset
2822 2859 2980 2904 recta:
3012 2851 3152 2917 ﬁdei,
3185 2853 3234 2906 in
3264 2855 3523 2906 catholica

1952 2941 2133 3011 utique
2168 2941 2544 2995 communione
2574 2941 2875 2994 mansisset.
2909 2940 3059 3005 Quod
3089 2942 3134 2995 si
3173 2942 3236 2993 ad
3267 2957 3383 2997 eam
3427 2959 3525 2996 nu-

1952 3049 2047 3103 per
2085 3032 2448 3087 emendandus
2477 3031 2681 3084 accedit
2711 3031 2810 3083 hoc
2849 3031 3017 3098 ipsum
3062 3032 3150 3084 ditt
3183 3032 3370 3086 retenti
3398 3048 3523 3086 con-

1954 3124 2151 3178 futatur
2185 3122 2416 3185 erroris,
2455 3137 2613 3190 quam
2664 3132 2837 3176 tamen
2883 3125 3306 3178 emendationem
3354 3127 3398 3179 si
3440 3127 3523 3183 vel

749 3223 806 3267 υι
847 3214 974 3265 Situs
1009 3211 1281 3266 θνίάειηθτ
1322 3219 1575 3279 appareat
1613 3225 1715 3263 n0n
1755 3223 1846 3262 €08
1874 3209 1918 3269 C
1952 3230 2091 3268 nunc
2126 3215 2331 3266 sincera
2362 3221 2540 3266 mente
2570 3215 2919 3281 perquireret,
2947 3216 3356 3271 satisfactionem
3391 3232 3520 3269 (σου-

1947 3313 2230 3373 sequenter
2259 3302 2473 3356 afferret
2505 3318 2529 3353 ι
2554 3318 2657 3354 non
2706 3304 2906 3370 expetit
2944 3305 3100 3373 [forte
3133 3305 3404 3376 exspectat]
3443 3307 3521 3359 di-

1945 3410 2013 3464 gn
2040 3403 2228 3460 tatem,
2270 3394 2356 3462 qui
2402 3401 2518 3462 post
2561 3394 2940 3460 ptenitudinem
2980 3394 3298 3462 indulgentia
3331 3397 3521 3465 dignus

1946 3493 2048 3549 est,
2079 3499 2180 3537 non
2216 3482 2436 3536 honore.
2470 3483 2621 3536 Absit
2648 3492 2704 3536 ut
2733 3484 2848 3550 ejus
2873 3483 3029 3536 saluti
3056 3483 3099 3537 si
3123 3484 3400 3552 resipiscit,
3433 3487 3518 3538 in-

1948 3575 2186 3638 videam;
2211 3575 2553 3642 complector,
2579 3575 2764 3628 hortor
2795 3584 2848 3627 et
2887 3575 3109 3643 gaudeo,
3139 3576 3518 3645 gloriosissime

1947 3664 2267 3731 imperator;
2301 3664 2391 3717 sed
2417 3663 2504 3715 diu
2536 3665 2807 3730 pravitatis
2837 3665 3060 3719 vulnere
3080 3668 3319 3721 sauciato
3345 3670 3517 3723 medi-

1945 3755 2080 3807 cinte
2111 3756 2262 3807 venia
2298 3742 2573 3818 competit,
2602 3768 2706 3807 non
2741 3756 3038 3822 potestatis.
3065 3756 3209 3808 Tunc
3229 3757 3367 3810 enim
3397 3760 3519 3812 reli-

1944 3846 2116 3913 gienis
2147 3846 2341 3913 poterit
2370 3845 2660 3912 nttnrupat-i
2680 3886 2692 3908 ,
2723 3846 2765 3898 si
2804 3848 3152 3914 perversitate
3177 3849 3418 3903 damnata
3450 3851 3514 3904 ad

1944 3953 2127 3992 sanam
2177 3937 2333 3990 ﬁdem
2381 3951 2618 3990 remeare
2663 3939 3015 4005 pneelcgerit.
3061 3939 3307 4005 Alioquin
3350 3945 3519 3993 mani-

1946 4028 2108 4079 festus
2155 4036 2235 4080 est
2277 4042 2394 4079 eum
2449 4045 2554 4079 non
2601 4028 2927 4080 curationem
2969 4031 3162 4095 proprii
3207 4030 3522 4085 desiderare

1943 4115 2241 4182 languoris,
2287 4116 2376 4168 sed
2422 4116 2622 4169 ambire
2671 4115 2963 4184 fastigium,
2997 4133 3100 4184 quo
3140 4119 3368 4186 perfidiae
3405 4136 3522 4174 sum

1942 4206 2085 4256 virus
2131 4204 2335 4258 miseris
2379 4204 2734 4257 animantibus
2774 4206 3122 4260 conﬁdentius
3167 4208 3528 4275 licentiusque-

1941 4293 2225 4357 dilfundat,
2271 4303 2324 4345 et
2363 4293 2427 4346 de
2469 4293 2741 4358 superiore
2781 4293 2896 4346 loco
2936 4295 3100 4346 multo
3131 4294 3412 4350 violentius
3459 4300 3512 4349 in

1945 4383 2254 4436 servitutem
2308 4383 2623 4436 catholicam
2684 4383 2888 4447 redigat
2946 4383 3265 4437 libertatem.
3321 4384 3526 4450 Quaeso

1941 4474 2132 4528 deinde
2165 4475 2251 4542 qui
2285 4473 2397 4539 ejus
2433 4473 2701 4540 provectui
2732 4472 3118 4541 suﬁ‘ragentur,
3148 4485 3200 4527 et
3229 4490 3320 4528 eos
3354 4478 3516 4529 audio

262 4569 590 4630 Christiano,
621 4575 674 4619 et
696 4566 984 4619 secundum
1024 4565 1136 4618 ha-c
1165 4580 1280 4633 qua:
1312 4565 1642 4626 mandamus,
1678 4564 1841 4615 infor-
1865 4559 1915 4616 D
1942 4579 2059 4618 esse
2105 4563 2577 4626 archimandritas,
2621 4573 2674 4615 et
2711 4564 3031 4627 monachos,
3064 4563 3147 4616 vel
3181 4565 3222 4617 si
3264 4565 3350 4629 qui
3389 4577 3512 4620 sunt

267 4671 412 4709 mare
437 4656 650 4717 crebro,
681 4656 837 4722 inque
876 4669 990 4706 eam
1021 4660 1223 4720 partem
1262 4669 1378 4721 qua:
1400 4655 1576 4730 amica
1606 4654 1674 4706 sit
1702 4651 1838 4706 veri-

263 4747 358 4801 tati
382 4787 396 4806 ,
439 4746 614 4813 potius
657 4746 855 4798 instare
882 4758 984 4796 non
1013 4742 1228 4795 desinas
1248 4784 1262 4808 ,
1293 4753 1346 4795 et
1376 4744 1456 4812 (ut
1483 4754 1719 4797 sanctum
1744 4743 1832 4796 Ti-

277 4836 537 4887 xtothettm
607 4833 933 4887 venerandos
993 4833 1264 4896 aposmlus
1334 4832 1528 4884 Paulus
1589 4833 1837 4902 instituit)

261 4933 601 4987 opportune,
635 4922 964 4988 importune,
989 4920 1336 4985 obsecrando,
1370 4921 1689 4975 insinuando
1738 4939 1832 4975 ex-

269 5012 621 5080 ponendoque
665 5009 963 5063 nullatenus
1005 5009 1236 5078 allegare
1274 5012 1542 5076 cessabis,
1583 5021 1636 5065 et
1683 5014 1837 5066 nobis

263 5169 505 5239 perjurus
535 5175 679 5220 esset
705 5165 935 5219 Joannes
969 5185 979 5217 :
1011 5175 1192 5239 utpote
1227 5168 1327 5239 qui
1353 5168 1586 5236 iurasset
1616 5185 1719 5222 non
1753 5169 1831 5222 fu-

266 5237 433 5291 turum
482 5247 542 5291 ut
586 5243 955 5306 palcrct_t_t_t'_se
990 5238 1273 5304 aliquando
1317 5237 1366 5289 itt
1411 5241 1825 5291 Alexandrinum

265 5311 573 5377 episcopum
611 5303 752 5377 eligi.
777 5303 912 5356 Vide
942 5303 1221 5358 Baronium
1252 5322 1390 5360 anno
1420 5309 1554 5371 482,
1586 5324 1731 5360 num.
1766 5312 1824 5361 tl

264 5375 312 5432 et
345 5380 428 5429 η.
451 5377 583 5428 Sev.
626 5375 822 5426 Bistus.

254 5471 258 5486 ι
334 5449 349 5478 ¹
393 5444 627 5512 Epistola
671 5441 925 5512 Simplicii
971 5457 1116 5508 papae
1155 5459 1256 5509 qua
1301 5445 1588 5509 respondet
1631 5445 1830 5500 Zenoni

268 5511 585 5584 imperatori
616 5511 810 5577 petenti
862 5511 1230 5584 Alexandriam
1277 5513 1528 5566 Ecclesiae
1583 5531 1647 5569 ex
1698 5532 1829 5569 nece

266 5581 540 5639 Timotheo
576 5583 718 5635 illata
749 5581 1172 5652 vacantiiprzelici
1199 5583 1408 5652 l’etrttm
1440 5584 1704 5652 Moggum,
1737 5601 1819 5638 rc-

268 5657 398 5722 ict-to
437 5655 657 5722 Joanne
677 5665 830 5722 quem
872 5651 967 5701 sibi
1008 5651 1359 5722 Alexandrina
1395 5651 1626 5705 Ecclesia
1659 5658 1825 5720 elege-

269 5720 360 5787 iat,
394 5724 617 5793 epistola
648 5721 778 5787 htnc,
815 5720 1025 5789 inquam
1050 5761 1063 5788 ,
1099 5721 1367 5789 hucusque
1393 5724 1539 5776 latuit
1568 5726 1820 5790 eruditos,

1940 4656 2029 4707 alii
2068 4656 2154 4721 qui
2191 4637 2364 4752 sese‘a
2407 4653 2781 4706 communione
2820 4652 3076 4706 catholica
3109 4665 3508 4719 separaverunt.

1942 4745 2142 4797 llorum
2188 4740 2712 4805 ergo’testimonium
2751 4740 3197 4808 comprobandum
3235 4748 3347 4806 est,
3380 4760 3514 4810 quo-

1941 4849 2055 4886 rum
2092 4830 2411 4884 admittenda
2445 4845 2702 4898 persona,
2732 4830 2918 4899 quibus
2947 4845 3089 4884 sana:
3121 4831 3240 4885 fidei
3288 4849 3343 4894 ει
3376 4848 3512 4885 conp

1937 4924 2173 4978 scientiae
2219 4936 2373 4975 causa
2417 4938 2521 4975 non
2562 4922 2826 4991 suppetit,
2866 4930 2919 4974 et
2959 4921 3044 4988 qui
3092 4937 3209 4975 cum
3261 4924 3503 4978 eumdem

1944 5012 2174 5085 [eodem]
2205 5014 2314 5080 pari
2341 5022 2584 5066 tenentur
2614 5027 2812 5066 errore.
2846 5009 3011 5064 Finit.

1939 5169 2174 5234 quamvis
2200 5167 2264 5220 de
2297 5168 2546 5233 petitione
2570 5169 2666 5220 hac
2692 5183 2718 5218 a
2753 5167 2969 5221 Zenone
3001 5168 3134 5220 facta
3166 5170 3346 5222 moniti
3386 5169 3500 5224 fuc-

1941 5247 2062 5290 rnut
2103 5253 2164 5289 ex
2203 5237 2424 5297 cpistola
2466 5237 2721 5303 Simplicii
2765 5238 2828 5290 ad
2867 5238 3136 5290 Acacium.
3175 5239 3314 5290 llane
3351 5255 3495 5299 vero,

1937 5307 2175 5371 quamvis
2206 5321 2307 5356 non
2349 5308 2624 5372 integram,
2657 5306 2804 5358 dedit
2831 5307 2982 5359 nobis
3023 5308 3285 5371 insperato
3321 5318 3495 5359 vetus-

1939 5377 2169 5428 lissintus
2195 5377 2311 5426 cod.
2343 5375 2726 5442 Frisingensis,
2760 5391 2912 5441 quem
2945 5376 2995 5427 in
3027 5393 3174 5427 usum
3212 5376 3361 5439 hujus
3389 5381 3498 5430 edi-

1939 5447 2092 5497 tionis
2130 5446 2394 5497 consuluit
2435 5446 2491 5497 P.
2539 5445 2828 5498 Frobenius
2871 5445 3082 5496 Forster
3125 5444 3497 5500 Benedictiuus

1939 5516 2079 5576 prior
2099 5523 2151 5565 et
2179 5513 2613 5567 bibliothecatius
2632 5515 2686 5566 S.
2723 5512 3038 5566 Emmerami
3069 5511 3387 5566 llatishona-.
3421 5519 3493 5571 Ex

1936 5583 2030 5635 hac
2062 5599 2183 5634 vero
2215 5583 2344 5634 nihil
2379 5584 2629 5636 discitttus
2666 5597 2820 5649 supra
2859 5582 2909 5633 id
2939 5582 3076 5646 quod
3106 5581 3210 5646 jam
3249 5584 3493 5638 innotue-

1935 5663 2034 5712 rat,
2053 5652 2377 5716 Simplicium
2403 5653 2606 5707 scilicet
2627 5652 2846 5720 obsequi
2872 5651 3175 5717 imperatori
3198 5668 3470 5709 recusasse

1934 5723 2083 5777 Joas‘.
2120 5721 2254 5776 De».
2286 5721 2472 5775 Mutat.
