3908 6384
493 431 558 490 52
1499 431 1798 487 SIMPLICII
1833 431 2030 486 PANE
2061 428 2374 484 EPISTOLA
2418 427 2597 481 XVIII.
3563 425 3629 479 60

965 544 977 572 ‘
1002 540 1314 595 EPISTOLA
1344 541 1522 594 XVIII.

957 664 1188 703 SIIPLICII
1215 665 1279 702 AD
1307 664 1534 702 ευκοειι.

491 757 669 810 Mirari
698 775 748 810 se
774 761 842 809 ait
871 758 1099 808 Acacium
1131 757 1191 806 de
1221 755 1568 806 Alexandriam
1603 753 1834 804 Ecclesia
1860 769 2010 805 uexa-

555 827 768 877 tionibns
806 840 1106 890 nequaquam
1130 840 1182 874 se
1209 824 1484 884 monuisse;
1512 821 1741 872 hortatur
1768 831 1933 873 autem
1958 829 2010 870 ut

556 894 842 1012 imdpjratori
877 894 1086 944 insinuet
1139 898 1190 941 nt
1233 891 1390 942 eidem
1435 890 1668 942 Ecclesia:
1709 906 1809 955 pax
1847 899 2012 957 aptata

557 977 610 1012 rc
685 970 813 1012 ater.

711 1069 1056 1122 Dilectissimo
1084 1066 1228 1118 fratri
1252 1065 1439 1118 Acacio
1468 1064 1778 1130 Simplicius.

560 1157 942 1225 Cogitationum
973 1158 1126 1210 ferias
1153 1171 1253 1208 non
1279 1155 1527 1208 habemus
1549 1171 1562 1205 :
1586 1169 1680 1206 nec
1701 1155 1839 1206 enim
1867 1153 2014 1219 quie-

490 1261 638 1300 scere
680 1262 776 1300 nos
820 1261 972 1300 causa
1019 1246 1305 1311 permittit,
1350 1259 1502 1312 quam
1544 1245 1586 1296 si
1631 1243 2012 1309 relinquamus,
2063 1279 2066 1281 Α

492 1333 626 1400 apud
663 1333 925 1388 Cltrismm
964 1333 1235 1401 Dominum
1277 1345 1545 1396 nosuum,
1585 1330 1730 1397 cujus
1770 1331 2013 1390 interest,

491 1421 812 1479 excusabiles
856 1420 1010 1491 [forte
1050 1416 1426 1486 inmutabiles]
1471 1432 1678 1488 sumus,
1721 1417 1787 1470 Et
1829 1416 2015 1468 mirum

490 1519 575 1562 est
602 1509 927 1562 dilectionem
959 1516 1097 1562 tuam
1130 1516 1204 1560 tot
1230 1505 1455 1560 emensis
1483 1505 1829 1572 temporibus,
1855 1513 1906 1556 et
1945 1511 2019 1554 tot

495 1598 961 1664 opportunitatibus
985 1596 1103 1650 inde
1128 1593 1470 1655 venientibus,
1499 1592 1566 1644 nil
1595 1605 1688 1644 nos
1715 1591 1780 1643 de
1801 1591 2021 1642 Alexan-

495 1687 644 1738 drina
677 1687 760 1740 Ecs
780 1687 900 1738 lesia
921 1725 936 1750 ,
967 1700 1080 1752 quin
1107 1695 1210 1736 tam
1241 1685 1465 1751 graviter
1489 1681 1736 1748 quatitur,
1767 1680 2021 1732 instruere

442 1765 445 1769 ’
495 1775 753 1837 voluisse;
779 1789 895 1828 cum
923 1787 1133 1826 monere
1155 1780 1203 1824 te
1232 1785 1326 1824 nec
1351 1769 1633 1835 increpatio
1661 1776 1834 1820 nostra
1864 1765 2023 1819 destio

2030 542 2076 598 Α
2105 553 2199 592 suo
2227 537 2487 600 cognoscit
2512 534 2762 602 imperio,
2792 533 3035 588 Ecclesiae
3064 533 3152 586 Dei
3176 533 3242 586 ab
3270 532 3628 587 hmreticorum

2109 625 2415 690 contagione
2449 633 2500 676 et
2537 623 2783 688 pravitate
2809 621 3082 686 violentur,
3109 621 3200 675 sed
3236 621 3483 675 doctrinae
3519 622 3633 675 dia-

2109 716 2290 767 bolica:
2318 714 2658 782 prmeeptiona
2692 714 2898 781 pietatis
2930 714 3089 777 ipsius
3117 721 3426 779 prtvstentur
3450 713 3634 765 immu-

2111 818 2223 854 nes.
2265 802 2328 856 Ut
2368 804 2398 853 ii
2435 805 2521 870 qui
2567 803 2664 854 sibi
2707 801 3018 854 crediderint
3053 801 3371 854 sacerdotale
3405 801 3638 854 ministe-

2111 889 2242 942 rium
2275 891 2500 942 damnati
2544 890 2768 942 hminis
2806 891 3205 957 prtesumptione
3235 887 3490 948 conferri,
3519 903 3638 956 pro-

2111 978 2331 1043 mulgata
2375 977 2629 1044 imperiali
2675 977 3047 1030 constitutione
3092 977 3248 1030 etiam
3297 990 3328 1029 ο
3377 985 3637 1030 conventu

2116 1065 2382 1118 hominum
2429 1065 2732 1133 segregandi
2773 1065 3059 1132 iubeantur
3091 1064 3291 1118 excludi
3331 1081 3346 1117 :
3389 1073 3640 1132 quatenus

2115 1153 2194 1206 bis
2230 1154 2516 1217 submotis,
2543 1165 2695 1220 atque
2735 1155 2787 1206 in
2829 1154 3121 1207 solitudinis
3158 1164 3401 1222 perpetua
3444 1154 3642 1221 relega-

2117 1243 2258 1295 tione
2286 1242 2566 1304 damnatis,
2595 1243 2852 1294 antistiies
2879 1241 3119 1294 catholici
3145 1241 3378 1309 deceptis
3407 1241 3487 1294 vel
3526 1241 3642 1293 red-

2114 1331 2306 1384 dantur
2345 1330 2624 1392 Eeclesiis,
2655 1331 2733 1382 vel
2777 1341 3038 1384 creentur.
3079 1330 3130 1381 In
3173 1345 3273 1394 quo
3319 1344 3414 1383 nec
3453 1339 3643 1382 nostra:

2117 1433 2300 1487 preces
2328 1419 2465 1486 apud
2493 1418 2938 1485 religiosissimum
2961 1419 3268 1486 principem,
3297 1433 3392 1472 nec
3411 1419 3641 1472 dilectio-

2116 1511 2197 1562 nis
2232 1518 2332 1562 tua:
2361 1510 2652 1576 suggestio.
2679 1518 2769 1562 aut
2793 1517 3048 1562 tantorum
3081 1508 3294 1562 fratrum
3327 1519 3642 1573 nostrorum,

2117 1611 2249 1665 quos
2276 1597 2549 1650 advenisse
2576 1596 3076 1664 Constantinopolim
3109 1598 3427 1664 reperimus,
3461 1598 3646 1664 impleo

2118 1685 2250 1737 ratio
2271 1685 2624 1746 sacerdotum,
2655 1694 2743 1737 aut
2767 1686 3076 1752 supplicatio
3103 1687 3473 1738 monachorum
3502 1686 3648 1738 labo-

2120 1786 2236 1824 rare
2263 1773 2471 1838 poterit.
2494 1772 2628 1836 Quin
2649 1773 2896 1841 quidquid
2921 1773 2982 1826 ad
3007 1774 3351 1842 integritatem
3379 1775 3648 1828 catholica:

497 1863 637 1926 terit,
667 1870 722 1914 ut
750 1861 1047 1928 participata
1073 1857 1436 1920 sollicitudine,
1469 1855 1666 1908 litteras
1701 1867 1844 1906 meas
1879 1851 2013 1920 apud
2045 1849 2088 1908 Β
2116 1857 2233 1910 ﬁdei
2264 1860 2518 1925 pertinet,
2551 1861 2601 1912 in
2636 1876 2734 1927 qua
2779 1861 3128 1914 Ecclesiarum
3156 1871 3236 1915 est
3262 1864 3540 1915 constituta
3568 1867 3650 1914 se;

493 1949 990 2004 Christianissimum
1017 1956 1072 2002 et
1094 1945 1557 2000 clementissimum
1585 1931 1864 2010 principem
1889 1955 2023 2008 prm-

491 2039 726 2091 sentibus
763 2049 864 2089 tum
904 2035 1198 2088 dilectiOnis
1239 2033 1625 2102 prosequereris
1659 2031 1929 2097 alloquiis,
1969 2036 2024 2082 et

493 2126 712 2179 instituti
733 2125 916 2178 veteris
938 2137 1154 2185 memor,
1173 2123 1222 2174 iu
1243 2115 1648 2176 orthodoxorum
1670 2119 2020 2172 defensionem

496 2215 762 2268 nobiscum
788 2215 862 2266 sic
887 2228 1090 2279 semper
1118 2213 1479 2272 incumberes,
1515 2225 1580 2263 ne
1609 2209 1880 2277 quisquam
1924 2221 2021 2259 uo-

492 2313 688 2366 utrum,
716 2303 1006 2356 Christiana
1039 2302 1191 2368 plebe
1220 2309 1499 2367 pereunte,
1529 2309 1725 2350 reatum
1748 2295 2024 2349 deditionis

493 2389 758 2454 incurrat,
789 2399 838 2443 et
879 2389 1230 2442 mercenarius
1258 2389 1428 2454 potius
1456 2386 1688 2438 videatur
1716 2399 1831 2437 esse
1869 2398 2022 2450 quam

495 2488 688 2546 pastor.
722 2477 866 2532 Unde
906 2477 1169 2529 hortamur
1194 2476 1522 2529 dilectionem
1564 2483 1701 2527 tuam
1743 2483 1798 2526 ut
1831 2488 2022 2539 oppor-

497 2577 622 2619 tune
648 2573 804 2633 atque
834 2567 1126 2630 importune
1151 2564 1248 2629 piis
1276 2564 1486 2615 auribus
1515 2562 1775 2629 insinuare
1798 2574 1900 2611 non
1929 2559 2024 2613 dc-

494 2654 663 2715 sinat,
695 2661 945 2718 quatu-nus
971 2652 1186 2703 remotis
1211 2648 1468 2702 scandalis
1495 2664 1608 2716 quas
1640 2649 1689 2699 in
1717 2648 2026 2700 Alexandri-

499 2755 620 2794 nam
670 2739 954 2793 Eoclesiam
1018 2739 1264 2792 recidivis
1315 2738 1526 2789 ausibus
1577 2739 1878 2800 irruc'runt,
1928 2751 2025 2804 pax

496 2836 669 2893 optata
696 2827 955 2889 reddatur,
980 2835 1029 2879 et
1049 2825 1291 2878 celeriter
1311 2824 1589 2892 vigilantia
1614 2819 1712 2877 tua:
1734 2825 2016 2890 profectus,

499 2915 806 2983 posthabitis
857 2915 1289 2978 diticultatibus,
1337 2912 1630 2966 inducatur.
1676 2914 1798 2964 Data
1848 2921 2030 2965 octavo

500 3005 616 3057 idus
643 3006 970 3070 Novembris,
999 3006 1252 3058 Severino
1279 3004 1514 3068 consule,
1544 3006 1729 3057 directa
1755 3019 1840 3072 per
1869 3005 2029 3058 Resti-

501 3103 677 3148 tutum.

981 3244 989 3253 _
1109 3182 1423 3235 EPISTOLA

970 3285 1202 3322 SIMPLICII
1232 3287 1298 3323 AD
1324 3287 1553 3324 ευκοειι.

817 3358 855 3408 Α
890 3357 1020 3410 Luca
1050 3358 1328 3412 IIolsteinio
1363 3361 1533 3412 Roma:
1558 3361 1712 3411 edita.

734 3446 1078 3499 Dilectissimo
1106 3448 1246 3499 fratri
1271 3447 1461 3499 Acacio
1485 3447 1800 3511 Simplicius.

570 3533 780 3586 Litteris
818 3545 919 3585 tuae
946 3533 1270 3594 dilectionis,
1306 3547 1435 3600 quas
1473 3548 1563 3598 per
1600 3533 1758 3584 lilium
1802 3542 2032 3584 nostrum

509 3619 855 3686 Epiphaniam
894 3619 1166 3670 diaconum
1210 3618 1440 3684 probatae
1485 3617 1602 3670 ﬁdei
1646 3617 1928 3682 direxisti,
1973 3634 2034 3671 ea

507 3721 625 3771 quae
647 3705 864 3757 strictim
895 3704 1267 3771 religio:issimi
1291 3704 1385 3758 viri
1417 3705 1509 3756 lilii
1537 3705 1698 3765 nostri
1728 3706 2035 3773 presbyteri,

507 3791 924 3846 archimandritas
959 3806 1076 3844 cum
1114 3793 1382 3846 monachis
1418 3794 1502 3847 vel
1541 3803 1662 3847 ante
1700 3794 2034 3860 scripserant,

507 3880 664 3933 latius
706 3879 972 3943 indicasti,
1018 3889 1071 3932 et
1116 3881 1316 3948 prolixo
1361 3881 1567 3948 quidem
1610 3881 1901 3946 volumine,
1947 3885 2037 3936 scd

507 3983 751 4023 sermone
779 3969 1076 4023 necessario
1111 3969 1364 4032 retulisti;
1398 3976 1454 4021 ut
1483 3969 1612 4036 'quid
1641 3970 1720 4022 vel
1746 3969 2040 4022 Constanti-

508 4057 829 4127 nopoli,.vel
870 4058 921 4109 in
956 4057 1072 4110 aliis
1112 4058 1410 4124 regionibus
1445 4059 1511 4110 ab
1549 4058 1805 4112 haereticis
1839 4068 2036 4126 gestum

507 4146 824 4199 disceremus
857 4159 954 4198 :ac
976 4146 1174 4213 singula
1203 4161 1316 4212 qua:
1346 4155 1528 4199 contra
1557 4146 1932 4201 ecclesiasticas
1958 4163 2034 4201 re-

507 4234 686 4299 gulas,
722 4244 776 4286 et
808 4241 989 4287 contra
1025 4233 1189 4298 ipsam
1229 4233 1537 4287 catholicam
1564 4234 1716 4287 ﬁdem
1746 4235 2040 4301 ubicunque

511 4321 786 4374 commissa
816 4329 955 4386 sunt,
986 4329 1106 4372 ante
1146 4329 1354 4372 nostros
1381 4321 1558 4372 oculos
1583 4323 1884 4383 collocasti;
1915 4337 2042 4389 qua-

513 4419 663 4461 tenus
693 4409 928 4461 videatur
960 4421 1064 4474 quo
1098 4407 1254 4459 etiam
1295 4407 1524 4460 remedio
1553 4408 1914 4461 subveniretur
1946 4411 2042 4462 Ec-

2121 1947 2313 2000 curitas
2341 1961 2577 2015 regressu
2607 1948 2818 2016 pietatis
2840 1963 2970 2014 suae,
3000 1949 3216 2002 Domino
3237 1964 3293 2002 se
3314 1950 3499 2017 ubique
3529 1964 3650 2015 pro-

2121 2045 2372 2099 sequente
2398 2035 2630 2088 omnium
2659 2035 2983 2101 praeveniens
3007 2046 3126 2088 vota
3155 2037 3398 2091 restitu't.
3429 2037 3492 2090 Et
3516 2037 3651 2104 apud

2122 2131 2347 2174 mentem
2373 2121 2868 2176 Christianissimam
2903 2123 3069 2177 facilis
3097 2133 3178 2178 est
3200 2126 3508 2192 impetrandi
3537 2141 3653 2194 gra-

2123 2209 2188 2260 tia
2209 2246 2224 2268 ,
2256 2209 2340 2260 ubi
2374 2209 2638 2276 religionis
2677 2219 2758 2262 est
2791 2225 2966 2280 causa.
2994 2212 3153 2265 Sicut
3178 2227 3302 2279 ergo
3337 2213 3520 2266 litteris
3555 2199 3662 2266 no-i

2121 2295 2265 2360 stris,
2299 2297 2366 2348 ita
2390 2305 2489 2349 tute
2522 2297 2840 2364 dilectionis,
2875 2299 2952 2351 vel
2983 2300 3212 2350 omnium
3238 2299 3452 2352 fratrum
3482 2301 3566 2367 qul
3596 2315 3655 2354 se

2123 2383 2186 2435 ad
2235 2384 2545 2436 documenta
2602 2384 2723 2437 fidei
2774 2398 2883 2438 sua:
2927 2385 3358 2438 Christianissimi
3410 2387 3655 2454 principis

2126 2471 2508 2534 presentavere
2547 2474 2887 2539 conspectui,
2941 2476 3267 2540 suggestione
3317 2477 3657 2540 repetendum

2124 2571 2232 2622 est,
2263 2571 2319 2612 ut
2347 2562 2657 2616 Timotheus
2682 2578 2799 2616 cum
2839 2564 3147 2630 sequacibus
3179 2565 3288 2618 suis
3313 2565 3376 2616 ad
3414 2566 3661 2620 irremu-

2126 2651 2228 2704 bile
2248 2651 2499 2720 dirigatur
2525 2654 2788 2706 exsilium.
2813 2653 2939 2705 Cum
2966 2668 3069 2721 quo
3095 2654 3284 2707 Paulus
3306 2654 3371 2706 ab
3399 2655 3659 2722 Ephesius

2135 2741 2388 2801 Ecclesia,
2420 2752 2471 2794 et
2501 2742 2683 2794 Petrus
2703 2744 2768 2796 ab
2794 2741 3117 2796 Antiochena
3148 2744 3358 2796 civitate
3390 2743 3658 2811 depulsus,

2127 2838 2282 2894 atque
2307 2843 2490 2881 omnes
2517 2830 2603 2896 qui
2630 2829 2695 2881 ab
2722 2839 2785 2882 eo
2812 2845 2888 2894 se,
2918 2831 2997 2882 vel
3023 2831 3088 2883 ab
3116 2831 3196 2884 his
3219 2846 3352 2898 quos
3382 2832 3561 2885 illicite
3584 2833 3660 2886 fe-

2127 2923 2301 2978 cerat,
2331 2915 2592 2968 a‘stimaut
2617 2918 2890 2984 episcOpos
2928 2919 3196 2972 ordinatos
3218 2963 3232 2984 ,
3265 2921 3445 2973 eadem
3474 2920 3661 2975 dcbettl

2131 3002 2248 3069 lege
2287 3005 2515 3070 percelli.
2558 3005 2630 3058 De
2669 3007 2894 3058 Antonio
2935 3015 3141 3069 autem,
3179 3007 3268 3073 qui
3305 3022 3484 3060 eorum
3528 3017 3661 3074 quos

2131 3099 2310 3142 contra
2363 3091 2648 3145 ECcIesiam
2701 3104 2946 3160 tyrannos
2993 3098 3248 3158 miserat,
3294 3096 3663 3161 antesignanus

2056 3170 2100 3231 C
2130 3181 2358 3235 existens
2379 3221 2396 3247 ,
2427 3183 2558 3235 sicut
2585 3184 2834 3251 scriptum
2867 3195 2946 3238 est
2976 3183 3144 3253 (Psal.
3169 3201 3287 3248 vtu,
3317 3185 3394 3252 3),
3427 3187 3664 3239 inimicus

2131 3281 2185 3323 et
2208 3270 2454 3326 defensor
2481 3273 2736 3338 apparuit.
2765 3272 2839 3325 De
2866 3274 3066 3326 Joanne
3101 3273 3326 3338 quodam
3353 3271 3655 3326 Constanti-

2051 3423 2054 3428 λ
2132 3359 2450 3425 nopolitano,
2477 3358 2653 3425 qui-ab
2672 3359 2931 3411 hmreticis
2951 3360 3273 3426 Apameuum
3295 3359 3663 3423 sacerdotium,

2133 3444 2268 3511 quod
2295 3445 2366 3508 ei,
2393 3445 2482 3512 qui
2520 3445 2792 3515 presbyter
2815 3446 3024 3500 aliunde
3062 3447 3257 3511 fut-rat,
3284 3448 3367 3501 vel
3395 3463 3424 3500 a
3451 3448 3664 3502 catboti<

2133 3531 2210 3584 cis
2238 3538 2578 3595 sumere'non
2606 3532 2828 3597 licebat,
2859 3547 2916 3586 se
2940 3533 3240 3588 lucreticum
3271 3535 3586 3602 publicavit,
3612 3547 3665 3589 et

2135 3619 2272 3686 quod
2301 3621 2350 3671 in
2383 3634 2441 3673 se
2475 3635 2748 3687 perperam
2777 3620 2964 3674 factum
2994 3631 3073 3674 est
3095 3622 3462 3690 improperium
3493 3634 3664 3677 retor-

2136 3709 2205 3759 sit
2258 3707 2308 3760 iu
2361 3718 2657 3769 auctorem;
2710 3709 2983 3775 expellens
3027 3709 3092 3760 ab
3138 3710 3406 3762 Antiochia
3456 3712 3665 3763 Petrum

2139 3810 2470 3863 pervasorem
2494 3788 2678 3862 ipsius,
2711 3795 2948 3848 eamdem
2977 3793 3262 3854 Ecclesiam
3293 3795 3404 3864 ipse
3425 3797 3662 3864 pervasit,

2140 3885 2240 3936 sub
2264 3885 2593 3936 anathemate
2623 3899 2651 3936 a
2675 3883 3089 3938 Christianorum
3117 3888 3382 3939 consortio
3400 3929 3416 3953 ,
3447 3887 3530 3940 vel
3559 3878 3667 3952 ipsa

2138 3974 2488 4040 appellatione
2529 3987 2855 4026 removemus
2891 3989 2906 4025 :
2953 3989 3048 4026 nec
3083 3988 3306 4041 unquam
3350 3975 3431 4027 his
3464 3975 3668 4026 satisfa-

2140 4060 2328 4112 ctionis
2350 4057 2736 4126 patefaciendus
2758 4067 2838 4112 est
2860 4060 3025 4112 locus.
3053 4059 3178 4124 Quia
3203 4059 3334 4112 sicut
3355 4059 3513 4113 Iudas
3535 4059 3668 4114 inter

2138 4149 2423 4214 apostolos,
2461 4149 2528 4200 ita
2556 4148 2636 4199 isti
2666 4148 2800 4200 inter
2829 4147 3090 4200 ministros
3119 4147 3211 4199 Dei
3241 4147 3454 4199 subdola
3485 4159 3530 4199 ct
3558 4148 3669 4199 dia-

2140 4235 2295 4287 bolici
2335 4236 2547 4300 spiritus
2589 4236 2768 4288 fraude
2808 4236 3086 4289 latuerunt.
3121 4236 3191 4288 De
3220 4235 3496 4288 Christiani
3537 4250 3671 4302 quo-

2140 4336 2242 4388 que
2285 4323 2454 4389 populi
2485 4322 2586 4373 ﬁde
2619 4331 2671 4372 et
2707 4322 2983 4374 devotione
3029 4323 3311 4388 gaudentes
3334 4363 3348 4384 ,
3383 4324 3664 4388 prolectant

2141 4403 2255 4473 eius
2281 4417 2334 4460 et
2359 4405 2838 4473 multiplicationem
2861 4408 2966 4460 Deo
2989 4409 3176 4473 jugiter
3203 4401 3546 4475 supplicantes
3576 4426 3670 4462 ex-

511 4496 705 4559 clcsiis,
738 4495 920 4560 quibus
944 4492 1046 4544 vim
1074 4493 1170 4544 sub
1193 4494 1466 4546 occasione
1496 4496 1776 4563 tyrannica:
1803 4495 2040 4547 domina-
2067 4485 2118 4542 D
2142 4493 2362 4560 petimus
2392 4509 2406 4544 :
2438 4503 2491 4545 ut
2520 4494 2570 4544 in
2601 4494 2785 4544 timore
2812 4504 2966 4559 atque
2991 4509 3168 4546 amore
3191 4495 3391 4545 Domini
3420 4510 3663 4562 perseve-

512 4583 710 4646 tionis,
760 4591 812 4634 et
859 4597 949 4648 per
991 4581 1275 4634 absentiam
1323 4582 1746 4634 Christianissimi
1795 4583 2039 4650 principis

514 4671 836 4740 perniciosus
873 4672 1004 4723 latro
1048 4679 1097 4723 et
1139 4669 1390 4722 recidivus
1430 4672 1636 4723 invasor
1680 4672 2039 4724 Alexandrina:

517 4758 764 4811 Ecclesia:
793 4757 966 4823 lapsus
987 4757 1182 4809 exsiliis
1212 4757 1477 4822 irrogavit.
1513 4758 1656 4810 Unde
1683 4759 1888 4811 unicum
1921 4768 2036 4825 post

515 4847 707 4910 Deum,
747 4845 831 4912 qui
875 4843 1154 4897 Ecclesiam
1195 4852 1245 4895 et
1285 4845 1653 4909 rempublicam
1687 4848 1894 4898 consola
1924 4846 2041 4899 ioue

516 4935 736 4987 mirabili
764 4935 910 4986 visita
923 4935 992 4986 vit
1013 4975 1026 4998 ,
1052 4931 1252 4986 etiamsi
1279 4932 1377 4984 hoc
1408 4932 1516 4984 fieri
1547 4933 1755 4986 minime
1784 4936 2039 5001 postulas-

511 5039 598 5076 .«es
615 5062 632 5086 ,
652 5023 1037 5075 clementissimi
1067 5021 1392 5087 imperatoris
1419 5020 1660 5071 auxilium
1685 5023 1922 5074 duximus
1947 5023 2042 5074 im-

517 5112 814 5176 plorandum
836 5127 848 5171 ;
877 5119 933 5162 ut
963 5127 1056 5177 pro
1086 5110 1326 5162 omnibus
1346 5121 1462 5174 quae
1485 5124 1640 5174 regno
1661 5110 1770 5175 ejus
1795 5112 2040 5164 Dominus

515 5201 710 5261 tribuit,
744 5212 807 5250 ne
837 5198 1048 5250 ulterius
1087 5200 1135 5248 iu
1180 5196 1307 5248 orbe
1340 5205 1613 5260 terrarum,
1645 5212 1772 5263 quas
1801 5199 2032 5251 subditas

583 5375 597 5402 ¹
631 5373 912 5425 Perbrech
950 5372 1102 5422 hasce
1134 5379 1183 5419 et
1215 5368 1472 5419 aculeatas
1515 5367 1704 5420 litteras

515 5440 575 5489 ad
601 5441 838 5492 Acacium
865 5440 1003 5490 dedit
1031 5437 1352 5501 Simplicius,
1387 5435 1572 5500 quibus
1602 5435 1751 5487 illum
1773 5438 2020 5488 adversus

518 5507 784 5560 hzereticos
816 5508 879 5556 ad
912 5507 1149 5572 prmlium
1171 5517 1387 5554 evocare
1415 5511 1658 5572 conatur;
1689 5505 1775 5556 sed
1818 5507 2024 5566 frustra,

518 5582 692 5635 utpote
721 5575 803 5638 qui
838 5569 1095 5638 transfuga
1131 5569 1293 5621 factus
1327 5572 1375 5621 in
1401 5571 1585 5621 castris
1617 5573 2026 5624 adversariorum

520 5643 722 5702 militet,
753 5640 1066 5707 solliciteque
1095 5640 1227 5706 apud
1271 5639 1632 5705 imperatorem
1674 5649 1807 5706 agat,
1838 5649 1892 5691 ut
1924 5639 2026 5690 duo

1741 5377 2024 5436 postremas
2060 5343 2065 5348 '

2145 4597 2296 4645 rans,
2327 4590 2380 4634 et
2409 4597 2626 4633 numero
2653 4582 2854 4648 augeri,
2883 4594 2931 4634 et
2970 4582 3166 4634 caelesti
3207 4593 3464 4634 mereatur
3495 4592 3668 4648 prote-

2144 4671 2316 4723 ctione
2360 4671 2570 4723 muniri.
2614 4670 2668 4722 In
2713 4685 2814 4737 quo
2861 4671 3084 4724 maxime
3130 4665 3436 4737 gloriamur,
3476 4685 3526 4722 et
3561 4673 3663 4724 Deo

2142 4768 2322 4812 nostro
2359 4759 2728 4826 gratulabimur
2793 4759 3150 4824 complacere,
3192 4758 3309 4826 quia
3355 4759 3661 4824 pastoralem

2139 4851 2347 4918 respicit
2397 4852 2617 4904 fructum
2645 4893 2658 4915 ,
2698 4851 2921 4917 religiosi
2971 4851 3119 4904 ovilis
3170 4859 3519 4917 augmentum.
3566 4850 3659 4902 Diu

2138 4951 2311 4994 autem
2344 4941 2526 4992 fratres
2564 4951 2618 4993 et
2651 4942 2986 5006 cocpiscopos
3014 4949 3217 4992 nostros
3250 4938 3382 5004 apud
3409 4939 3662 4991 Constan-

2139 5027 2405 5093 tinopolim
2447 5042 2545 5077 non
2590 5027 2832 5078 convenit
2867 5027 3125 5078 demorari
3167 5043 3180 5077 :
3221 5041 3355 5078 nunc
3385 5027 3660 5094 praecipue,

2136 5127 2253 5164 cum
2296 5121 2507 5179 prepter
2536 5113 2928 5164 concussionem
2960 5115 3331 5178 persecutionis
3365 5131 3477 5181 qua:
3525 5126 3661 5165 mota

2139 5197 2307 5252 fuerat
2325 5241 2338 5264 ,
2365 5199 2603 5252 sollicita:
2631 5207 2784 5264 atque
2817 5200 3047 5252 attonita!
3072 5210 3191 5253 sunt
3219 5201 3270 5253 in
3299 5201 3661 5266 suprascriptis

2130 5369 2366 5419 venenati
2393 5367 2606 5428 colubri,
2633 5369 2932 5422 truculento
2958 5369 3135 5431 bestiae
3158 5379 3209 5423 et
3229 5371 3365 5422 faces
3393 5368 3663 5420 haeretico-

2133 5451 2268 5496 rum,
2299 5435 2569 5503 (Juapheus
2590 5448 2642 5488 et
2676 5439 2881 5503 Moggus
2908 5440 3240 5490 Antiochenze
3266 5447 3321 5489 et
3347 5437 3655 5490 Alexandri-

2135 5519 2212 5572 nge
2240 5503 2348 5554 sedi
2375 5502 2737 5572 obtrudantur,
2766 5502 3078 5570 legitimique
3108 5506 3432 5572 possessores
3461 5504 3660 5572 Calen-

2132 5570 2251 5687 (ll’lOIl
2304 5578 2356 5622 et
2402 5569 2630 5623 Joannes
2676 5569 2900 5638 episcbpi
2957 5569 3074 5625 inde
3109 5569 3470 5640 'cxpellautur.
3529 5570 3657 5622 Sev.

2179 5651 2326 5687 INIUS.

2179 5651 2326 5689 ιΜυε.
