3908 6406
300 435 358 493 ω
614 434 711 489 SS.
743 433 959 493 LUPUS
1000 436 1083 490 ET
1122 436 1566 493 EUPIIRONIUS.
1597 468 1663 478 —
1692 436 1757 492 IN
1794 437 1851 493 S.
1891 438 2116 497 LUPUM
2153 426 2356 496 EPISC.
2400 438 2798 499 TRECENSEM
2836 445 3122 501 NOTlTlA.
3384 449 3453 502 σε

300 547 544 601 Ecclesiis
571 549 812 603 civitates
841 566 854 603 :
883 566 946 603 ne
975 552 1159 619 aliquis
1193 553 1379 606 dubius
1410 555 1622 606 rationis
1647 563 1699 605 et
1728 562 1829 607 tre-
1856 540 1903 613 Α
1932 555 2158 617 scripsit.
2207 554 2278 606 Ex
2308 569 2367 608 ea
2398 556 2726 622 intelligimus
2750 557 2982 608 Acacium
3024 555 3285 608 monuisse
3312 556 3451 609 Sim-

299 635 447 695 pitlus
477 637 669 690 mentis
698 648 965 704 exspectet
992 640 1109 691 novi
1147 640 1341 707 aliquid
1385 651 1502 707 post
1544 640 1830 693 Chalcedo-

298 736 459 776 nense
481 724 757 777 concilium
780 735 957 777 contra
985 727 1315 781 deﬁnitiones
1338 729 1497 796 ipsius
1520 730 1788 781 retractari
1812 745 1825 779 :

294 813 415 878 quia
446 826 541 880 per
572 814 870 867 universum
902 817 1148 869 mundum
1180 817 1441 870 insolubili
1468 818 1830 872 observatione

295 901 582 966 retinetur,
617 904 754 971 quod
797 918 826 956 a
863 906 1191 959 sacerdotum
1222 907 1557 961 universitate
1590 914 1670 961 est
1705 921 1830 959 con-

293 988 566 1055 stitutum;
611 1000 663 1045 et
702 993 839 1045 sicut
865 996 1104 1059 apparuit
1141 995 1373 1048 caelestis
1401 996 1588 1049 totiens
1619 997 1828 1049 ultionis

292 1077 583 1132 assertione
618 1079 899 1133 firmatum.
933 1081 1081 1135 Unde
1113 1082 1288 1135 divino
1313 1082 1509 1148 judicio
1546 1085 1828 1137 reluctatur

294 1166 529 1234 quisquis
574 1167 812 1235 ejusdem
854 1172 1165 1225 venerabilis
1210 1172 1421 1225 delinita
1460 1174 1662 1225 concilii
1711 1183 1828 1240 post

298 1261 373 1309 tot
406 1255 599 1308 divina:
624 1256 993 1325 indignationis
1015 1260 1252 1328 exempla
1278 1274 1378 1312 non
1400 1263 1651 1328 sequitur.

554 1385 976 1443 OBSERVATIO
1012 1388 1071 1444 P.
1102 1390 1367 1443 ANTONII
1404 1390 1558 1445 PAGI

547 1477 720 1533 adan.
751 1477 939 1542 Christi
971 1481 1068 1535 477
1092 1520 1109 1545 ,
1141 1497 1281 1533 num.
1314 1480 1377 1532 12
1397 1491 1450 1535 et
1478 1481 1559 1535 i3.

378 1562 685 1636 Holstenius
708 1565 772 1636 in
786 1566 1103 1620 Collectione
1136 1568 1363 1620 Romana
1393 1568 1673 1631 publicavit
1710 1570 1823 1636 epi-

289 1633 477 1713 stolam
524 1631 776 1700 Simplicii
822 1636 1069 1713 Papte__ad
1099 1638 1344 1713 Acacium
1368 1631 1818 1703 Constantinopol.

288 1703 592 1766 episcopum
636 1715 751 1769 qua:
788 1703 904 1755 sine
946 1703 1034 1782 die
1074 1712 1128 1756 et
1167 1705 1381 1757 consule
1426 1716 1525 1766 est,
1567 1720 1823 1771 quumque

289 1766 537 1838 Laurens
564 1776 713 1838 tom.’
744 1770 808 1823 IV
842 1770 1067 1835 Concnl.,
1117 1786 1234 1838 pag.
1277 1771 1431 1833 1059,
1476 1781 1595 1838 post
1639 1787 1822 1827 omnes

288 1810 540 1901 Simplicii
577 1810 825 1901 ἔὲἔὲιοῑέε
844 1810 1815 1895 “153:2"éotioiéviCVEﬁ.$331613

287 1876 558 1975 ξὲῖἷὸᾁὲιεέε
578 1876 1816 1975 νὲἓῗηῖὶῐὲικῗῖῖηἷιῖἕὶἽῖὀὲίἷιύτιῖιῖ¹¹³αὲἓὲ¹ῥ¹ει⁹ϊίἱ
1846 1876 1891 1933 Β

288 1971 479 2025 Acacio
507 1972 632 2034 vim,
653 1971 771 2040 qua:
795 1973 934 2026 illata
962 1971 1127 2028 fuerat
1148 1971 1415 2037 EccleSiis,
1438 1978 1530 2028 sub
1560 1971 1817 2031 occasione

288 2043 559 2111 tyranni”
575 2042 964 2111 dominationis,
994 2052 1040 2095 et
1068 2059 1154 2111 per
1189 2044 1463 2096 absentiam
1492 2045 1817 2097 Christianis-

286 2106 695 2178 simiprincipis;
731 2118 785 2161 et
820 2110 935 2175 ipso
970 2106 1224 2177 tempore,
1262 2126 1365 2178 quo
1392 2112 1608 2164 Elnrus
1642 2114 1813 2165 adhuc

287 2175 514 2243 vivebat,
553 2175 704 2238 quem
736 2191 854 2228 cum
888 2175 1339 2243 sequacibus'su’is
1367 2179 1432 2230 ad
1456 2180 1816 2232 irremedinbile

285 2242 516 2293 exsilium
541 2244 713 2311 dirigi,
740 2260 770 2313 a
802 2242 1012 2299 Zenone
1052 2247 1177 2313 imp.
1210 2248 1487 2311 petendum
1516 2262 1634 2300 esse
1662 2248 1807 2310 dicit,

288 2318 503 2376 apparet
528 2325 641 2363 eam
667 2312 938 2379 epistolam
959 2314 1010 2365 in
1035 2312 1204 2367 num
1224 2315 1542 2369 Collectione
1567 2317 1813 2368 concilio-

288 2392 400 2446 rum
439 2379 737 2446 immediate
778 2382 1131 2435 collocandum
1163 2398 1278 2435 esse
1319 2394 1434 2446 post
1476 2385 1752 2443 epistolam
1781 2385 1814 2438 8

288 2444 543 2511 Simplicii
583 2448 646 2499 ad
691 2447 953 2516 Zenonem
995 2453 1117 2516 imp.
1152 2444 1438 2504 datamvm
1491 2453 1603 2503 idus
1635 2453 1810 2504 Octob.

287 2524 396 2579 post
441 2516 751 2587 consulatum
787 2515 1077 2571 Basilisciet
1109 2520 1320 2580 Armati,
1367 2535 1465 2585 qua
1509 2520 1810 2587 Simplicius

288 2581 908 2655 gratulaturimperatori
948 2588 1018 2655 de
1062 2581 1654 2655 recuperato'imperio';
1694 2604 1810 2641 cum

290 2658 403 2721 post
427 2650 567 2721 illam
592 2652 640 2721 in
668 2653 848 2721 eadem
879 2650 1395 2707 collectioneconcil.
1423 2650 1668 2721 seqtratur
1693 2656 1808 2719 epi-

288 2718 418 2769 stola
450 2719 618 2771 Acacii
662 2721 725 2771 ad
759 2720 1101 2787 Simplicium,
1139 2737 1236 2787 qua
1276 2722 1321 2773 ci
1351 2718 1610 2775 Timothei
1640 2718 1808 2775 esum

290 2795 508 2856 mortem
535 2787 829 2856 significat,
864 2803 979 2856 qnze
1023 2791 1190 2843 adhuc
1223 2790 1545 2855 Simplicium
1598 2792 1808 2849 lntelmt.

287 2864 404 2904 cum
448 2853 735 2921 Epistulam
790 2857 856 2910 ab
882 2853 1175 2911 ‘Holsaonio
1219 2853 1411 2910 editam
1456 2858 1521 2911 ad
1563 2861 1809 2912 Acacium

1928 624 2128 689 plicium
2156 624 2220 675 de
2244 623 2445 691 synodo
2474 639 2500 672 τι
2531 640 2587 676 se
2614 626 2747 685 apud
2773 625 3275 691 Constantinopolim
3318 625 3451 675 indi-

1927 700 2028 743 cta.
2060 692 2161 757 Ait
2194 695 2334 743 enim
2363 692 2659 755 Simplicius
2691 708 2704 742 ε
2740 692 2880 743 bnde
2908 694 3108 743 unicum
3138 704 3243 757 post
3273 691 3451 752 Deum,

1925 759 2010 827 qui
2052 756 2327 809 Ecclesium
2374 767 2417 811 et
2461 759 2808 827 rempublicam
2850 756 3189 811 consolatione
3231 760 3451 811 mirabili

1924 826 2155 889 uisitauit,
2178 827 2371 880 etiamsi
2405 827 2498 878 hoc
2527 826 2579 891 ﬁt
2591 830 2635 877 ri
2663 828 2861 879 minime
2889 827 3213 893 postulasset,
3244 828 3461 878 clemen-

1926 893 2103 943 tissimi
2141 894 2450 957 imperatoris
2499 896 2741 946 auxilium
2788 896 3019 947 duximus
3056 896 3449 960 implorandum,

1925 970 1980 1031 ut
2011 976 2099 1031 pro
2135 962 2362 1031 omnibus
2401 978 2511 1027 qum
2546 979 2699 1031 regno
2741 965 2847 1031 ejus
2874 963 3116 1014 Dominus
3162 963 3351 1021 tribuit,
3391 978 3452 1015 ne

1926 1028 2134 1080 ulterius
2158 1029 2210 1096 in
2231 1031 2348 1096 orbe
2394 1028 2660 1095 terrarum,
2688 1028 2809 1096 quas
2837 1031 3059 1082 subditas
3083 1045 3173 1080 suo
3201 1033 3448 1096 cognoscit

1924 1096 2150 1160 imperio,
2191 1095 2428 1149 Ecclesia!
2461 1098 2551 1151 Dei
2591 1100 2649 1149 ab
2702 1095 3039 1150 haereticorum
3083 1095 3368 1166 contagione
3406 1108 3451 1150 et

1926 1166 2163 1230 pravitate
2185 1166 2446 1228 violentur,
2474 1168 2559 1218 sed
2588 1166 2826 1218 doctrinae
2848 1166 3103 1218 diabolica:
3129 1166 3451 1231 prteceptione

1916 1233 2123 1295 pietatis
2146 1233 2303 1297 ipsius
2333 1243 2624 1299 prestentur
2652 1235 2915 1289 immunes.
2961 1233 3026 1287 Ut
3059 1234 3097 1285 ii
3120 1234 3205 1299 qui
3230 1235 3322 1285 sibi
3345 1249 3451 1286 cre—

1924 1300 2140 1379 diderint
2164 1303 2469 1379 sacerdotale
2493 1302 3064 1379 ministerium_damnati
3087 1300 3449 1379 hominisprtc-

1922 1370 2202 1435 sumptione
2222 1370 2457 1437 conferri,
2482 1370 2791 1437 promulgata
2818 1370 3064 1435 imperiali
3083 1370 3445 1429 constitutione,

1921 1438 2067 1487 etiam
2087 1452 2117 1487 a
2131 1436 2640 1518 conuentu/sontium
2660 1436 2921 1518 segregati,
2936 1438 3210 1518 iubeantur
3226 1436 3443 1489 excludi:

1919 1514 2161 1574 quatenus
2189 1505 2553 1574 Itissubmotis,
2595 1517 2742 1574 atque
2790 1505 2843 1559 in
2888 1505 3168 1574 salitudinis
3210 1514 3447 1574 perpetua

1921 1571 2529 1640 relegationeidamnatis,
2568 1571 2807 1626 antistites
2852 1573 3081 1626 catholici
3121 1573 3333 1640 deceptis
3376 1572 3449 1623 vel

1920 1639 2195 1691 reddantur
2222 1639 2480 1702 Ecclesiis,
2525 1643 2872 1693 celerantur.
2915 1641 2979 1693 In
3019 1657 3117 1709 quo
3158 1639 3244 1693 nec
3270 1642 3449 1709 nostra:

1920 1720 2086 1771 preces
2106 1709 2243 1775 apud
2269 1709 2692 1774 religiosissimum
2720 1710 3013 1775 principem,
3032 1708 3132 1760 nec
3167 1708 3447 1760 dilectionis

1920 1782 2019 1844 tute
2058 1777 2329 1844 suggestio,
2356 1782 2442 1826 aut
2468 1785 2715 1844 tantorum
2748 1777 2959 1843 fratrum
2990 1786 3291 1834 nostrorum,
3317 1776 3447 1841 quasi

1920 1842 2174 1895 advenisse
2202 1842 2682 1911 Constantinopolim
2716 1842 3008 1910 reperimus,
3042 1844 3326 1911 imploratio
3361 1859 3447 1893 sa-

1915 1912 2189 1972 cerdotum,
2231 1920 2317 1962 aut
2357 1911 2653 1976 supplicatio
2695 1914 3047 1964 monachorum
3090 1910 3319 1963 laborare
3357 1926 3445 1976 po-

1914 1981 2046 2030 terit.

1984 2046 2353 2113 lmploraverat
2381 2054 2554 2099 autem
2588 2047 2917 2109 imperatoris
2948 2046 3196 2099 auxilium
3224 2044 3437 2112 Simpli-

1914 2114 2026 2166 cius
2070 2115 2119 2166 in
2159 2115 2375 2177 epistola
2421 2115 2483 2166 ad
2512 2114 2772 2167 Zenonem
2821 2129 2908 2166 vm
2952 2115 3065 2165 idus
3114 2114 3289 2165 Octob.
3335 2122 3445 2177 post

1914 2183 2225 2233 consulatum
2249 2180 2483 2232 Basilisci
2517 2192 2563 2233 et
2596 2182 2822 2243 Armati,
2862 2184 3085 2248 ideoque
3113 2181 3442 2233 Holsteniana

1914 2249 2131 2314 epistola
2176 2250 2435 2311 prioribus
2478 2250 2745 2301 mensibus
2782 2250 2903 2301 anni
2948 2249 3265 2316 insequentis
3302 2252 3443 2300 data.

1916 2316 1969 2367 in
2000 2317 2083 2369 illa
2113 2317 2268 2378 enim,
2309 2331 2464 2384 quam
2505 2331 2591 2368 an.
2620 2319 2719 2369 477
2763 2333 2847 2367 vut
2886 2318 3000 2369 idus
3033 2319 3207 2369 Octob.
3237 2316 3445 2381 scripsit

1913 2384 2233 2451 Simplicius,
2271 2384 2540 2437 ait:Uude
2565 2394 2681 2435 ante
2716 2387 2880 2436 omnia
2918 2400 3108 2451 precor.
3146 2394 3200 2435 ut
3228 2384 3443 2435 Alexan-

1916 2454 2113 2505 drinam
2136 2451 2407 2505 Ecclesium
2446 2468 2543 2503 non
2571 2453 2734 2503 minus
2760 2468 2790 2501 a
2816 2453 3029 2517 funesto,
3056 2468 3204 2519 quam
3241 2454 3303 2502 ab
3341 2452 3445 2517 bte-

1911 2521 2061 2572 retico
2088 2536 2344 2587 pervasore
2373 2520 2643 2588 clementia
2674 2528 2843 2571 vestra:
2871 2518 3276 2588 dispositionibus
3320 2518 3442 2570 libe-

1914 2598 2096 2651 ratam,
2137 2590 2382 2639 catholico
2415 2598 2461 2638 et
2490 2587 2706 2654 legi/imo
2744 2587 2933 2639 restitui
2964 2587 3201 2639 censeatis
3234 2587 3445 2637 antistiti

1909 2657 2075 2716 eisque
2098 2656 2268 2715 etiam,
2310 2673 2431 2723 quos
2466 2656 2737 2708 temeritate
2781 2656 3027 2707 diabolica
3070 2656 3274 2707 diversis
3310 2657 3444 2705 ordi-

1911 2740 2053 2774 nasse
2083 2726 2380 2788 perhtbetur,
2411 2725 2595 2790 ejectis,
2628 2733 2773 2776 recte
2800 2724 2837 2789 fi
2856 2725 2919 2776 .'ei
2959 2723 3217 2791 subrogari
3253 2723 3442 2774 consti-

1912 2793 2062 2843 tuatis
2092 2794 2367 2859 episcopos,
2401 2804 2501 2843 etc.

587 2997 620 3001 ‘.
665 2998 678 3002 ‘
847 3001 850 3003 λ
879 3001 1578 3008 ν-ίῂ-νί-Ἦ--ρ
1597 3003 1624 3007 ._
1645 3004 1654 3007 _
1681 3002 1746 3007 -.—
1761 3002 2143 3009 --.---.,-⁸
2181 3003 2324 3009 ,...,,.,,
2379 3003 2770 3010 ῳ“,,.,--,-.
2803 3003 3062 3008 ...δ-ηκ
3103 3002 3160 3005 η.-
3195 3000 3216 3002 -—
3271 2998 3300 3000 νην
3343 2998 3346 2999 ν

1437 3150 1597 3192 ANNO
1639 3150 1867 3193 DOHINI
1909 3149 2275 3192 οεεειιιιχ.

371 3325 596 3557 S.
743 3330 1652 3565 LUPUS
1785 3330 3356 3712 :i‘BECENSIS

825 3819 949 3944 s.
1049 3724 2025 3945 EUPHBONIUS
2114 3814 2897 3940 EDUENSIS.

1522 4116 2177 4218 NOTITIA

957 4312 1034 4375 IN
1077 4311 1437 4374 SANCTUM
1478 4311 1740 4372 LUPUM
1781 4308 2214 4371 EPISCOPUM
2264 4309 2747 4371 TRECENSEM.

1572 4450 1586 4500 (
1616 4445 1683 4494 Ex
1722 4444 1845 4493 Bibl.
1889 4445 2155 4503 Galland.)

264 4588 274 4600 '
337 4578 390 4630 i'
411 4575 637 4630 Sanctus
664 4573 836 4641 Lupus
865 4572 1186 4627 Tricassinus
1211 4574 1505 4640 episcopus,
1536 4574 1615 4625 vir
1645 4573 1797 4638 plane
1826 4574 1870 4633 C
1901 4573 1961 4623 de
1981 4571 2196 4635 quadam
2212 4571 2411 4629 specula
2442 4574 2688 4636 caritatis,
2718 4589 2804 4624 nec
2842 4576 2901 4625 de
2932 4576 3163 4641 inferiore
3196 4576 3439 4629 Hierusa—

270 4665 623 4727 admirandus,
661 4677 895 4730 magnam
942 4664 1024 4715 sui
1053 4662 1276 4714 nominis
1320 4662 1674 4715 celebritatem
1712 4676 1804 4725 po-

269 4757 423 4808 steris
450 4753 681 4822 reliquit,
715 4761 769 4804 ut
802 4766 865 4804 ex
892 4746 1124 4803 veterum
1156 4750 1221 4803 de
1246 4765 1309 4803 eo
1344 4750 1654 4802 testimoniis
1675 4749 1802 4801 satis

270 4842 623 4907 intelligimus.
658 4838 946 4891 Eucherius
970 4837 1109 4904 enim
1150 4836 1506 4904 Lugdunensis
1541 4837 1605 4889 de
1631 4838 1801 4889 solitu-

270 4931 389 4981 dine
412 4928 671 4980 Lirinensi
699 4926 854 4978 verba
882 4926 1073 4978 faciens
1105 4925 1176 4993 (a)
1205 4943 1217 4978 :
1255 4925 1400 4988 Ilaec,
1426 4926 1609 4992 inquit,
1636 4926 1801 4975 habuit

271 5017 520 5069 reverendi
568 5015 783 5066 nominis
832 5015 1047 5082 Lupum,
1096 5017 1179 5079 qui
1224 5015 1360 5066 uobis
1389 5016 1527 5066 illum
1572 5031 1631 5065 ex
1673 5014 1801 5065 tribu

271 5104 531 5173 Benjamin
584 5103 759 5167 lupum
814 5103 1053 5169 (Paulum
1096 5100 1412 5168 apostolum)
1464 5102 1646 5155 retulit.
1698 5100 1799 5153 Sed

269 5208 400 5244 nnus
427 5205 534 5259 pra:
557 5188 759 5242 caeteris
805 5189 1092 5241 audiendus
1120 5190 1384 5255 Sidonius,
1431 5190 1515 5256 qui
1559 5189 1796 5241 eumdem

268 5280 468 5344 Lupum
492 5276 831 5342 compellans,
853 5277 962 5328 lirec
986 5278 1165 5328 scribit
1193 5280 1296 5343 (b):
1324 5278 1395 5328 Tu
1424 5276 1571 5328 Pater
1592 5276 1798 5327 Patruus

267 5381 310 5421 et
331 5370 590 5434 episwpus
618 5366 986 5433 episcoporum,
1020 5374 1062 5417 ct
1091 5368 1217 5416 alter
1259 5367 1429 5418 surculi
1458 5368 1527 5418 tui
1554 5365 1796 5428 Iacobus,

336 5547 411 5613 (a)
442 5541 843 5613 Eucherte‘pist.
872 5538 935 5591 ad
966 5539 1151 5602 llilar.,
1174 5538 1311 5606 ξιξ,
1338 5540 1469 5591 Bibl.
1497 5541 1593 5593 PP.
1627 5539 1790 5605 Lugd.

271 5606 485 5671 tom.Vl,
518 5626 632 5677 pag.
657 5607 756 5662 866
786 5606 837 5659 b.

262 5704 267 5711 -
334 5675 619 5750 (b)Sidon.
653 5678 739 5729 lib.
794 5692 863 5738 Vi,
887 5676 1039 5742 epist.
1078 5675 1123 5737 ι,
1182 5690 1293 5742 pag.
1348 5676 1449 5729 095
1498 5677 1559 5742 υ,
1615 5676 1789 5727 tom.l

1905 4660 2021 4722 lem,
2045 4668 2146 4709 tota
2173 4658 2403 4709 Ecclesiw
2428 4659 2687 4711 Deinostri
2712 4662 2925 4712 membra
2948 4664 3291 4729 superinspicis
3314 4681 3330 4716 :
3362 4666 3437 4715 tli-

1905 4762 2030 4815 gntts
2059 4748 2143 4813 qui
2189 4762 2352 4797 omnes
2386 4747 2653 4799 consolerii
2693 4750 2937 4814 infirmos,
2961 4752 3144 4815 quique
3174 4756 3346 4802 merita
3377 4754 3439 4802 ab

1906 4839 2130 4888 omnibus
2152 4837 2445 4887 consularis.
2472 4837 2608 4888 Alibi
2648 4848 2822 4890 autem
2855 4854 2972 4890 eum
2996 4849 3146 4891 vocat
3188 4841 3255 4907 (οῖ)
3286 4842 3439 4907 facile

1906 4926 2170 4993 principem
2192 4926 2488 4991 pontiﬁcum
2529 4925 2936 4987 Gallicanorum,
2980 4944 3082 4978 sum
3110 4940 3207 4977 tam
3248 4932 3435 4996 profrs

1902 5015 2054 5064 sionis
2082 5014 2367 5075 magistrum
2405 5029 2551 5078 quam
2577 5014 2832 5081 dignitatis
2862 5022 3127 5065 auctorem.
3160 5016 3292 5077 Quin
3322 5026 3425 5067 est.

1907 5101 2069 5165 inquit
2095 5098 2191 5165 (Α).
2225 5100 2414 5165 primus
2442 5102 2657 5151 omnium
2680 5110 2801 5159 toto,
2829 5116 2926 5165 qua
2947 5083 3097 5164 patet,
3129 5104 3242 5153 orbe
3284 5104 3436 5167 panti-

1904 5188 2070 5252 ﬁcum,
2102 5186 2250 5250 cujus
2288 5188 2628 5253 pra'mgativae
2671 5188 2935 5254 subjicitur
2960 5227 2974 5249 ,
3020 5177 3166 5251 cujus
3220 5203 3437 5238 censura!

1902 5277 2114 5325 attremit
2147 5275 2299 5324 etiam
2335 5276 2476 5325 turba
2506 5276 2727 5341 collegii,
2752 5278 2800 5324 in
2839 5276 2985 5339 cujus
3016 5277 3267 5341 gravitatis
3306 5290 3436 5324 com-

1902 5364 2205 5431 parationem
2226 5364 2332 5432 ipsa
2358 5364 2508 5414 etiam
2536 5365 2913 5433 grandavorum
2939 5366 3088 5412 corda
3119 5375 3413 5426 puerascunt

1904 5551 2022 5600 Opp.
2052 5534 2318 5585 Sirmond.
2352 5534 2477 5585 ealit.
2508 5533 2673 5583 Paris.

1971 5604 2038 5661 (τ)
2074 5602 2142 5652 Id.
2179 5602 2266 5650 lib.
2300 5616 2385 5663 vn,
2414 5602 2565 5666 epist.
2591 5601 2642 5661 5,
2671 5615 2782 5664 pag.
2820 5599 2939 5650 illi!
2977 5615 3025 5657 c,
3060 5600 3182 5653 ἱΙιίιΙ,

1971 5668 2045 5735 (Α)
2070 5669 2138 5719 Id.
2176 5669 2260 5720 lib.
2298 5684 2365 5735 VI,
2392 5673 2543 5735 epist.
2580 5670 2625 5727 i,
2653 5682 2766 5734 pag.
2798 5668 2897 5719 996
2926 5669 2976 5729 b,
3010 5666 3133 5719 ibid.
