3908 6404
473 300 534 352 67
1767 292 2028 347 RURICII‘
2048 291 2339 346 EI’ISCOPI
3556 290 3632 343 68.

476 413 542 464 ab
568 411 736 462 ofﬁcio
776 409 978 476 penitus
1015 406 1298 460 abdicatur.
1330 389 1683 458 Subdiaconos
1719 411 1892 455 autem
1930 401 1994 453 ad
2023 407 2070 462 Α
2097 402 2231 454 sicut
2254 415 2405 464 supra
2439 407 2778 451 memoratum
2806 406 2904 459 est,
2935 398 3194 458 ostiarius,
3224 407 3280 451 ut
3305 397 3544 451 secundis
3566 413 3624 452 sa

473 513 651 568 pacem
677 498 809 550 inter
837 496 962 550 sein
989 496 1214 547 sacrario
1241 504 1443 560 oportet
1475 491 1725 544 accedere
1750 507 1762 544 :
1790 491 1841 542 in
1865 491 1992 542 alta-

475 569 552 640 rio
596 568 805 649 autem,
837 600 936 636 non
968 585 1063 636 nisi
1094 585 1215 636 dum
1257 582 1718 650 porrigunt.pallas
1742 581 1989 641 diatono,

473 687 561 729 aut
599 675 882 740 suscipiunt
924 672 1061 740 quod
1100 670 1352 732 refertur;
1382 670 1446 720 ad
1480 683 1658 730 pacem
1696 676 1868 720 autem
1897 683 1989 719 ne-

472 779 726 830 quaquam
747 762 822 814 eis
853 762 1158 826 permissum
1185 768 1284 811 est.
1315 757 1368 810 Si
1399 765 1569 810 autem
1596 759 1729 808 illius
1755 757 1995 808 amentiae

476 849 658 910 fuerit,
703 848 783 898 vel
823 848 1104 905 exorcista,
1153 847 1230 896 vel
1277 844 1660 904 subdiaconus,
1693 845 1770 894 vel
1817 843 1996 905 etiam,

2098 491 2292 558 nuptiis
2326 489 2533 556 illigarit
2555 530 2570 552 ,
2615 503 2714 539 nozi
2760 489 2930 540 solunt
2957 490 3020 540 ab
3048 489 3254 551 officio,
3283 488 3375 542 διὰ
3410 488 3567 542 etiam
3592 503 3623 542 a

2097 581 2462 633 communione
2504 579 2705 643 penitus
2743 587 2968 630 arcetur.

2167 668 2360 737 (Habes
2388 669 2519 736 infra
2557 667 2824 718 nonnullm
2867 667 3056 718 Ruricii
3083 677 3128 718 et
3157 667 3353 718 Sidonii
3382 665 3626 736 Rhegien-

2096 758 2163 808 sis
2189 758 2420 823 epistolas
2445 758 2509 805 ad
2539 754 2730 820 Lupum
2759 755 3041 806 Trecensem
3068 757 3322 821 scriptas.)

473 951 3606 1018 ψ

1640 1091 1804 1134 ANNO
1851 1091 2072 1135 DOMINI
2114 1091 2431 1133 CCCCLXXX
2443 1119 2455 1131 .

1234 1249 2850 1482 RURICIUS.

1595 1553 2498 1581 ———.———

719 1688 1113 1775 JACOBI
1177 1681 1694 1771 BASNAGII
1763 1681 1881 1762 IN
1950 1678 2544 1761 RURICIUM
2615 1682 3364 1766 OBSERVATIO.

543 1886 784 1940 Ruricius
817 1885 1002 1938 Senior
1031 1882 1218 1946 dictus,
1255 1889 1311 1932 ut
1351 1877 1755 1944 distingueretur
1787 1875 1854 1926 ab
1889 1875 2002 1940 ejus
2029 1874 2076 1932 Β
2102 1871 2276 1940 ibique
2295 1871 2541 1923 institutis
2560 1871 2822 1925 canonicis
2845 1872 3164 1940 regularibus
3185 1872 3624 1941 fuissesepultum,

477 1983 666 2042 nepote
702 1971 1006 2040 cognomine
1042 1979 1094 2022 et
1131 1965 1484 2020 Lemovicensi
1523 1965 1788 2031 episc0po,
1833 1977 1895 2015 ex
1938 1960 2001 2013 il-

2097 1976 2214 2030 qua:
2241 1963 2413 2014 omnia
2439 1977 2468 2014 a
2497 1977 2623 2013 vero
2644 1971 2765 2015 sunt
2789 1963 2975 2015 aliena.
3010 1963 3134 2015 llind
3158 1961 3500 2016 certissimum
3524 1972 3626 2027 est,

406 2058 416 2067 ”
479 2062 784 2117 Instrissima
822 2060 1117 2112 Aniciorum
1163 2056 1397 2124 prosapia
1445 2062 1590 2106 ortus
1625 2059 1754 2106 erat.
1798 2050 2002 2104 Seculo
2098 2049 2364 2104 Ruricium
2417 2049 2641 2115 Fausto,
2686 2051 2922 2116 Leontio,
2967 2050 3180 2115 Eonio,
3222 2051 3460 2111 Sidonio.
3504 2051 3628 2118 quin

479 2146 700 2218 primum
745 2148 839 2200 fuit
879 2147 1126 2208 addictus,
1155 2154 1209 2196 ut
1229 2154 1446 2195 testatur
1475 2141 1694 2194 Faustus
1717 2139 1901 2205 (Epist.
1925 2138 2000 2206 6),

481 2237 576 2304 ipsi
599 2237 963 2307 amicissimus,
986 2233 1072 2300 qui
1097 2232 1162 2283 de
1195 2230 1333 2282 illius
1373 2228 1711 2282 convetsinne
1753 2227 1821 2277 ita
1865 2225 2005 2276 laeta-

482 2325 682 2380 bundus
703 2321 924 2376 exsultat
949 2334 972 2370 :—
1000 2319 1118 2370 Post
1141 2321 1292 2384 huius
1320 2319 1430 2368 uiue
1468 2316 1754 2381 iactatione:
1792 2313 1858 2363 ad
1892 2329 2003 2380 por-

484 2422 584 2464 tum
597 2411 866 2481 religionis,
881 2423 1078 2478 proram
1097 2425 1149 2459 sa
1160 2407 1291 2460 ’utis.
1311 2405 1509 2458 Excelsi
1530 2420 1677 2456 manu
1689 2403 2005 2471 gubernante,

483 2503 716 2556 convertit
737 2515 754 2552 :
772 2516 880 2564 post
901 2500 1100 2550 umbras
1115 2499 1199 2548 sed
1207 2499 1447 2548 ucentium
1461 2497 1732 2547 vanitatum
1749 2504 1792 2546 et
1804 2493 2008 2546 inlusio-

486 2584 570 2642 nes
595 2588 1002 2640 transvolantium
1029 2587 1356 2646 somniorum,
1385 2600 1618 2635 mansura
1637 2591 1682 2635 et
1711 2580 1873 2636 solida
1900 2598 2011 2634 con-

488 2672 690 2744 cupivit,
714 2683 759 2726 et
780 2676 1004 2742 despecto
1030 2673 1227 2725 tandem
1264 2673 1444 2723 saculo
1483 2671 1689 2738 infelici,
1724 2679 1878 2722 artem
1903 2671 2012 2736 ejus

489 2783 720 2834 magnam
745 2767 932 2832 rapuit.
961 2764 1174 2817 lberiam
1203 2777 1414 2815 uxorem
1443 2761 1678 2813 duxerat.
1703 2759 1780 2812 Ex
1806 2774 1863 2813 ea
1888 2760 2014 2812 libe-

491 2869 576 2906 ros
598 2868 698 2904 non
724 2853 1013 2918 suscepisse
1040 2852 1260 2903 videtur.
1286 2850 1517 2903 Clericus
1539 2849 1725 2910 factus,
1744 2848 1807 2900 ad
1831 2847 2016 2899 Lemo-

490 2945 746 2997 VlCttlb‘em
775 2929 1123 3008 νιιίςεοριιιιιιίι
1154 2946 1419 3008 pxomotus
1444 2947 1542 3000 est,
1575 2937 1660 3004 qui
1687 2946 1795 2990 tum
1828 2950 2014 3002 magno

492 3045 592 3082 non
626 3029 906 3080 habebatur
955 3031 1004 3078 in
1050 3030 1232 3093 pretio.
1275 3027 1391 3078 Ideo
1442 3036 1612 3078 tamen
1661 3039 1718 3078 se
1755 3023 2014 3076 contemni

494 3126 595 3166 non
628 3114 912 3181 patiebatur
942 3113 1196 3165 Ruricius.
1247 3112 1424 3177 Nobis,
1471 3113 1752 3178 inquiebat,
1799 3111 2016 3162 auctori-

2101 2139 2205 2190 imo
2224 2137 2320 2204 ipsi
2349 2138 2597 2202 Caesarie,
2623 2139 2975 2192 celeberrimis
3003 2149 3123 2191 tunc
3166 2139 3411 2206 temporis
3441 2138 3629 2191 Gallia-

2101 2239 2215 2276 rum
2237 2227 2515 2292 episcopis,
2545 2226 2703 2279 fuisse.
2726 2226 3118 2287 amicissimum,
3156 2233 3213 2278 ut
3239 2241 3299 2278 ex
3341 2226 3500 2292 ipsius
3521 2226 3630 2292 epi-

2104 2315 2251 2367 stolis
2284 2323 2440 2381 patet.
2473 2315 2573 2368 Per
2601 2325 2918 2369 senectutem
2945 2317 3024 2367 vix
3054 2330 3227 2368 aerum
3266 2315 3402 2369 ferre
3429 2315 3630 2380 potuit:

2106 2416 2200 2468 per
2229 2405 2450 2457 hiemem
2483 2403 2634 2471 paulo
2674 2405 2952 2467 robustior,
2991 2406 3187 2457 aslivis
3226 2404 3407 2456 diebus
3446 2403 3496 2454 in
3536 2402 3630 2454 lino

2107 2495 2264 2563 spitio
2289 2501 2342 2546 et
2368 2492 2494 2546 locis
2525 2491 2719 2556 frigidis
2741 2493 3243 2545 consuetudinariam
3281 2493 3629 2546 infirmitatem

2107 2599 2352 2650 superare
2375 2583 2458 2635 vix
2491 2592 2706 2649 poterat.
2741 2581 2861 2634 Ideo
2901 2598 2927 2634 a
2965 2583 3182 2636 concilio
3223 2582 3503 2650 Agatliensi
3540 2583 3631 2635 ab-

2112 2672 2210 2724 fnit
2241 2689 2253 2723 :
2283 2671 2404 2725 illud
2432 2686 2568 2738 aegre
2599 2685 2780 2738 passus
2828 2679 2907 2724 est
2949 2672 3222 2736 Caesarius,
3258 2685 3287 2723 a
3327 2685 3430 2740 quo
3470 2671 3633 2725 fuerat

2109 2763 2374 2812 invitatus.
2402 2761 2533 2824 Quin
2558 2759 2659 2811 imo
2685 2759 2924 2823 Sedatus,
2946 2760 3310 2814 Nemmsensis
3330 2761 3625 2828 episcopus,

2109 2846 2207 2898 hac
2233 2849 2280 2897 in
2313 2861 2369 2899 re
2394 2845 2618 2898 Caesarie
2663 2861 2845 2898 manus
2873 2847 3035 2898 ἀιιόἰι.
3089 2848 3338 2912 Querelas
3385 2847 3468 2899 vel
3505 2847 3636 2912 inju-

2113 2937 2239 2988 riam
2263 2936 2448 3002 repulit
2463 2936 2719 3002 Ruricius,
2735 2936 2931 2988 litteras
2950 2937 3158 2990 Ctesarii
3187 2939 3247 2990 ad
3271 2953 3328 2994 se
3350 2937 3637 2991 tardissime

2113 3027 2318 3080 venisse
2344 3026 2663 3092 signiﬁcans,
2695 3042 2782 3078 nec
2823 3036 2984 3078 tamen
3009 3027 3232 3080 debuisse
3267 3029 3459 3080 tardius
3499 3043 3638 3079 eom-

2114 3115 2324 3177 utoneri,
2372 3100 2455 3183 qui
2497 3117 2708 3180 fortasse
2751 3119 3028 3167 merebatur
3065 3117 3259 3168 ambiri.
3307 3117 3447 3169 Obiit
3487 3115 3637 3183 paulo

491 3213 644 3254 tatem
693 3203 883 3252 demere
934 3215 1030 3251 non
1075 3200 1210 3252 debet
1267 3199 1402 3252 urbis
1449 3200 1718 3257 humilitas.
1764 3199 2016 3265 Siquidem
2043 3193 2089 3254 C
2119 3215 2235 3273 post
2272 3205 2393 3257 illud
2422 3205 2714 3257 concilium.
2747 3204 2904 3256 Aiunt
2944 3205 3269 3257 bibliotheca:
3293 3204 3501 3257 Patrum
3527 3205 3638 3257 edi-

497 3289 651 3340 multo
679 3289 852 3340 melius
898 3289 1149 3352 multoque
1189 3287 1478 3339 eminentius
1528 3296 1619 3350 est,
1669 3287 1911 3338 deitatem
1957 3283 2017 3334 de

495 3371 766 3433 sacerdote,
796 3385 936 3436 quam
963 3369 1261 3419 sacerdotmt
1288 3370 1346 3419 de
1376 3369 1570 3419 civitate
1596 3382 1794 3419 noscere
1829 3365 2012 3434 (Epist.

495 3461 582 3520 32,
611 3459 698 3508 tib.
739 3458 817 3523 ιι).
864 3457 1020 3508 Aiunt
1062 3456 1109 3506 in
1151 3457 1238 3508 illo
1266 3456 1562 3522 episcopatu
1590 3463 1705 3521 post
1735 3453 2015 3511 Martialem

497 3545 793 3596 vicesimum
824 3553 1059 3608 quartum
1109 3543 1268 3596 fuisse
1308 3557 1683 3596 successorem.
1732 3543 1833 3596 Sed
1879 3543 2013 3603 inter

500 3633 696 3685 fabulas
720 3629 986 3681 amandari
1011 3629 1162 3681 debet
1191 3630 1277 3680 ille
1315 3629 1558 3682 Martialis
1585 3638 1695 3681 sum
1723 3630 2014 3696 apud’Bur-

498 3719 816 3784 degalcnses,
849 3726 956 3766 tum
985 3715 1117 3782 apud
1150 3714 1548 3774 Lemovicenses
1579 3717 1868 3782 episcopus.
1909 3717 2017 3768 Mo-

498 3819 582 3858 net
630 3805 831 3870 quidem
877 3803 1100 3857 amicum
1143 3803 1350 3855 Celsum
1379 3842 1393 3867 ,
1426 3811 1502 3853 ut
1549 3804 1614 3854 ad
1660 3805 2017 3856 solemnitatim

498 3905 778 3950 sanctorum
821 3909 931 3944 cum
977 3907 1149 3943 sorore
1185 3892 1346 3944 ueniat
1378 3890 1563 3960 (Epist.
1606 3891 1702 3944 ιιι
1727 3934 1741 3957 ,
1795 3892 1885 3945 lib.
1923 3891 2012 3961 ιι);

498 3986 634 4038 unde
661 3984 774 4050 quis
801 3981 974 4034 forsan
1011 3980 1272 4048 conjiciat,
1311 3989 1631 4043 sanctorum,
1673 3993 1888 4047 quorum
1932 3994 2016 4032 so-

503 4073 691 4126 lemnia
721 4073 1114 4125 celebrabantur
1151 4071 1284 4137 apud
1316 4070 1633 4135 Lemovices,
1671 4085 1829 4122 unum
1861 4070 2017 4123 fuisse

503 4159 801 4212 Martialem.
836 4162 971 4212 Mora
1000 4169 1078 4212 est
1107 4160 1434 4224 coiijectura'.
1465 4159 1568 4210 Sed
1599 4169 1846 4224 praeterea
1890 4173 2014 4211 san-

501 4256 614 4300 ctos
642 4243 876 4312 antiquos
897 4247 980 4310 qni
1012 4260 1271 4310 nunquam
1305 4245 1565 4304 exstitere,
1598 4253 1686 4295 aut
1728 4245 1913 4297 saltem
1953 4245 2018 4299 de

503 4334 691 4401 quibus
719 4333 948 4384 fabulosa
979 4332 1138 4384 multa
1162 4341 1453 4392 narrantur,
1482 4332 1603 4395 coli,
1626 4333 1740 4399 quis
1768 4332 2016 4387 hodierno

507 4431 586 4480 die
616 4425 866 4480 miretur?
897 4426 968 4478 De
1005 4424 1117 4490 ipso
1145 4425 1366 4487 Ruricio,
1420 4425 1506 4492 qui
1532 4425 1701 4478 notior
1742 4427 1888 4479 nobis
1926 4427 2016 4480 de-

2117 3301 2254 3345 tores
2281 3294 2511 3360 attigisse
2536 3305 2724 3344 annum
2754 3291 2877 3345 499.
2913 3291 3016 3345 Sed
3061 3306 3178 3344 cum
3205 3293 3479 3344 concilium
3506 3292 3635 3360 Aga-

2117 3377 2300 3432 tbensc
2319 3378 2419 3431 sub
2445 3379 2672 3431 Cmsario
2700 3367 3046 3431 convocatum'
3066 3378 3219 3431 fuerit
3243 3392 3329 3430 an.
3356 3377 3477 3444 506,
3507 3379 3638 3432 ulte-

2116 3468 2224 3520 rius
2245 3467 2406 3519 multo
2428 3466 2583 3518 vitam
2610 3466 2913 3532 produxisse
2941 3465 3203 3519 Ruricium
3225 3473 3446 3519 constat.
3471 3465 3640 3519 Polito

2114 3555 2266 3624 Slyto,
2300 3563 2358 3606 ut
2397 3554 2584 3606 saecula
2607 3553 2862 3616 ferebant,
2887 3554 3091 3620 scriptae
3113 3553 3234 3605 sunt
3249 3553 3360 3621 ejus
3375 3552 3635 3618 epistolae;

2116 3643 2423 3709 paucissima
2451 3651 2627 3694 tamen
2644 3656 2759 3708 qua:
2784 3641 2866 3693 vel
2907 3642 2968 3691 ad
2997 3640 3256 3707 dogmata,
3288 3641 3365 3692 vel
3405 3639 3470 3692 ad
3518 3640 3638 3694 illo-

2114 3743 2228 3780 rum
2258 3737 2545 3793 temporum
2578 3713 2849 3780 historiam
2899 3729 3214 3792 pertineant,
3253 3727 3422 3792 possis
3457 3740 3638 3783 excer-

2115 3827 2273 3882 pere;
2304 3815 2560 3881 plerasque
2599 3815 2736 3867 enim
2780 3823 2900 3867 sunt
2942 3815 3189 3867 officiosa:
3231 3813 3467 3881 epistola:
3492 3853 3507 3875 ,
3551 3814 3637 3868 vel

2113 3903 2492 3966 consolatorie,
2522 3903 2602 3956 vel
2636 3903 2698 3955 ad
2732 3904 2972 3969 pietatem
3030 3901 3304 3970 fugamque
3342 3903 3514 3955 saeculi
3541 3903 3634 3954 ad-

2116 3991 2434 4044 bortatorize.
2463 3992 2770 4046 Observavit
2799 3991 3056 4056 Balusius,
3105 3991 3201 4059 ipsi
3243 3983 3439 4044 morem
3478 3989 3636 4044 fuisse

2114 4079 2356 4131 meliores
2382 4081 2662 4148 scriptores
2687 4079 2971 4148 perlegere,
3001 4080 3335 4148 ipsorumque
3361 4078 3519 4131 verba
3537 4077 3637 4130 sibi

2115 4167 2324 4232 prOpria
2361 4167 2563 4230 facere;
2606 4168 2756 4235 idque
2792 4172 2974 4236 probat
3019 4169 3174 4221 variis
3211 4167 3524 4238 argumentis
3569 4181 3635 4220 ex

2113 4256 2353 4323 geminis,
2400 4272 2526 4323 quas
2570 4266 2676 4310 tum
2727 4257 2932 4322 edebat,
2966 4258 3171 4322 Sulpitii
3199 4257 3375 4311 Severi
3405 4255 3637 4324 epistolis

2119 4343 2354 4412 (Μίδεια.
2383 4354 2501 4396 tom.
2551 4344 2590 4409 I,
2639 4343 2832 4412 prtem,
2874 4358 2942 4396 ex
2972 4344 3157 4409 quibus
3192 4344 3367 4410 utique
3402 4342 3638 4395 hausisse

2119 4435 2310 4500 aliqua,
2339 4433 2531 4486 indicto
2552 4434 2780 4496 nomine,
2811 4431 3013 4484 videtur
3048 4429 3317 4494 Ruricius;
3365 4439 3418 4483 et
3456 4443 3637 4483 revera

418 4525 420 4528 '
508 4517 616 4568 bnit
641 4528 774 4576 esse,
808 4513 997 4577 ferunt,
1030 4513 1078 4564 in
1101 4513 1358 4564 communi
1393 4511 1678 4566 Lcmovica-
1721 4511 2018 4570 cmmeterio
2043 4511 2093 4570 D
2118 4519 2286 4587 aliqua
2316 4529 2436 4572 sunt
2462 4519 2670 4580 similia,
2693 4520 2762 4572 ita
2783 4529 2838 4572 ut
2867 4519 3018 4586 plagii
3044 4533 3165 4572 reus
3184 4531 3300 4571 esse
3321 4517 3554 4570 videatur
3574 4530 3638 4569 co

510 4604 874 4657 monasterium
899 4603 948 4653 in
993 4603 1238 4654 honorem
1275 4603 1437 4655 sancti
1461 4601 1727 4670 Augustini
1756 4607 2013 4671 erexisse,

2120 4607 2418 4671 deterioris,
2443 4609 2579 4676 quod
2611 4607 2766 4661 verba
2805 4620 2857 4661 et
2885 4622 3041 4661 voces
3065 4617 3262 4660 tantum
3291 4606 3637 4672 usurpaverit.

953 4801 1533 4924 RURICII
1617 4804 2028 4932 EPISC

2112 4809 2278 4934 »ΡΙ
2369 4809 3181 4934 EPISTOLZE.

1433 5134 1435 5136 ε
1503 4999 2661 5182 ιιΒΕῖῖ-ἐιῆΜιπδ.
2835 5022 2837 5025 ’
3115 5021 3124 5030 ’

982 5243 1294 5297 EPISTOLA
1333 5244 1560 5300 PRIMA.

592 5331 798 5385 Domino
824 5333 1184 5404 δυο-ρειαιίαή
1210 5335 1259 5386 in
1291 5334 1504 5404 Cht'jsto,
1530 5335 1726 5404 Damno
1747 5348 1953 5404 patrono

865 5437 869 5442 ι
900 5398 1088 5453 Fausto
1109 5402 1332 5470 episcopo
1369 5402 1620 5455 Ruricius.

586 5502 718 5557 Olim
744 5515 790 5557 te
805 5507 1045 5571 ,-domine
1073 5508 1146 5560 mi
1170 5508 1488 5574 venerande,
1527 5524 1586 5564 ac
1617 5511 1908 5567 beatissime
1935 5530 2020 5568 sa-

2124 5254 2327 5316 cerdos,
2377 5253 2509 5304 fama
2541 5253 2871 5306 celeberrima
2900 5253 3211 5322 praedicante
3237 5253 3467 5320 cognovi.
3504 5250 3636 5304 Olim

2121 5341 2378 5394 desiierio
2406 5341 2472 5405 pii
2498 5342 2691 5394 amoris
2718 5342 2918 5405 infuso,
2950 5343 3053 5396 illis
3075 5353 3158 5406 te,
3194 5342 3378 5407 quibus
3413 5341 3640 5394 scribere

2119 5428 2362 5496 dignaris.
2383 5429 2546 5482 oculis
2566 5429 2737 5483 cordis
2758 5430 2988 5492 intueor;
3012 5430 3104 5484 sed
3125 5429 3460 5484 nihilominus
3478 5427 3636 5480 etiam

2117 5519 2384 5585 corporeis
2409 5517 2583 5574 videre
2611 5516 2828 5588 festino;
2851 5519 2897 5576 si
2921 5533 3024 5590 quo
3054 5521 3206 5575 modo
3235 5517 3448 5588 possim,
3467 5515 3643 5574 inter:
