3930 6412
198 286 271 340 39

1460 289 1733 345 EPISTOL

1835 291 1925 348 ΟΜ
1964 294 2087 350 LIB.
2127 297 2165 351 l.
3311 311 3378 364 70

201 393 507 449 cedentibus
536 396 712 458 vobis,
765 406 1093 461 peccatorum
1126 412 1363 452 meorum
1404 401 1607 455 viucnla
1633 402 1742 456 dis-
1770 408 1818 464 Α
1847 415 2082 473 peccato,
2109 406 2226 462 sine
2240 410 2419 475 judicii
2444 414 2808 472 recordatione
2831 460 2845 483 ,
2878 428 3174 487 peccatum;
3204 432 3257 476 ut
3284 426 3379 477 du-

203 499 468 551 rumpere,
493 485 823 553 arreptisque
849 486 1102 540 columba:
1134 488 1272 541 illius
1302 489 1484 557 pennis
1506 486 1621 560 (Ps.
1646 507 1747 555 ιιν,

202 573 278 639 7),
304 587 334 624 a
356 574 653 625 venantium
677 573 874 639 laqueis
900 575 1115 628 evolare
1140 574 1254 647 (Pa.
1279 591 1362 641 xc,
1393 578 1470 645 ὅ),
1501 588 1555 631 et
1572 579 1749 632 vobis-

201 672 322 711 cum
354 661 552 725 positus
577 659 629 712 in
661 659 920 712 dominica
950 660 1062 727 lege
1090 663 1461 729 requie~cere;
1497 674 1555 718 ut
1582 664 1747 730 sitim,

201 763 360 815 quam
377 750 626 815 opuscula
649 758 819 801 vestra
844 748 1061 816 legendo
1080 752 1318 819 concepi,
1344 754 1456 820 ipso
1472 762 1745 819 prmsente,

204 836 344 889 unde
368 836 457 889 illa
483 844 777 899 manarunt,
804 836 1016 890 uberius
1047 839 1291 892 hauriens
1336 843 1743 909 restinguerem,

198 931 260 979 ut
280 925 519 977 caritatis
539 922 847 993 igniculum,
890 940 1048 991 quem
1079 927 1130 979 in
1161 927 1351 995 tepidis
1386 929 1575 982 animae
1618 930 1747 983 dor-

203 1013 416 1065 mientis
465 1012 654 1065 favillis
691 1011 1012 1067 ferventibus
1060 1016 1369 1079 suscitastis,
1420 1019 1635 1086 prolatis
1681 1020 1747 1073 de

198 1100 466 1153 amdensa
494 1101 869 1167 scripturarum
898 1102 1131 1169 pabulis,
1171 1104 1320 1157 vivax
1356 1104 1561 1158 ﬂamma
1594 1107 1747 1160 robo-

194 1198 369 1253 raret,
408 1203 526 1263 qua
562 1188 773 1255 eloquio
812 1190 979 1242 sancti
1017 1192 1123 1243 oris
1162 1204 1411 1256 accensa,
1459 1208 1605 1247 more
1648 1193 1744 1246 sibi

196 1277 390 1341 solito,
428 1277 488 1329 in
528 1287 743 1343 pectore
778 1279 1070 1346 peceatoris
1122 1281 1225 1332 vim
1279 1290 1476 1334 natura;
1522 1283 1746 1349 potentis

190 1373 471 1429 exereret,
496 1364 849 1419 calefaciendo
869 1365 1069 1434 frigida,
1096 1367 1452 1421 inluminanda
1486 1370 1737 1422 tenebro-

194 1462 279 1511 sa,
302 1458 357 1503 et
377 1450 851 1523 spinascrlminum
874 1454 1251 1508 consumendo.
1279 1455 1531 1520 Adhaesit,
1560 1458 1744 1510 doctor

186 1537 419 1603 eximie,
444 1540 616 1594 anima
642 1538 757 1593 inea
783 1549 899 1608 post
914 1547 986 1594 te.
1014 1541 1098 1595 Me
1124 1544 1301 1595 autem
1340 1543 1587 1610 adjuvent
1616 1559 1741 1597 ora-

1850 494 1969 560 plici
2004 504 2157 562 atque
2192 496 2376 566 majori
2417 500 2609 555 delicto
2654 503 2767 570 ipse
2797 522 2879 559 me
2915 522 3182 575 premam,
3213 520 3271 563 ut
3291 513 3378 578 qui

1849 582 2107 636 tarditatis
2144 598 2265 639 reus
2303 601 2441 653 sum,
2480 603 2597 643 esse
2646 592 2887 661 incipiam
2926 594 3203 651 falsitatis:
3236 608 3289 652 et
3313 601 3381 654 ab

1847 670 2069 724 humana
2097 688 2257 739 usque
2282 675 2467 743 injuria
2490 680 2685 733 crimen
2712 683 2987 736 extendam
3009 685 3072 736 ad
3093 696 3375 741 aeternam:

1847 775 1985 815 nunc
2025 772 2220 815 tantum
2260 776 2571 834 exspectans
2608 772 2673 823 de
2711 774 2946 839 segnitiae
2988 789 3123 827 noxa
3162 773 3374 831 senten-

1846 850 1999 913 tium;
2044 851 2234 906 divina:
2285 869 2409 908 vero
2437 871 2529 923 pro
2575 860 2829 912 mendacii
2878 852 3072 915 ultione
3110 864 3374 930 subjiciar.

1845 936 2139 992 Praesertim
2167 955 2284 994 cum
2307 956 2429 996 vera
2457 946 2718 1000 cenfessio
2740 948 3109 1017 indulgentiam
3136 992 3149 1015 ,
3173 962 3221 1005 et
3252 955 3375 1012 falsa

1843 1029 2113 1080 excusnio
2144 1041 2404 1085 mereatur
2426 1033 2701 1089 offensam.
2742 1037 2873 1090 Malo
2904 1039 3075 1108 itaque
3108 1049 3211 1094 tam
3252 1045 3378 1097 s‘m-

1845 1115 1965 1182 plici
1992 1118 2325 1174 confessione
2351 1138 2504 1189 quam
2531 1126 2749 1193 supplici
2773 1130 2973 1183 veniam
3007 1140 3201 1198 petere,
3224 1149 3377 1202 quam

1844 1214 2057 1270 peccata
2086 1208 2372 1274 geminare.
2408 1211 2577 1266 llabes
2604 1229 2749 1281 ergo,
2779 1225 2926 1280 pater
2957 1220 3173 1285 Optime,
3205 1232 3377 1287 pastor
3434 1281 3443 1291 ί

1842 1297 2072 1360 egregie,
2090 1310 2257 1348 meam
2275 1300 2439 1366 culpa:
2459 1315 2589 1354 mem
2610 1312 2950 1369 spantaneam
2974 1308 3377 1364 confessionem.

1844 1380 2014 1436 [labes
2059 1396 2112 1437 et
2154 1388 2201 1437 in
2242 1388 2483 1456 discipuli
2529 1405 2730 1455 errore,
2770 1395 2907 1461 quod
2950 1410 2979 1449 c
3004 1398 3211 1466 rrigas;
3246 1409 3298 1453 et
3326 1402 3376 1454 in

1842 1473 2063 1526 oviculze
2094 1475 2368 1543 languore,
2395 1480 2534 1548 quod
2556 1496 2728 1535 sanes.
2760 1484 3141 1554 Potestatisque
3166 1498 3215 1541 et
3232 1488 3376 1556 judi-

1839 1561 1905 1612 (εἱί
1938 1560 2009 1613 ιιιί
2038 1573 2136 1625 est,
2171 1574 2342 1618 utrum
2369 1568 2499 1621 velis
2535 1568 2725 1623 ulceris
2752 1573 2851 1626 mei
2893 1575 3221 1641 putredinem
3254 1580 3376 1633 ferri

196 1627 373 1680 tiones
401 1633 523 1691 ture,
554 1634 610 1679 ut
634 1626 853 1702 possint,
877 1629 1098 1682 terrenis
1123 1630 1323 1683 actibus
1349 1630 1561 1698 spretis,
1586 1632 1735 1686 ctele-

1842 1650 2014 1718 rigore
2042 1654 2366 1721 rescindere,
2411 1670 2495 1709 an-
2519 1657 3000 1716 medicamentorun
3040 1664 3260 1720 lenitate
3287 1682 3379 1721 cu-

196 1713 370 1767 stibus
389 1712 611 1768 inhiare.
626 1714 756 1780 Quia
775 1729 988 1785 corpus,
1004 1716 1141 1785 quod
1164 1716 1536 1787 corrumphur,
1558 1733 1735 1789 aggra«

1841 1754 1979 1793 rare.
2011 1740 2118 1807 Ego
2141 1752 2312 1797 tamen
2344 1753 2512 1797 utram
2536 1746 2805 1814 elegeritis
2831 1731 3159 1805 curationem
3186 1756 3379 1820 ample-

197 1810 286 1855 vat
310 1802 539 1857 animm
568 1802 721 1873 (Sep.
745 1818 818 1868 tx,
852 1802 972 1874 15),
1019 1816 1075 1858 ut
1102 1807 1355 1862 inclinare
1385 1823 1569 1863 aurem
1592 1811 1746 1875 suam

196 1889 265 1943 ad
282 1889 497 1943 oracula
518 1890 692 1944 divina
715 1907 818 1946 non
838 1895 1005 1960 possit
1026 1892 1143 1963 (Ps.
1157 1910 1294 1958 thv,
1319 1896 1423 1963 ll),
1455 1907 1512 1950 ut
1534 1896 1757 1962 domum.

199 1979 370 2044 patris
419 1979 617 2033 oblivio
654 1980 923 2045 obediens,
970 1998 1088 2049 quas
1139 1984 1375 2037 vocantis
1416 1987 1635 2053 imperio
1681 1987 1747 2040 de

196 2074 340 2120 terra
375 2080 474 2121 sua
498 2076 553 2122 et
579 2069 891 2137 cognatione
934 2069 1167 2124 discedat
1194 2071 1343 2140 (Gen.
1378 2089 1471 2137 xu,
1510 2074 1559 2137 l)
1590 2085 1746 2141 atque

194 2160 377 2227 illam,
404 2175 521 2229 qua
538 2161 588 2215 ei
611 2163 1019 2227 demonstratur,
1052 2162 1223 2231 potius
1247 2164 1601 2231 concupiscat.
1627 2165 1742 2225 Non

193 2251 340 2303 enim
385 2249 558 2304 adhuc
597 2252 731 2303 valet
778 2251 1035 2321 pusillitas
1064 2263 1238 2307 nostra
1269 2263 1463 2307 metum
1504 2254 1745 2307 obnoxia:

188 2337 512 2392 conditionis
551 2340 839 2408 expellere,
891 2349 946 2393 et
982 2342 1187 2397 caritati
1234 2342 1482 2411 perfectae
1529 2354 1744 2418 purgata

188 2427 357 2493 corda
382 2441 643 2493 reserare,
683 2438 745 2481 ut
787 2428 1142 2496 relinquentes
1172 2432 1473 2498 praesentia,
1501 2443 1741 2498 petamus

188 2525 421 2580 mterna;
451 2516 718 2586 ejectaque
742 2517 927 2570 ancilla
949 2516 1098 2585 (Gen.
1116 2533 1225 2583 xxi,
1253 2520 1361 2587 10),
1386 2520 1739 2574 hereditatem

184 2616 466 2679 paternam
490 2606 638 2660 liberi
659 2607 918 2673 possimus
932 2607 1169 2675 adipisci.
1192 2608 1541 2684 Quamobrem
1563 2626 1739 2677 spero,

178 2693 406 2751 domine
431 2694 537 2762 mi,
568 2702 626 2747 ut
645 2708 742 2762 pro
760 2709 845 2749 me
869 2694 1225 2768 indesinenter
1250 2698 1432 2760 oretis,
1463 2708 1516 2751 et
1536 2701 1742 2766 quoties

183 2781 388 2850 dignati
445 2782 649 2837 fueritis
686 2782 984 2837 ariditatem
1038 2768 1199 2838 teme
1251 2800 1381 2839 meae
1429 2786 1741 2855 eloquentiae

178 2884 380 2947 vestrae
413 2874 581 2929 imbre
607 2874 943 2943 perfundere,
967 2890 1071 2930 non
1103 2876 1249 2941 mihi,
1280 2877 1416 2931 sicut
1445 2892 1584 2932 nunc
1616 2880 1739 2932 feci-

181 2966 298 3028 stis,
338 2974 395 3018 et
423 2966 593 3019 adhuc
631 2979 763 3019 mere
800 2966 1121 3019 inﬁrmitatis
1168 2967 1363 3034 ignari,
1411 2968 1663 3021 delicatos
1685 2977 1735 3021 et

183 3055 373 3108 dulces
418 3053 586 3119 cibos,
638 3054 729 3106 sed
776 3055 1114 3117 austeriores,
1166 3063 1218 3107 et
1266 3056 1559 3121 aegritudini
1604 3071 1733 3109 mete
1760 3060 1805 3121 C
1834 3079 2005 3130 νειεεο
2053 3082 2225 3133 omni,

180 3156 449 3211 congruos
478 3141 798 3209 suggeratis;
830 3142 948 3207 quia
970 3156 1073 3194 non
1100 3141 1382 3204 expediunt
1410 3146 1571 3195 stulto
1598 3144 1732 3195 deli-

178 3237 314 3301 cia;
361 3235 695 3303 postmodum
725 3234 1078 3301 proditoribus
1115 3234 1246 3287 meis
1278 3230 1572 3287 censorium
1599 3248 1739 3302 pnes

178 3321 355 3375 beatis
385 3335 664 3376 assensum
686 3364 702 3387 ,
736 3321 823 3391 qui
862 3336 1009 3377 more
1038 3323 1248 3375 humani
1278 3322 1501 3391 ingenii,
1543 3322 1734 3378 affectu

180 3411 351 3464 nimio
386 3411 691 3480 praepediti,
727 3426 755 3464 a
789 3412 1012 3465 veritate
1050 3411 1232 3480 judicii
1264 3411 1607 3477 declinantes,
1655 3414 1735 3467 in-

176 3510 411 3554 currunt
452 3516 547 3570 pro
583 3515 766 3555 amore
796 3500 1145 3555 mendacium.
1190 3502 1329 3556 Sane
1364 3518 1460 3556 nec
1492 3514 1735 3557 vereatur

173 3591 436 3643 sanctitas
464 3600 659 3652 vestra,
681 3605 747 3644 ne
767 3590 1067 3644 vulneribus
1090 3590 1219 3645 meis
1236 3592 1431 3659 gratior
1456 3592 1525 3644 sit
1550 3591 1731 3644 foven-

174 3678 242 3732 tis
282 3678 533 3742 dextera,
578 3693 735 3746 quam
779 3679 1031 3733 secantis.
1068 3679 1197 3742 Quia
1245 3692 1305 3732 ea
1332 3693 1431 3732 nec
1457 3694 1540 3731 me
1574 3692 1729 3746 posse

172 3771 375 3830 curari,
395 3778 447 3821 et
471 3776 644 3824 tamen
661 3769 889 3836 graviter
901 3770 1304 3837 computruisse,
1323 3770 1540 3822 Domino
1554 3770 1731 3848 dante,

171 3858 287 3927 jam
308 3858 513 3912 sentio.
544 3857 609 3912 Et
636 3858 755 3912 ideo
779 3858 944 3928 eligo,
975 3867 1030 3911 ut
1054 3873 1137 3911 me
1160 3858 1334 3924 justus
1359 3858 1730 3911 misericordia:

171 3946 544 4015 increpatione
587 3948 875 4014 corripiat,
919 3960 1074 4012 quam
1124 3954 1279 4011 caput
1328 3960 1502 3996 meum
1554 3945 1728 3996 oleum

170 4035 476 4101 peccaturis
521 4032 811 4100 impiuguet
853 4030 978 4099 (Ps.
1001 4045 1126 4093 cxn,
1156 4030 1234 4096 5).
1281 4029 1514 4097 Supplici
1556 4030 1729 4097 itaque

168 4138 328 4191 prece
358 4121 631 4191 deposco,
661 4130 716 4174 ut
742 4120 809 4173 de
839 4120 929 4173 illo
963 4118 1211 4172 thesauro
1258 4119 1603 4185 penetralium
1635 4135 1727 4175 ve-

167 4223 433 4275 strorum,
476 4209 615 4264 unde
644 4222 781 4262 nova
807 4216 860 4262 et
892 4218 1070 4263 vetera
1108 4207 1342 4275 proferre
1377 4209 1728 4265 consuevistis

166 4298 397 4369 (lculi.
425 4313 541 4366 xm,
563 4295 678 4367 52),
709 4297 1006 4365 peritissimi
1029 4305 1211 4365 utpote
1235 4291 1420 4351 medici
1438 4338 1452 4359 ,
1492 4300 1579 4366 qui
1617 4298 1727 4352 lan-

165 4387 447 4453 gnehtium
483 4385 786 4439 innumeras
812 4390 871 4438 et
896 4384 1068 4439 varias
1098 4383 1437 4453 aegritudines
1466 4383 1719 4459 quotidie,
1750 4389 1802 4449 Ι)

166 4474 342 4542 gratia
372 4473 469 4528 Dei
492 4472 792 4541 adjuvantc,
831 4470 1056 4535 sanatis,
1085 4471 1320 4540 languori
1347 4486 1551 4540 quoque
1586 4486 1728 4536 meo,

166 4576 284 4631 qua
309 4561 603 4618 convenire
632 4559 977 4628 cognoscitis,
1008 4558 1389 4612 medicamenta
1418 4558 1657 4614 mittatis.

743 4665 1068 4721 EPISTOLA
1100 4666 1165 4719 ll.

234 4760 467 4820 Dm”
478 4757 863 4877 semianimi
888 4759 937 4809 in
958 4756 1156 4811 Christo
1182 4756 1396 4813 Domino
1423 4770 1657 4829 patrono,

642 4834 783 4877 aeuo
808 4826 1045 4877 eniscooo
1068 4825 1325 4877 Ruricius;

642 4834 783 4879 usto
808 4826 1045 4894 episcopo
1068 4825 1325 4883 Ruricius.

231 4917 307 4969 ita
335 4931 429 4970 me
477 4916 733 4972 hactenus
775 4914 935 4983 impia
975 4914 1294 4983 negligentia
1340 4924 1395 4969 et
1449 4917 1722 4991 negligens

165 5008 413 5079 impietas
439 5004 812 5074 possederunt,
850 5012 907 5058 ut
948 5003 1072 5072 quid
1097 5042 1113 5069 ,
1158 5004 1371 5059 domine
1399 5007 1509 5071 mi,
1549 5006 1600 5059 in
1642 5022 1727 5061 me

165 5095 505 5165 potissimum
536 5106 804 5157 accusem,
831 5091 1100 5158 nesciam;
1146 5094 1371 5163 etquid
1414 5096 1465 5148 in
1503 5110 1587 5150 me
1616 5096 1724 5162 pri-

165 5205 311 5244 mum
358 5198 651 5249 excusem,
704 5197 810 5237 non
853 5185 1134 5239 inveniam.
1178 5174 1414 5242 St‘enim
1451 5200 1727 5255 argumen-

166 5276 423 5331 tationem
482 5271 714 5342 aliquam
779 5271 844 5324 ad
886 5274 1216 5349 excusandas
1266 5276 1632 5329 excusationes
1670 5273 1725 5328 in

168 5363 399 5436 peccatis
452 5360 709 5417 exhibere
748 5366 1023 5417 tentavera
1063 5361 1176 5432 (Ps.
1204 5377 1325 5426 exn,
1363 5363 1442 5431 4),
1477 5360 1720 5430 adjiciam

232 5547 263 5577 ι
295 5533 522 5594 Iuvenis
570 5530 785 5597 ωιῳί
832 5513 1033 5588 litteras
1074 5508 1302 5591 amabat.
1338 5533 1490 5589 Illum
1536 5533 1704 5588 virum

1846 1833 2305 1901 ctarintrepidus;
2356 1851 2452 1891 nec
2488 1848 2717 1905 paternae
2764 1841 2923 1895 ictum
2959 1843 3189 1898 dextera:
3218 1847 3372 1902 decli-

1847 1922 2019 1983 nabo;
2071 1921 2357 1977 dummodo
2402 1928 2695 1992 portionem
2745 1932 3015 1999 promissa:
3061 1932 3384 1991 bzereditatis

1842 2011 2123 2075 adipiscar.
2173 2011 2351 2078 Neque
2390 2016 2652 2069 attendam
2693 2033 2809 2085 qua:
2851 2020 2975 2073 mihi
3021 2032 3191 2087 paena“
3210 2024 3279 2077 sit
3327 2024 3375 2078 iu

1834 2095 2069 2159 ﬂagello,
2109 2099 2198 2151 sed
2250 2116 2403 2168 quam
2455 2104 2673 2158 habeam
2719 2108 2770 2159 in
2816 2116 3140 2163 testamento.
3197 2108 3382 2165 Melius'

1843 2185 1980 2238 enim
2018 2187 2148 2239 mild
2181 2198 2264 2241 est
2308 2189 2435 2244 flere
2471 2206 2630 2259 super
2670 2208 2845 2259 patre,
2884 2213 3038 2265 quam
3088 2210 3140 2251 ut
3170 2202 3385 2255 abdircr

1816 2278 2171 2343 contemptus
2206 2292 2235 2330 a
2284 2286 2448 2344 patre.
2495 2281 2623 2344 Quia
2661 2294 2933 2350 parentum
2964 2287 3127 2353 pietas
3165 2290 3372 2342 distrino

1840 2360 1948 2426 git,
1992 2373 2048 2414 ut
2076 2364 2335 2429 corrigat;
2373 2382 2476 2419 non
2524 2379 2862 2436 perseverat,
2908 2384 2961 2426 ut
3010 2379 3227 2443 puniat,
3281 2392 3373 2432 nec

1843 2462 2040 2507 tantum
2094 2457 2141 2510 ei
2188 2462 2429 2513 mmroris
2469 2462 2623 2515 infert
2656 2466 2948 2532 arrogantia
2999 2470 3372 2535 superbientis.

1839 2554 2087 2609 quantum
2117 2547 2359 2612 gaudium
2390 2550 2486 2603 fert
2534 2550 2793 2605 humilitas
2816 2557 3132 2610 ceniitentis.
3167 2559 3253 2614 Sic
3282 2562 3370 2613 ille

1842 2628 2104 2697 Evangelii
2146 2635 2622 2705 indulgentissimus
2667 2652 2812 2711 pater
2864 2646 3044 2711 lilium,
3101 2663 3372 2717 prmeeptm

1844 2721 2149 2777 Substantim
2206 2725 2532 2781 decoctorem
2567 2770 2582 2794 ,
2652 2718 2768 2783 Iasio
2822 2735 3050 2800 suscepit
3106 2729 3409 2805 amplexu,'

1842 2815 2402 2882 psomptiorggaudere
2450 2816 2517 2872 de
2565 2820 2765 2883 reditu,
2813 2837 2965 2888 quam
3013 2824 3270 2891 imputare
3307 2829 3377 2882 de

1841 2902 1986 2970 lapsu
2027 2905 2183 2970 (Luc.
2230 2907 2352 2975 xv).
2403 2907 2633 2974 Denique
2673 2925 2774 2962 non
2816 2913 3200 2979 exprobrantur
3238 2918 3369 2972 fari-

1839 3005 1993 3053 nora,
2042 3007 2145 3048 non
2186 2993 2418 3058 luxuria,
2461 3009 2564 3046 non
2594 3006 2835 3065 egestas;
2887 3002 2997 3054 sola
3026 3006 3262 3057 conversi
3290 3022 3369 3060 re-

2271 3082 2455 3135 damna
2504 3099 2823 3150 compensat.
2886 3089 3016 3157 Quia
3063 3093 3227 3161 major
3276 3094 3369 3149 fuit

1836 3166 2019 3233 procul
2069 3167 2227 3220 dubio
2271 3171 2404 3235 patri
2454 3172 2677 3226 facultas
2722 3176 2949 3243 reditus,
2990 3194 3143 3245 quam
3192 3198 3364 3235 rerum

1833 3256 2069 3311 facultas.
2129 3255 2308 3327 Itaque
2339 3258 2604 3312 abscessio
2643 3276 2787 3315 reum
2825 3267 3059 3328 fecerat,
3100 3271 3366 3336 regressio

1826 3341 1956 3397 fecit
2007 3344 2284 3399 insontem.
2353 3346 2426 3401 Ea
2485 3348 2841 3403 misericordia
2904 3352 3096 3415 sufﬁcit
3138 3355 3367 3413 'b:rredi.

1826 3434 1965 3498 Quin
1996 3436 2150 3487 etiam
2177 3444 2407 3503 paternae
2438 3437 2730 3492 clementia
2770 3441 2920 3515 venia
2960 3426 3202 3498 sola‘non
3256 3447 3366 3499 suf-

1832 3526 1958 3592 ﬁcit,
1994 3527 2131 3594 quod
2169 3528 2301 3580 ulnis
2345 3526 2505 3594 fovi-t,
2548 3530 2685 3597 quod
2723 3533 2885 3601 gratia
2911 3536 3230 3601 permulcet;
3266 3538 3365 3590 nisi

1832 3627 1886 3671 et
1914 3633 2129 3670 munera
2156 3618 2294 3685 larga
2326 3618 2651 3687 multiplicet.
2679 3621 2773 3673 Dat
2802 3624 3047 3676 annulum
3077 3639 3143 3678 ne
3186 3642 3367 3680 rursus

1829 3720 1859 3758 a
1897 3714 2068 3774 patre,
2107 3707 2323 3775 perﬁdia
2368 3708 2523 3774 duce,
2564 3709 2816 3764 discedat.
2870 3711 3236 3769 Calceamenta
3278 3719 3367 3770 dat

1827 3795 2071 3862 pedibus,
2111 3812 2215 3865 quo
2259 3796 2459 3851 facilius
2500 3798 2648 3851 ardui
2692 3801 2889 3855 itineris
2922 3816 3105 3870 aspera
3146 3815 3199 3859 et
3236 3805 3365 3860 dura

1828 3893 2148 3937 contemnat.
2205 3885 2301 3937 Dat
2347 3894 2401 3939 et
2447 3886 2611 3950 ipsam
2641 3888 2858 3953 primam
2887 3904 3041 3955 quam
3071 3891 3367 3957 perdiderat

1826 3970 2036 4033 stulam,
2067 3979 2124 4023 ut
2151 3986 2302 4035 quem
2330 3986 2357 4022 a
2387 3982 2553 4025 morte
2576 3983 2865 4040 receperat,
2904 3977 3116 4041 pristina
3155 3979 3368 4031 immnr.

1826 4054 2024 4109 talitate
2050 4055 2286 4109 donaret.
2324 4057 2485 4109 Datur
2507 4058 2663 4110 etiam
2685 4060 2796 4124 ipse
2814 4059 3009 4126 juniori
3038 4064 3229 4116 vitulus
3270 4081 3361 4119 re-

1826 4157 2000 4206 verso,
2054 4143 2144 4211 qui
2190 4145 2383 4197 seniori
2430 4159 2594 4213 agnus
2629 4147 2785 4200 datus
2824 4146 2997 4202 fuerat
3046 4151 3113 4206 de
3138 4151 3367 4222 Egypto

1826 4233 2143 4303 profecturo.
2165 4234 2295 4300 Quia
2320 4234 2431 4303 ipse
2460 4234 2636 4291 educit
2655 4252 2720 4291 ex
2754 4237 2983 4308 Egypto
3010 4250 3177 4309 pater.
3210 4243 3364 4301 Tanti

1826 4324 2066 4389 parentis
2080 4323 2284 4378 imitare
2306 4332 2479 4377 tantus
2500 4322 2677 4379 ﬁdem.
2702 4326 2871 4381 Trade
2892 4332 3251 4397 peccatoribus
3271 4334 3367 4387 ad-

1820 4400 2092 4480 jutorium.
2123 4422 2311 4481 pra-sta
2338 4416 2647 4479 conantibus
2675 4419 3066 4484 remissionem,
3111 4424 3365 4478 interces-

1826 4504 2026 4557 sionem
2068 4503 2285 4571 largire,
2326 4506 2705 4575 confitentique
2743 4507 2853 4561 lilio
2896 4523 2999 4562 non
3036 4510 3209 4565 solum
3251 4513 3367 4580 ipse

1826 4590 2025 4645 veniam
2055 4592 2243 4651 tribue.
2270 4592 2363 4645 sed
2397 4593 2510 4660 ipse
2535 4596 2736 4647 veniam
2763 4595 3082 4663 deprecare;
3126 4609 3181 4657 ut
3205 4614 3364 4667 quem

1824 4681 1879 4735 in
1909 4680 2178 4747 peregrina
2210 4680 2374 4746 patria
2394 4681 2889 4750 appellasliberum,
2922 4685 2972 4737 in
3003 4686 3208 4753 propria
3237 4701 3366 4753 pos-

1788 4810 1793 4816 .
1828 4770 1901 4823 sis
1927 4768 2103 4821 videre
2132 4764 2425 4823 liberatum.
2456 4771 2519 4824 Et
2539 4773 2623 4839 qui
2656 4787 2748 4839 per
2774 4788 2831 4826 se
2845 4774 3018 4827 amisit
3043 4775 3361 4831 dominicam

1826 4855 2211 4925 liberalitatem,
2244 4871 2336 4926 per
2362 4869 2411 4911 te
2452 4868 2712 4912 mereatur
2756 4861 3003 4927 consequi
3044 4862 3361 4930 libertatem,

1824 4961 1924 5001 nec
1970 4961 1999 4999 a
2046 4955 2221 5002 vestro
2262 4958 2537 5018 separetur
2590 4949 2816 5013 solatio,
2866 4951 2953 5017 qni
3009 4965 3363 5022 sequestram;-

1825 5040 2058 5107 pmmio.

2367 5106 2688 5161 EPISTULA
2735 5107 2821 5160 111.

1826 5195 2201 5251 Derinctissimo
2237 5182 2375 5252 Filio
2405 5213 2695 5318 aegrisque
2735 5199 3003 5267 magn‘ﬁco
3038 5208 3061 5233 ι
3130 5184 3360 5247 Hesperio

2512 5282 2721 5318 ericius.

2512 5282 2721 5318 unctus.

1892 5356 2167 5412 Scribcndi
2210 5357 2341 5411 mihi
2391 5356 2457 5409 ad
2510 5356 2901 5409 unanimitatem
2946 5362 3085 5407 tuam
3137 5355 3401 5421 adiutum.

1808 5530 2165 5599 magniﬁcum,
2215 5531 2485 5588 Geminam
2515 5530 2815 5586 litterarum
2859 5534 2914 5581 ct
2952 5526 3237 5581 amicorum
3270 5544 3356 5594 ap.
