3930 6416
454 338 530 392 τι

455 540 775 595 dominatrix
813 538 1048 591 omnium
1085 539 1281 605 pietas,
1314 551 1406 605 per
1434 550 1591 605 quam
1626 534 1909 589 ﬂectuntur
1935 535 2013 588 ri-

457 632 597 699 gida,
630 644 786 683 saxea
823 627 1152 693 molliuntur,
1197 626 1452 681 sedantur
1484 626 1707 692 tumida,
1746 624 2015 679 leniuntur

458 733 668 787 aspera,
710 726 1010 772 tumescunt
1052 717 1213 779 lenia,
1258 718 1542 771 mitescunt
1586 731 1747 779 srrva,
1793 717 2016 771 saeviunt

458 808 636 873 mitia,
683 806 1039 860 accenduntur
1071 806 1298 875 placida,
1344 822 1604 877 acuuntur
1632 807 1782 861 bruta
1802 844 1818 869 ,
1844 805 2017 860 domi-

458 913 650 953 nantur
676 898 934 963 barbara,
983 898 1229 950 immania
1283 897 1569 966 placantur.
1623 897 1791 950 Etiam
1830 900 1884 949 in
1930 910 2016 952 me

458 1006 592 1057 opus
608 1004 759 1042 suum
793 1004 1066 1056 peragens.
1091 1002 1152 1042 os
1172 988 1380 1057 elingue
1409 989 1685 1051 reseravit,
1719 988 2015 1054 producens

461 1096 545 1133 me
564 1095 628 1133 ex
657 1078 919 1141 tutissimo
948 1075 1144 1130 silentii
1172 1091 1383 1130 recessu
1418 1076 1482 1129 ad
1520 1076 1783 1142 publicum
1830 1074 2015 1127 formi-

460 1170 796 1236 dandumque
820 1166 1077 1235 judicium
1110 1178 1158 1219 et
1203 1165 1443 1229 invitatio
1470 1166 1630 1219 vestri
1667 1179 1801 1218 nova
1838 1164 2017 1218 subire

460 1260 747 1328 Compellit.
778 1258 1011 1322 Scilicet,
1041 1268 1097 1310 ut
1117 1257 1202 1325 qui
1228 1256 1484 1309 hactenus
1523 1256 1662 1309 illam
1698 1254 2013 1309 sententiam

460 1360 675 1405 secutus
718 1350 1009 1418 antiquam,
1052 1363 1152 1413 qua
1200 1347 1393 1401 dicitur
1428 1363 1442 1399 :
1480 1347 1857 1413 Sa'penumero
1885 1360 2020 1413 prm-

465 1449 607 1494 stare
634 1448 841 1505 tacere,
876 1428 1032 1505 quam
1068 1437 1281 1498 dicere;
1328 1436 1656 1489 inscientiam
1698 1448 1865 1487 meam
1909 1448 2019 1485 ma-

464 1528 650 1584 luerim
678 1527 1003 1582 verecuudiaa
1028 1526 1378 1607 taciturnitate
1421 1525 1625 1593 legere,
1657 1540 1812 1594 quam
1850 1526 2019 1589 impu-

465 1620 655 1674 denter
678 1618 946 1672 incoodito
967 1630 1210 1670 sermone
1238 1614 1500 1684 proferre.
1530 1631 1645 1669 non
1666 1625 1771 1669 tam
1799 1629 2020 1669 consue-

468 1707 667 1763 tudinis
716 1722 848 1761 meae
897 1706 1193 1772 immemor,
1246 1721 1403 1774 quam
1453 1704 1762 1759 ruSticitatis
1802 1704 2015 1769 oblitus,

1776 330 2024 390 RURlCll
2060 319 2360 386 EPlSGOPl

455 466 613 521 quem
634 455 972 529 obstruxerat
999 446 1281 516 imperitia,
1313 445 1561 516 patefecit
1591 444 1809 499 aﬂectus
1830 454 1887 501 et
1924 445 2010 499 illa
2039 448 2091 505 Α

2724 443 2937 501 EPIST.
2976 443 3065 498 IV.

2187 534 2565 591 Derinctissimo
2592 534 2699 603 [ilio
2732 550 3023 605 sanperquc
3054 531 3323 603 magniﬁco
3352 530 3600 599 Hesperio

2763 605 3021 659 Ruricius.

2184 716 2377 786 Recepi
2407 717 2583 785 apices
2608 716 2964 770 unanimitatis
3010 724 3134 780 tum,
3172 722 3276 767 tam
3304 713 3471 782 gratia
3511 727 3668 781 quam

2113 807 2446 877 eloquentia;
2494 815 2599 859 tam
2647 818 2827 859 amore
2877 806 3075 872 pariter
3117 818 3272 871 quam
3303 802 3511 870 lepore;
3564 812 3669 854 tam

2114 899 2227 953 sale
2248 906 2404 967 quam
2436 895 2593 951 melle
2633 910 2920 963 respersas.
2952 895 3005 949 lu
3051 895 3243 964 quibus
3280 908 3379 948 nec
3403 893 3669 948 dulcedini

2115 988 2326 1042 deesset
2352 986 2571 1056 aliquid,
2617 1000 2714 1039 nec
2735 984 2930 1051 sapori.
2958 984 3055 1050 Qui
3090 999 3214 1057 cum
3257 983 3402 1038 omni
3427 982 3673 1037 dictionis

2115 1089 2171 1132 et
2198 1078 2415 1133 rationis
2443 1084 2558 1130 arte
2580 1075 2977 1143 praemineant,
3005 1076 3118 1129 solo
3148 1084 3321 1129 tamen
3344 1089 3375 1127 a
3394 1089 3453 1129 se
3471 1073 3674 1129 discre-

2117 1180 2244 1235 pare
2265 1166 2509 1226 videntur
2532 1164 2749 1233 judicio.
2773 1164 2907 1217 Dum
2927 1164 3083 1217 enim.
3101 1165 3357 1232 paginulas
3385 1179 3542 1233 mea,
3565 1178 3671 1218 non

2118 1255 2258 1309 laudi
2285 1265 2441 1323 aptae,
2489 1254 2585 1309 sed
2613 1256 2983 1323 vituperationi
3021 1254 3214 1321 ineptia
3245 1256 3553 1309 rusticitatis
3577 1269 3673 1322 ap-

2119 1356 2260 1413 tane,
2309 1347 2506 1414 majora
2554 1347 2757 1400 meritis
2789 1344 3017 1398 tribuere
3062 1345 3295 1410 festinas,
3340 1355 3393 1399 et
3433 1345 3675 1414 scilueris

2119 1438 2206 1489 vel
2229 1435 2627 1489 declamationis
2654 1450 2889 1495 cursum,
2941 1434 3022 1488 vel
3045 1434 3312 1503 diligentis
3335 1433 3614 1499 allectum;
3644 1449 3674 1487 a

2121 1540 2303 1593 norma
2327 1526 2457 1579 recti
2484 1525 2663 1593 iudicii
2689 1525 2983 1579 declinasti.
3009 1525 3087 1578 Ad
3116 1540 3270 1594 quam
3303 1540 3411 1579 rem
3433 1539 3532 1593 ego
3552 1538 3673 1593 per-

2120 1617 2398 1671 fectionem
2430 1631 2532 1670 non
2562 1617 2868 1685 ignorantia:
2898 1600 3051 1684 vitio,
3090 1617 3184 1671 sed
3213 1626 3507 1687 spentaneo
3534 1619 3677 1672 arbi-

2123 1716 2236 1761 tror
2268 1706 2608 1761 descendisse
2643 1706 2885 1771 consilio,
2942 1707 3131 1776 triplici
3185 1721 3252 1760 ex
3299 1722 3456 1761 causa
3486 1724 3498 1760 :
3531 1716 3590 1761 ut
3623 1708 3677 1762 in

463 1802 610 1869 quasi
637 1814 704 1854 ex
735 1799 928 1853 Arione
956 1799 1010 1851 in
1032 1797 1297 1865 Orpheum
1328 1804 1546 1863 repente
1573 1804 1826 1859 mutatus,
1856 1794 2014 1848 velim
2047 1798 2093 1856 Β
2122 1798 2263 1851 tenui
2289 1797 2508 1851 materia
2547 1806 2600 1851 et
2627 1812 2846 1851 acumen
2878 1798 3093 1865 ingenii,
3138 1807 3188 1852 et
3218 1800 3327 1852 oris
3352 1798 3675 1864 facundiam,

465 1890 825 1945 disertissimis
852 1872 1069 1941 auribus
1105 1888 1210 1941 tuis
1256 1901 1349 1941 ore
1385 1886 1597 1955 garrulo
1631 1900 1736 1945 non
1774 1898 1875 1937 tam
1904 1883 2019 1937 ofll-

464 1981 639 2034 ciosus
664 1993 820 2047 quam
848 1976 1132 2045 iniuriosus
1155 1975 1401 2029 existere.
1453 1974 1587 2027 Dum
1618 1984 1671 2029 et
1695 1974 1871 2043 ignota
1904 1988 2021 2041 per-

466 2080 635 2134 tento,
678 2079 729 2123 et
784 2069 985 2121 insueta
1033 2080 1315 2135 praesumo.
1364 2064 1467 2120 Sed
1511 2064 1720 2125 dabitis,
1772 2075 1828 2117 ut
1880 2076 2020 2127 reor,

464 2160 674 2213 Veniam
701 2157 931 2212 venienti
959 2172 1025 2209 ex
1064 2154 1453 2209 necessitudine
1488 2153 1798 2209 necessaria:
1841 2167 2026 2207 neces-

466 2250 659 2317 sitatis.
715 2247 847 2311 Quia
898 2245 1038 2313 quod
1084 2244 1302 2298 dilectio
1339 2245 1390 2295 in
1432 2245 1732 2297 mortalium
1764 2243 2026 2297 mentibus

468 2334 693 2391 naturali
748 2343 1020 2403 potestate
1055 2331 1155 2386 sibi
1214 2330 1461 2393 \iudicet,
1515 2332 1785 2383 conscium
1832 2340 2027 2384 mutua

470 2426 732 2493 passionis
756 2434 937 2491 pectus
958 2424 1211 2491 agnoscit.
1243 2422 1381 2489 Ergo
1412 2441 1421 2469 ι
1446 2420 1810 2473 eexcusationi
1829 2419 2027 2473 diutius

472 2519 833 2589 immorantes,
872 2514 944 2567 ita
975 2515 1213 2582 paginam
1252 2512 1550 2574 dilatemus,
1606 2521 1675 2565 ut.
1709 2527 1813 2565 non
1856 2512 2028 2565 solum

471 2608 563 2660 tibi
601 2622 705 2659 non
736 2605 991 2659 exhibeat
1034 2616 1210 2655 sermo
1253 2602 1587 2670 incomptior,
1642 2616 1823 2655 verum
1870 2602 2031 2655 etiam

434 2685 439 2689 ’
471 2696 620 2764 copia
669 2692 967 2748 inordinata
1021 2692 1328 2759 fastidium;
1376 2691 1485 2760 jam
1536 2692 1585 2744 in
1618 2706 1799 2745 vocem
1822 2692 2031 2760 pietatis

470 2784 817 2853 erumpimus,
863 2791 918 2839 et
948 2782 1332 2837 desideriorum
1363 2781 1520 2836 verba
1552 2793 1838 2849 ructamus,
1886 2797 2031 2837 com-

471 2876 783 2930 mendantes
832 2871 927 2926 tibi
976 2873 1166 2941 pignus
1197 2880 1467 2934 nostrum,
1510 2870 1809 2938 depositum
1858 2881 2025 2937 tuum,

431 2984 436 2989 -
472 2964 622 3032 cujus
650 2977 746 3016 nos
773 2963 1107 3030 susceptione
1136 2961 1342 3027 cepisti.
1375 2960 1490 3013 Tibi
1513 2960 1653 3013 enim
1682 2975 1829 3024 spem
1858 2972 2035 3027 poste-

472 3053 646 3107 ritatis
675 3066 844 3114 mem;
896 3051 988 3103 tibi
1041 3049 1285 3103 solatium
1312 3050 1435 3102 vita:
1466 3050 1769 3115 prmsentis,
1810 3059 1861 3101 et
1893 3048 2033 3099 leva-

2124 1895 2178 1939 et
2195 1886 2513 1939 afﬂuentiam
2544 1887 2805 1941 sermonis
2830 1888 3158 1942 ostenderes.
3205 1890 3369 1943 Sicuti
3418 1890 3468 1943 in
3497 1891 3679 1958 jejuno

3686 90 3865 173 '—

2124 1984 2279 2044 atque
2308 1976 2481 2029 otioso
2518 1975 2717 2042 cespite
2745 1976 2910 2045 magis
2954 1976 3237 2030 strenuitas
3274 1978 3492 2031 cultoris
3520 1993 3680 2046 appa-
3730 2048 3731 2051 η

2124 2072 2226 2130 ret,
2244 2080 2361 2118 cum
2390 2072 2481 2117 aut
2508 2064 2849 2119 rebellionem
2874 2065 3146 2134 glebarum
3169 2066 3426 2121 tenacium
3454 2070 3677 2137 repetita

2122 2154 2316 2221 sacpius
2361 2155 2705 2223 implessione
2732 2156 2961 2209 vomeris
3006 2156 3203 2220 domat,
3251 2167 3342 2209 aut
3378 2156 3676 2210 aritlitatem

2121 2244 2338 2298 nimiam
2385 2247 2635 2298 stercoris
2661 2246 2966 2312 aspersione
3008 2245 3272 2308 fecundat,
3328 2253 3385 2298 ut
3412 2246 3677 2301 fructuum

2126 2334 2351 2402 capiam,
2381 2349 2533 2403 quam
2560 2334 2658 2388 soli
2690 2342 2871 2388 natura
2902 2344 3075 2404 negat,
3104 2335 3361 2389 industria
3393 2336 3679 2405 producat;

2130 2424 2199 2476 ita
2246 2432 2300 2477 et
2341 2433 2393 2477 tu
2422 2431 2706 2493 egestatem
2761 2425 2995 2491 epistola:
3038 2440 3169 2480 mea:
3214 2426 3529 2492 eloquentia:
3579 2440 3682 2481 tute

2128 2514 2368 2569 ubertate
2406 2514 2603 2581 ditasti,
2635 2523 2692 2568 ut
2722 2516 2886 2583 possit
2916 2530 3055 2577 esse.
3084 2516 3126 2569 si
3156 2530 3269 2570 eam
3300 2518 3681 2583 suppresseris,

2129 2614 2180 2658 te
2209 2606 2473 2674 loquente,
2522 2605 2831 2671 laudabilis;
2877 2606 2924 2659 si
2965 2622 3089 2659 vero
3121 2606 3419 2675 protuleris,
3466 2606 3684 2661 incutiat

2129 2705 2182 2749 et
2215 2696 2337 2748 mibi
2360 2686 2425 2748 de
2450 2695 2575 2749 falsa
2606 2694 2781 2762 laude,
2820 2704 2873 2749 et
2899 2696 2991 2749 tibi
3026 2696 3093 2749 de
3116 2694 3301 2763 iudicii
3332 2709 3513 2749 errore
3537 2709 3685 2749 vete-

2130 2786 2394 2840 cundiam.
2444 2785 2509 2838 Et
2538 2787 2751 2851 idcirco,
2794 2786 2912 2853 quia
2941 2784 3256 2853 imperitiam
3284 2800 3455 2838 meam
3481 2785 3557 2838 tui
3585 2799 3684 2852 pu-

2132 2868 2275 2929 doris
2296 2890 2427 2943 opus
2452 2890 2569 2931 esse
2589 2876 2821 2938 voluisti,
2852 2892 2979 2931 cave
3001 2892 3087 2941 ne,
3116 2876 3381 2945 praeconio
3411 2886 3503 2928 tuo
3532 2876 3685 2928 nobis

2136 2981 2235 3017 non
2263 2965 2721 3032 respondentibus,
2754 2973 2839 3017 tua
2870 2966 3197 3031 periclitetur
3224 2964 3433 3018 electio.
3483 2962 3682 3029 Itaque;

2134 3056 2179 3107 si
2203 3054 2324 3123 quid
2354 3053 2479 3107 mibi
2510 3055 2700 3118 credis,
2751 3053 2797 3109 si
2847 3054 2969 3123 quid
3000 3063 3207 3119 utruue
3238 3052 3495 3118 consulis,
3551 3050 3687 3105 indi-

474 3156 615 3205 ῐηθηι
646 3140 690 3194 εἰ
716 3140 963 3192 (“Villius
1006 3140 1271 3202 immeriti
1306 3138 1523 3200 ίυιυηες
1578 3138 1669 3191 tibi
1723 3140 1809 3192 uni
1852 3138 2027 3190 Omnia
2055 3134 2099 3197 C
2131 3161 2287 3214 gnum
2318 3160 2518 3200 memor
2538 3161 2590 3211 a,
2621 3145 2886 3200 oblivione
2912 3146 3275 3215 dignissimum
3301 3148 3542 3200 vo'umeo
3566 3144 3687 3198 abso

474 3246 587 3285 mea
633 3240 753 3283 vuta
800 3227 1065 3282 commisi.
1116 3226 1193 3281 Te
1231 3236 1254 3263 ι
1297 3227 1591 3282 elicitorem
1614 3238 1665 3282 et
1691 3229 2031 3282 tormatnrem

475 3321 773 3392 lapillorum
807 3318 1089 3383 nobilium,
1116 3325 1171 3372 et
1197 3318 1501 3372 rimatorem
1524 3318 1677 3383 auri,
1717 3329 1767 3371 te
1794 3329 2034 3386 reperio-

474 3428 587 3468 rem
617 3426 768 3481 aquze
798 3410 1009 3465 latentis
1034 3411 1167 3479 elegi
1190 3449 1203 3471 ,
1231 3411 1317 3477 qui
1358 3411 1509 3463 sciris
1550 3411 1824 3463 abstrusas
1850 3409 2035 3477 lapidi-

475 3500 574 3558 bus
596 3514 832 3566 gemmas
860 3501 1086 3567 pr0priaa
1116 3498 1341 3551 reddere
1366 3513 1481 3566 gent
1502 3500 1736 3561 rositati;
1787 3514 1905 3565 qua:
1932 3502 2034 3550 uti-

477 3608 581 3661 que
600 3594 649 3643 in
676 3597 819 3642 tanta
838 3605 922 3641 rer
963 3604 1011 3640 m
1036 3589 1343 3642 confusione
1364 3589 2030 3661 amitterentnobilitatem,

476 3682 519 3733 si
544 3678 776 3747 judicent
806 3693 909 3728 non
942 3678 1217 3729 baberent.
1260 3678 1460 3732 Aurum
1491 3654 1721 3746 quoqu’e,
1748 3678 1924 3731 arenis
1944 3666 2031 3732 lvi-

476 3767 614 3821 libus
650 3764 905 3827 mixtum,
961 3764 1062 3815 nisi
1113 3766 1331 3816 artilicis
1380 3766 1591 3818 solertia
1627 3767 1828 3818 lavetur
1863 3766 2032 3832 aquis,

476 3857 687 3925 ignibus
706 3856 1001 3922 eliquetur,
1048 3867 1144 3905 nec
1180 3855 1515 3920 splendorem
1561 3856 1755 3921 poterit
1806 3858 2039 3909 retinere

479 3960 577 4001 nec
601 3945 870 4000 meritum.
897 3944 1080 4010 Sepias
1109 3946 1270 3995 etiam
1301 3957 1553 4009 aquarum
1587 3944 1908 3996 manantium
1942 3959 2034 3996 ve-

481 4051 595 4102 nas,
626 4046 681 4091 et
705 4034 991 4091 obductum
1026 4042 1165 4086 terra
1201 4034 1383 4087 liuenti
1414 4035 1650 4098 alveum,
1686 4034 1783 4088 nisi
1812 4034 2037 4103 diligen-

482 4127 586 4178 tius
608 4126 974 4180 eruderaverit
1012 4121 1322 4193 appetitoris
1358 4122 1651 4187 industria,
1698 4123 1869 4177 laticis
1904 4124 2037 4177 unda

483 4227 586 4267 non
633 4213 781 4269 ﬂuet.
839 4214 912 4268 ita
951 4223 1005 4269 et
1036 4203 1346 4266 tenerorum
1396 4214 1567 4266 adhuc
1607 4213 1749 4266 acies
1788 4196 2037 4267 sensuum

483 4305 794 4373 ignorantia:
822 4304 1027 4365 nubilo,
1055 4303 1206 4369 quasi
1233 4304 1513 4355 crassitate
1552 4304 1815 4355 scabrosa:
1846 4304 2042 4369 rubigi-

482 4396 567 4453 nis
597 4394 834 4449 obsessa,
864 4393 964 4446 nisi
990 4391 1202 4444 assidua
1224 4390 1457 4445 doctoris
1489 4391 1611 4444 lima
1640 4401 1919 4460 purgetur,
1949 4406 2039 4443 ue-

2133 3238 2333 3301 conde,
2380 3238 2424 3290 si
2467 3238 2545 3290 vis
2590 3249 2640 3290 et
2670 3253 2753 3291 me
2791 3238 2853 3289 ad
2886 3237 3157 3291 arbitrium
3188 3244 3332 3290 tuum
3360 3239 3585 3291 aratoris
3606 3236 3685 3290 fa-

2136 3342 2273 3379 mam
2300 3335 2354 3380 et
2379 3336 2429 3380 te
2459 3327 2870 3395 probatijudicis
2899 3328 3141 3381 obtinere
3164 3341 3461 3397 personam.

2208 3515 2587 3568 Devinctissimo
2618 3516 2723 3583 [ilio
2754 3437 3343 3639 ’πιαθηὶνίεο
3375 3516 3622 3587 Hesperio

2833 3603 3039 3639 τωρωι.

2833 3603 3039 3639 urtcrua.

2207 3674 2595 3742 Spoponderas,
2649 3675 2722 3728 fili
2772 3676 3064 3741 carissime,
3113 3686 3171 3729 ut
3219 3676 3347 3729 mihi
3396 3677 3603 3742 aliquos
3629 3680 3695 3734 de

2142 3763 2446 3816 ramuscula
2473 3777 2627 3830 quem
2659 3778 2722 3817 ex
2766 3765 3111 3819 amaritudine
3154 3767 3203 3819 in
3234 3765 3579 3821 domesticum
3605 3784 3697 3821 sa-

2141 3863 2321 3917 porem
2345 3849 2648 3903 vertendum
2676 3844 3201 3921 transferendumque
3233 3868 3562 3923 susceperas,
3602 3858 3699 3908 llo-

2138 3939 2315 3992 sculos
2339 3938 2652 4003 destinares,
2697 3954 2917 4005 quorum
2946 3940 3111 3993 odore
3137 3938 3507 4009 cognoscerem
3538 3958 3699 4011 quam

2138 4042 2286 4097 spem
2316 4030 2426 4097 spei
2447 4043 2632 4098 gerere
2657 4028 2934 4093 deberem;
2960 4039 3254 4083 utrumnam
3282 4032 3378 4096 ipsi
3402 4032 3560 4084 liores
3580 4047 3700 4100 ger-

2142 4120 2300 4182 mina,
2334 4129 2423 4173 aut
2444 4134 2629 4174 rursus
2661 4121 2774 4189 ipsa
2817 4124 3054 4189 germina
3100 4120 3300 4175 fructus
3338 4121 3419 4174 sui
3444 4122 3702 4189 qualitate

2144 4211 2533 4277 promitterent,
2566 4212 2827 4291 iidemque
2854 4214 3042 4267 iterum
3076 4212 3277 4269 fructus
3300 4222 3475 4269 utrum
3496 4216 3704 4284 possint

2142 4312 2195 4357 te
2224 4314 2548 4372 excoquente
2596 4304 2893 4367 mitescere,
2935 4316 2987 4360 et
3013 4305 3147 4360 dulci
3189 4306 3505 4375 eloquentia:
3533 4311 3703 4362 verbo
3780 4342 3785 4345 -

2142 4392 2465 4446 audientium
2490 4392 2648 4447 corda
2675 4395 2889 4449 satiare.
2920 4394 3069 4461 Quod
3098 4397 3217 4464 quia
3244 4398 3423 4451 nescio
3451 4411 3607 4466 quam
3634 4401 3705 4453 ob

484 4490 598 4555 quit
625 4498 814 4554 sponte
842 4484 1156 4537 clarescere.
1190 4482 1360 4535 Tuum
1386 4496 1517 4551 ergo
1545 4496 1714 4547 nunc,
1760 4492 1905 4535 tuum
1935 4491 2035 4548 cst,
2070 4482 2119 4540 Ι)
2142 4499 2354 4538 causam
2384 4484 2557 4538 facere
2588 4483 2858 4548 distulisti,
2887 4467 3238 4553 opportunum
3264 4500 3357 4539 vos
3385 4486 3705 4542 admonendi

483 4578 539 4628 iu
584 4578 665 4629 bis
703 4573 955 4628 omnibus
989 4580 1048 4625 et
1089 4571 1321 4639 opinioni
1366 4581 1489 4636 tuae,
1540 4581 1594 4626 et
1617 4581 1799 4625 nostro
1848 4574 2043 4639 pariter

487 4666 807 4731 respondere
826 4664 1049 4733 judicio,
1080 4677 1148 4716 ne
1182 4670 1277 4713 aut
1301 4671 1358 4715 tu
1401 4664 1799 4731 praasumpsisse
1835 4662 2039 4727 illicito,

486 4768 576 4811 aut
603 4775 699 4813 nos
725 4756 1117 4812 inconsiderate
1146 4754 1371 4822 elegisse
1399 4753 1691 4808 videamur.

490 5050 719 5120 pellabat
745 5046 1005 5120 Sidonius,
1053 5058 1141 5114 ep.
1165 5045 1199 5096 l.
1220 5059 1301 5107 tv,
1330 5056 1413 5108 ep.
1439 5038 1668 5120 _Ad.
1698 5057 1815 5120 eum
1834 5045 2045 5120 saepius

495 5110 703 5183 scripsit
744 5110 1005 5182 Ruricius,
1029 5110 1255 5183 ut'patet
1277 5128 1343 5167 es
1367 5111 1527 5179 epist.
1552 5112 1608 5175 ὅ,
1644 5110 1700 5173 tl»,
1736 5111 1789 5177 5,
1834 5114 1933 5181 ipsi
1966 5115 2046 5167 iu-

496 5188 724 5255 scriptis.
769 5186 922 5237 BASN.

567 5248 702 5308 n'lta
740 5269 987 5320 expresse
1024 5267 1125 5304 ms.
1159 5259 1349 5306 novato
1379 5248 1635 5320 vocabulo
1670 5256 1724 5299 et
1754 5263 1855 5299 non
1887 5251 2054 5320 inele-

499 5336 651 5391 gante
672 5318 830 5375 sensu
868 5325 934 5374 ab
972 5322 1257 5391 elicienjo,
1288 5321 1425 5373 sicut
1459 5318 1769 5391 .lt_tpiter_ab
1798 5319 2051 5385 eliciendis

501 5383 801 5447 inmunibus
830 5392 1098 5445 dicebatur
1128 5383 1346 5455 Elicius,
1382 5388 1533 5441 Ovid.
1565 5402 1616 5438 ιιι
1661 5383 1842 5437 Fast.:

646 5481 870 5532 Eliciam!
896 5480 1017 5533 melo
1042 5487 1108 5541 te,
1138 5475 1337 5543 Jupiter
1358 5493 1377 5530 :
1406 5476 1539 5530 unde
1565 5476 1779 5526 minores

714 5550 861 5601 Nunc
886 5565 1077 5618 quoque
1119 5557 1165 5600 te
1192 5546 1474 5612 celebrant,
1507 5544 1825 5610 Eliciumque
1853 5554 2049 5597 vocant.

574 5662 683 5719 Nisi
714 5661 864 5717 malis
889 5664 1094 5729 legere:
1132 5660 1428 5713 licitatorcrn
1452 5699 1466 5723 ,
1514 5656 1654 5727 quod
1694 5670 1797 5707 non
1827 5654 1997 5723 placet
2025 5670 2038 5716 ;

2153 4578 2357 4636 tempus
2404 4566 2601 4631 iuveni,
2656 4582 2760 4636 quo
2807 4567 2861 4621 in
2909 4568 3183 4620 harmonia
3232 4568 3411 4621 mundi
3456 4570 3706 4625 uniwrsa

2149 4660 2433 4713 animantia
2476 4660 2623 4713 bruta
2651 4660 2865 4728 pariter,
2904 4671 2959 4715 et
2981 4661 3223 4729 elinguia,
3259 4659 3579 4727 incedentia,
3611 4676 3708 4715 vo-

2151 4749 2507 4817 lantia,atque
2536 4750 2760 4818 reptilia,
2780 4752 2889 4803 suis
2918 4764 3138 4818 qumque
3167 4750 3353 4809 modis.
3376 4751 3485 4803 suis
3514 4742 3719 4816 sibilis,

2151 4840 2366 4909 suisque
2394 4856 2613 4909 quaeque
2640 4840 2877 4906 vocibus,
2922 4844 3022 4895 etsi
3052 4856 3184 4895 sono
3213 4841 3449 4907 dissono,
3495 4850 3589 4895 aut
3615 4858 3710 4899 ore

2154 5041 2235 5094 vel
2253 5060 2266 5091 ι
2287 5040 2815 5106 elucidatorem,quod
2841 5042 3039 5094 malim.
3069 5042 3189 5095 [late
3217 5042 3708 5106 Canisius.—Ma'o,

2157 5111 2209 5163 ni
2237 5108 2408 5173 fallor,
2434 5108 2713 5160 laudantur
2736 5108 2811 5161 illi
2839 5124 3022 5163 versus
3048 5112 3239 5163 Ovidii.
3281 5112 3392 5166 Non
3422 5114 3539 5167 ideo
3566 5116 3712 5164 dice-

2154 5178 2309 5231 batur
2329 5174 2533 5242 Jupiter
2566 5176 2778 5239 Elivius,
2810 5179 2948 5245 quod
2969 5178 3181 5232 fulmina
3207 5182 3438 5235 vibraret
3460 5192 3513 5234 et
3551 5183 3710 5231 Clien-

2151 5256 2253 5308 ret,
2290 5246 2381 5299 sed
2411 5245 2549 5313 quod
2586 5260 2617 5297 e
2652 5247 2789 5315 creto
2822 5248 2932 5299 «elici
2970 5262 3027 5300 se
3065 5260 3348 5315 pateretur.
3394 5255 3522 5303 Cum
3562 5264 3708 5302 enim

2153 5316 2367 5385 Jupiter
2404 5314 2459 5385 in
2507 5316 2727 5385 gratiam
2769 5314 2947 5370 Numae
2985 5314 3337 5372 desderantis
3385 5317 3524 5371 scire
3580 5331 3712 5385 quo-

2158 5381 2313 5437 modo
2341 5382 2537 5452 fulrn_en
2566 5381 2713 5452 piari.
2744 5396 2945 5451 pOSSt-i,
2981 5401 3011 5440 e
3042 5388 3197 5441 cwlis
3241 5387 3294 5441 in
3334 5398 3502 5439 terras
3540 5381 3712 5437 trans-

2158 5450 2955 5526 meassetLEliciusdlcebatur.
2992 5455 3081 5526 Sic
3100 5454 3256 5509 etiam
3288 5455 3565 5526 Hesperius
3596 5453 3713 5526 Eli:

2154 5527 2293 5595 citos
2306 5521 2597 5595 lapillorum
2625 5519 2917 5595 dicebatur,
2939 5525 3078 5593 quod
3111 5539 3347 5595 gemmas
3381 5519 3413 5579 ὀ
3451 5532 3589 5579 terra
3622 5523 3710 5578 vel

2155 5591 2416 5661 lapidibus
2443 5590 2712 5646 educeret.
2753 5590 2911 5647 Buri.
