3930 6418
233 267 302 322 73
1507 263 1971 318 EPISTOLARUM
2012 264 2133 317 LIB.
2176 265 2213 318 f.
2277 337 2288 342 _
3355 261 3420 314 ἠ

199 428 202 430 γ
233 382 465 445 diverso,
518 380 628 447 pari
671 389 840 431 tamen
871 378 1078 440 affectu,
1125 376 1268 441 quasi
1317 392 1420 427 uno
1447 383 1700 428 concentu
1729 375 1777 426 in
1809 380 1856 433 Α
1884 377 2253 426 commendare
2286 388 2386 425 non
2420 376 2700 440 possimus,
2729 373 2911 426 saltem
2945 379 3024 424 vel
3049 374 3245 440 paginis
3275 388 3423 428 man.

233 471 437 524 laudem
483 468 680 537 prOprii
729 465 954 518 auctoris
993 452 1310 529 erumpunt',
1388 474 1439 517 et
1471 465 1775 530 potentiam,

231 573 387 625 quam
427 571 673 625 promere
718 563 1002 620 nequeunt,
1049 553 1242 604 sentire
1281 567 1338 604 se
1383 552 1626 618 produnt.
1671 550 1780 601 lloc

232 661 460 713 namque
487 657 724 712 tempore
755 642 924 696 cuncti
951 641 1092 693 orbis
1131 642 1334 708 species
1361 640 1590 692 rediviva
1623 651 1777 704 repa-

189 775 192 780 -
233 747 397 790 ratur.
432 737 501 789 Et
523 735 770 804 quidquid
794 734 843 784 in
876 747 939 785 eo
968 732 1068 782 situ
1097 717 1414 799 squalidum,
1447 729 1639 796 frigore
1666 739 1778 778 tur~

233 831 433 889 bidum,
456 827 625 893 glacie
649 831 972 882 concretum,
997 822 1232 873 nuditate
1259 820 1514 882 deforme,
1536 818 1778 870 ariditate

231 926 608 985 praemortuum
641 913 891 964 hactenus
934 909 1046 967 fuit,
1089 909 1151 961 ad
1184 910 1348 961 instar
1375 906 1778 960 resurrection?s

230 1006 481 1071 emergit;
534 1013 592 1056 ut
639 1003 806 1054 discat
848 1001 1074 1052 humana
1118 998 1371 1063 fragilitas
1400 998 1464 1050 de
1492 995 1777 1048 visibilibus

231 1083 534 1153 invisibilia,
577 1095 630 1142 et
657 1089 720 1140 de
753 1086 1096 1154 prmseiitibus
1140 1087 1309 1137 futura
1358 1097 1694 1150 cognoscere,
1727 1090 1778 1133 et

229 1197 384 1249 spem
411 1189 641 1231 venturae
658 1177 890 1229 melioris
919 1177 1104 1235 aetatis,
1129 1174 1360 1240 deposita
1388 1169 1776 1238 desperatione,

231 1269 503 1335 percipiat.
537 1268 682 1319 Nunc
707 1267 862 1317 etiam
896 1267 1046 1316 tellus
1075 1263 1240 1316 sterili
1280 1262 1452 1327 rigore
1479 1260 1772 1321 conclusas,

230 1357 378 1420 quasi
408 1356 545 1409 virili
574 1355 774 1408 semine
804 1352 899 1404 hoc
930 1366 1090 1405 vernn
1121 1359 1355 1418 tempore
1382 1357 1652 1415 concepto,
1685 1360 1775 1399 oc-

229 1445 384 1500 cultis
406 1446 644 1496 tnaritata
673 1442 950 1504 meatibus,
981 1453 1138 1492 veuas
1177 1440 1316 1490 laxat
1356 1440 1418 1488 ad
1453 1445 1679 1504 partum.
1714 1434 1779 1487 Et

230 1535 351 1588 hinc
371 1533 511 1603 quod
543 1532 742 1586 deliciis
769 1545 949 1590 suave,
977 1529 1114 1595 quod
1140 1528 1253 1580 esui
1292 1526 1465 1585 dulce,
1498 1525 1634 1590 quod
1663 1524 1775 1575 usui

228 1627 378 1688 utile,
401 1623 540 1692 quod
569 1623 723 1675 victui
754 1619 1128 1683 necessarium,
1154 1615 1290 1682 quod
1316 1613 1448 1665 visui
1467 1611 1774 1679 jucundum,

1886 465 2013 516 dare
2039 477 2298 516 curemus.

2472 570 2678 624 EPIST.
2724 570 2829 622 νη.

1884 657 2098 709 Domino
2137 674 2228 709 suo
2272 658 2584 726 peculiariter
2626 659 2678 708 in
2721 658 2917 709 Christo
2957 667 3170 725 patrono
3210 659 3422 714 Baswlo

2397 729 2627 792 episcopo
2659 726 2910 778 Ruricius.

1915 815 2114 893 'Quam
2147 830 2229 867 me
2259 816 2475 883 diligere
2516 824 2692 866 i-ancta
2741 816 2920 878 pietas,
2962 822 3015 867 et
3053 815 3133 881 pia
3174 817 3421 868 sanctitas

1882 917 2049 973 vi-sira
2096 907 2338 976 dignetur
2382 910 2690 962 multimodo
2737 909 2970 976 probatis
3012 907 3240 969 affectu,
3290 907 3416 958 dum

1881 995 2094 1062 legenda
2122 999 2492 1061 transmittitis,
2543 1012 2592 1051 et
2622 999 2854 1065 neglecta
2880 997 3153 1063 corrigitis,
3183 996 3421 1047 dilectio—

1881 1099 1997 1136 nein
2022 1084 2284 1151 diligendo
2307 1087 2630 1153 provocatis;
2664 1097 2715 1140 et
2744 1086 2882 1154 quod
2914 1087 3201 1154 prmdicatis
3221 1086 3414 1146 verbis,

1878 1171 2079 1225 docetis
2123 1177 2398 1240 exemp‘is.
2442 1176 2542 1228 Sed
2585 1178 2828 1243 quoniam
2871 1190 3050 1228 semen
3097 1185 3325 1228 vestrum
3367 1176 3417 1226 iu

1880 1268 2016 1312 terra
2047 1267 2170 1314 steri
2187 1263 2218 1314 li
2237 1274 2290 1316 et
2306 1264 2519 1316 dumosa
2548 1279 2649 1316 non
2680 1266 2904 1329 proﬁcit,
2924 1273 3104 1332 utpote
3121 1279 3239 1330 qua:
3260 1265 3420 1316 senti-

1881 1348 1975 1400 bus
1997 1355 2513 1432 supercrescentibus
2548 1338 2933 1417 suﬁ‘ocatur,ne
2967 1354 3103 1406 sicut
3137 1353 3420 1404 infructuo-

1878 1451 1988 1489 sam
2012 1439 2152 1490 illam
2177 1442 2445 1494 ficulneam
2473 1459 2553 1494 me
2571 1443 2752 1510 jubeat,
2775 1444 3020 1495 Dominus
3041 1444 3230 1508 vinem,
3265 1457 3421 1509 quam

1881 1534 2024 1578 tanto
2055 1537 2290 1595 tempore
2316 1532 2661 1598 nequidquam
2706 1539 2993 1597 exspectat,
3017 1511 3286 1592 abscindi;
3329 1545 3424 1582 vos

1880 1616 2200 1668 severiorem
2228 1621 2541 1669 sententiam
2574 1620 2772 1670 orando
2796 1619 3024 1683 differte,
3048 1619 3215 1671 donec
3227 1618 3422 1670 doctri-

228 1716 367 1781 quod
393 1714 610 1768 olfactui
641 1719 864 1777 gratum,
915 1707 1050 1774 quod
1100 1705 1258 1758 tactui
1309 1704 1576 1769 blandum,
1623 1715 1777 1754 omne

1885 1719 1964 1757 nte
2015 1714 2200 1758 vestra:
2230 1704 2255 1743 δ
2301 1707 2613 1775 pinguedine
2661 1719 2902 1776 tanquam
2944 1719 3097 1761 terra:
3129 1708 3421 1761 amaritudo

234 1804 495 1872 producit.
551 1800 819 1868 Siquidem
872 1789 984 1849 haec
1030 1804 1112 1849 est
1165 1795 1249 1849 illa
1304 1792 1617 1860 temperies,
1665 1805 1780 1856 quze

233 1894 412 1947 mundi
447 1893 711 1945 nascentis
742 1881 1035 1950 materiam,
1085 1885 1230 1954 quasi
1274 1884 1445 1937 adhuc
1487 1884 1537 1934 in
1568 1882 1782 1934 incuna—

197 1989 204 1996 ’
231 1983 368 2035 bulis
400 1991 635 2034 teneram
683 1979 735 2030 in
763 1976 965 2043 gremio
983 2003 992 2009 -
1011 1974 1234 2041 quodam
1262 1971 1682 2025 clementissima:
1707 1970 1782 2018 al-

232 2071 375 2122 tricis
399 2069 676 2134 complexu
706 2057 956 2123 nutrivit;
987 2077 1051 2114 ne
1073 2061 1418 2112 substantiam
1443 2059 1582 2110 nullo
1605 2047 1780 2108 labore

230 2161 468 2211 duratam
514 2163 606 2208 aut
650 2154 863 2206 azstivus
909 2151 1084 2204 fervor
1110 2155 1374 2212 exureret,
1418 2155 1508 2199 aut
1543 2145 1780 2200 hiemalis

231 2249 378 2316 alg‘or
407 2248 783 2313 exstingueret,
832 2251 920 2295 aut
967 2249 1240 2293 ventorum
1287 2239 1447 2316 flabra
1486 2222 1775 2304 portarent.

232 2339 398 2390 liabet
424 2337 599 2404 itaque
622 2343 896 2400 susceptus
924 2340 1044 2383 tuus
1071 2308 1623 2394 convenientissimum
1650 2337 1781 2381 tem-

230 2441 346 2493 pus,
378 2440 485 2493 quo
530 2424 690 2477 animi
721 2421 963 2475 socordia
1006 2419 1215 2474 tandem
1255 2417 1533 2486 aliquando
1564 2425 1589 2452 ι
1618 2417 1779 2484 depo-

229 2519 348 2581 sita,
377 2516 749 2568 hebetudinem
775 2513 950 2567 cordis
977 2519 1215 2564 exacuat.
1240 2509 1361 2562 Etsi
1385 2510 1520 2561 inter
1543 2508 1780 2560 homines

227 2607 526 2658 declamare
552 2619 656 2657 non
683 2610 876 2670 potest,
905 2602 1087 2655 saltem
1117 2602 1252 2652 inter
1272 2599 1498 2666 pecudes
1524 2599 1773 2659 clamare,

227 2704 316 2744 aut
344 2693 482 2745 inter
504 2691 746 2745 volucres
765 2691 964 2758 garrire
991 2688 1222 2741 festinet.

838 2818 1047 2870 EPIST.
1093 2817 1177 2870 Vl.

229 2910 446 2964 Domino
473 2917 644 2964 sancto
671 2917 720 2960 et
742 2908 962 2977 piissimo
983 2905 1137 2977 Patri
1169 2904 1453 2970 Nepotiano
1492 2903 1776 2971 presbytero

863 2975 1115 3028 Ruricius.

293 3085 517 3140 Codices
557 3098 689 3152 quos
735 3083 983 3135 sanctitas
1024 3089 1198 3133 vestra
1239 3078 1524 3131 transmisit
1575 3078 1772 3142 accepi,

226 3174 525 3242 eloquentia
556 3173 751 3234 claros,
800 3170 1018 3223 scientia
1067 3169 1345 3235 perfectos,
1385 3165 1621 3219 doctrina
1651 3179 1778 3233 pro-

228 3265 346 3325 bos,
379 3262 500 3314 fidei
523 3262 747 3326 puritate
777 3260 1108 3325 perspicuos;
1140 3257 1226 3324 qui
1251 3269 1517 3308 sacrorum
1546 3258 1781 3307 testimo-

229 3356 434 3406 niorum
468 3351 709 3404 ubertate
740 3350 1042 3414 locupletes,
1092 3346 1400 3398 auctoritate
1448 3353 1776 3411 praestantes,

227 3441 343 3493 luce
369 3441 652 3506 fulgentes,
702 3438 853 3491 facile
896 3445 948 3490 et
975 3435 1201 3487 fidelium
1235 3441 1435 3486 mentes
1459 3433 1774 3496 illuminent,

227 3542 276 3582 et
309 3528 600 3581 infidelium
623 3540 830 3581 errores
849 3527 1091 3593 detegant
1116 3534 1269 3590 atque
1289 3524 1620 3576 convincam.
1641 3525 1780 3586 Quo-

231 3634 341 3671 rum
369 3631 469 3684 ego
495 3625 648 3683 gustu
675 3614 956 3666 admodum
991 3612 1132 3665 tenui
1162 3611 1410 3678 pellectus
1439 3611 1607 3676 potius
1625 3624 1778 3676 quam

232 3707 477 3765 refectus,
529 3704 594 3756 ad
623 3703 911 3754 satietatem
940 3710 1152 3768 propter
1199 3699 1577 3752 sollicitudines
1604 3699 1780 3750 stcculi

231 3797 510 3861 pervenire
541 3809 641 3845 non
689 3793 853 3860 potui.
887 3791 1034 3842 Sicut
1061 3791 1198 3842 enim
1226 3790 1530 3840 stomachus
1557 3804 1674 3840 cum
1705 3788 1782 3840 fe-

231 3888 401 3937 brium
433 3887 626 3935 ardore
650 3882 979 3947 decoquitur,
1014 3879 1194 3930 dulces
1241 3878 1338 3929 sibi
1364 3887 1484 3928 ante
1508 3876 1654 3928 cibos
1685 3890 1779 3928 nec

229 3975 435 4024 oblatos
462 3985 558 4022 ore
584 3969 786 4034 recipit,
834 3983 927 4018 nec
959 3966 1181 4030 requirit
1209 3966 1438 4026 ablatos;
1485 3964 1554 4013 ita
1581 3969 1635 4012 et
1660 3959 1777 4009 ani-

230 4075 344 4111 mus
368 4057 650 4108 mundanis
669 4055 1018 4105 anxietatibus
1045 4053 1286 4116 curisque
1306 4050 1594 4111 confertus,
1624 4045 1777 4112 spiri-

230 4149 358 4200 tales
389 4147 555 4208 dapes
583 4158 679 4194 nec
708 4142 968 4194 desiderat
995 4127 1259 4200 absentes,
1292 4152 1386 4190 uec
1414 4137 1577 4202 carpit
1611 4149 1776 4202 appo-

229 4239 376 4293 sitas,
427 4246 526 4288 nec
570 4230 729 4282 sentit
777 4230 997 4280 infusas.
1042 4229 1168 4292 Quae
1207 4241 1324 4278 cum
1378 4226 1446 4278 ita
1497 4239 1554 4278 se
1597 4225 1649 4276 in
1694 4239 1777 4277 me

231 4325 483 4385 habeant,
505 4334 595 4372 vos
615 4329 786 4372 tamen
810 4328 863 4371 et
889 4318 957 4384 pii
981 4317 1207 4384 parentis
1225 4316 1483 4384 probastis
1512 4316 1772 4377 affectum,

231 4424 282 4467 et
312 4412 526 4464 solliciti
578 4407 808 4475 magistri
855 4406 1235 4478 ministerium,
1285 4415 1334 4458 et
1379 4405 1545 4457 seduli
1588 4405 1773 4478 medici

231 4501 488 4570 implestis
530 4474 781 4555 officium,
827 4504 882 4546 ut
923 4496 1010 4546 tali
1059 4474 1214 4546 ιτὲάὶο
1256 4494 1510 4545 laboranti
1543 4474 1770 4546 medica-

232 4603 405 4646 menta
433 4604 664 4654 congrua
698 4586 994 4639 mitteretis.
1046 4585 1244 4646 Quibus
1293 4592 1346 4636 et
1377 4594 1585 4651 propter
1617 4585 1778 4651 negli—

231 4660 462 4747 gentiam
497 4690 665 4728 meam
706 4688 800 4740 ego
847 4688 948 4724 non
995 4672 1145 4724 valeo
1174 4673 1418 4738 consequi
1450 4673 1774 4737 sospitatem.

234 4771 337 4822 Vos
366 4780 540 4820 tamen
561 4762 860 4830 percipietis
887 4778 910 4812 a
940 4761 1079 4827 justo
1101 4770 1438 4826 repensatore
1457 4761 1772 4822 mercedem,

233 4859 317 4923 qui
349 4857 507 4907 etiam
540 4866 633 4918 pro
660 4852 873 4916 ingratis
897 4859 1072 4915 grates
1111 4850 1390 4902 benevolas
1430 4851 1621 4901 referre
1649 4863 1774 4900 con-

234 4946 420 4996 suevit.
452 4943 648 4990 ll0rum
677 4952 773 5003 ego
803 4937 1140 5002 praefatorum
1172 4938 1406 4989 codicum
1438 4953 1616 4998 unum,
1648 4941 1781 4989 sicut

231 5029 482 5098 iussistis,
533 5023 744 5085 retinui,
793 5024 950 5075 alium
979 5018 1175 5089 remisi,
1209 5041 1362 5093 quem
1400 5026 1455 5079 S.
1488 5025 1663 5076 Hilarii
1699 5027 1782 5078 Pi-

235 5135 397 5174 etava:
447 5113 595 5165 urbis
641 5111 888 5163 antistitis
945 5127 1063 5164 esse
1125 5116 1394 5166 noveritis.
1458 5115 1602 5178 Quod
1661 5117 1779 5181 quia

237 5203 626 5277 pneceperatis,
678 5199 910 5250 indicare
955 5203 1152 5250 curavi.
1188 5201 1334 5254 Hunc
1363 5217 1486 5254 vero
1517 5210 1775 5255 retentum

233 5296 558 5368 permittitis
584 5286 899 5353 transferre;
946 5290 1199 5357 disposui,
1245 5304 1298 5344 ut
1336 5292 1472 5360 quod
1509 5295 1772 5346 memoria:

301 5447 324 5472 ι
359 5433 454 5486 Ms.
489 5429 541 5480 in
575 5423 807 5487 margine
830 5424 1083 5471 detestata.
1144 5491 1146 5493 g

238 5503 244 5506 '
295 5509 317 5543 ti
354 5504 476 5557 λίβη
503 5494 761 5560 pinguitie.
785 5525 817 5551 ν,

473 5589 740 5646 Ριτιιίηη
809 5579 1019 5636 LVIII.

1882 1791 2202 1845 infructuosa
2248 1794 2530 1848 dulcescat.
2581 1795 2681 1850 Sed
2713 1795 2957 1863 quoniam
2999 1795 3115 1862 plus
3138 1804 3260 1847 sunt
3284 1797 3420 1862 apud

1882 1895 1966 1934 me
1985 1881 2173 1934 delicta
2202 1897 2355 1951 quam
2405 1885 2592 1948 verba,
2638 1899 2737 1944 nec
2781 1867 2990 1953 possum
3037 1885 3173 1938 facta
3211 1886 3422 1953 expiare

1879 1970 2238 2034 sermonibus,
2288 1971 2592 2038 obsequium
2633 1975 2818 2026 saltem
2846 1974 3128 2040 epistulare
3159 1973 3419 2039 dependo,

1878 2063 1932 2105 et
1959 2056 2167 2118 librum,
2218 2072 2368 2124 quem
2417 2061 2796 2122 przestiteratis,
2825 2076 2928 2118 me
2954 2062 3219 2114 remisisse
3255 2062 3420 2126 signi-
3445 2099 3465 2106 τ

1880 2141 1995 2194 fico.
2028 2142 2220 2204 Alium,
2268 2145 2355 2211 qui
2404 2147 2689 2200 identidem
2727 2149 2916 2201 vestris
2944 2149 3123 2202 usibus
3173 2164 3423 2202 nuncne-

1878 2230 2136 2282 cessarius
2166 2247 2270 2283 non
2299 2243 2396 2298 est,
2443 2249 2598 2301 spero
2647 2251 2739 2302 per
2781 2237 3082 2302 portitorem
3114 2236 3302 2289 barum'
3327 2252 3417 2289 re-

1881 2318 2033 2370 mitti.
2056 2317 2288 2373 Jubeatis
2310 2323 2461 2374 simul
2486 2324 2622 2390 quod
2648 2326 2690 2376 si
2716 2326 2936 2390 pr0pitio
2957 2326 3064 2378 Deo
3078 2325 3143 2380 ad
3167 2316 3421 2377 solemni-

1879 2415 2037 2459 tatem
2063 2421 2360 2464 Sanctorum
2385 2414 2616 2480 gurdone
2641 2413 2828 2466 abituri
2868 2415 3006 2477 sitis,
3035 2415 3420 2467 recurrentibus

1879 2498 2012 2551 scire
2042 2501 2258 2552 faciatis.

2466 2636 2677 2690 EPIST.
2721 2637 2850 2690 Vl".

1883 2718 2097 2770 Domino
2119 2735 2208 2771 suo
2244 2723 2484 2794 peculiari
2515 2726 2563 2774 in
2588 2725 2783 2778 Christo
2810 2727 3022 2778 Domino
3055 2737 3265 2794 patrono
3290 2737 3311 2764 ε
3336 2727 3420 2781 Si—
3460 2705 3466 2712 l

2310 2791 2461 2842 donio
2484 2795 2713 2860 ερίσεομο
2741 2794 2997 2846 Ruricius.

1951 2898 2361 2954 Prcedicantihus
2394 2903 2562 2965 vobis,
2605 2905 2795 2970 smpius
2841 2905 3051 2958 audisse
3092 2921 3175 2958 me
3220 2908 3418 2972 recolo,

1831 3039 1849 3059 η
1882 2988 2176 3040 nullatenus
2206 2991 2274 3040 ab
2315 2992 2674 3058 iniquitatibus
2716 3008 2811 3046 nos
2857 3009 3010 3060 posse
3047 2997 3276 3061 purgari,
3321 2997 3421 3049 nisi

1882 3075 2130 3126 fuerimus
2160 3079 2374 3129 crimina
2409 3090 2606 3146 nostra,
2654 3085 2971 3136 conscientia
3013 3095 3418 3154 compungente,

1880 3161 2123 3216 Confessi.
2177 3164 2302 3229 Quis
2332 3168 2489 3227 enim,
2543 3183 2645 3220 non
2691 3171 2860 3222 dicam
2903 3175 3172 3240 Consequi,
3216 3176 3309 3227 sed
3339 3176 3420 3228 vel

1880 3266 2118 3316 quaerere
2147 3263 2304 3320 queat
2341 3256 2736 3323 indulgentiam,
2785 3261 2884 3311 nisi
2913 3262 3260 3328 deploratioui
3289 3278 3420 3315 can-

1882 3341 2164 3394 fessionem
2185 3344 2379 3397 erroris
2399 3344 2684 3413 adiungat?
2705 3347 2832 3412 Quia
2855 3363 3003 3400 error
3023 3350 3417 3416 indulgentiam,

1882 3445 1982 3483 non
2031 3431 2352 3500 indulgentia
2396 3433 2612 3501 requirit
2649 3450 2904 3489 errorem.
2951 3437 3099 3501 Quod
3145 3454 3242 3506 ego
3271 3440 3422 3492 valde

1880 3535 2056 3572 serum
2089 3535 2205 3574 esse
2234 3507 2577 3590 cognoscens,
2611 3525 2812 3577 facinus
2842 3540 3014 3578 meum
3044 3542 3208 3594 nuper
3231 3527 3423 3579 admis-

1880 3625 2018 3674 sum,
2065 3612 2243 3678 pietati
2291 3626 2482 3666 vesme
2530 3614 2760 3667 iudicare
2803 3630 2906 3668 non
2948 3616 3145 3669 distuli.
3175 3616 3248 3668 Ne
3286 3619 3422 3682 quod

1881 3700 2036 3752 modo
2061 3701 2314 3768 prodente
2339 3717 2420 3754 me
2441 3711 2642 3768 spectat
2673 3705 2734 3757 ad
2777 3705 3003 3772 veniam,
3047 3715 3255 3759 tacente
3285 3718 3424 3774 post-

1883 3790 2092 3841 modum
2122 3792 2408 3855 pertineret
2432 3791 2495 3844 ad
2525 3793 2754 3860 Culpam.
2799 3794 2900 3847 Sed
2917 3796 3024 3862 jam
3057 3797 3224 3862 ipsum
3246 3776 3421 3849 delum

1881 3880 2196 3943 proferimus
2225 3879 2274 3931 in
2309 3880 2558 3932 medium.
2594 3882 2738 3932 Furti
2765 3897 2850 3933 me
2878 3884 3028 3933 vobis
3056 3900 3200 3936 reum
3227 3894 3422 3946 statuo,

1882 3973 1934 4014 et
1960 3965 2256 4030 depositum
2287 3976 2514 4018 vestrum
2539 3983 2643 4028 me,
2665 3970 3025 4034 ignorantibus
3050 3973 3216 4035 vobis,
3243 3973 3423 4025 illicito

1879 4055 2277 4119 prazsumpsisse
2319 4057 2619 4120 pronuntio.
2665 4058 2810 4122 Quod
2840 4069 2896 4110 ut
2922 4067 3092 4112 tamen
3121 4063 3420 4116 committe-

1883 4159 2014 4204 rem,
2038 4146 2372 4199 occasionem
2406 4146 2742 4213 perpetraudi
2783 4147 3028 4201 facinoris
3058 4164 3149 4202 vos
3177 4150 3420 4210 dedistis,

1881 4245 1968 4288 aut
1999 4244 2256 4288 tentantes
2284 4237 2550 4303 cupidum,
2574 4248 2664 4290 aut
2689 4240 2952 4293 indoctum
2980 4241 3190 4295 erudire
3211 4243 3422 4310 cupien-

1883 4335 1979 4378 tes.
2012 4326 2254 4379 Codicem
2302 4343 2545 4396 namque,
2595 4343 2748 4396 quem
2777 4332 2843 4384 de
2871 4331 3030 4386 fratre
3061 4347 3180 4386 meo
3206 4333 3424 4386 Leontio

1885 4431 1967 4467 me
1990 4417 2224 4484 recipere
2247 4417 2540 4482 jusseratis,
2590 4421 2918 4474 transtulisse
2945 4438 3028 4475 me
3059 4423 3245 4476 fateor.
3275 4424 3421 4489 Quod

1885 4505 1927 4556 si
1951 4506 2207 4571 probatis,
2239 4502 2263 4540 ἀ
2297 4505 2584 4572 ignoscite;
2607 4509 2649 4560 si
2681 4509 2963 4575 imputatis,
2991 4513 3272 4576 agnoscite.
3296 4515 3421 4577 Quia

1885 4592 2195 4643 confessioni
2243 4596 2451 4660 querela
2497 4595 2742 4648 sociatur.
2792 4596 2919 4649 Nam
2952 4599 3174 4662 primum
3206 4609 3260 4651 ut
3302 4617 3420 4654 eum

1888 4679 1899 4728 Ι
1925 4694 2111 4744 gerem
2138 4679 2375 4732 voluntas
2400 4680 2623 4746 impulit.
2669 4683 2863 4735 Deinde
2892 4685 2977 4736 ille
3008 4696 3063 4736 ut
3108 4687 3416 4739 transferre-

1887 4776 1968 4818 tur
2014 4769 2253 4820 extorsit.
2302 4769 2429 4821 Nam
2481 4786 2597 4825 cum
2647 4773 2712 4824 de
2765 4772 2988 4840 dapibus
3044 4778 3206 4840 ipsius
3253 4779 3414 4832 adhuc

1886 4870 2044 4916 pauca
2070 4855 2334 4919 libassem,
2381 4860 2554 4911 taliter
2591 4876 2682 4913 me
2716 4871 2868 4928 gustu
2902 4863 3191 4916 illecebrosi
3221 4871 3419 4932 sapori~

1881 4945 2064 5007 illexit,
2091 4953 2144 4994 ut
2176 4945 2326 5009 primi
2352 4947 2737 5013 quodammodo
2781 4953 3290 5018 parentisitnitator,
3323 4955 3420 5006 Do-

1881 5035 2021 5082 mino
2068 5043 2282 5096 repente
2309 5043 2634 5102 contempto,
2684 5038 2745 5086 ad
2787 5040 3079 5090 satietatem
3128 5040 3417 5092 studueriui

1884 5120 2181 5184 pervenire;
2235 5122 2502 5188 magisque
2531 5125 2806 5175 consilium
2841 5128 3107 5179 suadentis
3139 5144 3292 5193 quam
3327 5130 3418 5178 im-

1883 5210 2080 5274 perium
2104 5207 2422 5261 dominantis
2452 5213 2724 5265 audierim.
2758 5215 2886 5265 Nam
2911 5225 2964 5266 ut
2995 5218 3164 5267 omnia
3197 5217 3422 5282 pectoris

1883 5297 1980 5348 mei
2027 5308 2212 5347 arcana
2261 5300 2619 5362 manifestem,
2668 5301 2882 5354 videbar
2929 5304 3053 5354 mihi
3097 5303 3213 5353 libri
3261 5304 3422 5369 ipsius

1953 5423 2474 5494 tfliuitArvernorum
2494 5431 2675 5494 cp’sc.,
2694 5430 2839 5494 isque
2859 5431 3249 5486 celeberrimus.
3268 5434 3418 5488 ΒΑειι.

1949 5492 1972 5526 ά
2002 5490 2154 5545 Forte
2181 5499 2466 5562 agnoscite;
2495 5490 2539 5551 si
2560 5490 2815 5563 imparatis
2843 5500 3102 5565 ignoscite.

3048 5587 3082 5640 3
