3908 6398
401 288 468 341 75
1715 279 1962 336 RURlCll
2002 281 2296 338 EPISCOPI
3515 293 3580 346 7d

400 398 558 450 verba
587 390 916 449 adhortantis
936 392 1116 445 audire
1141 409 1151 442 :
1175 390 1307 455 Quid
1347 404 1546 456 cessas,
1575 392 1795 460 ingrate,
1822 393 1943 460 quid
1975 403 2022 454 Α
2050 395 2278 464 ambigo.
2318 397 2448 451 Cum
2495 407 2548 452 et
2594 414 2686 452 vos
2726 400 2998 456 abundetis
3047 401 3362 468 tabellariis,
3401 414 3456 459 et
3496 422 3580 462 me

397 483 638 536 dubitas?
663 482 807 535 Nosti
836 495 954 549 erga
978 489 1028 534 te
1046 479 1342 533 communis
1364 480 1569 533 Domini
1598 481 1936 544 voluntatem,

397 588 553 640 quam
597 572 817 624 diversis
860 569 1227 625 occasionibus
1278 578 1325 622 te
1371 571 1589 640 elimare
1634 570 1938 632 contendat,

397 678 548 732 quam
577 663 666 716 tibi
697 663 854 716 etiam
884 661 1048 713 invito
1074 659 1338 726 spiritales
1377 658 1523 712 cibos
1564 661 1733 712 soleat
1774 660 1941 712 bonus

399 763 574 821 pastor
600 753 857 820 ingerere.
904 749 1027 803 Mihi
1058 748 1236 812 crede,
1285 749 1399 815 plus
1430 747 1546 812 tibi,
1586 751 1630 799 si
1655 747 1938 809 distuleris,

393 859 548 913 quam
588 841 922 896 transtuleris
957 839 1252 906 imputabit.
1309 836 1441 903 Quia
1472 837 1720 890 studiosis
1746 837 1938 902 lavere,

394 950 499 989 non
526 932 761 986 invidere
786 930 1077 984 consuevit.
1127 927 1216 981 His
1247 938 1301 982 et
1341 929 1532 981 talibus
1560 927 1777 981 silentio
1809 927 1939 980 allo-

393 1025 530 1094 quiis
552 1025 602 1076 in
620 1020 825 1075 vincula
843 1021 958 1087 ejus
986 1035 1068 1072 me
1092 1019 1417 1072 voluntarius
1443 1020 1637 1086 pariter
1649 1028 1703 1070 et
1726 1027 1942 1070 coactus

393 1120 580 1179 sponte
597 1108 823 1176 conjeci,
843 1108 906 1162 ad
925 1106 1328 1174 exemplandum
1347 1121 1468 1159 eum
1490 1106 1706 1159 festinus
1721 1107 1940 1169 accessi,

393 1202 558 1268 Quem
588 1202 766 1254 nescio
792 1209 992 1260 utrum,
1035 1195 1170 1249 sicut
1201 1204 1301 1258 est,
1353 1196 1726 1261 transcriptum
1754 1208 1818 1247 an
1851 1209 1939 1260 pa-

394 1305 562 1348 ratum
607 1293 828 1347 reddere
872 1289 1092 1342 debeam
1146 1288 1197 1340 in
1235 1296 1412 1339 vestro
1461 1286 1654 1353 pendet
1697 1285 1933 1338 arbitrio.

385 1363 506 1451 ‘Ego
547 1391 722 1433 tamen
752 1379 922 1432 libens
971 1375 1189 1428 multam
1242 1387 1398 1442 quam
1442 1371 1744 1435 intuleritis,
1792 1374 1906 1425 exei

395 1469 562 1535 piam;
607 1469 728 1534 quia
787 1464 1076 1518 remedium
1124 1477 1297 1515 meum
1341 1471 1572 1514 vestrum
1617 1461 1775 1513 credo
1817 1473 1937 1513 esse

394 1558 691 1619 decretum,
742 1563 796 1608 et
846 1556 1158 1606 sententiain
1209 1560 1434 1605 vestram
1480 1548 1738 1620 medelam
1802 1550 1938 1601 duco

394 1659 532 1708 esse,
558 1659 660 1696 non
693 1655 919 1709 poenam.

1003 1769 1210 1822 EPIST.
1255 1769 1343 1820 IX.

395 1861 610 1915 Domino
636 1859 881 1930 peculiari
921 1859 974 1909 in
1012 1855 1214 1976 Cllitriato
1247 1856 1458 1907 Domino
1485 1865 1694 1923 patrono
1731 1855 1943 1909 Sidonio

1087 1939 1295 1976 unctus.

1087 1939 1295 1976 urtcws.

464 2017 537 2072 Ita
566 2030 652 2069 me
676 2027 864 2068 recens
909 2012 1213 2080 praedicatio
1231 2052 1244 2074 ,
1286 2020 1338 2065 et
1374 2012 1587 2080 antiqua
1615 2011 1827 2065 dilectio
1856 2027 1942 2066 ve-

394 2114 518 2160 strm
548 2104 754 2172 pietatis
795 2101 1002 2165 illexit,
1033 2110 1090 2153 ut
1114 2099 1336 2153 audeam
1364 2100 1578 2154 auribus
1606 2100 1794 2153 vestris
1826 2101 1940 2154 ine-

394 2194 519 2261 ptiis
557 2193 688 2244 meis
733 2189 909 2242 facere
960 2188 1152 2254 saepius
1194 2187 1473 2253 injuriam;
1518 2187 1643 2241 dum
1691 2198 1939 2251 vestram,

395 2291 645 2352 quantum
668 2278 832 2332 sterili
860 2278 1124 2345 ingeniolo
1152 2277 1482 2340 conceditur,
1511 2279 1770 2346 attingere
1788 2279 1943 2344 cupio

396 2369 744 2437 disciplinam.
789 2367 954 2429 Quam
995 2364 1093 2419 etsi
1145 2367 1354 2432 assequi
1401 2366 1598 2434 grande
1633 2376 1740 2430 est,
1785 2377 1944 2433 atque

395 2460 639 2528 difficile,
667 2461 815 2530 sequi
847 2471 1018 2514 tamen
1061 2460 1334 2528 pulchrum
1380 2469 1461 2513 est
1501 2473 1656 2528 atque
1695 2461 1939 2515 sublime.

396 2552 650 2631 QuOniam
695 2567 1018 2605 summarum
1070 2568 1243 2604 rerum
1295 2567 1398 2604 non
1445 2551 1654 2619 adeptio
1701 2561 1938 2618 tantum,

395 2641 490 2693 sed
519 2639 674 2692 etiam
709 2640 926 2692 imitatio
957 2641 1064 2706 ipsa
1088 2639 1316 2704 jucunda
1355 2648 1454 2694 est.
1496 2640 1624 2704 Quia
1676 2655 1941 2707 nunquam

396 2730 506 2782 fere
550 2728 738 2795 aliquis
771 2727 884 2795 ejus
910 2729 985 2782 rei
1017 2732 1258 2796 portione
1291 2727 1357 2780 ad
1388 2731 1647 2795 integrum
1673 2737 1844 2790 caret,
1876 2729 1940 2790 ad

396 2832 552 2886 quam
594 2816 851 2870 scandere
894 2832 955 2870 ac
1005 2816 1279 2884 pervenire
1320 2816 1662 2869 contenderit.
1698 2814 1944 2875 Desidere

397 2911 604 2978 itaque,
641 2907 855 2983 domine
897 2908 1000 2972 mi,
1047 2906 1325 2969 desidero,
1372 2907 1616 2972 inquam,
1663 2905 1765 2958 tuis
1815 2905 1944 2958 cibis

397 2997 573 3058 refici,
620 3003 710 3048 tuo
753 2996 892 3049 fonte
932 3000 1130 3062 potari,
1173 2995 1275 3048 tuis
1322 2993 1511 3062 repleri
1551 2992 1800 3059 dapibus,
1844 2992 1943 3043 tuis

397 3087 568 3154 epulis
599 3085 825 3152 saginari
861 3102 872 3134 :
907 3099 1106 3151 quas'st
1129 3084 1246 3151 quis
1266 3125 1279 3148 ,
1312 3081 1739 3136 distribuentibus
1765 3079 1940 3143 vobis,

400 3191 503 3230 non
534 3191 740 3230 summo
765 3191 857 3229 ore
888 3171 1159 3234 libaverit,
1188 3171 1298 3226 .sed
1341 3174 1460 3226 totis
1499 3173 1685 3226 animae
1729 3172 1941 3223 visceri-

400 3269 498 3319 bus
523 3273 776 3333 appetens
805 3264 1024 3318 conviva‘
1054 3261 1315 3316 sorbuerit
1336 3302 1350 3326 ,
1382 3272 1542 3329 atque
1569 3264 1750 3314 intimo
1771 3269 1946 3328 pecto-

399 3353 472 3405 ris
522 3352 854 3420 postmodum
903 3351 1115 3405 easdem
1171 3351 1528 3402 luminalurus
1574 3348 1942 3409 absconderit;

401 3442 615 3509 incipiet
666 3442 890 3494 assiduis
941 3442 1322 3494 ructationibus
1372 3441 1423 3492 in
1476 3439 1684 3491 laudem
1739 3439 1944 3491 Domini

401 3530 775 3597 omnipotentis
796 3544 1103 3596 erumpere;
1137 3528 1359 3580 refertus
1387 3529 1571 3592 corde,
1603 3542 1693 3581 ore
1717 3529 1945 3594 jejunus.

401 3618 525 3670 dum
573 3626 717 3669 satur
750 3618 944 3675 esurit,
975 3625 1026 3668 et
1054 3625 1319 3668 saturatur
1362 3616 1632 3679 esuriens;
1681 3617 1844 3681 magis
1897 3616 1946 3666 in

402 3709 797 3776 regeneratione
828 3708 1160 3762 siturandus.
1191 3708 1299 3760 Nec
1327 3708 1514 3760 deesse
1543 3707 1734 3774 poterit
1763 3707 1910 3760 Cibus
1930 3746 1945 3769 ,

401 3796 549 3863 cujus
580 3808 756 3863 pasuis
785 3795 836 3848 in
867 3796 1026 3846 verbo
1056 3802 1156 3848 est.
1201 3794 1270 3848 Ut
1305 3809 1401 3862 ego
1431 3794 1614 3847 harum
1643 3793 1947 3848 deliciarum

402 3887 661 3952 particeps
701 3897 820 3938 esse
858 3898 1065 3936 merear
1095 3883 1285 3936 vestris
1327 3883 1632 3950 patrociniis
1677 3883 1945 3947 obtinete,

401 3971 634 4040 mihique
659 3986 818 4038 supra
849 3985 1147 4024 mensuram
1184 3971 1374 4026 virium
1404 3971 1694 4025 connitenti
1733 3972 1948 4024 auxilia-

402 4072 542 4115 tores
582 4062 849 4137 accedite,
882 4060 1141 4128 simulque
1187 4069 1241 4112 et
1283 4061 1349 4113 ab
1390 4060 1515 4113 ovili
1555 4059 1705 4113 vobis
1748 4058 1947 4113 credito

403 4165 505 4204 non
554 4152 787 4202 inveniar
829 4149 1051 4201 alienus.
1083 4151 1269 4210 Orate,
1321 4157 1690 4216 errantemque
1722 4163 1870 4200 ovem
1917 4163 1945 4199 a

403 4238 609 4303 pascuis
642 4237 815 4288 saeculi
851 4236 916 4286 ad
948 4236 1123 4285 caulas
1157 4234 1448 4284 dominicas
1490 4242 1787 4298 reportate;
1827 4234 1944 4300 quia

403 4323 610 4378 conﬁdo
658 4323 798 4390 quod
863 4321 1328 4374 intercessionibus
1379 4319 1567 4372 vestris
1619 4319 1729 4371 fieri
1784 4322 1949 4386 possit

404 4425 587 4481 agnus,
619 4413 706 4477 qui
729 4417 900 4462 vester
929 4407 1181 4461 meruerit
1209 4420 1325 4460 esse
1354 4406 1660 4476 discipulus.
1716 4437 1719 4440 -

1021 4533 1230 4589 EPIST.
1273 4534 1335 4587 X.

615 4644 855 4714 Domino,
885 4648 1070 4714 pectori
1096 4663 1206 4708 suo,
1239 4646 1402 4713 Lupo,
1434 4656 1458 4682 ⁸
1485 4647 1742 4701 Ruricius.

471 4739 668 4806 Accepi
696 4740 898 4791 litteras
928 4738 1370 4806 magnanimitatis
1405 4747 1536 4800 tuae,
1572 4740 1759 4806 quibus
1788 4754 1950 4792 excu-

403 4845 523 4884 sare
569 4829 799 4898 dignaris
843 4829 982 4896 quod
1033 4836 1089 4880 ut
1133 4841 1218 4880 me
1279 4829 1448 4880 rarius
1496 4829 1806 4896 eloquentiae
1849 4838 1949 4881 tua:

405 4932 522 4970 rore
549 4932 823 4985 respergas
855 4916 1016 4986 bajuli
1067 4915 1221 4967 faciat
1263 4915 1470 4983 inepia;
1498 4917 1759 4985 simulque
1790 4919 1946 4970 etiam

406 5010 606 5062 indicas
646 5017 695 5060 te
723 5008 900 5061 mirari
944 5024 1059 5069 cur,
1107 5023 1224 5060 cum
1266 5009 1392 5059 mihi
1443 5023 1622 5062 eorum
1661 5011 1948 5076 frequentia

406 5108 668 5167 suppetat,
700 5100 975 5153 verborum
1005 5112 1210 5166 quoque
1241 5097 1385 5164 copia
1414 5111 1617 5165 compta
1646 5117 1746 5151 non
1788 5100 1949 5161 desit,

410 5190 555 5243 vobis
598 5188 827 5242 scribere
867 5190 1058 5256 saepius
1088 5188 1397 5240 detreCtetn.
1427 5189 1572 5252 Quod
1615 5205 1704 5240 vos
1733 5206 1822 5254 per
1851 5190 1955 5240 iro—

412 5276 585 5339 niam,
627 5285 685 5329 ut
732 5286 810 5327 est
849 5274 1043 5341 leporis
1071 5274 1229 5328 vestri
1276 5273 1546 5340 facundia,
1591 5277 1822 5344 jactasse
1854 5291 1954 5329 non

489 5478 507 5498 η
542 5469 657 5520 Fuit
679 5468 953 5534 episcopus
986 5467 1334 5519 Tricassintts.

484 5534 506 5568 δ
549 5535 651 5586 Vox
684 5551 790 5588 cori
808 5548 948 5602 upta.

2040 484 2220 536 sciatis
2248 486 2486 540 laborare
2512 496 2744 554 egestate
2772 491 3050 552 sermonis,
3085 506 3147 544 ac
3173 494 3447 548 sterilitate
3469 497 3580 549 esi-

2041 572 2101 621 lis
2125 571 2341 636 ingenii,
2378 573 2518 625 velut
2539 574 2733 628 aestivis
2763 574 3029 628 mensibus
3057 577 3256 630 arentis
3284 593 3430 632 venae
3453 595 3578 633 cur-

2038 672 2151 708 sum
2180 658 2389 722 sudare,
2415 673 2518 711 non
2539 659 2720 715 liuere.
2737 661 3022 715 Addidistis
3039 663 3222 730 etiam,
3239 666 3371 718 sicut
3388 667 3578 720 Achilli

2043 743 2356 811 Patroclum,
2389 756 2478 800 aut
2515 747 2718 802 Herculi
2743 750 3024 814 Theseum,
3064 752 3147 805 vel
3182 751 3389 807 Theseo
3431 754 3578 823 Pyri-
3608 774 3614 779 ·

2042 836 2244 900 thoum,
2302 836 2372 887 ita
2416 850 2509 889 vos
2545 837 2674 890 mibi
2719 837 2914 892 debere
2957 841 3165 894 sociari.
3199 840 3252 894 ln
3280 841 3361 894 bis
3390 841 3581 897 fabulis

2041 927 2293 997 factisque
2333 930 2586 997 majorum
2622 947 2725 986 non
2765 934 3156 1002 praerogativam
3205 948 3575 1002 personarum.

2040 1017 2132 1070 sed
2181 1022 2625 1086 comparationem
2665 1021 2917 1075 debemus
2962 1021 3260 1076 dilectionis
3307 1023 3578 1088 accipere;

2041 1118 2097 1160 ut
2123 1112 2409 1160 amicorum
2437 1111 2732 1164 recolentes
2754 1114 2985 1176 nominzt,
3009 1128 3289 1180 sequamur
3308 1117 3579 1182 exempla;

2039 1206 2094 1250 et
2117 1213 2298 1251 eorum
2330 1199 2383 1251 in
2414 1215 2511 1252 nos
2538 1203 2788 1253 vocabula
2816 1201 3210 1266 transferentes,
3235 1203 3418 1255 merita
3448 1216 3580 1255 con-

2042 1289 2306 1351 feramus;
2339 1297 2492 1353 atque
2513 1304 2575 1340 ex
2615 1291 2840 1354 ipsorum
2869 1291 3029 1356 gestis
3059 1290 3332 1356 magniﬁca
3362 1304 3580 1358 quisque

2040 1383 2094 1429 et
2132 1376 2350 1429 honesta
2396 1389 2705 1441 carpentes,
2738 1377 2856 1430 vita:
2887 1389 3082 1430 nostra:
3128 1378 3327 1431 utiliter
3363 1387 3572 1446 coopte-

2042 1480 2189 1529 mus;
2220 1476 2273 1519 et
2303 1471 2593 1520 serviamus
2641 1468 2790 1519 nobis
2821 1469 2870 1518 in
2913 1468 3129 1520 caritate
3181 1467 3435 1532 candida,
3475 1482 3577 1520 nou

2043 1554 2342 1608 adulatione
2383 1555 2570 1608 fucata.
2615 1555 3031 1623 Studeamusque
3059 1555 3197 1624 quod
3243 1556 3296 1608 in
3338 1556 3578 1609 amicitiis

2043 1644 2249 1697 illorum
2282 1655 2546 1712 poetarum
2586 1645 2786 1699 falsitas
2813 1647 2993 1705 tinxit,
3031 1648 3079 1698 in
3109 1647 3259 1698 nobis
3287 1648 3578 1699 animorum

1968 1727 2014 1784 B
2043 1734 2234 1785 veritas
2264 1745 2512 1801 peragat;
2556 1745 2610 1786 ut
2648 1736 2768 1787 dum
2813 1736 3003 1788 imitari
3051 1735 3289 1786 videmur
3327 1749 3392 1785 an
3420 1734 3536 1802 iqua
3563 1773 3578 1794 ,

2042 1820 2398 1888 relinquamus
2431 1822 2711 1884 imitanda;
2743 1832 2794 1874 et
2822 1825 3088 1875 seniorum
3117 1822 3249 1875 facta
3272 1821 3544 1875 laudantes
3564 1862 3577 1880 .

2043 1909 2318 1961 laudemur
2339 1924 2367 1961 a
2398 1912 2639 1976 posteris.
2668 1911 2789 1964 Haec
2818 1925 2961 1978 ergo,
3007 1910 3219 1963 domine
3245 1911 3344 1974 mi,
3375 1911 3579 1962 flamma

2042 2007 2269 2062 pectoris
2310 1997 2447 2058 mei,
2504 1998 2824 2064 persuasioni
2873 1988 3002 2062 tum,
3047 2011 3201 2065 quam
3247 1997 3582 2050 conscientia:

2038 2099 2169 2137 meas
2206 2086 2430 2152 amplius
2475 2084 2692 2138 credens
2715 2127 2729 2151 ,
2769 2085 2950 2153 gerulo
2984 2085 3294 2151 festinante,
3343 2086 3582 2136 breviter

2038 2172 2337 2237 eursimque
2373 2172 2564 2225 dictavi
2593 2187 2608 2225 :
2653 2187 2769 2239 qua:
2794 2174 2979 2239 peritia
3005 2181 3092 2224 tua
3122 2181 3174 2222 ct
3201 2171 3431 2237 probitas
3461 2181 3576 2232 tua,

2040 2260 2082 2312 si
2110 2260 2261 2312 amici
2305 2259 2636 2314 verecundia:
2676 2260 2933 2324 consulit,
2981 2267 3070 2312 aut
3109 2259 3285 2312 celare
3329 2257 3581 2322 debebit,

2040 2355 2131 2399 aut
2157 2346 2438 2400 emendare
2464 2346 2689 2399 curabit.
3507 2331 3512 2336 ’

2647 2454 2859 2510 EPIST.
2901 2454 2992 2509 Xl.

2042 2542 2258 2597 Domino
2300 2545 2499 2597 sublimi
2542 2560 2828 2664 seminaque
2855 2543 3138 2623 .magni/ico
3179 2541 3326 2608 fratri
3360 2540 3579 2594 Frcdar.

2741 2629 2942 2664 unctus.

2741 2629 2942 2665 πλησίω.

2111 2704 2366 2768 Quoniam
2413 2705 2697 2756 amoenitati
2732 2703 2965 2755 nemoris
2999 2701 3156 2754 vestri
3186 2701 3343 2754 etiam
3389 2697 3584 2753 deserti

2043 2793 2206 2844 nostri
2236 2793 2456 2858 ineptias
2488 2792 2725 2844 voluistis
2753 2791 2960 2858 adjungi
2981 2831 2995 2855 ,
3023 2788 3308 2853 transmisi,
3340 2789 3475 2841 sicut
3503 2789 3584 2837 in-

2038 2881 2304 2948 jtmxistis,
2339 2881 2568 2932 abietum
2597 2880 2798 2947 plantas
2824 2920 2838 2943 ,
2867 2894 2968 2931 non
2997 2878 3202 2944 specie,
3242 2879 3333 2929 sed
3357 2877 3585 2942 proceri-

2047 2981 2152 3022 tate
2182 2971 2490 3034 placituras;
2517 2985 2616 3021 non
2642 2969 2916 3031 fructibus,
2942 2969 3032 3021 sed
3061 2969 3139 3020 sui
3165 2966 3587 3034 peregrinatione

1971 3049 2016 3109 C
2048 3059 2342 3118 mirabiles;
2391 3075 2492 3112 non
2525 3075 2618 3112 usu
2649 3067 2823 3126 aptas,
2857 3059 2948 3112 sed
2976 3059 3278 3112 anttnnitate
3310 3058 3582 3124 jucundas.

2045 3149 2254 3216 Quippe
2298 3164 2414 3216 quze
2452 3163 2569 3200 cum
2598 3148 2888 3200 coaluerint
2915 3145 3259 3200 crassitudine
3289 3145 3586 3199 umbrarum

2048 3238 2072 3274 δ
2095 3237 2417 3291 Cevenarum
2441 3238 2598 3302 frigus
2624 3247 2644 3273 ο
2661 3237 2884 3289 Uceanis
2904 3237 2953 3287 in
2975 3236 3242 3288 mstatibus
3267 3233 3585 3301 prmbiturae.

2048 3330 2111 3381 Et
2161 3329 2259 3380 hoc
2309 3329 2446 3380 inter
2492 3327 2609 3378 illas
2657 3325 3086 3393 praeclarissimas
3138 3321 3330 3377 diversi
3376 3324 3586 3391 generis

2047 3415 2293 3481 arbores,
2331 3424 2436 3468 tam
2466 3415 2653 3466 decore
2674 3429 2828 3480 quam
2857 3414 3079 3465 utilitate
3108 3421 3436 3478 praestantes,
3459 3426 3588 3477 opn-

2048 3509 2218 3560 lentas
2242 3522 2424 3569 onere,
2454 3505 2726 3559 di5tinctas
2757 3505 2915 3568 ﬂore,
2947 3506 3110 3558 odore
3139 3503 3448 3571 fragrantes.
3483 3503 3587 3555 lllis

2048 3598 2186 3648 enim
2229 3597 2474 3647 industria
2505 3603 2675 3646 vestra
2705 3593 2956 3656 contulit,
2986 3592 3124 3660 quod
3148 3593 3244 3645 soli
3275 3601 3458 3644 natura
3484 3607 3588 3643 non

2048 3685 2281 3751 protulit.
2316 3683 2444 3735 Nam
2488 3692 2544 3734 ut
2572 3681 2815 3734 ruborem
2843 3696 3078 3734 rosarum
3098 3721 3110 3741 ,
3143 3681 3370 3734 liliorum
3395 3680 3588 3732 cando-

2051 3789 2195 3835 rem,
2227 3772 2359 3825 lauri
2387 3779 2692 3839 perpetuum
2717 3769 2942 3823 virorem
2961 3811 2976 3834 ,
3009 3779 3062 3824 et
3081 3771 3180 3823 alia
3209 3770 3586 3837 hujuscemodi,

2049 3861 2236 3914 similia
2269 3860 2459 3913 vilibus
2488 3858 2881 3926 praetermittam
2915 3858 3074 3925 (quia
3111 3870 3254 3924 saepe
3291 3871 3384 3924 per
3425 3857 3588 3908 abun-

2048 3949 2276 4002 dantiam
2309 3947 2539 4016 pretiosa
2569 3947 2849 4009 vilescunt,
2880 3955 2932 3999 et
2961 3946 3080 4004 facit
3111 3945 3257 4012 copia
3290 3945 3588 4014 quotidiana

2034 4040 2332 4105 fastidium)
2363 4039 2469 4091 illic
2506 4040 2660 4091 etiam
2683 4037 2994 4102 graminum,
3024 4037 3337 4104 germinum,
3371 4036 3588 4089 fruteto-

2049 4145 2164 4181 rum
2188 4129 2477 4194 peregrinae
2513 4127 2717 4179 collata:
2748 4135 2867 4179 sunt
2895 4126 3196 4188 suavitates,
3213 4125 3346 4177 visui
3368 4125 3590 4193 usuique

2049 4224 2345 4269 vernantes.
2375 4215 2479 4267 Sed
2510 4215 2631 4281 quid
2659 4215 2765 4267 illic
2797 4215 3018 4280 primum
3051 4213 3362 4266 laudandum
3385 4213 3472 4277 sit,
3501 4227 3591 4266 aut

2051 4302 2366 4359 mirandum,
2409 4301 2494 4352 ubi
2534 4301 2688 4352 etiam
2723 4302 2972 4366 temporis
3012 4302 3348 4367 intemperies
3391 4311 3593 4367 tempe-

1974 4379 2026 4437 D
2052 4391 2230 4444 ratur?
2251 4388 2518 4456 Siquidem
2543 4387 2668 4438 inibi
2699 4387 2906 4438 torrida:
2931 4386 3106 4438 fervor
3126 4388 3320 4439 astatis
3343 4397 3446 4439 tam
3471 4402 3590 4439 um-

2052 4478 2259 4530 brarum
2283 4491 2434 4542 quam
2459 4474 2711 4526 undarum
2737 4475 2906 4540 rigore
2928 4474 3226 4541 depellitur.
3243 4474 3442 4526 Hiemis
3467 4488 3592 4526 vero

2054 4570 2103 4621 in
2135 4575 2332 4620 tantum
2361 4582 2463 4617 tton
2494 4567 2715 4618 sentitur
2738 4565 3013 4630 asperitas,
3043 4573 3098 4615 ut
3126 4565 3261 4614 intra
3289 4565 3471 4615 eadem
3499 4579 3593 4630 po.

2053 4661 2154 4708 tius
2193 4666 2340 4722 tepor
2373 4654 2528 4715 aeris,
2562 4663 2611 4703 et
2641 4661 2826 4703 cantus
2856 4652 3048 4712 avium,
3087 4651 3223 4702 veris
3255 4631 3589 4702 rcdtlat'efli-

2053 4747 2208 4813 giem.
2245 4743 2346 4796 Sed
2379 4742 2500 4806 quid
2532 4755 2628 4807 ego
2659 4741 2933 4791 immemor
2963 4738 3235 4805 imperitia:
3264 4753 3427 4802 mete,
3461 4755 3590 4807 pauo

2058 4847 2178 4900 βίη-ε
2207 4844 2470 4892 sermone,
2504 4829 2572 4881 mi
2602 4827 2839 4889 domine,
2875 4829 3008 4879 ruris
3036 4829 3192 4879 vestri
3219 4827 3463 4890 divitias,
3494 4828 3590 4880 dc~

2056 4921 2201 4973 licias
2239 4919 2558 4979 describere,
2604 4929 2689 4967 aut
2727 4931 2972 4969 enarrare
3013 4917 3295 4980 contendo,
3338 4919 3401 4970 ad
3443 4918 3593 4984 cujus

2056 5008 2261 5060 laudem
2305 5007 2460 5059 etiam
2505 5006 2711 5072 ingenia
2752 4989 2948 5073 majora
2987 5007 3418 5060 succumberent?
3464 5007 3592 5058 Dato

2058 5098 2229 5164 itaque
2274 5095 2609 5161 impudentiae
2649 5108 2777 5147 mete
2819 5095 3042 5159 veniam,
3079 5110 3234 5161 quam
3273 5095 3588 5156 extorsistis,

2059 5189 2143 5252 qui
2186 5194 2242 5236 ut
2279 5184 2489 5236 auribus
2530 5184 2715 5238 vestris
2745 5187 2993 5240 verbosus
3025 5189 3322 5240 existercm.
3361 5184 3592 5251 dignatio

2059 5285 2228 5328 vestra
2261 5289 2343 5326 me
2365 5275 2648 5340 compellit.
2681 5274 2960 5329 Conﬁdens
2982 5276 3118 5343 quod
3149 5274 3366 5343 epistola
3391 5273 3587 5340 longior

2136 5477 2153 5501 τ
2201 5465 2306 5516 Vox
2337 5480 2441 5516 Ctrrt
2460 5477 2596 5532 opta.
