3930 6410
194 265 256 319 ’Π
1475 275 1942 334 EPISTULARUM
1985 278 2105 335 LIB.
2147 280 2183 333 l.
3342 296 3413 353 7B

190 376 357 441 vobis,
396 377 631 435 dominis
670 381 823 448 meis,
862 382 905 436 si
945 380 1250 453 displiceret
1295 386 1477 453 aifatu,
1522 388 1751 455 placeret
1781 393 1829 452 Α
1856 393 2041 462 cymba
2067 394 2295 447 instabili
2323 394 2681 463 fluctuantem,
2708 400 2857 468 quasi
2883 401 2990 468 jam
3016 400 3085 455 de
3109 403 3403 459 sublimiori

189 467 396 522 aﬂ‘ectu.
437 468 569 526 Cum
595 472 982 527 intellexeritis
1016 488 1134 528 eam
1174 491 1279 529 non
1308 490 1403 544 pro
1434 478 1750 541 eloquentiae

188 558 391 626 lepore,
431 561 525 616 sed
575 578 670 632 pro
700 573 876 616 vestro
902 579 1087 618 amore
1124 567 1431 633 copiosam;
1464 568 1747 636 simulque,

187 648 306 717 quia
344 650 577 705 sciebam
605 653 980 706 sublimitatem
1010 662 1237 707 vestram
1273 657 1323 708 in
1355 656 1537 710 amicis
1561 657 1750 710 vestris

186 740 301 808 plus
342 743 733 811 reprehendere
761 744 1136 798 taciturnitatis
1167 747 1560 815 verecundiam,
1593 764 1748 817 quam

187 831 459 901 loquacem
493 834 869 888 familiaritatis
898 836 1196 891 audaciam.

778 969 991 1025 EPIST.
1040 971 1151 1025 XII.

453 1056 671 1110 Domino
701 1061 914 1124 pectoris
943 1062 1022 1112 sui
1049 1060 1193 1115 Celso
1226 1062 1476 1117 Ruricius.

248 1143 482 1213 Trepido
525 1148 578 1199 in
617 1146 939 1215 praeconium
980 1161 1212 1204 vestrum
1253 1168 1313 1208 ns
1354 1154 1563 1224 elingue
1607 1171 1748 1209 rese-

179 1248 319 1298 rare,
342 1235 426 1289 cui
456 1236 708 1304 sciojure
726 1238 885 1291 etiam
916 1239 1120 1307 ingenia
1148 1242 1347 1310 majora
1378 1246 1742 1300 succumbere.

178 1322 310 1388 Quid
340 1325 482 1379 enim
516 1328 740 1394 primum
769 1329 835 1382 de
860 1329 1154 1384 alfectionis
1183 1343 1272 1384 aut
1298 1333 1616 1402 dignationis
1658 1351 1745 1390 ve—

176 1424 302 1469 strm
342 1417 499 1471 laude
540 1422 995 1476 commemorem?
1034 1422 1123 1490 qui
1167 1438 1364 1479 omnes.
1403 1426 1531 1479 mihi
1582 1428 1740 1493 ruris,

177 1514 204 1541 ι
234 1507 421 1565 moris.
474 1517 550 1574 et,
588 1509 726 1575 quod
769 1511 850 1563 his
879 1512 1124 1565 omnibus
1170 1514 1336 1581 majus
1371 1524 1475 1579 est,
1506 1516 1742 1569 caritatis

174 1596 396 1651 delicias
426 1602 747 1666 contulistis,
781 1614 871 1655 aut
900 1616 1066 1666 certe,
1100 1604 1141 1657 si
1173 1605 1298 1671 quid
1331 1606 1518 1658 horum
1551 1608 1599 1659 di
1621 1607 1738 1672 fuit,

172 1687 534 1754 deputandum
583 1692 829 1756 tempori,
878 1708 982 1745 non
1030 1694 1179 1746 vobis
1222 1695 1736 1762 est-imputandum.

172 1775 304 1830 Nam
350 1786 519 1831 totum
546 1780 682 1847 apud
716 1796 829 1842 vos,
863 1783 999 1849 quod
1028 1796 1209 1837 carum
1236 1796 1417 1853 pectus
1436 1826 1449 1849 ,
1479 1787 1616 1855 quod
1648 1788 1741 1840 lia-

172 1864 283 1917 buit
308 1866 509 1919 clarum
536 1871 785 1933 mundus,
818 1871 1013 1925 inveni.
1038 1872 1188 1925 Nulla
1214 1890 1298 1928 me
1327 1878 1533 1942 penitus
1552 1877 1739 1943 jocuo-

168 1953 337 2009 ditate
374 1956 689 2021 fraudastis;
732 1961 857 2028 quin
896 1963 1055 2015 etiam
1095 1964 1447 2019 desiderabile
1476 1967 1600 2020 mihi
1646 1968 1739 2021 ho-

166 2044 368 2110 spitioli
410 2030 529 2099 mei.
558 2048 827 2101 desertum
876 2062 1050 2103 vestra
1100 2053 1373 2106 vicinitate
1413 2056 1629 2108 fecistis.
1675 2058 1739 2110 Et

165 2133 369 2187 idcirco
415 2151 500 2189 me
539 2139 705 2206 magis
751 2139 1030 2193 finitimum
1062 2144 1209 2196 vobis
1238 2157 1359 2196 esse
1392 2145 1697 2213 congaudeo
1718 2188 1733 2209 ,

162 2223 289 2292 quia
322 2240 426 2279 non
461 2240 531 2280 ex
562 2236 672 2280 toto
698 2230 867 2284 malus
896 2243 996 2295 est,
1039 2233 1127 2300 qui
1157 2233 1305 2287 bonis
1330 2234 1585 2303 jungitur.
1629 2237 1735 2290 Sed

163 2331 229 2367 ne
259 2314 515 2370 exhibeat
542 2320 693 2373 vobis
725 2320 835 2389 ipsa
879 2322 1074 2392 ineptia
1106 2326 1426 2401 suilongior
1454 2343 1632 2381 sermo
1662 2328 1737 2380 fa-

162 2406 385 2460 stidium
404 2450 418 2473 ,
446 2409 593 2463 salve
622 2410 978 2478 largissimum
1007 2413 1158 2478 dico;
1194 2424 1247 2469 et
1276 2417 1569 2477 vitrarium,
1601 2419 1736 2471 sicut

159 2496 421 2565 iussistis.
457 2514 541 2553 me
570 2499 867 2556 destinasse
897 2504 1138 2572 significo
1164 2522 1177 2555 :
1209 2506 1358 2573 cujus
1381 2521 1514 2574 Opus
1541 2511 1732 2572 nitore,

159 2600 265 2638 non
298 2586 584 2655 fragilitate
605 2601 816 2658 Oportet
837 2592 1165 2658 imitetur,ut
1190 2594 1423 2658 dilectio,
1441 2613 1557 2664 quae
1582 2598 1733 2651 nobis

156 2691 186 2729 a
220 2681 535 2745 parentibus
564 2684 769 2748 relicta,
798 2686 1053 2752 magistr-0
1090 2686 1303 2751 tradita,
1335 2690 1458 2741 vita:
1495 2704 1734 2743 commu-

158 2767 347 2833 nione,
382 2769 586 2822 ﬁrmata
616 2780 709 2839 est
727 2773 994 2838 secundis,
1023 2771 1271 2829 elimefur
1298 2778 1558 2842 adversis,
1592 2780 1729 2833 nulla

158 2859 376 2923 penitus
404 2860 673 2913 turbinum
704 2864 936 2929 procella
971 2864 1258 2932 frangatur.
1293 2866 1421 2920 Nam
1452 2869 1587 2922 sicut
1615 2871 1728 2923 auri

154 2960 322 3016 atque
343 2950 549 3017 argenti
581 2952 807 3019 pretiosa
837 2953 1138 3021 sinceritas,
1159 2958 1201 3008 si
1234 2962 1377 3021 aeris,
1397 2969 1485 3013 aut
1507 2962 1722 3027 plumbi,

154 3038 239 3090 vel
271 3038 566 3105 cujuslibet
594 3040 816 3093 alterius
846 3044 1080 3096 materiae
1114 3046 1310 3099 vilioris
1338 3048 1495 3099 fuerit
1523 3049 1725 3101 admix—

154 3134 303 3179 tione
333 3138 603 3192 corrupta,
651 3128 751 3179 nisi
796 3132 992 3196 ignium
1034 3135 1426 3187 examinatione
1454 3149 1747 3205 purgatur,

152 3230 251 3269 nec
268 3215 619 3282 splendorem
640 3218 934 3271 naturalem
953 3221 1147 3287 poterit
1166 3222 1378 3284 habere,
1400 3238 1497 3276 nec
1516 3240 1720 3278 sonum.

151 3305 283 3359 Nam
334 3321 432 3359 nec
458 3308 593 3369 visui
626 3310 945 3371 claritatem,
978 3324 1075 3361 nec
1107 3311 1348 3363 tinnitum
1381 3314 1552 3366 reddit
1579 3316 1725 3367 audi-

154 3400 252 3461 tui,
285 3397 566 3465 magisque
598 3414 813 3451 raucum
846 3410 1081 3469 resonat,
1115 3404 1157 3452 si
1184 3400 1424 3469 feriatur,
1456 3415 1507 3457 et
1533 3406 1723 3459 stridu-

152 3490 282 3543 lum.
320 3489 471 3541 Hanc
499 3504 626 3556 ergo
653 3492 995 3554 sententiam,
1024 3507 1127 3543 non
1161 3507 1353 3555 nteant,
1377 3494 1465 3547 sed
1494 3494 1721 3561 Domini,

151 3578 318 3632 frazer
356 3588 583 3646 Optime,
624 3588 934 3633 contuentes
976 3584 1174 3647 pariter
1212 3591 1265 3634 et
1300 3594 1606 3650 sequentes,
1654 3589 1724 3638 ita

149 3670 313 3722 vitam
349 3681 590 3723 nostram
637 3671 813 3724 medio
858 3686 1037 3736 cursu,
1082 3673 1433 3739 gubernatore
1463 3676 1575 3743 ipso
1618 3676 1721 3727 Da-

149 3761 337 3823 mino‘;
366 3769 749 3827 temperemus,
784 3770 842 3813 ut
879 3776 1000 3812 cum
1029 3762 1289 3814 serenitas
1319 3765 1570 3827 arrideat,
1605 3781 1725 3831 pro-

149 3851 358 3915 sperior
405 3850 564 3902 ﬂatus
614 3852 837 3910 invitet,
886 3866 1031 3903 mare
1076 3851 1335 3918 placidum
1384 3852 1717 3912 blmdiatur;

148 3941 383 3991 scientes
426 3950 605 3992 tamen
648 3940 792 3991 illam
825 3944 1054 4005 aequoris
1096 3941 1319 4007 subjeCti
1355 3941 1623 4011 planitiem
1654 3942 1719 3993 ad

148 4030 317 4079 instar
345 4028 609 4078 montium
644 4038 860 4093 repente
888 4043 1245 4093 consurgere;
1281 4043 1449 4094 neque
1479 4031 1529 4080 in
1556 4032 1716 4080 altum

149 4132 339 4169 navem
370 4124 607 4167 nostrain
640 4116 901 4180 patiamur
926 4117 1157 4180 impelli;
1185 4116 1269 4168 ubi
1315 4131 1430 4169 eam
1469 4128 1557 4169 aut
1587 4126 1719 4173 tem-

148 4217 325 4272 peatas
355 4204 554 4269 solvat,
587 4211 677 4255 aut
707 4206 840 4256 unda
868 4205 1157 4273 demergat.

738 4333 945 4387 EPIST.
990 4334 1125 4387 XIII.

423 4423 642 4476 Domino
674 4428 886 4491 pectoris
916 4428 993 4479 sui
1020 4424 1164 4480 Celso
1194 4428 1448 4482 Ruricius.

211 4514 419 4582 Recepi
456 4513 636 4575 apices
674 4516 1036 4582 germanitatis
1061 4528 1181 4581 tute,
1220 4520 1306 4586 qui
1340 4521 1463 4572 niiiii
1493 4538 1595 4573 non
1626 4537 1716 4590 pa-

144 4624 256 4662 rum
290 4610 535 4675 scrupuli
568 4610 885 4663 retulerunt.
939 4613 1134 4665 Vereor
1173 4617 1312 4667 enim
1360 4631 1426 4669 ne
1460 4632 1610 4670 secus
1649 4622 1716 4671 de

143 4698 333 4750 litteris
366 4698 506 4751 meis
533 4712 691 4767 quam
720 4714 748 4750 a
789 4714 874 4752 me
902 4701 1075 4753 missa:
1105 4713 1227 4755 sunt
1259 4708 1591 4759 censueritis.
1649 4709 1712 4758 Et

142 4789 343 4843 idcirco
386 4791 537 4857 quasi
572 4793 863 4843 temeraria:
892 4794 1316 4861 prtesumptioni;
1346 4810 1605 4849 memores
1636 4799 1711 4848 vi-

141 4881 401 4941 deamini,
430 4880 555 4930 dum
586 4888 642 4931 ut
670 4895 764 4945 pro
793 4882 936 4933 vobis
965 4896 1133 4945 orem,
1168 4898 1229 4935 ac
1256 4885 1449 4950 schius
1476 4898 1708 4937 commo-

142 4982 314 5029 neam,
340 4969 651 5034 postulatis.
677 4968 881 5036 Egone,
902 4972 1060 5025 frater
1085 4973 1307 5040 optime,
1332 4976 1591 5044 castigare
1615 4993 1706 5029 vos

140 5056 386 5118 audeam,
406 5057 497 5122 qui
528 5073 611 5110 me
634 5075 838 5126 nequeo
862 5065 1117 5131 castigare
1134 5068 1154 5117 ’ξ
1180 5065 1359 5133 Egone
1385 5082 1495 5131 vos,
1512 5070 1597 5136 qui
1621 5086 1703 5123 me

142 5146 315 5199 δεδουιί
344 5147 527 5198 adhuc
548 5147 600 5198 in
630 5150 925 5205 turbinibus
952 5162 1196 5222 tanqumn
1226 5158 1275 5209 itt
1306 5160 1466 5211 maris
1488 5160 1700 5212 :esﬁbtts

209 5362 229 5387 ο
272 5351 438 5406 Forte
469 5349 593 5399 oris.

209 5424 232 5458 υ
275 5422 436 5473 Deest
468 5417 709 5469 verbum.

210 5502 229 5525 α
275 5490 437 5541 Forte
469 5488 793 5538 committere.

207 5562 229 5595 ά
272 5559 437 5611 Forte
473 5552 717 5607 Furtum.

214 5638 235 5664 ε
284 5629 331 5682 ls
371 5627 474 5679 fuit
516 5625 842 5680 Arelatensis
890 5629 1186 5697 cpiscotius.
1250 5630 1388 5683 Lites
1442 5631 1702 5699 quasdam

1852 480 2063 547 specula
2090 481 2171 535 vel
2202 481 2535 535 eminentiori
2576 486 2713 539 colle
2748 490 3045 556 respicitis?
3079 491 3260 560 Egone
3290 509 3400 559 vos,

1852 571 1937 637 qui
1967 572 2033 624 ad
2064 580 2269 639 portum
2301 575 2466 627 venite
2508 592 2598 642 per
2630 579 2957 643 pmnitentite
3002 582 3402 653 indulgentiam,

1852 659 2075 714 Domino
2116 663 2508 731 gubernatore?
2534 666 2562 703 δ
2606 666 2717 721 Νοη
2748 684 2845 737 ego
2875 673 3105 738 penitus,
3138 676 3300 731 frater
3328 678 3407 731 di-

1852 752 2008 819 lecte,
2038 756 2114 808 sic
2142 756 2350 838 scripsi,
2382 766 2437 810 ut
2466 757 2589 811 mihi
2621 759 2813 828 aliquid
2843 760 3141 827 blandiens,
3182 781 3277 820 vos
3307 767 3407 822 im-

1853 842 2017 908 probo
2058 842 2218 897 dente
2263 845 2582 913 morderent,
2618 864 2713 901 nec
2759 857 2814 901 ut
2856 866 2947 903 vos
2981 851 3259 918 lmderem;
3310 856 3404 912 sed

1852 932 1978 985 mibi
2026 934 2264 1002 epistolae
2299 935 2652 993 familiaritate
2691 941 2963 994 vincirem.
3014 943 3144 997 Nam
3187 950 3229 998 si
3268 949 3403 1003 bene

1844 1023 2216 1088 consideretis,
2251 1034 2493 1080 votorum
2537 1042 2658 1083 sunt
2690 1032 2773 1084 illa
2808 1035 2982 1101 verba,
3012 1052 3118 1090 non
3148 1048 3398 1104 actuum;

1848 1120 1900 1163 et
1921 1116 2151 1179 optantis
2176 1125 2346 1183 potius
2372 1134 2526 1185 quam
2552 1124 2830 1176 monentis.
2847 1124 2974 1189 Quia
3000 1143 3103 1181 non
3131 1130 3255 1197 qu'd
3281 1145 3401 1198 age-

1851 1216 2049 1266 remus,
2081 1206 2173 1257 sed
2213 1207 2440 1273 qualiter
2468 1209 2655 1262 vellem
2703 1221 2755 1264 ut
2785 1214 3105 1281 viveremus,
3157 1220 3396 1286 exposui.

1847 1288 2108 1343 Czeteruni
2139 1294 2182 1346 si
2214 1305 2361 1349 aetus
2390 1296 2507 1350 vitae
2537 1313 2670 1350 meas
2702 1303 2982 1367 prm:erit:e
3021 1307 3398 1372 praesentisque

1847 1378 2121 1444 discutias,
2166 1384 2382 1450 pudebit
2418 1394 2491 1451 te,
2542 1388 2722 1441 intimo
2760 1398 2815 1444 et
2854 1393 3211 1447 secretiSsirno
3242 1394 3401 1449 fratre

1849 1476 2002 1529 IeSte,
2032 1469 2193 1536 ferre,
2226 1488 2346 1541 qum
2372 1492 2474 1527 non
2508 1479 2691 1543 puduit
2719 1480 2825 1533 Deo
2852 1489 2985 1534 teste
3014 1491 3036 1519 ε
3068 1485 3397 1551 promittere,

1847 1573 1941 1625 pro
1959 1560 2150 1627 quibus
2178 1563 2500 1620 facinoribus
2531 1572 2663 1623 meis
2685 1586 2841 1639 spero
2866 1588 2959 1627 vos
2988 1577 3161 1645 potius
3182 1575 3399 1630 Domino

1844 1650 2170 1718 supplicetis,
2217 1662 2271 1704 ut
2311 1670 2444 1721 quos
2487 1656 2538 1709 in
2588 1662 2685 1712 hoc
2723 1662 2918 1715 saeculo
2962 1666 3307 1719 amicitiarum
3346 1677 3400 1721 et

1772 1745 1817 1805 Β
1844 1740 2247 1807 propinquitatis
2275 1745 2438 1797 voluit
2468 1762 2587 1801 esse
2614 1761 2907 1816 consortes,
2954 1755 3005 1805 in
3031 1756 3204 1809 futuro
3236 1756 3398 1811 bonoa

1843 1845 1958 1884 rum
1981 1832 2164 1898 jubeat
2192 1849 2310 1888 esse
2340 1839 2645 1907 participes.

2433 1970 2643 2030 EPIST.
2679 1973 2814 2029 XIV.

2120 2055 2341 2109 Domino
2377 2062 2591 2124 pectoris
2617 2062 2697 2113 sui
2720 2062 2863 2117 Celso
2885 2064 3145 2120 Ruricius.

1911 2140 2112 2209 Equum
2158 2138 2366 2212 qualem
2407 2147 2642 2212 iusseras
2687 2150 2964 2216 destinavi,
2998 2156 3399 2212 mansuetudine

1839 2229 2123 2297 placidum,
2150 2235 2399 2288 membris
2432 2237 2683 2304 validum,
2719 2240 2927 2295 firmum
2968 2244 3179 2306 robore,
3226 2246 3395 2300 forma

1840 2330 2203 2387 prtestantem,
2230 2322 2254 2361 ἀ
2283 2324 2482 2379 factura
2509 2331 2880 2397 compositum,
2920 2333 3109 2385 animis
3138 2344 3399 2402 tempera-

1838 2420 1967 2477 tum,
1991 2428 2085 2468 nec
2104 2430 2493 2483 prteprOperum
2516 2420 2717 2473 scilicet
2738 2424 3031 2488 velocitate,
3047 2439 3145 2477 nec
3159 2427 3393 2495 pigrum:

1836 2502 1918 2554 cui
1949 2502 2211 2579 frenus‘et
2235 2507 2473 2560 stimulus
2501 2509 2567 2561 sit
2606 2511 2839 2564 sedentis
2864 2513 3159 2577 arbitrium,
3204 2518 3283 2569 cui
3326 2520 3391 2573 ad

1836 2593 2163 2647 eveliendum
2195 2612 2349 2663 onus,
2381 2608 2434 2651 et
2450 2601 2578 2654 velle
2619 2614 2863 2670 suppetat
2902 2612 2955 2657 et
2986 2620 3139 2672 posse
3166 2624 3180 2669 ;
3225 2609 3393 2664 itaut

1837 2698 1931 2735 rzec
1958 2686 2105 2737 cedat
2140 2692 2494 2754 superposito,
2526 2707 2621 2745 nec
2664 2693 2891 2761 deponat
2941 2698 3262 2765 impositum.
3303 2701 3392 2753 llis

1834 2775 2028 2841 itaque,
2057 2778 2191 2830 sicut
2218 2782 2448 2845 oportuit
2470 2780 2739 2847 intima'is,
2780 2787 3093 2840 sa'utatione
3139 2793 3348 2855 praelata
3372 2832 3387 2855 ,

1835 2864 2216 2927 pollicitatione
2246 2870 2512 2937 dispensa,
2548 2874 2803 2939 promissa
2846 2876 3198 2942 deposcimus.
3232 2889 3287 2932 ut
3324 2882 3388 2933 ad

1831 2954 2221 3011 solemnitatem
2258 2976 2559 3015 sanetorum
2590 2965 2653 3015 ad
2686 2980 2803 3031 nos,
2855 2968 2958 3018 fleo
3004 2970 3249 3035 prOpitio,
3284 2987 3387 3024 una

1829 3058 1945 3097 cum
1977 3062 2161 3101 sorore
2210 3051 2388 3104 venire
2431 3052 2761 3120 dignemini,
2815 3056 3071 3110 honorem
3132 3063 3387 3127 patronis,

1834 3134 2081 3188 fratribus
2108 3136 2371 3203 affectum,
2405 3144 2627 3209 gratiam
2662 3146 2867 3212 populis
2894 3149 3201 3214 praestituti.

2421 3272 2633 3327 EPIST.
2686 3275 2775 3327 XV

1902 3381 2119 3435 Domino
2156 3400 2264 3447 suo,
2288 3386 2527 3454 peculiari
2550 3386 2598 3436 in
2628 3386 2823 3436 Christo
2846 3378 3062 3442 Domino
3078 3399 3316 3454 patrono,

2289 3452 2449 3505 Eonio
2472 3456 2702 3521 episCOpo
2727 3456 2979 3508 Ruricius.

1898 3542 2090 3610 Agnito
2146 3547 2365 3597 transitu
2408 3554 2611 3610 sancto,
2668 3556 2721 3597 et
2767 3548 3083 3600 vrnerabilis
3127 3548 3261 3615 apud
3294 3564 3378 3602 me

1829 3632 2214 3686 recordationis
2242 3634 2439 3687 domini
2472 3636 2569 3687 tnei
2598 3635 2894 3689 decessoris
2938 3638 3098 3690 vestri
3149 3638 3380 3699 Leontii,

1826 3721 2005 3773 animo
2055 3730 2108 3774 et
2159 3732 2333 3775 mente
2362 3722 2613 3776 confusus
2652 3726 2740 3777 diu
2782 3728 3110 3794 multumque
3147 3728 3385 3781 tristatus

1827 3825 1940 3863 sum
1961 3814 2096 3879 quod
2124 3821 2177 3866 et
2206 3812 2610 3879 impedientibus
2642 3814 2867 3881 peccatis
2896 3816 3045 3880 meis,
3079 3827 3221 3871 tanto
3240 3819 3384 3870 anti-

1824 3901 1935 3953 stiti
1960 3916 2242 3956 occorrere
2274 3920 2377 3955 non
2404 3918 2719 3967 merueram,
2754 3914 2808 3957 et
2848 3907 2933 3957 tali
2958 3921 3129 3959 essem
3169 3920 3383 3974 parente

1823 3991 2075 4055 privatus.
2107 3992 2267 4057 Cujus
2298 3994 2397 4045 etsi
2428 3994 2704 4045 exterioris
2750 3994 2977 4045 hominis
3015 4010 3117 4046 non
3174 3995 3383 4048 fruebar

1822 4090 2056 4146 aSpectu,
2083 4082 2342 4132 interioris
2361 4091 2533 4132 tamen
2562 4082 2727 4147 gratia
2756 4082 3078 4145 delectabar,
3104 4091 3156 4134 et
3187 4085 3381 4135 mentis

1820 4173 1934 4222 acie
1958 4170 2152 4237 jugiter
2189 4170 2553 4231 adhterebam;
2608 4185 2700 4236 per
2738 4185 2893 4237 quem
2939 4182 2993 4223 et
3039 4171 3090 4223 in
3118 4186 3220 4237 quo
3250 4174 3377 4225 milii

1822 4273 2053 4325 praesens
2080 4261 2466 4327 quodammodo
2482 4269 2534 4311 et
2558 4260 2869 4313 cernebatur
2896 4260 3100 4321 obtutu,
3128 4270 3181 4313 et
3209 4264 3379 4315 a-tdie-

1823 4355 1975 4405 batur
2020 4353 2228 4416 alfecui,
2280 4363 2333 4406 et
2380 4353 2694 4421 palpabatur
2734 4362 2961 4416 attactu,
3004 4364 3059 4407 et
3105 4354 3378 4408 tenebatUr

1746 4439 1796 4496 D
1823 4447 2089 4514 amplexu.
2120 4447 2391 4514 Siquidem
2415 4447 2522 4499 cari
2569 4446 2716 4499 nullo
2742 4461 2800 4499 se
2834 4446 3020 4499 melius
3071 4447 3186 4499 loco
3221 4464 3373 4513 quam

1820 4538 1870 4589 in
1911 4537 2089 4597 Corde,
2122 4537 2357 4588 caritatis
2404 4536 2565 4602 ipsius
2594 4536 2741 4596 sede,
2774 4536 3120 4603 conspiciunt.
3158 4536 3301 4589 Unde
3325 4545 3377 4589 et

1818 4626 2042 4690 amplius
2066 4624 2433 4676 desiderabam
2469 4626 2635 4677 oculis
2662 4625 2838 4677 videre
2865 4625 3184 4690 carnalibus,
3216 4641 3371 4692 quem

1821 4717 1889 4765 ita
1921 4714 2243 4780 spiritalibus
2271 4716 2529 4767 intuebar.
2562 4715 2664 4767 Sed
2689 4715 2855 4768 dolori
2896 4731 3013 4767 meo
3059 4716 3374 4767 consolatio-

1820 4820 1940 4855 nem
1973 4818 2033 4856 ea
2063 4819 2175 4871 qum
2203 4807 2346 4871 prius
2370 4805 2684 4870 tribuerant,
2718 4807 2965 4858 solatium
3002 4806 3163 4871 ipsius
3188 4808 3371 4857 merita

1816 4893 2091 4946 dederunt.
2142 4893 2268 4958 Quia
2304 4894 2512 4947 confido
2553 4894 2690 4962 quod
2729 4910 2882 4962 quem
2927 4904 3138 4958 paterna
3184 4894 3373 4957 pietate.

1814 4985 2017 5045 dilexit,
2061 4993 2112 5036 et
2144 4986 2323 5039 sedula
2371 4988 2754 5039 intercessione
2781 4986 3059 5040 custodiat.
3107 4985 3206 5038 Sed
3262 4989 3372 5038 licet:

1812 5075 2079 5126 sanctitati
2120 5084 2311 5128 vestrae
2358 5076 2505 5141 quasi
2554 5076 2822 5129 vobiscum
2862 5074 3181 5140 colloquens,
3215 5084 3369 5137 atque

1809 5177 1835 5212 a
1867 5163 2015 5212 vobis
2038 5164 2283 5216 mmroris
2314 5164 2476 5231 ipsius
2504 5165 2742 5217 levamen
2791 5164 3084 5230 requirens,
3132 5164 3366 5216 dictante

1812 5370 1928 5408 cum
1957 5355 2154 5407 lliliirio
2184 5357 2373 5411 Leonis
2418 5372 2723 5411 successore
2749 5357 2945 5415 habuit,
2973 5356 3092 5408 dein
3132 5373 3157 5407 a
3189 5365 3361 5423 potiti-

1815 5427 1908 5476 See
1941 5425 2174 5477 Romano
2195 5444 2442 5479 concessa
2467 5438 2587 5479 sunt
2616 5429 2684 5479 illi
2713 5429 2983 5478 vicariatus
3009 5427 3146 5490 jura,
3178 5434 3363 5493 qmbtis

1816 5495 1980 5545 ittsciu
2007 5496 2250 5559 pontifice
2280 5499 2349 5548 uti
2377 5507 2684 5567 teutaverat.
2722 5496 3140 5567 De‘illoLeontio
3170 5501 3361 5567 swpius

1820 5564 2059 5616 lluricitts
2093 5567 2122 5615 Ι.
2163 5581 2215 5629 ιι,
2250 5582 2333 5632 cp.
2366 5566 2451 5629 59,
2486 5578 2637 5632 ctcp.
2684 5568 2757 5625 il,
2798 5564 2873 5615 i8.
2910 5563 3063 5615 iiasm.
