3930 6412
518 406 588 458 '49
1798 398 2045 467 RURICII
2084 399 2385 455 EPISCOPI
3631 409 3694 462 30

515 514 815 581 dilectione,
846 514 1131 567 retulerim.
1162 512 1308 566 Nunc
1338 527 1483 577 vero,
1516 521 1572 566 ut
1616 511 1796 567 dicere
1813 515 2051 567 institue-
2079 514 2129 571 Α
2158 512 2415 564 undosum
2442 526 2609 577 mare,
2644 514 2997 567 excitantibus
3047 522 3319 568 ventorum
3362 517 3689 570 saevientium

517 620 649 666 ram,
690 606 991 657 accersione
1045 602 1207 670 ipsius
1250 602 1447 657 domini
1488 604 1590 657 mei
1640 616 1689 655 et
1727 604 2050 671 aposrolatus

517 694 676 747 VCStl'i
726 692 1049 745 ordinatione
1090 701 1379 759 comperta,
1433 692 1499 745 ad
1550 693 1777 745 ofﬁcium
1821 703 2049 745 vestrum

517 782 724 834 mittere
748 781 1054 847 cogitabam.
1079 780 1180 834 Sed
1203 781 1507 835 muneribus
1532 781 1720 834 vestris
1748 781 2053 834 humilitatis

518 885 647 923 ntere
702 868 1025 936 praevenistis
1064 870 1373 935 obsequium
1410 884 1425 920 :
1457 882 1574 936 qua:
1627 868 1755 919 mihi
1800 868 2050 936 majorem

516 958 778 1011 scribendi
808 958 1048 1009 ﬁduciam
1076 958 1411 1010 contulerunt
1436 996 1450 1020 ,
1482 958 1598 1026 quia
1625 972 1889 1025 praesumo
1914 958 2051 1025 quod

513 1062 664 1115 quem
696 1048 1009 1101 liberalitate
1031 1046 1259 1099 feceritis
1283 1048 1514 1115 dignum,
1545 1048 1613 1101 ab
1648 1048 1839 1101 animis
1868 1050 2053 1101 vestris

516 1151 616 1189 non
647 1136 883 1191 habeatis
910 1136 1160 1188 alienum.
1209 1137 1272 1189 Et
1304 1136 1421 1190 ideo
1446 1138 1583 1190 sicut
1604 1137 1757 1190 dit-tis
1798 1137 2049 1200 intellexi,

513 1227 756 1293 quoniam
784 1226 911 1279 tanti
942 1225 1132 1280 habere
1158 1226 1462 1294 dignamini,
1506 1229 1901 1295 sospitationem
1932 1228 2053 1279 bea-

515 1316 749 1369 titudinis
779 1323 967 1368 vestrm
1002 1328 1095 1381 per
1124 1314 1325 1368 litteras
1348 1315 1557 1368 uberem
1591 1315 1741 1379 dico;
1792 1316 2051 1383 simulque

514 1406 759 1474 peculiari
801 1417 956 1473 prece
982 1407 1210 1471 deposco
1237 1420 1301 1459 eo
1340 1419 1543 1457 mecum
1582 1420 1740 1473 agere
1790 1415 1933 1459 tanto
1960 1406 2051 1457 ha-

513 1499 678 1552 beatis
704 1497 907 1561 all‘ectu,
950 1506 1007 1555 ut
1034 1496 1299 1550 dominum
1332 1496 1604 1551 Leontium
1633 1496 1969 1564 praemisisse,
1998 1506 2053 1551 et

511 1596 861 1641 commutasse
882 1588 1054 1655 potius
1078 1602 1235 1655 quam
1258 1586 1545 1655 perdidisse
1566 1602 1901 1656 cognoscam.

1080 1718 1291 1775 EPIST.
1337 1717 1473 1772 XVI.

512 1814 725 1869 Domino
763 1812 1060 1876 venerabili,
1110 1811 1421 1874 admirabili,
1477 1820 1524 1863 et
1577 1812 1763 1863 sanctis
1820 1808 2047 1861 omnibus

610 1882 985 1953 taquiparando,
1017 1882 1162 1949 fratri
1187 1882 1400 1935 Sidonio
1444 1880 1661 1943 Videnti,
1694 1878 1942 1929 Ruricius.

576 1975 711 2028 Olim
742 1983 814 2040 te,
842 1974 1004 2028 frater
1026 1973 1315 2031 carissime,
1345 1971 1478 2023 fama
1503 1970 1839 2023 celeberrima
1866 1969 2052 2036 praedi-

508 2074 681 2127 cante,
704 2064 946 2131 cognovi,
972 2071 1024 2115 et
1064 2062 1115 2113 in
1146 2060 1276 2114 sede
1304 2059 1537 2113 caritatis
1576 2058 1676 2111 illis
1724 2057 1911 2124 quibus
1940 2056 2051 2121 ip~e

509 2154 698 2207 melius
724 2142 926 2207 terrena
948 2152 1195 2219 despicis,
1218 2158 1271 2204 et
1296 2148 1531 2204 cmlcstia
1566 2148 1841 2216 divinaque
1876 2147 2049 2200 censi-

508 2243 680 2306 deras,
733 2241 900 2293 oculis
951 2240 1141 2293 mentis
1186 2238 1417 2306 aspexi:
1472 2236 1613 2290 unde
1652 2236 1814 2303 ipsius
1858 2250 2047 2289 nomen

508 2330 747 2398 ascripsi,
772 2330 920 2395 cujus
946 2342 1162 2379 munere
1183 2329 1431 2379 donatum
1453 2339 1572 2379 esse
1604 2334 1655 2377 te
1684 2323 1807 2377 vidi.
1841 2324 1903 2375 Et
1930 2323 2048 2375 ideo

507 2418 631 2469 dum
663 2426 713 2469 te
743 2417 792 2468 in
820 2415 1034 2480 speculo
1059 2415 1233 2468 cordis
1272 2414 1571 2483 diligenter,
1620 2421 1675 2467 et
1713 2411 2049 2479 pulchritudi-

509 2521 629 2561 nem
657 2505 921 2561 interioris
946 2504 1171 2558 hominis
1200 2504 1271 2558 tui
1301 2503 1641 2557 vehementer
1685 2503 1935 2565 admiror,
1982 2500 2048 2553 ad

506 2594 911 2649 desiderandum
945 2594 1105 2647 animi
1146 2594 1248 2646 mei
1277 2594 1478 2645 viscera
1517 2588 1807 2648 concitasti.
1842 2606 1956 2658 qua:
1994 2591 2045 2643 in

509 2693 709 2737 tantum
736 2684 979 2736 allectum
1007 2690 1150 2735 tuum
1175 2679 1530 2735 meracissima
1576 2679 1859 2733 dilectione
1904 2693 2047 2731 com-

507 2783 648 2827 mota
678 2781 819 2833 sunt,
866 2778 921 2822 ut
961 2784 1115 2837 quem
1150 2768 1473 2836 spiritalibus
1496 2768 1661 2821 oculis
1699 2768 2043 2834 contemplor,

506 2862 663 2917 etiam
692 2860 989 2914 carnalibus
1011 2872 1228 2912 cernere
1248 2858 1634 2924 concupiscam.
1673 2854 2042 2923 Quamobrem,

504 2951 650 3005 salve
668 2948 727 3003 in
748 2949 955 3003 Christo
973 2948 1195 3002 Domino
1217 2948 1515 3016 plurimum,
1536 2947 1716 3001 dicens
1746 2946 2041 3014 specialius,

506 3057 705 3111 quasso,
734 3052 792 3094 ut
821 3054 919 3095 una
944 3054 1062 3093 cum
1092 3039 1288 3093 domno
1316 3052 1435 3092 meo
1481 3040 1749 3105 episcOpo,
1782 3052 1938 3104 quem
1978 3036 2043 3089 ad
2085 3037 2091 3043 '

504 3146 601 3185 nos
624 3139 900 3184 venturum
941 3144 1035 3195 pro
1064 3144 1157 3182 sua
1186 3127 1487 3196 dignatione
1512 3126 1740 3188 conﬁdo,
1766 3129 1935 3188 vobis,
1975 3126 2039 3177 ad

506 3220 849 3273 humilitatem
894 3228 1123 3271 nostram
1154 3217 1487 3281 visitandam,
1536 3217 1737 3270 faciatis
1775 3216 2039 3283 injuriam,

507 3318 563 3361 ut
600 3307 859 3374 possimus
894 3306 948 3359 in
976 3320 1135 3358 unum
1160 3306 1313 3373 positi
1366 3305 1586 3358 fructum
1606 3306 1671 3359 de
1697 3313 1871 3359 nostra
1910 3306 2045 3359 invi-

508 3414 617 3452 rem
642 3411 855 3466 carpere
876 3396 1186 3465 praesentia;
1215 3396 1338 3450 dum
1384 3398 1701 3450 sciscitantis
1741 3397 1960 3451 intentio
1985 3398 2043 3452 ﬁt

509 3488 876 3555 respondentis
902 3486 1161 3550 eruditio;
1186 3494 1240 3540 et
1267 3496 1477 3539 mutuus
1497 3486 1884 3553 quodammodo
1922 3500 2042 3555 pro-

509 3578 674 3631 fectus
703 3576 955 3630 discentis
980 3574 1222 3638 efﬁcitur,
1249 3584 1303 3629 et
1327 3574 1582 3628 docentis.
1611 3575 1735 3638 Pax,
1769 3588 1888 3642 pax,
1921 3589 2039 3643 pax.

1076 3706 1286 3760 EPIST.
1319 3705 1480 3759 XVII.

511 3819 705 3871 Damno
724 3818 905 3868 anima:
943 3830 1067 3877 sum,
1120 3823 1165 3867 et
1208 3817 1322 3867 totis
1369 3816 1419 3866 in
1450 3814 1647 3868 Christo
1672 3814 1884 3868 Domino
1914 3818 2044 3868 dile-

577 3886 754 3938 ctionis
776 3884 1039 3937 visceribus
1063 3884 1331 3936 excolendo
1358 3883 1589 3935 Pomerio
1609 3883 1776 3934 abbati
1803 3885 2042 3935 Ruricius

576 3969 857 4021 episcopus.

576 3972 603 4006 ε
639 3970 739 4005 1800
782 3970 857 4005 us.

574 3970 834 4108 S’izriptftm
858 4045 958 4102 est,
996 4036 1131 4090 sicut
1158 4036 1255 4104 ipsi
1300 4036 1487 4090 melius
1509 4036 1693 4101 nostis,
1726 4036 1857 4088 Mihi
1883 4037 2046 4089 vindi-

507 4137 656 4195 cta‘m,
686 4145 775 4199 ego
803 4127 1089 4189 retribuam,
1114 4126 1238 4179 dicit
1266 4125 1532 4179 Dominus.
1550 4125 1720 4198 (Deut.
1743 4141 1909 4191 xxxii,
1940 4128 2042 4192 55;

512 4223 654 4281 Rom,
684 4219 1019 4290 xn,19).Jam
1038 4231 1132 4271 vos
1148 4217 1273 4271 mihi
1291 4219 1333 4271 si
1356 4217 1478 4286 quid
1494 4219 2042 4287 imputatisignoscite,

509 4311 625 4377 quia
652 4310 829 4363 sciatis
857 4307 1130 4360 Dominum
1160 4306 1472 4359 vindicasse.
1502 4304 1630 4359 Tam
1656 4308 1785 4360 aviis
1808 4322 1904 4360 nos
1928 4320 2045 4360 esse

510 4398 780 4450 itineribus
792 4394 1234 4458 noveritis,intam
1248 4394 1449 4445 abditas
1462 4393 1768 4445 solitudines
1782 4394 2042 4455 inductos,

2155 600 2349 662 ltabris,
2383 610 2563 667 erepto
2588 601 2655 653 ab
2685 603 2852 655 oculis
2892 603 3087 655 nostris
3140 604 3340 655 nebulis
3367 618 3429 655 ac
3470 604 3693 658 nubibus

2151 688 2258 751 die,
2287 689 2385 741 iter
2407 704 2562 756 agere
2596 694 2952 745 crederemus.
2980 691 3109 757 Quia
3140 692 3343 745 etiamsi
3382 692 3579 747 mundo
3614 710 3715 747 ra»

2151 776 2266 831 dius
2319 778 2449 830 solis
2495 778 2683 843 illuxit,
2731 778 2795 830 ad
2828 793 2944 839 nos,
2990 794 3094 846 pra:
3131 780 3391 834 densitate
3453 782 3684 834 nemoris

2150 867 2399 933 splendor
2419 867 2602 934 ipsius,
2626 875 2679 920 et
2717 868 2861 921 calor
2893 870 3165 932 pervenire
3208 884 3310 921 non
3358 870 3539 930 valuit,
3570 870 3690 922 dum

2150 970 2248 1007 nos
2277 954 2346 1007 ita
2394 970 2487 1019 per
2534 956 2632 1008 iter
2663 956 2944 1009 infelicium
2992 957 3215 1011 felicium
3263 959 3549 1025 proceritas
3579 973 3691 1026 pre-

2153 1046 2266 1106 mit,
2293 1053 2343 1097 et
2369 1042 2450 1097 sic
2484 1045 2751 1097 inundatio
2782 1048 2915 1099 roris
2944 1049 3189 1113 aspergit,
3224 1056 3279 1101 ut
3307 1050 3561 1101 contracti
3606 1049 3693 1100 l‘ri-

2150 1147 2298 1199 gore,
2350 1134 2431 1186 vel
2468 1135 2634 1186 coacti
2679 1136 3000 1201 apricitatem
3060 1137 3192 1204 ignis
3232 1136 3467 1205 plurimis
3510 1136 3693 1191 diebus

2150 1224 2538 1292 cynocaumatis
2554 1226 2855 1292 quaerimus.
2883 1226 2985 1279 Sed
3010 1241 3129 1279 cum
3146 1228 3210 1279 ad
3230 1227 3423 1289 locum,
3454 1227 3518 1279 ad
3541 1243 3691 1295 quem

2120 1364 2125 1368 .
2152 1314 2395 1365 tendebat
2427 1313 2649 1366 intentio
2677 1316 3118 1381 pervenissemus,
3152 1316 3329 1369 vallati
3360 1317 3511 1384 aquis
3540 1326 3717 1385 atque

2154 1401 2450 1467 madefacti,
2479 1403 2563 1454 siti
2596 1404 2897 1469 occepimus
2922 1404 3181 1471 deperire.
3212 1405 3340 1469 Quia
3370 1420 3489 1459 cum
3519 1417 3688 1468 esset,

2152 1497 2209 1540 ut
2232 1488 2482 1551 diximus,
2513 1490 2651 1556 rigor
2678 1490 2727 1541 in
2762 1504 2903 1553 aere,
2931 1500 3044 1543 erat
3074 1499 3246 1544 tamen
3277 1500 3424 1560 tepor
3454 1495 3503 1546 in
3529 1494 3688 1554 fonte.

2150 1576 2350 1630 odoriu
2378 1578 2612 1643 ﬂumine,
2636 1578 2793 1631 ardor
2814 1579 2865 1630 in
2893 1593 3097 1647 campo,
3126 1589 3286 1634 :estus
3314 1581 3364 1634 in
3405 1590 3613 1643 castro;
3642 1592 3691 1635 et

2154 1674 2207 1716 ut
2238 1664 2381 1718 brevi
2430 1680 2675 1719 sermone
2733 1668 2976 1721 universa
3022 1668 3352 1731 concludam,
3404 1684 3497 1735 per
3536 1670 3690 1722 talem

2153 1754 2288 1804 viam
2320 1767 2416 1806 nos
2442 1754 2539 1807 iter
2566 1756 2734 1822 egisse
2756 1756 3073 1823 cognoscite,
3107 1772 3200 1823 per
3219 1770 3373 1823 quam
3399 1772 3495 1812 nee
3515 1758 3581 1811 sd
3605 1773 3689 1825 pa-

2080 1842 2125 1899 B
2154 1842 2401 1903 ratlisum,
2448 1858 2548 1895 non
2578 1844 2747 1896 dicam
2774 1844 2838 1896 ad
2861 1846 3097 1898 exsilium
3126 1846 3203 1899 ire
3230 1848 3503 1915 quisquam
3542 1849 3686 1901 desi-

2151 1929 2320 1982 deret.
2354 1931 2686 1998 Quapropter
2712 1933 2831 1999 quia
2860 1932 2971 1986 ιιωο
2997 1935 3171 1986 omnia
3219 1934 3469 1987 Dominus
3512 1946 3689 1988 noSter

2150 2026 2204 2071 et
2231 2034 2315 2070 me
2346 2019 2636 2081 incurrere,
2664 2028 2717 2071 et
2742 2034 2835 2072 vos
2859 2019 3018 2087 jussit
3045 2022 3304 2085 evadere;
3336 2031 3548 2090 peccata
3573 2038 3686 2076 mea

2149 2116 2179 2156 a
2208 2105 2393 2157 vesuis
2426 2105 2625 2158 meritis
2655 2105 2811 2159 etiam
2841 2106 3031 2159 visibili
3061 2109 3245 2162 itinere
3272 2110 3614 2174 discernens;
3637 2122 3689 2165 et

2149 2206 2241 2245 vos
2269 2192 2357 2260 qui
2400 2203 2545 2245 arcta
2592 2202 2643 2245 et
2688 2194 2948 2247 laboriosa
2998 2197 3302 2263 spiritaliter
3331 2198 3545 2265 pergitis
3584 2200 3687 2266 via,

2147 2282 2271 2335 istas
2296 2296 2396 2333 non
2448 2282 2750 2334 incidcrctis
2790 2285 3080 2349 angustias,
3130 2294 3183 2337 et
3225 2299 3323 2339 nos
3366 2287 3452 2353 qui
3496 2287 3599 2340 lata
3638 2302 3688 2342 et

2148 2370 2399 2435 spatiosa,
2434 2379 2724 2421 retrorsum
2756 2383 2964 2436 semper
3001 2373 3342 2438 respicientes
3372 2375 3686 2441 incedimus,

2150 2456 2302 2521 hujus
2358 2457 2677 2508 incurrimus
2727 2457 2963 2523 injurias.
3014 2460 3173 2513 Orate
3243 2461 3550 2525 Dominum,
3604 2464 3686 2518 cui

2146 2544 2318 2596 omnia
2353 2544 2619 2610 possibilia
2675 2544 3005 2610 conﬁtemur,
3059 2558 3115 2600 ut
3152 2548 3251 2601 etsi
3302 2563 3394 2615 per
3426 2550 3688 2607 diversum

2148 2632 2268 2697 iter,
2302 2633 2367 2685 ad
2404 2649 2679 2686 unamnos
2713 2643 2883 2688 tamen
2907 2637 3086 2689 urbem
3118 2639 3271 2691 faciat
3296 2642 3604 2705 convenire;
3636 2644 3688 2695 in

2146 2737 2302 2789 quam
2331 2737 2427 2775 nos
2455 2723 2813 2778 misericordia
2848 2734 3019 2791 potest
3049 2726 3262 2793 inferre,
3290 2744 3380 2783 vos
3411 2716 3617 2785 mcrita.

2634 2834 2639 2839 ’
2702 2834 2912 2888 EPIST.
2947 2836 3127 2888 XVIII.

2218 2921 2517 2975 Dulcissimo
2567 2932 2610 2975 cl
2644 2926 2883 3003 unanimo
2926 2926 3032 2992 ﬁlio
3066 2936 3089 2962 ι
3133 2929 3338 2981 Umacio
3385 2930 3619 2985 Ruricius

2209 3003 2218 3009 ·
2791 3009 3070 3059 episcopus.

2216 3084 2280 3137 Ut
2314 3099 2406 3151 per
2435 3083 2713 3138 Venerium
2757 3086 3017 3139 dulcedini
3072 3096 3174 3140 tute
3217 3102 3316 3140 non
3368 3088 3681 3151 scriberem,

2070 3158 2114 3219 C
2146 3187 2248 3223 non
2279 3172 2628 3239 negligentiae,
2662 3188 2758 3227 nec
2796 3174 3156 3239 imputatimiis
3180 3178 3420 3245 alicujus,
3461 3179 3552 3231 sed
3599 3192 3687 3232 oc-

2143 3264 2437 3330 cupationis
2482 3262 2641 3316 fuisse
2680 3254 2959 3332 cognosce.
2994 3266 3141 3321 Unde
3188 3269 3279 3321 has
3308 3286 3400 3335 per
3427 3270 3684 3325 Amelium

2144 3352 2282 3413 dedi,
2314 3353 2502 3420 quibus
2542 3355 2685 3407 salve
2725 3354 3006 3422 plurimum
3050 3356 3191 3419 diro,
3244 3367 3295 3409 et
3339 3368 3395 3409 ut
3436 3361 3687 3428 propositi

2144 3442 2217 3493 tui
2246 3456 2452 3507 semper
2488 3442 2865 3506 reminiscaris,
2918 3456 3246 3499 commoneo.
3293 3444 3398 3500 Nec
3450 3449 3681 3503 animum

2144 3538 2285 3582 tuum
2308 3530 2415 3595 jam
2447 3531 2555 3583 Deo
2582 3532 2809 3584 dicatum
2842 3543 2931 3585 aut
2959 3548 2987 3584 a
3012 3544 3187 3602 empto
3218 3536 3407 3589 itinere
3446 3536 3687 3592 blandior

2144 3618 2286 3669 visus
2316 3628 2520 3681 avocet,
2552 3626 2642 3669 aut
2670 3619 2986 3671 modulatior
3013 3633 3314 3689 corrumpat
3341 3624 3567 3687 auditus,
3594 3637 3687 3678 aut

2053 3740 2060 3747 -
2144 3705 2347 3756 dulcior
2371 3714 2553 3772 gustus
2582 3705 2795 3769 inliciat,
2827 3716 2916 3759 aut
2957 3709 3162 3761 mollior
3202 3711 3447 3765 sollicitet
3495 3724 3682 3777 tactus,

2143 3804 2231 3846 aut
2257 3796 2470 3846 suavior
2508 3795 2757 3848 odoratus
2807 3795 3009 3859 illiciat,
3049 3806 3102 3850 et
3132 3814 3224 3865 per
3264 3800 3520 3854 fenestras
3566 3818 3689 3855 cor-

2146 3884 2287 3948 poris
2319 3897 2459 3935 mors
2484 3883 2861 3936 intromittatur
2881 3884 2943 3937 ad
2970 3888 3216 3940 animam.
3252 3889 3355 3943 Sed
3400 3906 3570 3959 neque
3594 3892 3688 3945 sti-

2145 3986 2262 4024 vam
2312 3981 2514 4035 tenens,
2548 3984 2727 4025 contra
2764 3973 2968 4028 Domini
2996 3979 3306 4030 sententiam
3346 3988 3487 4033 retro
3514 3983 3683 4048 respi—

2145 4063 2274 4123 cias,
2307 4072 2361 4113 ut
2388 4062 2643 4115 directum
2673 4063 2826 4117 linea:
2863 4065 3041 4119 sulcus
3084 4070 3322 4121 amittat:
3354 4070 3476 4136 quin
3518 4074 3687 4139 potius

2145 4151 2213 4204 ita
2244 4146 2298 4203 iri
2321 4165 2460 4214 eum,
2493 4151 2576 4205 cui
2604 4159 2677 4216 te,
2710 4152 2822 4219 ipso
2862 4154 3175 4223 inspirante,
3208 4157 3412 4220 vovisti,
3442 4160 3685 4213 omnibus

2144 4238 2384 4292 sensibus
2414 4240 2602 4303 inhies,
2626 4250 2679 4294 et
2700 4242 2859 4296 corde
2884 4243 3086 4299 defixus
3136 4245 3427 4309 adbzereas,
3456 4261 3511 4300 ut
3564 4264 3683 4303 cum

2147 4336 2197 4379 te
2220 4326 2301 4378 vel
2329 4340 2426 4378 una
2455 4328 2786 4393 praefatorum
2813 4332 3058 4385 vitiorum
3085 4334 3205 4387 illex
3238 4334 3683 4403 formapulsave-

2146 4416 2233 4478 rit,
2260 4415 2359 4467 fide
2389 4415 2558 4478 firma,
2577 4427 2630 4469 et
2668 4418 2841 4470 divina
2873 4423 3213 4477 meditatione
3228 4428 3481 4480 munitum
3504 4441 3686 4494 pectus

511 4494 567 4538 ut
594 4499 682 4538 eas
703 4494 937 4537 retexere
955 4480 1157 4533 animus
1172 4480 1401 4543 horreat,
1426 4494 1575 4534 mens
1599 4479 1845 4580 refugiat,
1875 4496 2048 4535 sermo
2078 4481 2123 4538 D
2151 4504 2295 4556 adire
2320 4519 2423 4556 ηοη
2448 4506 2629 4571 possit,
2664 4506 2727 4558 Ει
2750 4509 3035 4573 quamlibet
3075 4511 3125 4562 in
3153 4514 3317 4565 ιιιγιωε
3343 4479 3686 4580 ροεῃιιζεοέε

510 4594 611 4632 non
636 4584 811 4645 queat.
830 4572 1146 4627 lncurrimus
1179 4584 1403 4640 namque
1434 4571 1673 4624 semitam
1717 4570 2041 4625 obstructam

511 4674 687 4737 ramis,
738 4671 907 4739 spatio
935 4667 1293 4736 cunstrictam,
1326 4668 1490 4735 spinis
1533 4668 1743 4731 hirtam,
1793 4668 2043 4735 stirpibus

508 4766 758 4823 clausam,
778 4760 997 4813 nbsitam
1020 4760 1272 4823 sentibus,
1291 4759 1393 4811 situ
1422 4772 1681 4825 asperam,
1698 4773 1939 4813 saxorum
1956 4775 2045 4828 ag-

509 4851 715 4917 geribus
752 4848 1072 4917 impeditam,
1096 4846 1330 4900 radicum
1359 4847 1684 4899 connexione
1704 4856 2040 4915 constratam,

510 4952 659 4992 cceno
685 4938 1063 5005 voraginosam,
1085 4944 1139 4989 ut
1167 4936 1219 4989 in
1248 4944 1353 4987 tam
1381 4932 1540 4986 variis
1569 4941 1776 5000 tamque
1790 4936 2040 5003 multipli-

510 5028 655 5080 cibus
674 5026 825 5079 malis
842 5040 943 5079 non
960 5033 1099 5078 esset
1114 5024 1332 5092 simplex
1356 5022 1518 5075 forma
1533 5024 1743 5090 periculi
1770 5035 1798 5086 ;‘
1814 5026 1935 5079 dum
1952 5040 2041 5079 ca-

512 5115 761 5170 ballorum
775 5115 931 5182 pedes
955 5115 1186 5167 radicum
1214 5115 1380 5165 virtus
1394 5112 1612 5177 detinet,
1640 5116 1799 5167 ctsoli
1818 5116 2040 5182 putredo

512 5224 615 5261 non
642 5208 899 5270 sustinet;
943 5208 1202 5260 montibus
1233 5220 1358 5259 vero
1388 5206 1456 5257 ita
1500 5206 1549 5257 in
1591 5207 1813 5263 sublime
1861 5225 2039 5277 porre-

512 5309 668 5366 ctam,
701 5306 756 5352 et
781 5297 996 5349 vallibus
1028 5300 1075 5347 in
1101 5294 1355 5361 profunda
1385 5292 1697 5358 demersam,
1730 5306 1785 5348 ut
1825 5314 1920 5351 nos
1946 5314 2037 5367 per

594 5511 616 5537 ⁸
637 5503 746 5553 Fuit
776 5502 861 5553 il'c
891 5498 1160 5564 presbyter
1208 5495 1575 5547 dilectissimus
1596 5493 1832 5555 Ruricio,
1882 5496 2033 5558 cujus

514 5587 608 5635 ope
638 5587 755 5621 usus
783 5578 859 5622 est
901 5564 1217 5635 Eparchius,
1252 5571 1307 5614 ut
1347 5564 1545 5613 litteras
1589 5566 2032 5623 commendatitias

2151 4593 2390 4657 videaris,
2416 4594 2618 4648 intrans
2648 4595 2701 4647 in
2728 4595 3023 4649 cubiculum
3048 4600 3222 4652 cordis
3250 4602 3323 4653 tui
3346 4603 3521 4655 clauso
3549 4608 3685 4658 ostio

2151 4692 2259 4749 tuo,
2285 4684 2560 4738 Dominum
2586 4700 2737 4739 orare
2789 4701 2891 4739 non
2918 4689 3127 4740 desinas
3146 4688 3358 4753 (Matth.
3390 4707 3460 4757 vi,
3492 4693 3583 4759 6),
3631 4705 3688 4745 ut

2150 4773 2235 4839 qui
2268 4772 2482 4824 videtin
2523 4773 2748 4837 occulto,
2782 4774 2919 4827 dicat
2972 4775 3084 4835 tibi,
3113 4776 3246 4827 sicut
3290 4788 3473 4830 sancto
3519 4781 3681 4849 Moysi

2152 4860 2457 4915 vociferanti
2479 4862 2541 4914 ad
2570 4878 2626 4916 se
2652 4878 2755 4915 non
2787 4878 2934 4925 voce,
2966 4865 3055 4916 scd
3079 4866 3257 4928 corde,
3282 4867 3486 4921 dicebat
3510 4887 3522 4920 :
3554 4870 3684 4933 Quid

2146 4951 2330 5002 clamas
2356 4951 2421 5001 ad
2440 4950 2724 5015 melExod.
2753 4966 2859 5014 xtv,
2882 4954 3006 5019 I5)?
3036 4954 3099 5006 Et
3134 4968 3290 5020 spero
3319 4964 3373 5006 ut
3397 4957 3447 5008 in
3494 4959 3683 5013 talibus

2142 5038 2465 5091 orationibus
2492 5038 2650 5090 etiam
2682 5040 2781 5091 mei
2812 5042 3113 5095 meminisse
3152 5042 3406 5111 digneris,
3436 5057 3487 5097 et
3528 5051 3684 5102 citius

2144 5134 2196 5178 te
2224 5124 2289 5177 ad
2313 5139 2428 5184 nos,
2450 5125 2605 5177 etiam
2636 5126 2679 5177 si
2706 5126 2843 5178 inter
2870 5142 2963 5178 nos
2986 5128 3186 5181 reducit
3214 5132 3449 5195 affectus,
3477 5136 3685 5190 deside-

2146 5213 2281 5264 rium
2310 5210 2626 5263 dulcissimzc
2657 5220 2710 5265 et
2730 5213 3085 5269 saluberrimae
3112 5218 3301 5285 quietis
3330 5222 3573 5275 adducat.

2138 5496 2197 5614 ait!
2220 5496 2583 5616 Ρᾼϋιπιέςιιιὲιιῐιιιῐι
2615 5497 2894 5553 obtineret.
2931 5502 3058 5555 Vile
3082 5503 3299 5557 inferius
3330 5506 3363 5556 Ι.
3386 5519 3440 5566 ιι,
3478 5518 3562 5571 ep.
3589 5508 3679 5576 ‘27,

2138 5580 2165 5616 e
2217 5584 2247 5615 ι)
2293 5602 2303 5614 .
2398 5585 2416 5615 ι
2453 5580 2500 5616 ιι.

2138 5580 2189 5617 Cl
2217 5580 2303 5616 Ol).
2349 5580 2500 5617 thN.
