3908 6376
236 333 289 385 8i
1478 326 1804 380 ΕριδτΟιΑι

1905 324 2095 379 ιίιιιιις.
2137 322 2196 375 ll.
3350 321 3415 370 82

1851 442 2075 454 μορ-

1176 566 1634 669 LIBER
1721 563 2530 669 SECUNDUS.

1702 766 1977 777 ————.——

720 896 1041 952 EPISTOIA
1080 896 1303 947 PRIMA.

253 987 457 1041 Domnis
484 988 847 1039 sublimissimis
872 999 917 1038 et
950 990 999 1037 in
1025 986 1218 1037 Christo
1243 986 1457 1036 Domino
1480 985 1788 1035 devinctissi-

361 1058 452 1107 mis
479 1057 717 1122 fratribus
741 1066 762 1089 ⁸
786 1055 1029 1106 Namacio
1066 1065 1107 1105 et
1134 1052 1392 1104 Ceraunia
1423 1054 1673 1103 Ruricius.

320 1157 533 1224 Antiqui
564 1160 826 1223 sapientes
852 1160 1047 1210 amicos
1086 1158 1216 1209 duos
1256 1172 1408 1208 unam
1440 1156 1661 1207 animam
1696 1156 1790 1206 ha-

257 1245 375 1297 bere
419 1245 707 1298 dixerunt:
761 1244 896 1313 quod
945 1243 1092 1297 valde
1136 1259 1317 1297 verum
1366 1258 1483 1295 esse
1532 1244 1789 1308 pnedico,

256 1333 538 1401 proboque.
591 1333 716 1385 Nam
748 1344 1023 1401 postquam
1054 1348 1082 1384 a
1114 1344 1280 1386 vestra
1314 1334 1653 1399 germanitate
1683 1333 1793 1383 dis-

255 1420 416 1483 cessi,
466 1420 686 1472 divisum
733 1435 850 1474 esse
896 1436 978 1473 me
1023 1421 1225 1483 sentio,
1276 1431 1578 1487 partemque
1625 1436 1792 1472 meam

260 1508 520 1561 vobiscum
562 1509 822 1562 resedisse
852 1523 1130 1578 cognosco.
1181 1509 1284 1561 Nec
1321 1509 1619 1562 absentibus
1650 1509 1794 1561 vobis

260 1600 453 1665 integer
481 1613 598 1652 esse
628 1600 753 1650 mihi
785 1599 982 1650 videor.
1035 1600 1095 1649 Et
1123 1614 1239 1651 cum
1275 1614 1357 1650 me
1399 1599 1446 1648 in
1476 1613 1557 1650 me
1589 1613 1688 1649 non
1717 1600 1795 1649 in-

262 1689 456 1739 veniam
485 1728 500 1751 ,
548 1687 681 1753 apud
721 1702 813 1739 vos
856 1702 969 1749 me,
1016 1688 1079 1738 ad
1127 1702 1218 1739 vos
1260 1702 1518 1749 reversus,
1566 1688 1791 1751 inquiro,

260 1788 408 1845 atque
447 1777 661 1841 ibidem,
694 1787 939 1843 quantum
972 1793 1054 1830 me
1081 1762 1232 1844 jubes
1273 1778 1564 1844 reliquisse,
1598 1787 1793 1829 tantum

262 1867 413 1918 vestri
444 1881 645 1918 mecum
673 1866 949 1919 abstulisse
977 1866 1259 1933 ecuspicio.
1310 1868 1369 1917 lit
1402 1869 1468 1918 ita
1498 1868 1794 1933 priusquam

263 1956 378 2017 dat,
409 1966 670 2009 annuente
699 1957 946 2021 Domino,
993 1960 1261 2024 pignorum
1301 1967 1599 2010 nostrorum
1627 1960 1794 2010 votiva

261 2049 556 2114 conjunctio
598 2048 889 2099 animorum
938 2049 1071 2099 inter
1120 2062 1215 2099 nos
1263 2048 1391 2099 facta
1441 2047 1543 2113 jam
1589 2048 1793 2110 divisio,

262 2151 375 2205 qua:
410 2136 635 2189 ltdivino
684 2138 1041 2203 amplectenda
1092 2138 1253 2203 magis
1300 2147 1381 2189 est
1431 2138 1794 2205 diligentibus,

1810 899 1857 955 Α
1889 896 2026 947 dico.
2080 895 2184 947 Iter
2231 907 2436 951 meum.
2485 901 2821 957 vestrumque
2868 899 3198 954 conspectum
3249 899 3424 942 mente

1894 984 2176 1053 pravenio,
2210 992 2363 1049 atque
2394 980 2589 1043 omnia,
2620 982 2753 1033 sicut
2775 980 3019 1043 jussistis,
3051 988 3102 1031 et
3126 980 3337 1045 dignum
3364 993 3425 1031 ac

1893 1073 2123 1125 debitum
2174 1072 2299 1134 fuit,
2354 1071 2616 1136 inspecta,
2664 1069 2876 1130 tradita,
2930 1070 3126 1119 ﬁrmata
3164 1068 3427 1135 significo.

1892 1162 1997 1214 Nec
2028 1174 2213 1214 vereor
2240 1160 2374 1227 quod
2406 1160 2591 1213 debeat
2622 1160 2820 1211 animos
2846 1169 3045 1210 vosuos
3075 1148 3173 1209 vel'
3196 1158 3427 1223 aliquan-

1893 1252 2053 1314 tisper
2082 1249 2376 1311 offendere,
2428 1248 2562 1314 quod
2612 1263 2771 1298 unum
2815 1246 3125 1301 vocabulum
3158 1247 3222 1300 de
3250 1246 3427 1299 libello

1893 1338 2028 1392 dotis
2057 1339 2233 1391 vident
2262 1352 2375 1390 esse
2404 1338 2718 1389 snbtractum
2747 1352 2759 1399 ;
2812 1350 2927 1386 cum
2965 1336 3062 1385 hoc
3102 1334 3238 1401 quod
3279 1334 3427 1388 deest

1894 1442 2133 1487 numero,
2163 1440 2261 1476 non
2288 1424 2456 1477 solum
2484 1432 2895 1489 compensatum,
2923 1422 3015 1475 sed
3044 1422 3199 1476 etiam
3221 1431 3425 1476 auctum

1893 1513 2175 1581 agnoscitis
2203 1513 2255 1564 in
2283 1512 2491 1564 merito.

2496 1619 2705 1673 EPIST.
2748 1618 2831 1671 lll.

1897 1713 2123 1765 Dominis
2149 1711 2439 1763 sublimibus
2463 1711 2579 1761 etin
2600 1708 2794 1759 Christo
2818 1706 3029 1758 Domino
3055 1708 3429 1759 derinctissimis

2080 1781 2319 1847 fratribus
2350 1780 2593 1830 Namacio
2622 1788 2667 1830 et
2695 1777 2952 1846 Ceraunite
2984 1776 3235 1828 Ruricius.

1966 1872 2129 1937 Quam
2155 1873 2385 1938 graviter
2411 1871 2506 1921 sim
2530 1869 2594 1921 de
2622 1870 2758 1920 luctu
2782 1876 2953 1919 vestro
2978 1868 3141 1919 nuntii
3166 1868 3431 1921 atrocitate

1900 1962 2200 2029 perculsus,
2240 1961 2445 2012 facilius
2488 1974 2579 2011 vos
2628 1974 2719 2021 pro
2768 1967 2947 2008 mutuo
2994 1958 3207 2022 potestis
3255 1972 3432 2011 amore

1897 2051 2188 2115 conjicere,
2231 2064 2385 2115 quam
2429 2062 2525 2115 ego
2558 2047 2747 2113 possim
2781 2047 2967 2099 litteris
2998 2048 3258 2100 intimare.
3306 2048 3433 2111 Quia

1900 2141 2103 2192 animus
2135 2138 2295 2191 nimio
2340 2152 2565 2189 mmrore
2594 2136 2885 2199 confectus,
2918 2136 3055 2203 quod
3089 2137 3263 2214 horret
3290 2152 3435 2189 recm

262 2227 682 2292 quamvitanda;
718 2242 807 2293 per
832 2243 985 2293 quam
1020 2228 1074 2279 lit
1104 2229 1153 2279 in
1183 2228 1427 2280 cordibus
1453 2242 1634 2280 eorum
1666 2230 1800 2281 cari-
1834 2224 1873 2279 Β
1905 2229 2029 2291 lere,
2062 2228 2233 2280 renuit
2260 2226 2534 2291 expedire.
2587 2226 2762 2287 Doleo,
2807 2226 2990 2277 fratres
3029 2216 3429 2295 devinctissimi,

267 2315 385 2370 tatis
424 2318 638 2384 integrae
674 2318 878 2371 sincera
916 2317 1233 2378 transfusio;
1283 2319 1431 2385 cujus
1460 2334 1557 2385 ego
1584 2320 1803 2371 vinculis

266 2407 560 2473 colligatum
593 2422 618 2457 a
644 2408 790 2460 vobis
816 2422 931 2460 esse
961 2422 1042 2459 me
1066 2408 1288 2474 gaudeo,
1314 2415 1366 2459 et
1396 2407 1583 2459 talibus
1608 2409 1805 2461 catenis

268 2502 469 2555 vinetus
500 2504 723 2563 exsulto,
752 2502 1112 2569 obstringique
1143 2516 1224 2552 me
1252 2516 1427 2553 earum
1458 2499 1675 2552 nexibus
1701 2515 1807 2550 ma-

270 2593 347 2657 gis
391 2592 550 2658 cupio
592 2606 745 2659 quam
785 2591 994 2644 resolvi.
1044 2590 1241 2655 Quibus
1280 2603 1329 2642 et
1377 2606 1469 2643 vos
1498 2591 1807 2641 constrictos

269 2692 385 2730 esse
410 2678 635 2730 Confido.
669 2678 1023 2730 Redeuntibus
1050 2679 1219 2742 itaque
1248 2678 1432 2729 vestris
1459 2678 1600 2728 salve
1628 2676 1805 2742 largis-

274 2767 459 2819 simum
483 2767 619 2827 dico,
661 2776 711 2819 et
734 2782 795 2819 ex
826 2767 1067 2819 omnibus
1096 2767 1287 2833 gratias
1324 2779 1481 2832 agens
1506 2766 1807 2831 derelinquo

276 2870 387 2921 qua:
428 2856 491 2908 ad
535 2856 850 2922 pra'conium
894 2865 1128 2907 nostrum
1170 2855 1451 2921 pertinent.
1500 2855 1696 2906 Idcirco
1726 2870 1809 2905 me

278 2942 483 2997 siluisse
527 2943 781 3011 significo,
830 2943 949 3009 quia
1001 2942 1051 2994 in
1102 2944 1323 3007 propriis
1368 2942 1625 3003 laudibus,
1678 2945 1810 2994 sicut

274 3032 481 3093 dicitur,
514 3042 593 3082 est
633 3032 810 3082 odiosa
848 3030 1126 3096 jactantia;
1174 3040 1344 3082 vestra
1384 3031 1521 3081 enim
1554 3032 1663 3082 laus
1694 3046 1806 3083 mea

277 3117 407 3169 facta
432 3128 540 3180 est;
586 3127 638 3170 et
666 3117 800 3177 ideo,
831 3126 885 3167 ut
912 3117 1045 3179 dixi,
1087 3117 1151 3169 de
1179 3118 1604 3181 magnanimitate
1636 3127 1805 3170 vestra

278 3219 448 3260 tacere
479 3209 664 3259 melius
695 3206 845 3268 duxi;
892 3208 1009 3272 quia
1050 3206 1299 3274 quidquid
1340 3207 1403 3260 de
1431 3208 1575 3261 vobis
1607 3209 1807 3272 dixero,

276 3296 399 3348 mibi
426 3296 603 3349 videor
629 3280 928 3349 c'ontulisse.
1745 3291 1754 3301 '

888 3408 1095 3461 EPIST.
1138 3410 1195 3461 ll.

280 3494 500 3545 Dominis
523 3494 886 3547 sublimissimis
913 3504 955 3545 et
982 3498 1032 3547 in
1054 3496 1251 3548 Christo
1272 3496 1483 3549 Domino
1510 3501 1810 3551 devinctissi-

414 3579 507 3613 ints
530 3564 766 3630 fratribus
791 3563 1034 3615 Namacio
1063 3576 1107 3616 et
1132 3565 1391 3619 Ceraunia:
1416 3567 1668 3619 Ruricius.

346 3654 484 3707 inter
514 3656 737 3722 reliquas
766 3664 955 3721 grates,
991 3671 1105 3723 qua:
1145 3672 1169 3706 a
1214 3672 1295 3709 me
1338 3658 1481 3710 vobis
1516 3659 1633 3723 jure
1673 3658 1804 3711 refe-

279 3743 452 3795 rendze
480 3752 628 3805 sunt,
674 3744 945 3808 praesentia
978 3758 1034 3795 ac
1062 3744 1259 3796 visione
1291 3748 1490 3810 patroni
1521 3749 1810 3797 communis

280 3830 452 3881 dovnni
494 3831 779 3882 Postumini
824 3833 1059 3898 ingentes
1088 3834 1281 3899 gratias
1310 3848 1426 3898 ago,
1458 3836 1592 3899 quod
1630 3834 1811 3896 hospi-

282 3916 461 3967 tiolum
493 3926 724 3970 vestrum
765 3918 961 3970 fecistis
994 3919 1154 3983 ipsius
1185 3919 1505 3969 orationibus
1543 3919 1809 3969 illustrari.

283 4004 410 4067 Quia
439 4005 562 4056 dum
598 4004 744 4057 vobis
776 4005 987 4056 exhibet
1018 4005 1192 4065 fidem,
1228 4006 1379 4056 nobis
1424 4006 1603 4057 tribuit
1652 4013 1810 4059 bene-

284 4091 589 4152 dictionem;
634 4100 686 4143 et
727 4091 849 4143 licet
880 4090 1033 4143 fuerit
1063 4092 1486 4157 vigilantissimus
1528 4094 1808 4159 inspector,

284 4176 753 4240 importunissimus
784 4186 1014 4239 exactor,
1061 4178 1475 4233 districtissimus
1515 4193 1810 4245 exsecutor,

285 4264 413 4314 levia
446 4271 616 4315 tamen
661 4266 769 4316 haec
810 4266 979 4317 omnia
1022 4268 1185 4333 gratia
1218 4278 1387 4321 vestra
1432 4279 1484 4322 et
1526 4271 1814 4323 sanctitatis

284 4369 392 4405 suae
423 4355 791 4419 ponderatione
824 4360 1187 4421 pensavimus;
1238 4361 1350 4421 quia
1393 4359 1526 4411 sicut
1563 4364 1811 4427 scriptum

285 4451 407 4491 est:
439 4440 632 4493 Caritas
676 4444 840 4494 omnia
890 4446 1117 4505 sustinet,
1168 4448 1349 4497 caritas
1392 4463 1647 4514 nunquam
1668 4454 1811 4501 'e.rci-

286 4529 358 4579 dit
388 4528 437 4595 (Ι
463 4528 579 4597 Cor.
608 4545 714 4593 xui,
744 4532 815 4597 7),
866 4532 1153 4597 prtesertim
1199 4546 1313 4585 cum
1363 4534 1481 4597 hoc,
1512 4538 1647 4601 quod
1679 4537 1816 4589 visus

287 4616 512 4682 exigere,
535 4620 684 4669 nobis
704 4634 820 4671 eum
845 4619 1104 4671 credimus
1129 4620 1217 4672 Dei
1242 4621 1491 4673 benefit-io
1513 4624 1811 4677 contulisse.

289 4703 461 4769 Itaque
494 4719 559 4757 eo
586 4715 607 4741 ε
634 4706 838 4772 propria
871 4708 1077 4759 civitate
1108 4720 1405 4779 remeante,
1446 4726 1547 4761 non
1575 4712 1689 4775 quia
1728 4727 1818 4765 ne—

288 4791 527 4842 cessariae
552 4802 747 4853 essent,
776 4794 867 4846 sed
898 4795 1015 4859 quia
1046 4795 1223 4855 voluit,
1252 4797 1390 4861 dedi,
1420 4798 1602 4863 quibus
1632 4800 1814 4852 indivi-

1908 2330 2008 2369 tatn
2052 2318 2241 2369 acerbo
2273 2318 2413 2369 casui
2445 2325 2637 2378 vestro,
2690 2324 2740 2367 et
2791 2325 2898 2367 toto
2943 2316 3101 2367 corde
3130 2317 3434 2380 compatior.

1905 2409 2035 2460 Nam
2067 2408 2162 2460 etsi
2193 2406 2253 2457 ad
2288 2420 2517 2473 praesens
2541 2420 2567 2457 a
2591 2405 2735 2456 vobis
2758 2413 3026 2468 separatus
3054 2418 3167 2455 sum
3196 2417 3435 2469 corpore,

1905 2508 2077 2550 tamen
2124 2512 2329 2562 semper
2376 2506 2547 2547 mente
2589 2496 2897 2560 conjungor,
2946 2502 2997 2545 et
3044 2493 3163 2543 dum
3218 2507 3244 2542 a
3292 2491 3437 2544 vobis

1908 2590 2079 2638 animo
2126 2601 2224 2637 non
2274 2584 2485 2645 recedo,
2521 2582 2810 2648 planetibus
2841 2584 3027 2634 vestris
3074 2581 3326 2633 interesse
3356 2594 3436 2632 me

1907 2675 2079 2726 credo.
2115 2675 2243 2737 Quia
2274 2673 2557 2725 secundum
2586 2671 2812 2722 divinam
2844 2671 3153 2723 sententiam
3186 2668 3319 2735 quod
3351 2682 3437 2733 pa-

1908 2766 2033 2816 titur
2060 2778 2219 2815 unum
2248 2761 2559 2823 membrum,
2593 2760 2764 2810 omnia
2794 2758 3025 2809 membra
3056 2757 3439 2821 compatiuotur

1909 2852 1961 2903 in
1992 2866 2230 2917 corpore.
2261 2849 2365 2901 Nos
2395 2850 2529 2901 enim
2562 2862 2660 2898 non
2689 2848 2854 2897 solum
2882 2844 2981 2896 fide
3002 2857 3439 2909 concorporamur

1909 2942 1957 2991 iu
1986 2939 2227 3000 Christo,
2268 2939 2357 2989 sed
2400 2937 2554 2989 etiam
2600 2937 2822 2986 filiorum
2852 2934 3215 2999 conjunctione
3242 2946 3439 2985 conne-

1908 3031 2113 3081 ctimnr.
2169 3028 2313 3079 Unde
2357 3028 2511 3077 etiam
2560 3026 2601 3077 si
2649 3039 2891 3077 curarum
2938 3034 3073 3076 tanta
3108 3024 3440 3089 intemperies

1908 3118 2259 3183 permisisset,
2301 3115 2362 3167 ad
2396 3114 2639 3166 solandOs
2666 3129 2776 3177 vos,
2813 3129 2905 3180 pro
2936 3114 3173 3181 epistolis
3202 3114 3314 3178 ipse
3346 3129 3439 3167 ve-

1909 3209 2121 3259 nissem.
2172 3204 2274 3258 Sed
2306 3204 2426 3271 quid
2458 3202 2693 3264 facimus,
2727 3203 2911 3254 fratres
2940 3202 3154 3269 optimi,
3195 3201 3330 3267 quod
3361 3201 3440 3253 di-

1910 3297 2043 3347 vina:
2072 3294 2315 3346 resistere
2341 3290 2558 3357 jussioni
2578 3331 2591 3352 ,
2637 3280 2768 3342 sicut
2796 3290 2987 3342 virtute
3012 3304 3113 3342 non
3144 3304 3438 3355 possumus,

1912 3384 1977 3433 ita
2009 3396 2104 3435 nec
2132 3383 2393 3433 voluntate
2420 3380 2688 3442 debemus,
2713 3388 2765 3431 et
2792 3379 2931 3431 omni
2957 3379 3284 3446 advigilantia
3311 3394 3439 3444 prte-

1912 3487 2097 3526 cavere
2139 3488 2204 3525 ne
2242 3473 2362 3524 dum
2394 3470 2563 3523 dulcia
2596 3470 2746 3521 nobis
2786 3471 2998 3537 pignora
3048 3472 3206 3522 nimio
3260 3470 3441 3524 dolore

1836 3547 1878 3605 C
1912 3564 2185 3625 deﬂemus,
2217 3547 2537 3627 blasphemi,
2578 3571 2663 3611 aut
2689 3560 3072 3627 quodaminodo
3104 3561 3338 3627 injuriosi
3370 3561 3441 3611 vi-

1910 3650 2050 3701 dear
2096 3662 2125 3702 r
2174 3650 2225 3701 in
2280 3650 2533 3709 Domino;
2584 3657 2634 3699 et
2679 3649 2887 3715 gravius
2934 3650 3157 3724 animam
3215 3658 3440 3701 nostram

1909 3750 2087 3791 auctor
2130 3740 2287 3805 ipsius
2333 3738 2531 3789 meritis
2581 3738 2786 3790 inventa
2837 3740 3109 3791 occasione
3148 3740 3440 3800 confodiat,

1911 3844 2065 3891 quam
2110 3843 2351 3880 carorum
2392 3828 2674 3880 amissione
2719 3830 2991 3893 percussit.
3044 3829 3166 3881 ldeo
3210 3834 3258 3881 in
3301 3829 3440 3881 omni

1910 3918 2255 3968 amaritudine
2289 3917 2368 3967 vel
2400 3916 2579 3967 dolore
2620 3918 2681 3967 ad
2728 3919 2870 3969 illum
2904 3918 3052 3970 nobis
3084 3917 3438 3985 refugiendum

1912 4013 2018 4061 est.
2053 4014 2103 4054 et
2134 4003 2195 4053 ad
2229 4003 2366 4053 illum
2396 4016 2577 4054 omnes
2606 4016 2756 4055 casus
2786 4005 2947 4056 nostri
2980 4014 3086 4055 toto
3117 4006 3273 4058 corde
3302 4006 3440 4059 refe-

1914 4089 2080 4146 rendi.
2113 4090 2197 4157 qui
2230 4097 2379 4140 sanat
2406 4090 2722 4153 vulneratos,
2752 4091 2837 4158 qui
2866 4092 3061 4144 relevat
3089 4102 3327 4158 mmstoa,
3352 4095 3439 4161 qui

1914 4180 2215 4233 consolatur
2268 4180 2508 4232 afﬂictos.
2571 4180 2632 4232 Et
2680 4181 2766 4232 illa
2817 4186 3075 4235 sententia
3125 4182 3290 4237 sancti
3342 4183 3441 4239 Job

1913 4272 2125 4322 omnino
2154 4271 2369 4321 dicenda
2401 4279 2516 4323 est:
2550 4268 2792 4321 Dominus
2822 4273 2975 4334 dedit,
3011 4272 3250 4325 Dominus
3276 4272 3442 4326 abstu-

1916 4363 1988 4421 lit,
2022 4363 2147 4412 sicut
2174 4359 2387 4411 Domino
2415 4361 2632 4425 placuit,
2674 4362 2743 4412 ita
2770 4370 2816 4413 et
2844 4362 3026 4428 factum
3056 4371 3143 4427 est,
3176 4363 3240 4414 sit
3269 4378 3441 4415 nomen

1920 4449 2118 4501 Domini
2148 4449 2454 4499 benedictum
2494 4447 2609 4517 (Job
2653 4464 2688 4507 t,
2730 4449 2834 4514 21).
2892 4450 3011 4502 llaec
3052 4465 3202 4517 ergo,
3238 4451 3440 4504 Domlnl

1918 4538 2137 4605 pectoris
2167 4538 2295 4596 mei,
2346 4539 2573 4591 scribere
2600 4540 2747 4591 vobis
2783 4540 2975 4593 idcirco
3004 4544 3341 4609 praesumpsi,
3388 4552 3443 4596 ut

1916 4626 2146 4677 dolorem
2188 4639 2551 4690 communem,
2599 4642 2748 4691 quem
2792 4627 3051 4689 sciebam,
3091 4629 3229 4694 quod
3271 4630 3443 4683 verbis

1917 4714 2046 4765 meis
2072 4712 2308 4778 mitigare
2338 4729 2439 4764 non
2470 4725 2724 4780 poteram,
2754 4714 2836 4767 vel
2872 4716 3060 4769 divinis
3100 4718 3321 4784 eloquiis
3361 4728 3445 4773 ut-

1917 4816 2119 4865 cunque
2149 4800 2467 4854 moderarer.
2519 4802 2583 4852 Et
2613 4817 2733 4855 vere
2769 4816 2871 4854 non
2912 4804 3180 4856 minimum
3223 4809 3445 4870 potestis

290 4874 403 4928 dum
424 4882 750 4943 germanitati
772 4891 955 4934 vesme
977 4882 1116 4935 salve
1140 4880 1482 4950 largissimum
1510 4888 1811 4940 desiderans
1841 4879 1891 4936 D
1915 4903 2102 4955 capere
2131 4888 2195 4939 de
2219 4887 2409 4939 Christi
2438 4889 2702 4942 voluntate
2732 4889 2994 4953 solatium,
3023 4892 3159 4958 quod
3185 4900 3448 4958 quatenus

360 5037 384 5065 ⁸
410 5028 526 5081 Fuit
554 5027 846 5091 Namacius,
876 5030 926 5080 ni
954 5028 1122 5089 fallor.
1161 5031 1295 5083 idem
1339 5048 1454 5085 rum
1484 5032 1727 5085 Namacio
1751 5036 1814 5088 ad

294 5110 443 5166 quem
475 5096 683 5166 scripsit
712 5094 947 5166 Sldonius
975 5096 1300 5163 Apollinaris,
1347 5100 1397 5151 in
1431 5104 1700 5166 Aquitania
1732 5118 1816 5155 se-

293 5165 457 5215 eunda
484 5165 695 5225 degens.
731 5162 819 5213 Vir
846 5162 1044 5220 doctus.
1077 5166 1161 5227 qui
1204 5167 1251 5217 in
1286 5162 1470 5220 eastris
1494 5162 1635 5221 inter
1660 5185 1815 5222 excu-

299 5232 453 5286 biales
486 5247 639 5286 curas
682 5230 869 5283 litteris
909 5230 1158 5283 incubuit.
1209 5234 1300 5285 Ubi
1333 5237 1549 5288 vacabat
1576 5252 1601 5286 a
1632 5239 1810 5289 militia

298 5310 347 5351 et
395 5303 579 5366 pugnis
620 5298 892 5351 maritimis
938 5299 1185 5366 adversus
1236 5301 1469 5355 Saxones
1517 5305 1599 5355 illa
1642 5305 1809 5357 littora

300 5364 628 5437 infestantes,
669 5366 928 5437 venationi
955 5364 1059 5437 fuit
1098 5367 1331 5437 deditus,
1376 5375 1619 5437 solusque
1656 5387 1810 5424 canes

302 5436 557 5491 venaticos
586 5434 723 5501 apris
752 5433 1019 5486 movendis
1046 5445 1193 5499 aptos
1224 5436 1426 5499 habuit,
1462 5433 1606 5491 dives
1638 5441 1815 5503 procul

303 5506 481 5563 .tubio,
532 5512 709 5569 utpote.
752 5502 837 5567 qui
889 5509 993 5552 tum
1042 5514 1319 5555 venaretur
1362 5513 1469 5557 tum
1516 5502 1810 5559 aedificaret.

302 5570 601 5627 Cerauniam
633 5570 811 5625 habuit
837 5569 1130 5638 coniugem,
1159 5571 1223 5625 ad
1252 5587 1405 5638 quam
1436 5575 1646 5642 saepius,
1671 5583 1727 5627 ut
1754 5577 1822 5628 ad

1918 5034 2086 5107 illum,
2111 5034 2293 5107 scr-ibit
2319 5035 2556 5089 Ruricius
2584 5047 2777 5107 noster.
2806 5036 2907 5107 illis
2930 5035 3054 5107 Nata
3083 5036 3196 5102 fuit,
3226 5055 3342 5107 qum
3358 5040 3443 5105 ju-

1922 5104 2255 5172 venisgobiit,
2294 5112 2349 5155 ut
2377 5116 2511 5169 patet
2546 5122 2605 5158 ex
2631 5105 2851 5172 epistola
2879 5104 3071 5157 Ruricii
3100 5104 3271 5160 tertia.
3320 5104 3442 5162 Fuit

1916 5172 2046 5223 alter
2071 5168 2341 5221 Namacius
2374 5168 2487 5245 post
2512 5168 2926 5245 obitum‘Rustici
2951 5175 3299 5229 Arvernorum
3330 5176 3447 5245 epi-

1913 5252 2119 5309 scopus,
2151 5252 2179 5289 a
2204 5249 2382 5309 nostro
2407 5241 2822 5309 distinguendus.
2852 5242 3005 5296 Basu.

1983 5305 2009 5341 δ
2037 5306 2189 5358 Forte
2212 5307 2403 5358 divisio.

1988 5384 2009 5409 ο
2038 5374 2155 5433 Με..
2186 5377 2387 5441 propria
2415 5376 2674 5428 dicivitate.
2720 5378 2820 5432 Sed
2849 5379 3024 5430 vocula
3053 5379 3109 5430 dt
3134 5387 3212 5433 est
3239 5382 3434 5442 deleta.

1922 5443 2000 5576 at“)
2037 5443 2250 5562 [pagpria
2296 5445 2356 5495 de
2402 5446 2630 5511 civitate,
2682 5460 2745 5499 an
2796 5445 3044 5514 propriam
3091 5449 3145 5500 in
3187 5452 3447 5509 civitatem

2004 5524 2032 5563 e
2142 5524 2214 5562 tn.
