3930 6458
550 455 617 508 85
1811 454 2055 508 κυεῖ-ρει

2203 457 2389 512 SCOPI
3673 457 3741 514 84

551 571 722 634 ipsum
753 567 1055 621 immaturus
1084 567 1324 620 manebat
1353 566 1638 629 interitus,-
1661 566 1814 619 talem
1855 582 1973 621 eum
2008 579 2086 622 est
2115 577 2160 630 Α
2192 575 2383 639 smpius
2415 572 2615 628 dicam:
2647 573 2772 638 Quis
2799 575 2937 628 dabit
2964 577 3116 643 capiti
3143 591 3251 628 meo
3273 591 3482 646 aquam,
3509 583 3559 629 et
3583 577 3736 629 oculis

551 659 794 726 dignatus
823 672 1118 722 assumere,
1157 658 1389 722 qualium
1430 673 1645 724 regnum
1681 657 1814 710 dixit
1842 673 1958 711 esse
1985 673 2091 711 caa-

555 750 720 800 lorum
749 746 957 816 (Matth.
987 761 1097 808 xtx,
1123 745 1244 813 N);
1277 755 1333 798 ut
1357 754 1410 799 et
1439 754 1711 812 patronum
1739 745 2000 800 haberetis
2025 763 2091 801 ex

553 837 681 900 ﬁlio,
711 846 763 889 et
789 838 960 888 minus
989 835 1244 889 doleretis
1270 837 1542 895 amissum,
1593 850 1747 903 quem
1794 850 1824 887 a
1873 837 2093 890 Domino

551 926 806 981 videbatis
834 936 1178 993 assumptum.

1157 1055 1366 1110 EPIST.
1407 1055 1492 1108 IV.

553 1166 780 1219 Dominis
803 1165 1094 1218 sublimibus
1117 1174 1161 1216 et
1187 1167 1237 1216 in
1259 1163 1457 1217 Christo
1483 1164 1694 1218 Domino
1721 1166 2094 1220 devinctissimis

743 1236 984 1302 fratribus
1015 1233 1260 1286 Namacio
1289 1244 1333 1286 et
1356 1232 1616 1287 Ceraunia
1646 1235 1896 1286 Ruricius.

622 1344 862 1411 Saepius,
901 1343 1156 1395 carissimi
1187 1341 1403 1407 fratres,
1447 1351 1661 1410 propter
1688 1345 1979 1396 communis
2010 1343 2091 1396 lu-

552 1445 668 1486 ctus
697 1434 1092 1486 acerbissimum
1124 1447 1301 1484 casum
1333 1432 1478 1485 vobis
1504 1433 1755 1496 scribere,
1793 1441 1882 1484 aut
1911 1433 1972 1486 ad
2003 1448 2095 1486 vos

556 1523 736 1576 venire
765 1522 1016 1588 disposui,
1069 1521 1161 1574 sed
1190 1536 1398 1590 semper
1424 1535 1507 1575 me
1549 1530 1602 1574 et
1643 1521 1709 1575 ab
1749 1523 1948 1576 itineris
1976 1538 2096 1589 pro-

471 1663 475 1671 _
554 1615 727 1666 cinctu
769 1611 1044 1665 inﬁrmitas
1082 1612 1347 1678 corporis,
1395 1624 1447 1665 et
1493 1611 1559 1665 ab
1605 1612 1874 1679 epistulari
1921 1613 2094 1666 ofﬁcio

555 1703 745 1755 nimius
773 1702 923 1754 dolor
944 1701 1116 1755 cordis
1145 1702 1377 1754 retraxit.
1412 1701 1538 1754 Nam
1569 1703 1610 1754 si
1642 1702 1850 1769 quando
1877 1703 1938 1755 ad
1967 1703 2095 1756 scri-

556 1793 780 1845 bendum
811 1793 1039 1844 animum
1069 1801 1287 1845 conatus
1314 1807 1430 1844 sum
1459 1792 1752 1856 intendere,
1779 1793 1953 1844 statim
1975 1808 2093 1845 sen-

555 1894 646 1933 sus
677 1881 899 1941 tiorruit,
929 1895 1074 1933 mens
1112 1881 1330 1947 refugit;
1382 1889 1436 1937 et
1479 1881 1550 1932 ita
1595 1879 1719 1932 mihi
1761 1894 1854 1946 pro
1892 1894 2095 1934 sermo-

556 1972 708 2023 nibus
758 1985 966 2037 semper
1017 1970 1170 2021 ﬂetus
1219 1973 1486 2032 occurrit;
1547 1979 1602 2022 ttt
1655 1971 1801 2038 prius
1853 1971 2091 2038 paginan

556 2059 905 2129 lacrymarum
939 2060 1103 2112 imbre
1134 2059 1519 2124 periunderem,
1551 2075 1706 2128 quam
1747 2061 1882 2129 stylo
1913 2063 2096 2129 pingu-

557 2165 690 2210 rem,
719 2151 855 2202 sicut
883 2149 1013 2204 dixit
1042 2148 1129 2201 ille
1160 2160 1426 2216 paternam
1462 2148 1697 2202 ind‘cans
1723 2149 1787 2202 de
1814 2149 1900 2202 filii
1941 2151 2098 2205 amis‘

561 2241 709 2292 sione
737 2238 1007 2304 tietatem:

736 2346 824 2398 Bis
856 2356 1061 2398 conatus
1091 2356 1192 2398 erat
1221 2363 1364 2398 casus
1392 2347 1616 2413 e/ﬁngere
1645 2346 1696 2397 in
1726 2361 1880 2407 auro;

739 2415 826 2466 Bis
857 2418 1031 2480 patria:
1059 2417 1276 2466 cecidere
1305 2431 1497 2465 manus.

637 2529 725 2580 Vel
757 2528 894 2592 quod
938 2527 1106 2592 potius
1151 2542 1177 2576 a
1219 2541 1301 2579 tne
1339 2526 1564 2578 d'citur:
1598 2525 1852 2589 Quoniam
1894 2530 2100 2592 negabat

563 2616 813 2667 consolari
843 2617 1009 2664 animo
1047 2630 1155 2664 mea
1183 2612 1351 2680 (Psal.
1383 2628 1552 2669 t.xxvt.
1581 2613 1656 2680 5).
1709 2613 1857 2664 llaud
1888 2613 2096 2681 injuria.

566 2706 772 2758 Perdidi
803 2706 939 2756 enim
972 2703 1124 2754 filiam
1146 2743 1160 2764 ,
1195 2717 1347 2768 quam
1379 2711 1430 2754 et
1457 2716 1538 2753 me
1565 2701 1886 2766 suscepisse,
1930 2712 1981 2753 et
2009 2718 2099 2755 vos

563 2794 809 2862 genuisse
853 2793 1166 2860 gratulabar,
1202 2791 1402 2857 perdidi
1433 2791 1553 2842 vitae
1582 2791 1849 2854 solatium,
1877 2793 2098 2858 posteri-

565 2885 685 2935 tatis
727 2896 901 2949 sprm.
946 2881 1102 2933 decus
1135 2880 1373 2940 familiis,
1405 2878 1880 2945 cordis'gaudium,
1927 2880 2098 2933 lumen

564 2971 855 3023 oculorum.
889 2969 992 3021 Nec
1016 2968 1237 3034 simplici
1261 2984 1374 3018 sum
1405 2966 1627 3018 orbitate
1654 2971 1935 3033 perculsus.
1971 2967 2098 3020 Nam

563 3077 680 3115 eum
706 3062 806 3112 lilia
835 3071 884 3112 et
909 3059 1094 3112 fratres
1116 3059 1285 3119 amisi,
1315 3073 1533 3125 quorum
1560 3073 1642 3110 me
1663 3058 1871 3108 solabar
1889 3056 2096 3126 affectu,

565 3165 783 3215 quorum
825 3163 907 3201 me
945 3149 1311 3214 conjunctione
1335 3147 1618 3213 iactabam.
1666 3145 1965 3213 Disruptum
1996 3155 2097 3207 est,

2195 662 2314 714 meis
2357 663 2542 728 fontem
2585 665 2916 733 lacrymarum
2964 664 3171 732 (Jerem.
3211 681 3293 729 Ix,
3331 665 3456 734 1.)?
3507 665 3611 720 Sed
3655 666 3738 720 ille

2198 752 2372 818 populi
2403 753 2481 804 sui
2513 763 2725 818 peccata
2753 754 3006 816 deﬂebat;
3050 769 3148 822 ego
3177 771 3300 807 vero
3339 755 3585 822 propria,
3624 771 3737 823 qua

2193 846 2246 890 et
2267 853 2348 891 me
2369 848 2421 891 et
2441 855 2534 892 vos
2558 842 2788 908 pondere
2807 857 2902 895 suo
2928 851 2982 896 et
3005 842 3379 896 numerositate
3401 853 3734 909 presserunt;

2195 939 2292 992 ego
2331 937 2386 978 ut
2429 927 2564 980 illius
2601 941 2843 992 mortem,
2885 938 2938 984 et
2965 945 3134 983 meam
3169 931 3352 994 vitam,
3383 933 3526 985 illam
3559 931 3738 986 defun-

2194 1022 2351 1080 ctam,
2380 1024 2430 1068 et
2458 1032 2542 1069 me
2570 1021 2905 1085 superstitem
2937 1021 3195 1086 plangam.
3239 1019 3418 1088 Longe
3449 1021 3593 1073 aliud
3623 1021 3736 1082 tibi,

2193 1105 2507 1158 venerabilis
2537 1121 2708 1168 soror,
2741 1111 2886 1175 quasi
2916 1109 2981 1163 de
3005 1112 3197 1164 nostris
3223 1111 3426 1164 meritis
3455 1125 3741 1178 praesume-

2195 1195 2319 1254 bas,
2362 1211 2480 1248 cum
2521 1207 2718 1248 tantum
2762 1198 2884 1260 tibi,
2935 1199 3092 1251 nimia
3121 1200 3340 1253 caritate
3377 1200 3635 1265 decepta,
3676 1200 3740 1250 de

2196 1286 2388 1336 nostris
2415 1286 2768 1349 orationibus,
2815 1302 2898 1340 me
2925 1288 3230 1349 refellente,
3275 1290 3644 1355 promitteres,
3688 1299 3740 1340 ut

2195 1370 2408 1423 domum
2455 1383 2594 1425 tuam
2642 1382 2820 1426 nostra
2870 1375 3249 1428 intercessione
3293 1377 3643 1438 salvandam,
3690 1388 3740 1428 et

2197 1459 2354 1511 filiam
2383 1475 2474 1528 per
2499 1476 2602 1521 me,
2636 1471 2689 1514 ut
2717 1462 2784 1515 ita
2814 1461 3015 1524 dicam,
3059 1463 3167 1516 fore
3196 1463 3444 1516 crederes
3470 1465 3740 1516 immorta-

2197 1547 2318 1599 lem.
2366 1548 2468 1601 Sed
2497 1549 2601 1601 cito
2626 1557 2979 1617 apparuerunt
3019 1551 3204 1603 merita
3233 1566 3374 1616 mea,
3406 1567 3525 1620 quae
3561 1569 3647 1606 me
3675 1555 3741 1606 ir-

2195 1636 2517 1691 remediabili
2571 1639 2788 1693 vulnere
2826 1641 3152 1701 sauciareut,
3196 1649 3252 1694 et
3293 1652 3345 1696 te
3382 1656 3538 1694 secus
3587 1657 3740 1710 quam

2195 1737 2499 1790 oportuerat
2545 1727 2611 1782 de
2653 1737 2923 1794 peccatore
2962 1730 3294 1797 credentem,
3337 1732 3468 1784 tanti
3513 1734 3742 1799 pignoris

2197 1815 2423 1869 orbitate
2471 1827 2824 1883 percuterent.
2875 1817 2967 1870 Vel
3016 1834 3154 1871 nunc
3201 1829 3380 1884 certe,
3432 1822 3488 1874 in
3534 1821 3745 1873 Christo

2129 1916 2168 1970 Β
2199 1903 2418 1955 Domino
2457 1905 2768 1958 venerabilis
2798 1920 2981 1967 soror,
3013 1917 3062 1959 et
3095 1915 3145 1959 te
3183 1906 3310 1960 falsa
3348 1908 3663 1969 credidisse.
3695 1919 3743 1963 et

2203 2007 2287 2045 me
2302 2007 2420 2045 vera
2437 1993 2485 2044 di
2499 1996 2636 2047 xisse
2649 2009 2951 2060 cognosces.
2977 1996 3079 2050 Sed
3095 1996 3310 2051 nimium
3340 1998 3450 2063 diu,
3471 1999 3746 2054 immemo-

2201 2097 2286 2134 res
2333 2092 2709 2149 praeceptorum
2753 2084 3068 2145 cmlestium.
3101 2086 3325 2140 humano
3345 2087 3517 2140 dolori
3550 2088 3748 2154 prmbe-

2199 2187 2317 2224 mus
2341 2187 2637 2226 assensum.
2673 2173 2749 2227 Ad
2775 2175 2944 2228 divina
2974 2176 3122 2229 nobis
3149 2186 3406 2244 precepts
3424 2178 3746 2232 redeundum

2198 2272 2308 2325 est;
2347 2277 2411 2314 ne
2442 2262 2510 2314 ita
2559 2264 2864 2330 plangamus
2917 2279 3139 2330 corpore
3192 2275 3492 2330 mortuam,
3548 2279 3607 2320 ut
3651 2267 3748 2334 ipsi

2198 2351 2357 2402 corde
2384 2351 2684 2403 moriamur.
2718 2351 3056 2406 Discedentes
3081 2367 3206 2420 ergo
3234 2354 3503 2419 paululum
3529 2355 3596 2408 de
3618 2370 3747 2422 pre-

2199 2437 2452 2500 sentibus,
2477 2455 2684 2493 rursum
2708 2440 2877 2493 futura
2907 2442 3222 2509 cogitemus;
3251 2453 3304 2494 ut
3325 2457 3458 2512 quos
3481 2443 3748 2498 inﬁrmant

2200 2528 2499 2591 prmsentia,
2532 2526 2702 2580 futura
2729 2531 3095 2582 corroborent.
3123 2528 3228 2582 Nos
3257 2529 3534 2598 debemus,
3565 2531 3749 2584 fratres

2199 2616 2477 2678 carissimi,
2511 2616 2649 2668 illam
2683 2616 2816 2670 ferre
2844 2618 3196 2672 conditionem
3225 2618 3468 2672 humana:
3495 2618 3749 2686 fragilita-

2201 2706 2284 2767 tis,
2312 2719 2465 2771 quam
2492 2716 2542 2757 et
2571 2705 2860 2773 prophetat,
2889 2718 2940 2760 et
2968 2708 3222 2774 apostoli,
3247 2717 3298 2760 et
3326 2707 3493 2760 sancti
3516 2707 3751 2776 justique

2198 2806 2400 2855 omnes,
2425 2795 2522 2854 vel,
2544 2795 2681 2860 quod
2705 2795 2874 2861 majus
2902 2804 3001 2860 est,
3033 2797 3265 2848 omnium
3297 2795 3550 2849 Dominus
3571 2807 3751 2849 noster

2199 2882 2465 2946 suscipere
2507 2881 2748 2948 dignatus
2788 2891 2886 2936 est.
2934 2883 3221 2951 Deplorare
3269 2884 3382 2952 (sed
3431 2885 3599 2952 magis
3641 2885 3749 2938 Deo

2199 2969 2393 3036 gratias
2419 2982 2572 3034 agere
2601 2980 2654 3022 et
2681 2968 2932 3036 gaudere)
2963 2984 3064 3023 non
3093 2974 3361 3030 convenit,
3393 2971 3534 3038 quod
3567 2971 3750 3032 tiliam.

2199 3058 2404 3124 qualem
2448 3059 2654 3126 quidem
2683 3060 2961 3121 voluimus,
3002 3074 3156 3123 quam
3203 3059 3346 3113 Diris
3399 3061 3489 3128 qui
3532 3061 3751 3114 dederat

2201 3149 2460 3214 promisit,
2494 3150 2792 3213 habuimus;
2821 3150 3098 3216 etquidem
3129 3151 3462 3214 mutavimus,
3489 3166 3595 3204 non
3626 3165 3750 3220 per-

565 3237 751 3289 fratres
798 3235 1054 3288 carissimi
1081 3273 1097 3298 ,
1146 3234 1407 3286 vinculum
1459 3235 1818 3299 germanitatis
1864 3243 2057 3286 nostra:
2081 3275 2096 3299 ,
2126 3237 2168 3296 C
2200 3236 2426 3290 didimus
2447 3254 2460 3300 ;
2483 3239 2574 3289 sed
2596 3238 2658 3289 ad
2675 3237 2961 3300 Christum,
2986 3237 3354 3305 ipsojubente,
3374 3239 3750 3306 praemisimus.

564 3325 789 3378 ablatum
818 3323 964 3378 nobis
990 3335 1068 3377 est
1099 3325 1279 3391 pignus
1309 3335 1498 3376 mutua:
1525 3323 1776 3375 caritatis.
1811 3324 1917 3376 Heu
1947 3325 2093 3386 mihi,

566 3414 748 3467 fratres
790 3415 1000 3480 optimi,
1047 3414 1166 3466 du-u
1210 3413 1502 3478 depositum
1544 3426 1772 3465 vestrum
1821 3413 1967 3478 cujus
2013 3429 2096 3465 me

511 3533 518 3538 -
564 3503 840 3555 traditione
865 3503 1138 3568 ceperatis,
1163 3509 1366 3560 amtto,
1395 3514 1493 3550 una
1514 3514 1607 3550 vos
1635 3498 1856 3564 perdidi.
1895 3499 1960 3550 Et
1982 3499 2098 3550 ideo

565 3593 615 3645 in
645 3591 797 3644 unius
827 3589 1227 3643 necessitudinis
1252 3587 1442 3653 gradu,
1479 3586 1820 3651 complurium
1855 3585 1980 3636 mihi
2010 3601 2101 3637 ne-

565 3680 936 3734 cessitudinum
977 3679 1158 3731 solatia
1200 3677 1404 3728 sublata
1435 3676 1662 3739 suspiro.
1711 3674 1887 3726 Solam
1928 3684 2099 3725 tamen

565 3771 804 3837 patriam,
845 3784 958 3835 quae
997 3767 1119 3819 nnhi
1152 3781 1243 3832 per
1274 3766 1437 3832 ipsam
1472 3761 1724 3829 acquisita
1756 3763 1952 3824 fuerat,
1997 3777 2097 3812 non

563 3860 826 3920 amittam,
871 3859 956 3923 qui
999 3856 1132 3911 hunc
1179 3856 1303 3906 mihi
1339 3853 1663 3919 potissimum
1700 3860 1892 3903 terram
1945 3865 2098 3916 quam

562 3949 647 4001 illa
676 3962 894 4014 corpore
936 3960 1031 3998 suo
1068 3943 1372 4009 occdpavit,
1421 3942 1638 4006 patriam
1682 3937 1947 4006 judicabo.
1998 3936 2099 3990 Sed

561 4056 662 4107 quo
694 4040 966 4091 immemor
990 4035 1178 4098 officii,
1221 4046 1425 4087 memor
1452 4032 1661 4098 gratize,
1702 4030 1886 4080 dolore
1919 4027 2102 4091 impel-

561 4132 720 4196 lente,
746 4127 1086 4197 progrediur?
1110 4137 1161 4180 et
1185 4136 1421 4190 tempore
1444 4121 1774 4187 aliquatenus
1798 4119 1984 4168 vulnus
2009 4117 2098 4167 ob-

560 4221 790 4280 ductum,
808 4217 1036 4271 rediviva
1054 4216 1431 4270 recordatione,
1454 4221 1698 4276 tanquam
1721 4221 1848 4257 nova
1871 4207 2100 4258 sectione

560 4309 843 4362 resciudo?
894 4316 947 4359 et
987 4305 1074 4372 qui
1120 4302 1384 4355 consolari
1427 4313 1520 4349 vos
1568 4296 1738 4361 potius
1787 4310 1879 4359 per
1925 4293 2100 4345 divina

563 4397 819 4462 promissa
849 4395 1144 4462 cupiebam,
1178 4388 1593 4442 consolationem
1639 4384 1751 4450 ipse
1789 4396 1892 4433 non
1933 4382 2102 4447 capio.

561 4488 757 4540 Causas
787 4494 958 4537 tamen
986 4481 1136 4535 vobis
1166 4476 1378 4531 recitlivi
1416 4474 1569 4540 hujus
1596 4472 1792 4524 doloris
1819 4484 2098 4533 exponam.

2207 3324 2411 3377 liabore
2457 3325 2596 3378 enim
2663 3325 2798 3376 filios
2848 3324 3104 3388 generalis
3147 3333 3228 3377 est
3271 3323 3542 3386 beneficii;
3584 3324 3752 3377 bonos

2203 3427 2326 3465 vero
2353 3413 2545 3466 habere
2574 3413 2816 3477 specialis
2843 3419 2924 3464 est
2953 3413 3174 3478 praemii.
3225 3412 3373 3466 Sicut
3393 3414 3579 3466 vivere
3606 3427 3752 3464 com-

2203 3494 2357 3548 mune
2385 3509 2462 3548 ρει
2483 3498 2746 3558 omnium;
2779 3497 2910 3548 bene
2939 3511 3066 3549 vero
3093 3497 3267 3551 vivere
3289 3508 3342 3552 et
3368 3498 3503 3551 bene
3530 3498 3753 3551 descen-

2203 3589 2328 3637 dere
2356 3585 2422 3636 de
2464 3586 2558 3635 hac
2615 3586 2715 3635 vita
2753 3597 3036 3652 paucorum
3066 3594 3174 3648 est;
3211 3599 3317 3637 non
3348 3594 3521 3637 tamen
3550 3594 3755 3638 natura:

2203 3674 2521 3733 conditione,
2553 3672 2643 3724 sed
2667 3673 2863 3738 culpae;
2893 3686 2986 3724 nec
3014 3671 3189 3724 divina
3220 3673 3634 3739 praescriptione,
3658 3674 3754 3725 sed

2205 3778 2350 3829 prop:
2368 3764 2412 3814 ia
2441 3763 2722 3813 voluntate.
2750 3762 2812 3812 Et
2839 3761 2958 3812 ideo
2983 3775 3082 3812 uon
3107 3761 3343 3814 turbetur
3371 3776 3464 3814 cor
3487 3774 3752 3825 noetrum,

2207 3865 2301 3903 nec
2325 3850 2483 3901 tiliam
2508 3865 2600 3916 pro
2619 3851 2919 3912 amissione,
2938 3849 3029 3902 sed
3050 3864 3143 3916 pro
3162 3849 3420 3902 desiderio
3431 3850 3753 3905 deﬂeamus:

2205 3954 2300 3992 nec
2329 3950 2385 3990 ut
2421 3938 2697 3991 dominicis
2744 3938 3014 4003 promissis
3057 3938 3332 3999 increduli,
3379 3947 3470 3990 aut
3501 3941 3756 4007 praecepti

2203 4030 2349 4080 obliti
2377 4042 2493 4081 esse
2538 4027 2824 4080 videamur.
2872 4027 3050 4080 Fleant
3081 4028 3274 4080 liberos
3303 4041 3450 4089 suos,
3479 4028 3569 4095 qui
3599 4043 3753 4095 spem

2204 4119 2598 4170 resurrectioais
2623 4119 2813 4171 habere
2837 4131 2937 4169 non
2969 4126 3216 4181 possunt;
3246 4129 3398 4181 quam
3430 4116 3509 4169 eis
3531 4118 3752 4183 perfidia

2203 4221 2295 4257 sua
2322 4207 2522 4266 adimit,
2548 4220 2648 4257 non
2670 4205 2842 4257 divina
2871 4205 3147 4256 sententia.
3180 4202 3362 4255 Fleant
3389 4204 3582 4255 mortui
3609 4218 3757 4257 mor-

2209 4306 2325 4343 tuos
2362 4306 2514 4354 suos,
2565 4294 2700 4358 quod
2740 4293 2790 4343 in
2836 4301 3140 4358 perpetuum
3173 4291 3436 4344 astimant
3480 4293 3750 4345 interisse.

2207 4379 2278 4430 Illi
2328 4379 2518 4430 nullam
2563 4380 2803 4431 maeroris
2841 4381 2919 4431 sui
2953 4379 3179 4430 habeant
3211 4379 3478 4444 requiem,
3513 4381 3603 4447 qui
3644 4396 3755 4434 non

2205 4465 2425 4516 credunt
2471 4478 2587 4516 esse
2618 4466 2846 4531 requiem
2878 4475 3224 4517 mortuorum.
3258 4465 3420 4518 Nobis
3447 4481 3597 4531 vero,
3627 4470 3753 4535 qui-

565 4578 838 4643 l‘tcuuque
878 4577 1016 4627 enim
1059 4570 1263 4624 animus
1304 4580 1530 4618 mmrore
1569 4561 1837 4615 coniectus
1870 4559 2104 4624 recipere
2134 4558 2180 4614 ι)
2207 4555 2300 4605 bus
2344 4563 2535 4643 et\spes
2561 4563 2613 4604 et
2641 4555 2808 4617 portio
2824 4553 3063 4606 Christus
3091 4564 3192 4617 est,
3224 4568 3345 4621 spes
3373 4555 3429 4606 in
3457 4565 3597 4607 terra
3630 4573 3753 4608 mo-

565 4665 969 4718 consolationem
999 4659 1279 4728 apostolica
1308 4653 1672 4707 exhortatione
1707 4650 1814 4716 jam
1847 4657 2098 4708 cmperat,

562 4770 679 4822 quae
706 4756 812 4804 ait:
847 4752 982 4804 Nolo
1010 4767 1112 4810 vos,
1140 4751 1341 4814 fratres,
1370 4747 1601 4812 ignorare
1628 4742 1688 4790 de
1719 4735 2097 4799 dormientibus,

565 4859 625 4895 ne
662 4839 1043 4901 contristemini,
1092 4837 1217 4887 sicut
1260 4833 1451 4892 cwteri,
1497 4829 1580 4896 qui
1610 4842 1746 4892 spem
1788 4840 1886 4875 non
1923 4823 2102 4874 habent

566 4931 615 5002 (1
649 4931 820 4983 Thess.
848 4943 918 4991 tv,
955 4927 1060 4990 l5).
1113 4924 1216 4978 Sed
1258 4923 1344 4973 ubi
1389 4919 1566 4972 infelix
1595 4925 1773 4968 noster
1810 4913 2103 4966 communis

564 5021 794 5083 advenit,
813 5029 864 5071 et
885 5032 1002 5070 eum
1027 5015 1140 5067 sine
1164 5028 1247 5074 ea,
1270 5026 1367 5076 qua
1390 5009 1534 5074 prius
1554 5005 1878 5071 splendebat,
1897 5017 2101 5066 gemma

562 5105 841 5172 conspexi,
883 5119 976 5168 per
1004 5115 1157 5167 quam
1191 5097 1316 5149 mihi
1354 5105 1406 5147 et
1444 5094 1702 5157 acceptior
1727 5106 1841 5143 esse
1871 5090 2101 5151 solebat,

562 5208 616 5252 et
641 5196 858 5263 gratior,
881 5200 933 5244 et
954 5189 1099 5256 quasi
1126 5194 1436 5249 ornamento
1465 5183 1672 5250 proprio
1700 5181 1952 5246 Spoliatus
1975 5178 2101 5230 mihi

563 5295 616 5339 et
645 5284 921 5336 indecorus
948 5276 1204 5344 apparuit.
1255 5271 1404 5324 Novit
1448 5270 1554 5328 ille,
1598 5267 1784 5320 fratres
1823 5268 2100 5328 carissimi,

568 5375 652 5440 qui
683 5371 918 5425 cordium
962 5352 1164 5419 occulta
1207 5363 1444 5420 rimatur,
1491 5359 1626 5425 quod
1675 5359 1741 5409 ita
1795 5359 1918 5409 mihi
1951 5360 2104 5410 dolor

567 5471 782 5526 repente
811 5459 1103 5527 geminatus
1130 5464 1231 5518 est,
1269 5459 1321 5504 et
1361 5452 1428 5500 ita
1458 5450 1580 5500 mihi
1615 5463 1706 5512 per
1737 5449 1966 5514 singulos
1991 5447 2104 5498 dies

567 5551 632 5601 de
659 5559 796 5600 tanta
826 5548 996 5600 indole
1027 5545 1194 5604 illius,
1241 5550 1293 5592 et
1337 5539 1483 5591 istius
1525 5539 1850 5590 desolatione
1887 5537 2102 5589 affectus

568 5637 856 5701 duplicatus
877 5645 957 5686 est.
979 5634 1166 5693 luctus,
1194 5638 1365 5680 utnec
1389 5627 1523 5678 hunc
1550 5625 1812 5690 aspicere,
1846 5640 1939 5676 nec
1965 5625 2102 5676 illius

569 5727 870 5777 meminisse
890 5725 1001 5775 sine
1022 5720 1264 5787 lacrymis
1284 5731 1498 5785 queam;
1524 5723 1573 5768 et
1597 5717 1952 5780 propheticum
1976 5713 2103 5766 illud

2207 4618 2480 4706 rientinm,
2529 4644 2698 4707 portio
2740 4657 2790 4694 tn
2825 4644 3035 4709 regione
3065 4645 3333 4705 vivorum;
3383 4643 3574 4709 quibus
3603 4661 3754 4698 mors

2205 4731 2298 4783 ista
2332 4745 2433 4782 non
2482 4739 2709 4794 naturae,
2754 4732 2843 4783 sed
2875 4733 2993 4782 vita:
3029 4732 3298 4795 praesentis
3327 4738 3409 4783 est
3447 4730 3595 4795 ﬁnis;
3625 4739 3756 4800 quia

2204 4836 2316 4872 eam
2341 4821 2388 4872 in
2420 4821 2602 4872 melius
2623 4821 2881 4874 credimus
2903 4837 3021 4878 esse
3043 4822 3406 4888 reparandam,
3435 4822 3584 4888 juxta
3611 4827 3740 4891 Αρο

2205 4909 2327 4961 stnli
2362 4911 2673 4960 sententiam
2716 4925 2728 4960 :
2771 4909 2895 4961 Cum
2930 4911 3245 4978 corruptibile
3282 4909 3374 4963 hoc
3417 4911 3641 4964 induerit
3674 4915 3755 4965 iu-

2201 4999 2563 5065 corruptionem
2589 4997 2774 5064 (I‘Cor.
2800 5013 2885 5060 xv,
2905 4999 3022 5066 5t);
3045 5014 3163 5049 cum
3189 4999 3437 5064 pr0pheta
3465 5000 3753 5053 dicendum

2203 5097 2283 5140 est
2314 5103 2328 5136 :
2357 5085 2600 5136 Dominus
2629 5085 2782 5146 ded't,
2828 5085 3071 5136 Dominus
3113 5085 3336 5148 abstulit,
3366 5087 3494 5138 sicut
3531 5088 3754 5139 Domino

2200 5178 2357 5228 visum
2383 5183 2471 5234 est,
2514 5173 2585 5222 ita
2626 5172 2832 5235 factum,
2874 5172 2939 5222 sit
2978 5188 3153 5223 nomen
3193 5165 3394 5225 Domini
3434 5175 3753 5225 benedictum

2194 5263 2334 5333 (Job.
2371 5277 2411 5323 ι,
2438 5258 2551 5325 2|).
2579 5256 2714 5321 Quia
2761 5256 2984 5308 tenenda
3023 5265 3104 5308 est
3151 5255 3202 5307 in
3249 5257 3546 5309 tentatione
3573 5260 3753 5323 poeni-

2196 5353 2382 5413 tentia,
2413 5364 2478 5402 ne
2505 5356 2660 5415 cogat
2691 5355 2782 5398 aut
2812 5362 2906 5399 ore
2933 5356 3023 5398 aut
3053 5347 3216 5399 corde
3241 5346 3579 5411 delinquere.

2271 5443 2449 5493 Fletus
2473 5437 2645 5501 itaque
2671 5444 2868 5489 vestros
2896 5434 3023 5486 ﬂdes
3049 5442 3286 5502 prompta
3318 5436 3597 5499 detergat;
3627 5436 3754 5499 quia

2201 5528 2462 5582 credimus
2490 5535 2641 5576 caros
2671 5532 2876 5574 nostros
2901 5522 3059 5573 vitam
3082 5537 3186 5574 non
3212 5531 3314 5572 tam
3342 5520 3563 5587 perdere
3591 5536 3754 5586 quam

2205 5629 2441 5677 mutare;
2490 5611 2782 5678 relinquere
2825 5610 3071 5662 sarculum
3120 5611 3381 5663 cernimus
3413 5617 3468 5662 et
3518 5608 3753 5662 luctibus

2204 5710 2434 5776 plenum,
2464 5710 2518 5756 et
2543 5701 2608 5753 ad
2633 5700 2898 5766 regionem
2927 5696 3262 5753 beatitudinis
3289 5697 3569 5761 festinare;
3601 5697 3750 5751 exire
