3908 6402
322 399 390 453 85
1524 382 1988 439 EPISTULARUM
2027 382 2152 437 LIB.
2191 383 2251 437 ll.

3454 381 3524 438 86

323 510 390 560 de
434 501 848 571 peregrinatione
894 498 1182 560 laboriosa,
1229 506 1282 550 et
1308 497 1372 548 ad
1416 495 1605 565 quietis
1637 488 1855 562 patriam
1885 502 1932 556 Α
1966 508 2147 547 sermo
2192 491 2491 555 meditatus,
2535 492 2623 559 qui
2668 494 2960 555 emittitur,
3002 500 3054 544 et
3090 506 3192 544 non
3230 489 3511 550 amittitur;

326 592 614 657 pervenire.
647 589 795 644 Unde
821 598 874 642 et
897 586 1151 656 propheta
1188 585 1353 637 dicit:
1387 581 1531 635 Educ
1570 585 1629 635 de
1668 599 1867 635 carcere

323 684 540 732 animum
599 694 756 729 meam
806 677 871 729 ad
919 674 1255 740 conﬁtendum
1310 673 1499 725 nomini
1551 682 1636 723 tuo
1694 672 1862 740 (Psal.

323 786 459 830 esu,
500 771 574 833 8).
618 768 828 819 Credite
856 765 1009 828 mihi,
1057 764 1242 816 fratres
1279 761 1569 824 carissimi,
1613 761 1732 827 quia
1776 760 1865 812 illa

320 858 424 923 iam
446 858 511 909 de
548 872 639 908 sua
667 856 839 922 quiete
859 868 1042 906 secura
1062 893 1076 914 ,
1107 853 1173 905 de
1203 860 1378 903 nostra
1409 860 1490 903 est
1516 850 1687 902 salute
1716 849 1867 901 solli-

327 952 456 1006 ctta;
486 958 602 1010 qua:
630 944 672 994 si
702 943 968 995 nobiseum
996 950 1173 1006 posset
1202 939 1421 992 miscere
1451 937 1736 1003 colloquia,
1767 935 1867 989 hoc

329 1033 565 1084 diceret:
596 1030 784 1089 Nolite.
814 1030 881 1095 pii
931 1036 1195 1095 parentes,
1246 1026 1410 1077 nolite
1440 1039 1522 1078 me
1563 1025 1721 1085 ﬁere;
1769 1037 1866 1076 nec

324 1121 511 1187 ingrati
545 1131 650 1171 tam
700 1119 923 1184 benigno
953 1117 1170 1168 Domino
1205 1116 1494 1181 planctibus
1532 1112 1706 1164 nimia:
1732 1112 1868 1163 dile-

324 1209 512 1261 CliOlliS
540 1208 786 1259 existere.
822 1206 965 1266 Esto,
994 1206 1231 1258 habuerit
1258 1212 1493 1269 tempore
1524 1217 1655 1254 mea;
1684 1200 1866 1254 arcisi-

324 1298 483 1349 tionis
507 1298 605 1349 hoc
634 1296 829 1362 pietas,
873 1294 979 1361 jam
1020 1294 1176 1345 debet
1206 1295 1441 1346 dolorem
1482 1302 1709 1344 ve~trum
1744 1291 1870 1344 ﬁdes

324 1401 442 1439 eum
498 1395 734 1451 tempore
787 1392 1102 1449 temperare.
1150 1384 1278 1446 Quia
1326 1382 1425 1435 etsi
1472 1382 1620 1434 vobis
1668 1391 1873 1433 mortua

322 1488 474 1537 sum,
532 1473 643 1525 Deo
704 1473 843 1523 vivo.
884 1476 987 1523 Aut
1028 1471 1257 1536 nunquid
1302 1483 1393 1521 vos
1438 1470 1601 1535 magis
1649 1469 1870 1535 potestis

322 1577 502 1615 amare
532 1575 685 1628 quam
714 1560 979 1619 Dominus.
1006 1560 1091 1625 qui
1118 1573 1205 1611 tne
1233 1557 1388 1612 fecit?
1431 1560 1517 1625 qui
1543 1573 1627 1610 me
1654 1558 1872 1610 donavit

322 1651 448 1713 vita,
476 1649 623 1711 emit,
662 1649 903 1711 redemit,
948 1648 1069 1712 quia
1117 1648 1306 1707 voluit;
1349 1656 1403 1698 et
1453 1645 1661 1711 quando
1708 1644 1870 1697 voluit

325 1757 420 1808 pro
437 1756 529 1795 sua
560 1742 751 1807 pietate
779 1741 1024 1806 suscepit.
1068 1743 1172 1792 Aut
1197 1738 1333 1805 quod
1361 1738 1522 1803 magis
1552 1737 1746 1789 d--loris
1776 1753 1867 1789 ve-

319 1831 415 1882 stri
463 1830 680 1896 potestis
725 1830 914 1880 habere
942 1827 1180 1880 Solatium
1203 1867 1216 1888 ,
1245 1843 1398 1891 quam
1430 1826 1563 1891 quod
1611 1830 1855 1878 Dominus
1892 1834 1933 1890 Β
1966 1826 2270 1893 pervasione
2317 1827 2582 1878 contentio
2632 1844 2643 1875 ε

320 1927 500 1969 noster
548 1919 753 1970 unicum
784 1916 972 1969 Filium
1016 1928 1165 1967 suum
1210 1930 1301 1981 pro
1348 1915 1497 1967 nobis
1541 1923 1622 1968 est
1650 1915 1856 1967 tradere

316 2007 561 2073 dignatus
588 2005 652 2057 ad
694 2006 949 2057 mortem?
981 2005 1043 2057 Et
1082 2018 1201 2057 cum
1228 2004 1388 2056 Filius
1432 2004 1517 2055 Dei
1569 2004 1853 2056 secundum

317 2108 528 2145 carnem
576 2094 706 2144 mori
736 2093 978 2155 voluerit,
1013 2090 1169 2143 homo
1197 2102 1299 2142 tam
1328 2093 1515 2144 acerbe
1544 2092 1700 2142 debet
1727 2106 1853 2142 con-

323 2179 579 2232 ditionem
631 2180 871 2231 liumanze
917 2179 1072 2230 sortis
1122 2178 1405 2245 excipere?
1465 2178 1851 2241 Quamobrem,

320 2268 536 2333 piissimi
587 2276 860 2333 parentes,
896 2276 1065 2318 vestra
1107 2267 1277 2331 potius
1318 2274 1527 2332 peccata
1554 2264 1773 2331 deﬂete,
1803 2276 1852 2318 et

317 2359 382 2409 de
411 2357 770 2409 satisfactione
813 2368 1101 2410 vestrorum
1142 2356 1415 2408 criminum
1443 2356 1699 2422 cogitate;
1732 2366 1787 2407 ut
1812 2356 1855 2409 si

312 2459 403 2503 me
430 2446 483 2496 in
526 2445 736 2497 Christo
773 2444 986 2512 diligitis
1030 2444 1174 2513 (quia
1216 2458 1299 2496 me
1329 2458 1448 2497 vere
1491 2444 1708 2512 diligere
1752 2460 1853 2531 n’on

318 2534 555 2600 potestis,
598 2534 700 2586 nisi
729 2534 781 2587 in
811 2534 1030 2586 Domino
1074 2533 1321 2601 diligatis)
1362 2534 1414 2586 in
1444 2535 1611 2586 sinum
1636 2536 1854 2602 patriar-

316 2626 431 2675 chae
461 2624 641 2676 venire
666 2624 989 2684 mereamini,
1022 2622 1107 2675 ubi
1137 2623 1390 2676 Dominus
1422 2639 1514 2690 pro
1543 2624 1854 2677 innocentia:

318 2724 448 2763 mete
488 2709 643 2780 [forte
664 2707 788 2777 sum]
818 2710 1070 2775 puritate,
1101 2718 1155 2762 et
1194 2725 1288 2776 pro
1315 2724 1406 2761 sua
1439 2709 1628 2777 pietate
1656 2712 1854 2763 consti-

316 2798 444 2861 tuit,
500 2800 622 2860 quia
668 2799 1010 2850 misericordia
1051 2799 1165 2866 ejus
1222 2798 1397 2851 melior
1442 2808 1513 2851 est
1563 2816 1709 2868 super
1756 2805 1855 2852 vita

318 2885 486 2954 (Psal.
508 2900 635 2949 uit,
670 2888 746 2953 t).
777 2885 843 2939 Ut
871 2885 1065 2939 ibidem
1094 2900 1195 2940 non
1224 2887 1387 2951 falsis,
1420 2887 1513 2939 sed
1541 2888 1709 2949 veris;
1750 2902 1853 2939 non

319 2977 721 3042 temporalibus,
766 2978 856 3029 sed
888 2979 1097 3031 aeternis
1137 2979 1339 3044 gaudiis
1369 2981 1562 3045 pariter
1590 2980 1854 3033 exsultare

316 3065 596 3130 possimus.
624 3064 837 3117 Talibus
860 3074 1084 3131 oportet,
1113 3077 1172 3118 ut
1216 3081 1327 3131 vos,
1353 3068 1534 3131 optimi
1566 3068 1773 3127 fratres.
1800 3077 1853 3119 et

1976 578 2245 642 tribuitur,
2276 593 2328 635 et
2358 582 2605 645 habetur;
2626 582 2829 635 videtur
2855 580 3145 644 discedere,
3170 593 3269 634 nec
3288 578 3516 643 recedit;

1974 692 2000 725 a
2035 688 2118 727 me
2144 672 2401 739 dirigitur,
2449 686 2476 724 a
2510 682 2558 723 te
2582 664 2895 738 suscipitur;
2922 687 2951 723 a
2983 687 3066 725 me
3112 671 3378 737 scribitur,
3408 685 3437 722 a
3468 681 3519 726 te

1976 762 2193 831 legitur;
2226 776 2323 815 nec
2353 769 2524 813 tamen
2549 760 2811 824 dividitur,
2845 774 2963 813 cum
2998 760 3145 827 quasi
3168 761 3365 811 divisus
3384 759 3518 812 inte-

1973 868 2065 918 ger
2096 852 2362 918 utriusque
2388 850 2546 903 corde
2574 859 2829 903 teneatur.
2855 849 2982 915 Quia
3011 849 3156 902 verbi
3183 861 3328 901 more
3354 848 3514 900 divini

1977 940 2226 1002 traditur,
2270 948 2323 993 et
2352 955 2455 992 non
2502 930 2796 1006 egreditur;
2834 937 3106 991 confertur
3150 935 3431 1003 indigenti,
3464 947 3517 990 et

1978 1044 2078 1081 non
2120 1028 2353 1082 aufertur
2382 1029 2610 1089 anetori;
2656 1026 2957 1093 accipientis
2985 1025 3207 1086 lucrum,
3251 1024 3365 1075 sine
3401 1024 3513 1075 dis-

1974 1121 2165 1189 pendio
2212 1121 2513 1187 largientis;
2561 1120 2731 1171 dit-ins
2788 1118 3015 1183 inopem,
3085 1129 3180 1168 nec
3238 1121 3515 1166 attenuans

1976 1222 2349 1273 possessorem.

2577 1294 2787 1348 EPIST.
2818 1292 2902 1345 Vl.

1976 1384 2169 1437 Damno
2190 1400 2280 1436 suo
2306 1392 2353 1435 et
2374 1384 2611 1447 peculiari
2634 1385 2687 1435 in
2716 1384 2909 1435 Christo
2934 1382 3146 1435 Domino
3166 1393 3377 1450 patrono
3390 1384 3510 1438 Cro-

2258 1453 2404 1519 nopio
2433 1454 2661 1521 episcopo
2686 1452 2917 1502 Ruricius
2946 1452 3223 1519 episwpus.

2044 1559 2096 1611 In
2138 1558 2427 1610 ordinando
2453 1572 2610 1625 grege
2639 1558 2925 1623 dominico,
2958 1559 3038 1612 vel
3082 1560 3331 1627 regendo,
3376 1561 3509 1615 inter

1973 1650 2330 1715 speculatores
2354 1657 2510 1714 atque
2542 1649 2847 1714 praepositos
2869 1662 2970 1700 non
2994 1650 3332 1717 praesumptio
3354 1650 3507 1705 debet
3588 1652 3597 1657 ’

1972 1751 2123 1801 ωδε,
2170 1739 2260 1789 sed
2294 1739 2454 1798 ratio;
2496 1746 2547 1787 et
2580 1737 2644 1787 de
2675 1736 2909 1787 custodia
2955 1736 3279 1800 sollicitudo,
3313 1752 3414 1790 non
3444 1740 3505 1793 de

2693 1840 2757 1877 ne
2802 1828 3244 1879 mercenariorum
3286 1829 3505 1881 subeant

1960 1924 2167 1979 notam,
2221 1914 2343 1966 dum
2394 1923 2658 1979 pastorum
2698 1928 2801 1965 non
2834 1922 3013 1967 tenent
3053 1913 3407 1982 disciplinam;
3449 1925 3503 1969 et

1960 2004 2309 2066 inveniantur,
2333 2003 2466 2055 sicut
2487 2003 2770 2069 Apostolus
2796 2002 2944 2067 dicit,
2960 2018 3062 2056 non
3078 2003 3266 2057 Christi
3285 2004 3502 2073 gloriam

1954 2090 2219 2151 affectare,
2252 2091 2343 2142 sed
2387 2094 2645 2157 prapriam
2673 2090 2721 2159 (ι
2756 2089 2905 2142 Thes.
2936 2106 2971 2143 ιι
2991 2130 3007 2155 ,
3035 2091 3121 2159 6);
3152 2094 3273 2145 dum
3304 2093 3503 2145 malunt

1954 2177 2019 2227 ab
2068 2176 2363 2228 hominibus
2407 2178 2676 2244 percipere
2723 2176 2960 2240 laudem,
2998 2193 3154 2247 quam
3202 2193 3231 2231 a
3275 2179 3501 2233 Domino

1955 2273 2257 2329 exspectare
2297 2264 2623 2328 mercedem;
2668 2265 2942 2331 praesentis
2983 2267 3303 2334 appetitores
3344 2266 3497 2329 lucri,

1954 2362 2007 2405 et
2057 2353 2253 2415 praemii
2293 2363 2683 2418 contemptores
2734 2356 2935 2408 aeterni.
2980 2354 3147 2418 Unde,
3191 2360 3325 2409 sicut
3360 2356 3497 2409 idem

1956 2441 2237 2507 Apostolus
2282 2441 2452 2508 (Rom.
2494 2442 2585 2507 xu)
2609 2441 2780 2506 docet,
2820 2444 2864 2495 si
2895 2442 3108 2510 paciﬁca
3130 2442 3192 2494 ad
3223 2457 3353 2508 Opus
3376 2458 3497 2496 san-

1956 2538 2095 2581 ctum
2124 2530 2527 2597 congregatione
2572 2532 2889 2594 concordes,
2926 2530 2971 2582 si
3015 2530 3129 2584 sine
3168 2530 3497 2585 simulatione

1954 2619 2248 2686 diligentes,
2272 2621 2314 2671 si
2344 2634 2460 2672 cum
2489 2620 2837 2674 sollicitudine
2867 2622 3241 2686 ministrantes,
3277 2623 3320 2674 si
3341 2623 3495 2677 unius

1955 2706 2140 2771 capitis
2162 2708 2395 2759 membra
2427 2722 2629 2771 sumus,
2658 2708 2893 2776 corporis
2915 2710 3225 2764 unanimiter
3244 2710 3493 2764 debemus

1955 2808 2071 2847 esse
2102 2804 2355 2848 rectores.
2398 2796 2528 2861 Quia
2567 2799 2729 2851 cauta
2774 2799 2949 2865 gregis
2992 2799 3240 2853 dominici
3275 2807 3493 2868 possunt

1952 2897 2069 2936 esse
2091 2884 2466 2937 numerositate
2490 2886 2685 2949 multae,
2712 2903 2815 2941 non
2835 2887 2952 2940 ﬁdei
2975 2889 3226 2943 varietate
3246 2889 3487 2944 diversae.

1956 2968 2048 3033 Ut,
2091 2970 2226 3022 sicut
2269 2972 2380 3037 ipse
2426 2973 2675 3025 Dominus
2716 2975 3065 3039 praanuntiare
3106 2975 3345 3043 dignatus
3377 2986 3487 3039 est,

1953 3072 2057 3110 non
2087 3060 2235 3111 nobis
2266 3073 2357 3126 per
2384 3060 2631 3112 invidiam
2662 3062 3055 3124 dissidentibus,
3084 3074 3135 3116 et
3164 3079 3258 3132 per
3283 3066 3486 3119 dissen-

317 3154 399 3204 his
424 3153 679 3205 similibus
724 3155 995 3220 praeceptis
1036 3167 1099 3206 ac
1142 3153 1531 3223 [sponsionibus]
1572 3155 1849 3220 sponsibus

1954 3145 2150 3198 sionem
2179 3161 2387 3212 gregem
2428 3147 2745 3201 dominicum
2790 3150 3176 3217 dividentibus,
3218 3152 3484 3221 multiplex

314 3242 590 3295 dominicis
634 3243 987 3295 consolemur.
1038 3244 1163 3305 Quia
1208 3241 1343 3294 sicut
1385 3243 1520 3308 apud
1570 3242 1845 3294 Dominum

316 3332 485 3383 futura
510 3331 617 3397 jam
645 3330 778 3383 facta
803 3330 1039 3395 sunt,'ita
1072 3329 1239 3383 ﬁdelis
1270 3329 1555 3382 catholicus
1592 3331 1847 3398 promissa

312 3417 569 3479 culestia,
599 3431 719 3484 qua:
748 3426 984 3485 tempore
1016 3432 1109 3471 suo
1132 3418 1391 3485 implenda
1428 3418 1662 3483 confluit,
1694 3419 1848 3473 debet

314 3507 472 3559 etlam
510 3507 895 3572 quodammodo
915 3507 1106 3561 habere
1128 3507 1420 3574 praesentia,
1451 3522 1543 3575 spe
1564 3509 1847 3575 precipere

314 3593 584 3660 possidere
631 3592 761 3659 ﬁde,
809 3596 1055 3661 operibus
1082 3595 1339 3649 obtinere.
1381 3596 1503 3649 Haec
1551 3599 1689 3649 enim
1726 3605 1847 3650 sunt

310 3696 426 3749 qum
453 3682 601 3734 nobis
628 3682 878 3736 exhibent
925 3684 978 3735 in
1006 3684 1317 3737 maeroribus
1342 3685 1608 3750 solatium,
1632 3685 1686 3739 in
1714 3700 1840 3740 con-

309 3773 487 3824 trariis
527 3771 787 3833 ﬁduciam,
830 3773 881 3825 in
912 3774 1173 3840 prosperis
1194 3776 1635 3839 moderationem;
1668 3790 1735 3829 ne
1756 3785 1846 3829 aut

310 3858 625 3911 extollamur
663 3858 941 3925 secundis,
965 3871 1055 3913 aut
1081 3861 1327 3913 cedamus
1356 3862 1610 3927 adversis,
1634 3872 1722 3915 aut
1750 3864 1844 3915 tri-

311 3948 476 4000 stibus
516 3962 900 4001 consumamur.
951 3948 1072 4003 Haec
1124 3964 1281 4017 ergo,
1332 3950 1517 4005 fratres
1550 3954 1839 4017 carissimi,

311 4037 703 4091 transmittenda
735 4039 880 4092 vobis
906 4038 968 4091 ad
995 4054 1322 4093 communem
1345 4041 1621 4104 quamdam
1648 4054 1842 4093 conso-

312 4126 583 4189 lationem,
616 4142 717 4189 non
746 4129 859 4178 sine
888 4140 1073 4191 magno
1100 4128 1255 4178 animi
1284 4127 1464 4179 dolore
1490 4128 1704 4183 dictavi.
1736 4128 1842 4182 Nec

312 4228 393 4267 me
422 4215 576 4279 paulo
601 4213 755 4264 latius
782 4215 1086 4279 protrahere
1110 4227 1403 4267 sermonem
1433 4215 1696 4269 afﬂuentia
1724 4231 1841 4269 ver-

311 4305 491 4354 borum
514 4302 783 4367 compulit,
806 4301 897 4353 sed
918 4309 1072 4354 aestus
1084 4304 1372 4357 animorum
1394 4321 1408 4369 ;
1428 4314 1483 4357 ut
1500 4306 1836 4371 desiderium,

310 4391 444 4459 quod
492 4390 785 4445 recordatio
832 4392 1159 4457 accenderat,
1193 4398 1617 4449 commemoratio
1642 4397 1837 4450 diutina

309 4479 489 4533 crebra
537 4480 756 4543 leniret;
782 4489 833 4536 et
860 4481 911 4533 in
942 4482 1039 4533 hoc
1062 4484 1219 4536 etiam
1267 4499 1440 4552 parem
1469 4488 1685 4553 gratiam
1714 4502 1833 4555 erga
1862 4471 1914 4529 Ῑ)

308 4584 635 4623 communem
664 4570 820 4624 ﬁliam
850 4573 1274 4638 comprobemus,
1314 4585 1365 4627 et
1402 4575 1537 4628 sicut
1584 4592 1678 4631 nos
1723 4579 1836 4645 ejus

308 4660 408 4711 vita
434 4659 761 4725 devinxerat,
788 4660 855 4712 ita
881 4660 993 4727 ejus
1014 4664 1328 4715 memoriain
1355 4665 1533 4717 eadem
1560 4665 1836 4722 dilectione

306 4746 582 4799 custodiat.

919 4854 1119 4909 EPIST.
1158 4857 1214 4909 V.

310 4941 502 4994 Damno
523 4942 721 4994 sublimi
741 4951 788 4994 at
806 4944 862 5018 in
874 4942 1068 5018 Christo
1083 4943 1667 5018 Pontinodevinctissimo
1688 4955 1833 5018 fratri

810 5009 1054 5063 Namacio
1078 5012 1332 5067 Ruricius.

371 5099 470 5164 Qui
507 5098 837 5151 occasionem
883 5100 1143 5153 scribendi
1174 5117 1265 5169 pro
1294 5106 1690 5160 necessitudinis
1715 5108 1833 5175 jure

309 5188 653 5257 perquirimus
691 5186 915 5239 oblatam
939 5229 952 5253 ,
988 5193 1383 5255 praetermittere
1406 5209 1508 5249 non
1536 5196 1827 5263 debemus;

308 5288 359 5330 ut
419 5278 603 5330 reddat
648 5274 797 5328 nobis
850 5277 1128 5343 quamdam
1188 5285 1475 5347 prmsentia:
1534 5288 1826 5353 portionem

377 5440 399 5463 ⁸
426 5427 591 5481 Locus
621 5439 913 5492 corruptus.

378 5494 404 5535 δ
434 5499 488 5551 In
510 5496 724 5570 castello
757 5496 1112 5554 Ruthenorum
1145 5503 1403 5556 montibus
1438 5506 1609 5558 cincto
1634 5507 1821 5570 altare,

312 5569 413 5639 imo
436 5566 708 5639 ecclesiam
730 5576 1111 5639 construxerat,
1136 5584 1197 5623 eo
1220 5578 1452 5638 tempore
1478 5589 1573 5639 quo
1588 5577 1669 5625 vix
1694 5566 1823 5627 alius

312 5635 521 5689 audebat
544 5641 755 5687 vetustas
778 5635 992 5699 sarcire;
1019 5646 1079 5691 ad
1104 5652 1215 5693 eam
1248 5635 1649 5695 consecrandam
1675 5642 1824 5697 Sido-

1952 3244 2045 3311 per
2070 3243 2165 3282 nos
2206 3231 2431 3284 schisma
2461 3234 2726 3299 procedat,
2758 3236 2849 3290 sed
2898 3238 3063 3305 magis
3104 3253 3198 3306 per
3235 3241 3482 3294 unitatem

1948 3318 2199 3377 doctrina
2241 3320 2506 3388 simplices
2540 3336 2665 3377 oves
2702 3324 2993 3380 dominicas
3026 3331 3481 3397 congregantibus.

1948 3405 2037 3459 ﬁat
2063 3408 2114 3460 in
2144 3408 2298 3461 nobis
2324 3424 2457 3462 unus
2478 3424 2624 3478 grex,
2653 3421 2706 3464 et
2732 3426 2863 3466 unus
2880 3422 3057 3481 pastor
3079 3414 3254 3484 (Joan.
3285 3433 3338 3480 x,
3371 3419 3481 3486 £6),

1946 3495 2033 3563 qui
2079 3497 2215 3551 sicut
2240 3507 2321 3552 est
2346 3513 2437 3551 rex
2475 3515 2653 3568 regum
2674 3544 2689 3568 ,
2718 3512 2769 3555 et
2800 3502 3049 3557 Dominus
3079 3504 3481 3575 dominantium,

1945 3589 2191 3641 sacerdos
2209 3589 2560 3655 sacerdotum,
2590 3600 2644 3645 et
2680 3593 2912 3660 pontifex
2941 3596 3274 3662 pontificum;
3307 3598 3375 3651 ita
3400 3600 3483 3651 in-

1948 3675 2209 3743 telligatur
2236 3684 2288 3730 et
2317 3687 2491 3745 pastor
2516 3694 2634 3733 esse
2660 3688 2949 3748 pastorum.
2980 3682 3330 3748 Quamobrem
3367 3697 3479 3737 stu-

1944 3764 2032 3819 dio
2072 3766 2337 3833 caritatis,
2363 3783 2467 3822 non
2495 3770 2813 3837 cupiditatis,
2845 3771 3000 3842 [forte
3022 3790 3136 3826 eum
3176 3774 3274 3843 his)
3304 3777 3395 3829 has
3414 3778 3478 3829 ad

1942 3855 2271 3909 sanctitatem
2298 3867 2522 3910 vestram
2550 3859 2915 3929 presbyterum
2950 3876 3123 3916 meum
3148 3879 3240 3931 pro
3265 3864 3477 3919 dimcesi

1942 3940 2331 4007 Gemiliacensi,
2354 3944 2492 3998 unde
2508 3944 2821 4013 jampridem
2843 3948 2993 4001 vobis
3029 3950 3364 4017 scripseram,
3387 3952 3479 4004 de-

1939 4031 2236 4095 atinavi;ne
2258 4036 2301 4085 si
2328 4037 2601 4088 tacuissem
2631 4038 2956 4105 negligentia:
2984 4039 3339 4107 deputaretur,
3370 4056 3476 4095 non

1940 4123 2255 4174 concordiae.
2284 4124 2489 4175 Rationi
2520 4133 2544 4159 ι
2571 4126 2937 4177 irrationabilis
2958 4126 3104 4180 vides
3121 4130 3342 4183 cessisse
3371 4145 3472 4184 non

1936 4210 2112 4278 pauci,
2141 4218 2195 4262 ut
2238 4211 2280 4263 si
2311 4212 2592 4279 agnoscitis
2620 4228 2743 4266 vera
2767 4228 2887 4266 esse
2911 4228 3025 4280 qua:
3054 4214 3191 4280 dico,
3224 4226 3311 4269 aut
3334 4216 3471 4284 iusta

1938 4312 2056 4363 qua:
2080 4308 2289 4364 repeto;
2310 4313 2403 4351 nec
2426 4314 2509 4354 me
2535 4286 2774 4367 iniuriam
2796 4301 3007 4367 diutius,
3040 4316 3139 4358 nec
3158 4288 3255 4357 vos
3271 4304 3471 4373 inquie-

1940 4384 2171 4439 tudinem
2200 4385 2393 4441 diutius
2419 4388 2678 4442 sustinere
2710 4390 2993 4455 patiamini.

2536 4518 2739 4573 EPIST.
2776 4520 2879 4574 VII.

1940 4602 2138 4655 Damno
2159 4605 2359 4677 sublimi
2380 4621 2671 4677 semperque
2697 4608 2960 4677 magniﬁco
2974 4610 3119 4676 fratri
3135 4609 3297 4677 Elaﬁo
3320 4609 3476 4665 Ruri-

2162 4671 2173 4683 '
2474 4671 2579 4727 eius
2611 4674 2635 4711 δ
2661 4671 2937 4743 episcopus.

2007 4760 2077 4812 lta
2109 4758 2329 4826 propitio
2361 4760 2467 4814 Deo
2494 4775 2709 4830 aperum
2746 4771 2951 4816 tuorum
2981 4762 3114 4817 fama
3151 4768 3464 4831 percrebuit,

1939 4856 1991 4899 ut
2015 4860 2197 4899 omnes
2226 4846 2275 4899 in
2308 4847 2572 4902 laboribus
2596 4850 2860 4904 constituti
2886 4853 3238 4907 commendari
3266 4870 3324 4909 se
3350 4871 3462 4923 ger-

1940 4934 2175 4987 manitati
2222 4944 2407 4987 vestra:
2434 4936 2574 4989 omni
2613 4952 2820 5006 precum
2853 4939 3134 4993 ambitione
3162 4941 3461 5007 deposcant.

1937 5024 2067 5088 Quia
2088 5022 2435 5103 fatigationem
2454 5040 2599 5079 suam
2620 5027 2755 5093 apud
2777 5042 2867 5080 vos
2884 5028 3123 5084 effectum
3148 5030 3338 5085 habere
3361 5048 3461 5086 non

1937 5111 2193 5164 dubitant.
2224 5112 2372 5167 Unde
2394 5114 2546 5167 etiam
2578 5117 2794 5183 portitor
2820 5117 3025 5181 harum,
3058 5122 3261 5174 nomine
3291 5122 3461 5185 Ulﬁla,

1934 5213 2087 5267 quem
2109 5198 2231 5252 mihi
2264 5210 2286 5238 ο
2319 5200 2613 5257 ιε’τθτθιτίυι
2656 5204 2928 5272 presbyter
2964 5208 3072 5260 suis
3106 5208 3289 5262 litteris
3314 5222 3459 5261 com-

1934 5289 2220 5355 mendavit,
2252 5290 2315 5343 ad
2340 5304 2433 5343 vos
2461 5292 2907 5345 commendatiiias
2938 5296 3234 5360 postulavit,
3270 5309 3401 5361 quas
3417 5302 3463 5351 ei

1931 5440 2073 5519 nium
2100 5441 2357 5519 invitavit,
2386 5455 2439 5498 ut
2471 5455 2611 5519 patet
2634 5462 2696 5500 ex
2719 5424 2829 5513 ejus
2848 5461 2931 5519 ep.
2958 5444 3109 5519 t5._l.
3142 5458 3211 5506 iv,
3232 5446 3319 5499 alii
3339 5460 3459 5499 eum

1931 5509 2412 5631 ετξρξέιῖηέΐέηὲις,
2445 5509 2497 5567 ni
2522 5514 2690 5581 fallor,
2725 5509 3004 5582 appellant.
3036 5512 3192 5565 Basia.

2278 5596 2297 5631 s
2350 5596 2470 5635 rius.
