3908 6452
426 0 579 19 t'
632 6 661 15 *-
716 6 1091 19 Mm

984 26 997 29 _
1030 24 1061 31 _..
1088 24 1099 31 μ
1112 22 1613 37 nia-2mm

456 412 523 463 87
1746 403 1992 458 BUHICII
2034 406 2333 460 EPISCOPI
3555 405 3621 460 88

454 529 510 570 et
532 532 627 585 pro
649 517 883 585 iussione
905 518 1099 581 divina,
1123 524 1173 569 et
1192 529 1285 582 pro
1297 514 1531 581 jussione
1552 522 1730 565 mutua
1756 514 1977 568 libenter
2002 527 2050 581 Α
2078 516 2195 582 quia
2223 514 2446 569 eruditio
2469 523 2642 568 nostra
2673 529 2873 568 merces
2900 524 3067 569 vestra
3110 526 3218 579 est;
3247 513 3272 552 δ
3300 525 3351 569 et
3392 523 3621 581 tempora

455 606 663 665 indulsi.
706 607 902 671 Quibus
929 605 1211 659 individua:
1241 604 1444 657 caritati
1475 613 1665 657 vestrae
1700 604 1845 657 salve
1873 604 1987 671 plu-

456 694 645 746 rimum
687 695 832 755 dico,
872 704 924 746 et
958 693 1227 759 praefatum
1264 706 1359 760 pro
1395 692 1671 745 aﬂectione
1708 707 1951 759 germana
1973 732 1986 755 ,

455 800 561 837 non
602 798 696 851 pro
748 784 1393 861 pontiﬁcali‘auctoritate
1441 782 1811 836 commendare
1856 797 1989 849 prte-

453 874 671 940 sumpsi.
702 873 831 936 Quia
876 873 927 925 in
968 882 1241 936 peccatore
1271 872 1465 924 amittit
1502 871 1728 939 dignitas
1766 870 1979 938 dignita-

454 972 585 1024 tem;
616 960 699 1012 cui
732 961 897 1013 honor
936 960 1193 1013 indebitus
1219 959 1366 1012 oneri
1404 968 1489 1013 est
1516 960 1685 1026 potius
1713 974 1868 1027 quam
1897 958 1990 1010 lio-

452 1052 587 1103 nori.
617 1052 765 1115 Quod
793 1052 914 1105 licet
944 1051 1089 1103 vobis
1116 1050 1319 1117 placere
1351 1065 1444 1117 pro
1468 1058 1640 1102 nostra
1662 1047 1991 1102 devinctione

452 1138 730 1199 conﬁdam,
752 1148 923 1192 tamen
951 1139 995 1192 si
1018 1140 1137 1203 quid
1164 1138 1315 1190 nobis
1335 1140 1443 1190 veri
1474 1138 1559 1190 vel
1591 1137 1768 1189 vicarii
1795 1136 1989 1188 amoris

456 1228 774 1293 impenditis,
806 1241 960 1294 spero
982 1225 1304 1278 condoleatis
1331 1226 1497 1294 potius
1521 1238 1671 1290 quam
1694 1221 1985 1289 gaudeatis.

455 1318 583 1380 Quia
629 1317 894 1383 indignum
920 1330 1036 1376 me,
1064 1323 1116 1367 et
1156 1314 1360 1381 penitus
1401 1327 1506 1365 non
1549 1321 1835 1364 merentem
1888 1324 1987 1361 non

457 1408 649 1460 attollit
672 1421 759 1457 res
784 1412 945 1467 tanta,
970 1402 1061 1456 sed
1090 1402 1355 1465 deprimit.

1039 1554 1245 1607 EPIST.
1276 1553 1404 1606 VIII.

466 1664 676 1716 Domino
714 1673 885 1715 sancto
918 1675 966 1717 et
1015 1663 1286 1729 apostolico
1324 1672 1369 1713 et
1408 1662 1531 1713 mihi
1567 1676 1671 1728 pra
1712 1661 1903 1712 ceteris
1939 1659 1990 1709 in

528 1730 724 1784 Christo
768 1732 977 1781 Domino
1018 1731 1158 1781 cultu
1199 1730 1471 1795 effectaque
1500 1730 1795 1793 peculiarius
1836 1742 1989 1779 exco-

526 1801 705 1863 lendo,
740 1811 950 1861 patrono
969 1808 1015 1851 et
1032 1813 1177 1866 papae
1213 1800 1367 1849 Aenio
1396 1809 1421 1833 ιι
1451 1796 1685 1848 Ruricius
1706 1798 1986 1863 episcOpus.

526 1928 883 1993 Quotiensque
931 1925 1089 1992 [forte
1114 1922 1522 1993 quotiescunque]
1556 1924 1853 1990 quicunque
1875 1934 1995 1973 san-

458 2028 572 2070 ctos
605 2029 689 2069 aut
729 2016 1046 2081 apostolicos
1076 2015 1217 2066 viros
1245 2027 1374 2080 quos
1414 2013 1784 2065 misericordia
1811 2023 1993 2076 opera,

458 2120 676 2172 Operam
728 2105 911 2155 merita
932 2145 946 2167 ,
979 2102 1281 2154 meritorum
1314 2102 1417 2151 vita
1459 2097 1807 2164 commendat,
1838 2105 1995 2163 atque

460 2196 694 2244 rimnium
717 2193 962 2244 virtutum
985 2190 1117 2242 fama
1140 2189 1466 2249 disseminat,
1482 2202 1831 2240 mrumnarum
1858 2187 1994 2239 mole

462 2278 697 2344 depressi
723 2288 975 2346 coguntur
1002 2290 1269 2345 expetere,
1295 2278 1417 2331 dum
1441 2279 1726 2331 litterarum
1754 2285 1995 2344 qua-runt

462 2366 628 2417 labori
675 2381 802 2429 suo,
846 2366 1153 2419 beneficium
1187 2366 1459 2419 conferunt
1497 2364 1760 2417 desiderio
1792 2374 1992 2416 nostro.

464 2453 524 2504 Et
550 2468 667 2505 cum
691 2456 758 2504 sit
783 2454 991 2506 illorum
1023 2454 1169 2505 labor
1197 2461 1372 2505 noster
1401 2452 1581 2514 dolor,
1616 2452 1670 2502 lit
1699 2459 1869 2503 tamen
1903 2466 1995 2517 per

399 2586 407 2594 .
460 2534 637 2593 ofﬁcii
666 2541 999 2595 collationem
1052 2555 1234 2609 eorum
1282 2542 1568 2592 necessitas
1612 2538 1994 2605 quodammodo

456 2632 645 2682 caritas
672 2640 871 2694 nostra,
915 2644 1014 2696 qua
1044 2630 1166 2681 dum
1194 2630 1423 2695 ipsorum
1454 2627 1829 2695 acquiescimus
1859 2628 1997 2695 peti-

459 2721 611 2781 tioni,
637 2730 829 2771 nostra:
854 2718 1201 2774 satisfacimus
1229 2718 1503 2779 voluntati,
1534 2724 1587 2768 et
1611 2720 1681 2769 ita
1712 2717 1769 2768 lit
1796 2726 1850 2769 ut
1875 2732 1993 2785 ege-

458 2819 571 2861 stas
615 2810 840 2875 petentis
876 2808 945 2860 sit
990 2808 1259 2875 largientis
1289 2808 1503 2859 utilitas.
1536 2806 1702 2860 Fratri
1744 2810 1917 2875 itaque
1942 2820 1995 2861 et

458 2898 885 2965 oompresbytero
932 2906 1141 2960 nostro,
1184 2898 1475 2950 Possessori
1520 2898 1766 2961 nomine,
1815 2896 1843 2934 δ
1892 2913 1994 2964 quo

460 2988 575 3055 pius
597 2998 677 3042 est
720 2990 925 3055 potius,
974 3003 1128 3055 quam
1176 2988 1442 3051 facultate;
1490 2989 1608 3055 quia
1650 2987 1785 3055 quod
1816 2985 1995 3040 habuit

461 3091 553 3144 pro
578 3078 750 3130 fratris
762 3078 1136 3145 redemptione
1158 3078 1402 3145 profudit,
1429 3077 1591 3129 factus
1621 3085 1701 3129 est
1726 3090 1994 3142 possessor

2088 606 2297 658 collatio
2326 604 2569 657 desiderii
2599 606 2773 668 vestri,
2805 606 2961 659 vestri
2990 616 3066 658 est
3086 606 3343 659 sermonis
3388 604 3620 658 aﬂ‘ectus.

2090 693 2164 744 Ita
2191 694 2330 744 enim
2362 694 2539 756 paucis
2568 692 2771 756 diebus,
2807 708 2936 758 quos
2966 694 3091 747 mibi
3122 709 3243 748 vere
3269 703 3320 747 et
3357 708 3547 759 paucos
3573 705 3625 746 et

2089 781 2426 833 brevissimos
2449 792 2619 833 veSter
2648 781 2770 833 fecit
2789 781 3021 847 all‘ectus,
3046 783 3167 835 dum
3193 782 3626 845 contemplatione

2089 878 2261 921 vestra
2292 884 2393 919 nou
2422 869 2589 920 solum
2621 869 2797 921 satiari
2828 880 3005 922 uoster
3034 872 3232 938 nequit,
3264 885 3442 924 verum
3471 869 3624 921 etiam

2088 955 2313 1009 videndo
2341 957 2502 1022 magis
2531 956 2823 1009 exardescit
2851 957 3067 1009 intuitus
3091 975 3105 1021 ;
3129 972 3245 1009 cum
3280 972 3374 1010 nos
3406 966 3460 1008 et
3491 957 3624 1009 desi-

2088 1045 2389 1099 deraremus
2420 1056 2719 1112 praesentes,
2750 1057 2802 1100 et
2842 1047 2904 1100 ad
2936 1047 3033 1101 hoc
3054 1063 3227 1100 coram
3254 1050 3451 1115 positos
3484 1064 3625 1115 quic-

2090 1150 2321 1187 reremus
2345 1152 2359 1196 ;
2383 1150 2565 1199 sensus
2594 1145 2798 1188 nostros
2826 1135 2967 1190 fonte
2998 1137 3275 1203 purissimo
3305 1137 3512 1205 benigni
3537 1152 3625 1203 pe-

2089 1225 2250 1275 ctoris
2277 1224 2545 1289 irrigastis,
2573 1233 2627 1275 ut
2648 1224 2935 1291 quamlibet
2960 1224 3097 1276 nulla
3115 1224 3303 1277 deinde
3332 1224 3498 1277 sancti
3520 1226 3624 1276 oris

2092 1325 2303 1364 munera
2336 1312 2561 1377 pretiosa
2586 1312 2929 1378 perciperem,
2964 1315 3293 1379 praesentiam
3336 1321 3505 1365 tamen
3538 1328 3625 1382 ve-

2090 1408 2252 1450 stram
2284 1398 2417 1449 intra
2459 1399 2647 1450 mentis
2688 1388 2816 1450 mea:
2866 1412 3056 1451 arcana
3090 1400 3405 1467 possideam,
3435 1409 3487 1454 et
3514 1400 3625 1453 efli-

2088 1490 2224 1556 giem
2262 1497 2486 1541 vestram
2524 1490 2573 1540 in
2614 1490 2823 1554 speculo
2869 1489 2969 1542 mei
3001 1490 3174 1543 cordis
3210 1491 3445 1553 intuear,
3471 1506 3623 1558 quam

2091 1577 2178 1627 illa
2209 1587 2292 1629 tua
2321 1577 2510 1629 caritas
2552 1577 2778 1643 perfecta
2826 1576 3079 1644 depinxit,
3131 1588 3187 1631 ut
3225 1580 3415 1632 nullius
3460 1581 3625 1633 astatis

2090 1666 2354 1720 oblivione
2406 1667 2567 1732 pOSsil
2610 1666 2806 1731 deleri;
2836 1667 2953 1735 quia
2982 1667 3089 1735 jogi
3117 1670 3475 1722 recordatione
3518 1685 3625 1722 mo-

2091 1757 2279 1809 mentis
2321 1756 2539 1822 singulis
2581 1757 2876 1808 innovatur.
2930 1756 3041 1809 lllic
3081 1759 3220 1810 enim
3268 1758 3535 1811 vobiscum
3562 1774 3624 1811 es

2027 1864 2070 1921 Β
2096 1842 2469 1895 consuetudine
2496 1844 2696 1908 pietatis
2726 1855 2911 1896 vestra:
2934 1846 3186 1898 secretius
3208 1846 3496 1915 colloquor.
3520 1846 3575 1899 lll
3598 1862 3624 1900 c

2094 1929 2249 1983 etiam
2268 1930 2333 1983 de
2363 1930 2476 1981 vita:
2506 1930 2735 1983 melioris
2755 1930 3081 1985 institutione
3104 1943 3379 1997 pertracto.
3401 1934 3512 1987 lllic
3533 1949 3625 1986 vos

2094 2018 2244 2071 labiis
2288 2018 2477 2070 mentis
2516 2019 2811 2084 exosculor,
2856 2028 2907 2073 et
2942 2020 3177 2073 manibus
3220 2022 3394 2076 cordis
3432 2023 3625 2089 ample-

2090 2112 2225 2158 ctor.
2253 2104 2367 2169 Quo
2391 2104 2463 2169 tit,
2493 2115 2548 2157 ut
2568 2120 2691 2157 vera
2721 2104 2949 2171 dilectio,
2975 2122 3093 2173 quae
3112 2108 3163 2160 in
3194 2108 3475 2162 visceribus
3497 2113 3625 2163 meis

2090 2193 2205 2245 viva
2235 2192 2405 2245 vultus
2436 2193 2593 2244 vestri
2623 2193 2927 2261 ﬁguratione
2951 2196 3174 2247 nutritur
3198 2205 3251 2248 et
3282 2196 3511 2262 ignicqu
3540 2211 3624 2249 ca-

2092 2281 2261 2334 ritatis
2288 2280 2609 2346 aetenditur,
2640 2282 2831 2339 amoris
2856 2283 3017 2333 vestri
3048 2283 3454 2335 vicissitudinem
3499 2285 3623 2336 mihi

2093 2369 2443 2435 repromittat,
2476 2377 2529 2421 et
2559 2370 2764 2421 animus
2798 2384 2945 2422 meus
2972 2371 3096 2422 mihi
3124 2370 3279 2422 animi
3310 2372 3465 2424 vestri
3497 2371 3623 2423 lide-

2089 2454 2263 2522 jussor
2289 2456 2527 2517 assistat;
2560 2454 2682 2506 dum
2714 2464 2961 2522 quantum
2990 2457 3223 2517 mihine
3251 2456 3398 2509 vobis
3425 2472 3623 2523 presu-

2070 2534 2239 2597 'mere
2264 2544 2516 2605 debeam,
2563 2545 2827 2597 conscium
2873 2554 3063 2597 mutuas
3112 2544 3406 2599 dilectionis
3443 2557 3625 2613 pectus

2095 2634 2374 2699 interrogo.
2409 2630 2554 2684 Unde
2582 2632 2841 2685 scribendi
2864 2634 2987 2685 mihi
3020 2633 3160 2686 aditu
3182 2634 3505 2687 orationibus
3530 2651 3620 2687 ve-

2093 2723 2215 2774 stris
2236 2720 2442 2776 tandem
2484 2721 2763 2787 aliquando
2809 2730 3062 2785 reserato,
3095 2721 3228 2775 hanc
3259 2724 3621 2776 salutationem

2093 2806 2295 2868 defero,
2326 2816 2378 2859 et
2405 2809 2833 2861 intercessionem
2868 2809 3201 2875 peccatorum
3232 2814 3460 2878 requiro.
3494 2811 3622 2864 lllud

2093 2893 2307 2959 speciali
2328 2909 2481 2961 prece
2504 2896 2811 2959 deposcens.
2836 2902 2891 2946 ut
2918 2896 3327 2955 misericordiam
3347 2897 3438 2949 Dei
3461 2899 3622 2949 nostri

2093 2982 2317 3035 assiduis
2348 2982 2684 3046 petitionibus
2715 2982 2953 3049 tlagitetis
2980 2986 3222 3038 omnibus
3251 2986 3449 3039 deiictzs
3473 2989 3622 3050 meis,

2092 3082 2249 3136 atque
2272 3069 2535 3133 omnibus,
2567 3072 2940 3136 opitulantibus
2985 3074 3132 3125 vobis
3172 3074 3620 3140 consuetudinem

461 3167 720 3229 paradisi,
748 3165 870 3217 dum
916 3162 1249 3232 proprietatis
1273 3167 1450 3219 saeculi
1494 3166 1684 3218 desinit
1716 3180 1833 3218 esse
1874 3179 1991 3231 pos-
2020 3188 2063 3247 ρ
2093 3158 2367 3211 clementia
2399 3169 2449 3210 et
2477 3162 2684 3225 cOpiosa
2732 3159 2961 3212 bonitate
2981 3199 2994 3221 ,
3025 3161 3247 3224 delictis,
3280 3160 3385 3231 etsi
3426 3176 3527 3215 non
3558 3162 3621 3213 ad

459 3268 651 3307 sessor.
679 3254 756 3307 Ad
779 3254 1121 3321 apostolatum
1143 3264 1371 3307 vestrum
1413 3252 1864 3305 commendatitias
1895 3268 1980 3317 po-

458 3336 667 3394 stulanti
706 3343 928 3395 libenter
971 3343 1179 3395 indulsi.
1226 3341 1386 3409 Cujus
1432 3342 1794 3393 necessitatem
1834 3343 1877 3392 si
1912 3340 1991 3391 di-

459 3438 644 3497 gnatur
670 3430 871 3497 plenius
892 3432 1140 3484 sanctitas
1166 3439 1337 3483 vestra
1359 3443 1693 3497 cognoscere,
1718 3429 1989 3493 epistolam

460 3533 613 3583 quam
642 3522 706 3571 ad
738 3520 1076 3578 humilitatem
1105 3534 1273 3571 meam
1303 3518 1464 3571 frater
1492 3531 1670 3570 noster
1718 3519 1991 3569 Eumerius

459 3606 734 3671 episcopus
762 3621 857 3671 per
882 3608 1049 3671 ipsum
1081 3605 1291 3669 direxit,
1319 3603 1447 3656 tanti
1469 3604 1654 3657 habeat
1685 3618 1989 3666 recensere;

461 3701 515 3743 et
539 3692 680 3743 illico
704 3700 951 3758 agnoscet
984 3694 1204 3758 qualiter
1230 3691 1325 3757 ipsi
1364 3691 1549 3744 debeat
1577 3699 1629 3744 et
1657 3706 1747 3757 pro
1774 3704 1991 3744 cousneo

463 3781 641 3833 tudine
682 3782 987 3844 consulere,
1033 3790 1085 3833 et
1115 3796 1209 3848 pro
1236 3780 1452 3833 caritate
1484 3790 1660 3832 mutua
1690 3781 1988 3834 condolere.

463 3868 560 3932 Qui
591 3877 649 3921 ut
674 3870 884 3921 fratrem
910 3869 975 3922 ab
997 3870 1233 3921 hostibus
1260 3867 1503 3921 redderet
1535 3868 1775 3931 liberum,
1802 3883 1859 3921 se
1880 3885 1993 3921 cre-

464 3960 688 4009 ditorum
709 3958 889 4009 maluit
914 3972 1033 4010 esse
1059 3954 1340 4025 captivum,
1363 3965 1417 4011 et
1442 3969 1495 4011 ut
1524 3957 1613 4012 ille
1633 3959 1990 4013 crudelissima

370 4034 375 4043 ’
462 4055 629 4097 morte
654 4060 761 4098 non
801 4046 1095 4113 privaretur
1122 4045 1245 4109 vita,
1274 4047 1383 4113 ipse
1409 4050 1633 4101 extorris
1664 4056 1744 4101 est
1772 4049 1934 4102 factus
1963 4064 1992 4101 e

463 4138 647 4202 patria.

530 4223 706 4302 sancti
742 4224 965 4291 apostoli
996 4224 1137 4297 Qauli
1176 4226 1485 4277 sententiam
1517 4236 1540 4263 ο
1578 4228 1948 4279 coiistituentes
1973 4270 1987 4291 ,

463 4305 561 4375 qua
588 4310 838 4363 Romanis
884 4310 1117 4362 scribens
1144 4310 1215 4361 ait
1242 4326 1257 4360 :
1311 4310 1447 4361 Nolo
1492 4325 1575 4361 vos
1604 4312 1853 4377 ignaram,
1888 4318 1987 4380 fra-

466 4412 582 4460 tres,
610 4400 729 4464 quia
751 4412 881 4461 sape
911 4398 1145 4463 proposui
1172 4397 1335 4447 venire
1382 4397 1446 4447 ad
1474 4412 1575 4459 ros,
1607 4400 1692 4448 sed
1720 4399 1992 4457 prohibitus

2096 3249 2229 3299 idem
2263 3251 2552 3314 prmmium,
2577 3248 2758 3300 saltem
2788 3248 2850 3301 ad
2872 3250 3109 3302 eumdem
3135 3262 3229 3301 nos
3256 3258 3457 3315 portum
3481 3250 3567 3317 qui
3598 3274 3622 3287 -

2090 3338 2154 3388 tis
2180 3338 2362 3402 jubeat
2393 3336 2697 3403 pervenire;
2727 3346 2782 3388 ut
2821 3347 3075 3402 quatenus
3114 3338 3197 3388 hic
3226 3346 3434 3401 propter
3458 3337 3620 3403 spatia

2090 3422 2359 3489 interjccta
2390 3436 2646 3476 terrarum
2676 3424 2841 3476 oculis
2867 3425 3100 3491 corporis
3120 3424 3309 3491 saepius
3334 3438 3429 3477 nos
3450 3425 3622 3479 videre

2091 3530 2195 3565 non
2224 3528 2518 3579 possumus,
2563 3514 2644 3566 vel
2673 3513 2865 3566 ibidem
2892 3512 2959 3566 de
2986 3522 3162 3567 mutua
3193 3515 3466 3580 praesentia
3497 3528 3620 3582 gau-

2091 3604 2337 3664 deamus;
2368 3609 2422 3652 ut
2454 3603 2661 3669 quando
2703 3602 2847 3653 vobis
2867 3615 2895 3651 a
2915 3600 3067 3667 justo
3089 3602 3266 3655 Judice
3307 3602 3620 3655 retribuatur

2090 3704 2280 3741 corOua
2320 3691 2645 3752 meritorum,
2694 3689 2816 3741 mihi
2854 3703 2883 3741 a
2926 3688 3159 3757 piissimo
3197 3690 3544 3756 redemptore,
3568 3699 3621 3741 et

2090 3778 2339 3830 advocato
2363 3775 2739 3844 perfectissimo
2770 3785 2790 3812 ο
2813 3777 3208 3829 commissorum
3233 3776 3381 3829 venia
3408 3791 3510 3829 non
3531 3792 3621 3829 ne-

2090 3880 2259 3928 getur.
2306 3867 2419 3935 Ipse
2442 3876 2563 3919 ante
2586 3866 2834 3933 judicium
2864 3866 3149 3930 peccatoris
3197 3880 3349 3933 agere
3375 3866 3616 3933 dignetur

2089 3972 2331 4021 causam,
2378 3972 2441 4009 ne
2489 3958 2537 4007 iu
2582 3944 2783 4023 judicio
2819 3957 2997 4022 puniat
3037 3956 3263 4022 culpam,
3308 3955 3425 4021 quia
3472 3955 3615 4007 novit

2088 4049 2276 4116 quippe
2304 4047 2633 4115 omnipotens
2659 4059 2755 4098 nec
2783 4045 2832 4097 in
2861 4044 3090 4097 bonitate
3129 4044 3419 4097 clementia:
3438 4042 3615 4110 judit—ii

2091 4138 2307 4203 perdere
2334 4138 2629 4200 veritatem,
2661 4149 2755 4187 nec
2781 4134 2959 4200 jndicii
3006 4134 3284 4185 severitate
3327 4131 3617 4185 clementiu-

2089 4226 2332 4276 amittere
2360 4224 2667 4276 bonitatem.
2700 4224 2761 4275 Et
2791 4224 2908 4275 ideo
2941 4237 3033 4289 per
3076 4221 3385 4275 ineffabilem
3418 4221 3621 4273 miseri-

2088 4312 2280 4363 cordia:
2295 4326 2355 4363 ac
2375 4313 2577 4362 virtutis
2599 4313 2953 4376 operationem
2982 4311 3134 4363 vobis
3161 4322 3411 4379 praestare
3440 4311 3619 4378 digne-

2091 4410 2195 4462 tur,
2220 4408 2277 4450 ut
2304 4412 2435 4464 quos
2473 4399 2556 4450 hic
2586 4400 2804 4451 veritate
2840 4400 3107 4468 conjunxit
3127 4442 3141 4462 ,
3170 4401 3275 4453 illic
3300 4402 3619 4455 habitatione

466 4500 575 4535 sum
604 4484 939 4551 usquech
963 4482 1136 4547 (Rom.
1168 4497 1203 4536 ι.
1232 4482 1353 4549 15);
1380 4492 1433 4536 et
1460 4498 1553 4535 nos
1591 4486 1763 4537 dicere
1794 4486 1990 4551 pudore
2019 4496 2068 4553 ι)
2092 4503 2197 4539 non
2220 4499 2453 4553 separet;
2478 4488 2869 4552 promissionem
2892 4498 3118 4539 vestram
3142 4490 3377 4541 recolens
3395 4489 3618 4554 peculia-

468 4573 745 4637 inStigante
772 4571 1165 4636 compellimur:
1188 4570 1430 4625 Crebrius
1450 4571 1703 4623 voluimus
1732 4572 1797 4623 ad
1821 4573 1992 4623 since-

467 4659 727 4710 rissimam
753 4658 996 4725 pietatem
1016 4669 1245 4711 vestram
1272 4661 1462 4726 scripta
1492 4660 1735 4727 dirigere,
1755 4660 1844 4713 sed
1876 4676 1993 4727 prn-

470 4734 619 4796 hibiti
640 4760 821 4797 sumus
858 4760 1020 4810 usque
1062 4761 1225 4810 nunc;
1276 4747 1580 4811 prohibente
1616 4748 1857 4799 nimirum
1906 4747 1995 4799 illo

468 4834 554 4899 qui
578 4833 727 4885 bona:
754 4834 998 4885 voluntati
1025 4817 1295 4889 consuevit
1321 4850 1529 4903 semper
1556 4836 1829 4900 obsistere,
1865 4838 1994 4888 invi-

470 4924 599 4976 dens
622 4924 825 4976 scilicet
842 4924 1089 4989 profectui
1112 4936 1308 4986 nostro,
1341 4934 1393 4978 et
1415 4926 1619 4979 aﬂectui
1648 4936 1840 4990 vestro,
1867 4943 1881 4989 ;
1912 4927 1991 4976 af-

470 5011 622 5064 fectui
652 5024 829 5062 nostro
848 5022 903 5064 et
924 5014 1170 5079 profectui
1207 5025 1401 5066 vestro.
1435 5014 1690 5079 Profectui
1721 5029 1901 5067 DOSII'O
1942 5022 1993 5065 et

468 5100 671 5153 εσθαιιί
718 5109 922 5162 vestro;
968 5102 1085 5167 quia
1133 5103 1365 5154 doctrina
1413 5110 1581 5154 vestra
1633 5102 1853 5155 eruditio
1896 5116 1993 5153 no-

468 5194 571 5241 stra
598 5199 699 5254 est,
726 5196 783 5240 et
805 5189 1023 5253 epistola
1057 5199 1234 5243 nostra
1256 5182 1545 5242 consolatio
1571 5190 1812 5243 desiderii
1834 5188 1991 5242 vestri

466 5288 581 5341 est;
608 5288 662 5331 et
688 5289 869 5340 rursus
903 5278 1153 5345 profectui
1197 5288 1369 5332 vestro
1413 5288 1465 5332 et
1516 5278 1717 5333 atl‘ectui
1772 5292 1990 5343 nostro;

534 5437 559 5465 ι
589 5431 712 5494 Leg.
753 5429 972 5491 Ennio,
1022 5431 1110 5495 qui
1150 5431 1241 5483 fuit
1280 5445 1343 5482 eo
1383 5440 1614 5496 tempore
1664 5432 1990 5485 Arelatensis

465 5497 765 5567 episcopus,
797 5506 851 5567 et
896 5508 949 5549 ut
974 5503 1153 5561 aiunt,
1200 5499 1424 5552 vicarius
1468 5501 1725 5567 pontificis
1764 5499 1987 5552 Romani

470 5578 558 5629 ter
581 5564 795 5621 Gallias.
824 5566 979 5618 Bssn.

530 5627 561 5667 δ
587 5631 686 5684 Hs.
714 5634 923 5698 vitiose,
951 5632 1084 5700 quod
1104 5635 1247 5698 pejus
1276 5642 1365 5685 est.

2093 4574 2201 4627 rius
2226 4588 2369 4641 rogo,
2390 4564 2455 4626 'ut
2482 4574 2690 4624 fratrem
2723 4573 3013 4626 Pomerium
3044 4576 3292 4627 sanctitas
3312 4584 3482 4626 vestra
3510 4588 3615 4627 n0u

2095 4664 2262 4717 solum
2288 4677 2390 4715 non
2422 4663 2660 4724 retineat,
2682 4677 2859 4713 verum
2892 4664 3044 4714 etiam
3074 4662 3135 4712 ad
3158 4675 3254 4715 nos
3274 4662 3451 4715 venire
3478 4675 3616 4714 com-

2097 4752 2271 4818 pellat,
2305 4760 2605 4816 partemque
2634 4763 2780 4802 suam
2820 4749 2967 4801 nobis
2994 4750 3043 4801 in
3066 4748 3336 4801 dividuum
3354 4736 3618 4816 utriusque

2096 4837 2431 4897 transmittat.
2462 4835 2565 4888 Nec
2594 4849 2713 4888 eum
2734 4849 2764 4887 a
2786 4835 2930 4889 vobis
2953 4834 3242 4899 discedere,
3265 4836 3307 4887 si
3335 4836 3397 4886 ad
3424 4850 3509 4889 me
3532 4850 3618 4889 ac-

2092 4927 2329 4989 cesserit,
2354 4925 2616 4991 iudicetis,
2638 4924 2755 4989 quis
2782 4933 2836 4976 et
2858 4938 2951 4976 vos
2981 4924 3065 4977 hic
3093 4923 3321 4976 inveniet
3358 4923 3410 4975 in
3438 4939 3543 4987 me,
3564 4934 3617 4977 et

2092 5030 2207 5067 cum
2236 5030 2300 5068 eo
2328 5031 2441 5078 vos,
2463 5016 2723 5067 residente
2748 5027 2985 5079 corpore,
3015 5023 3067 5064 ut
3107 5012 3434 5077 conﬁdimus,
3460 5015 3617 5067 corde

2093 5104 2329 5155 venietis.
2352 5098 2524 5155 Sedet
2548 5100 2667 5153 inde
2691 5115 2791 5153 non
2818 5115 3026 5165 parvum
3050 5100 3267 5153 fructum
3297 5100 3488 5154 habere
3530 5116 3617 5168 po-

2095 5193 2281 5253 teritis,
2312 5190 2356 5242 si
2386 5188 2649 5241 rusticitas
2684 5196 2859 5240 nostra
2897 5189 3127 5242 doctrina
3153 5189 3314 5258 ipsius
3338 5187 3616 5259 aliquidin

2095 5279 2185 5331 Dei
2216 5280 2404 5330 timore
2433 5275 2725 5343 profecerit.

2162 5440 2184 5467 ο
2214 5431 2363 5481 Prius
2380 5430 2491 5481 erat
2516 5428 2567 5479 in
2600 5440 2695 5479 ms.
2727 5436 3030 5483 cmituenter.

2159 5499 2186 5533 ἀ
2220 5496 2285 5547 Et
2330 5512 2521 5562 semper
2559 5496 2829 5549 consolatio
2878 5496 3112 5548 desiderii
3155 5496 3330 5563 nostri,
3376 5497 3518 5550 vestri
3543 5508 3611 5548 est

2092 5565 2330 5617 sermonis
2354 5563 2579 5626 affectus.

2160 5642 2182 5668 ⁸
2209 5631 2300 5684 Ms.
2325 5634 2689 5697 ommissorum,
2719 5632 2851 5686 forte
2888 5634 3199 5686 amissorum.

3682 82 3845 167 “1
