3908 6372
284 360 352 415 89
1503 361 1818 417 EPISTULA
1835 361 1971 414 liUM
2011 359 2132 412 LIB.
2177 359 2232 411 ll.
3379 355 3442 407 90

873 475 1081 530 EPlST.
1143 473 1230 526 IX.

281 586 472 636 Damno
510 585 687 634 anith
733 599 835 634 sum
879 595 924 634 et
965 584 1015 634 in
1059 582 1255 636 Christo
1291 579 1498 632 Domino
1545 578 1807 630 visceribus

398 654 665 703 excolendo
697 652 924 702 Pomaria
954 652 1114 702 abbati
1145 649 1377 701 Ruricius
1407 654 1681 716 episcopus.

341 757 612 820 Sapientes
635 755 809 809 smculi
832 757 1027 809 amicos
1047 759 1174 809 duos
1193 772 1345 808 unam
1370 757 1590 807 animam
1617 756 1807 806 habere

277 846 552 905 dixerunt.
603 847 739 913 quod
767 861 862 912 ego
907 849 1061 898 etiam
1101 846 1459 898 ecclesiastico
1511 843 1805 895 testimonio

276 949 449 986 verum
500 947 618 986 esse
673 933 945 994 conﬁrmo,
994 933 1127 998 quod
1153 933 1259 983 ait:
1290 932 1602 983 Credentium
1642 939 1803 980 autem

275 1035 373 1073 erat
394 1025 562 1073 anima
584 1032 628 1074 et
656 1039 742 1073 cor
783 1038 931 1072 unum
981 1023 1110 1090 (Act.
1146 1037 1214 1082 tv,
1263 1019 1374 1086 3‘2).
1423 1021 1589 1072 Unum
1631 1021 1803 1081 utique

271 1115 504 1176 caritate,
534 1130 635 1166 non
666 1127 910 1172 numero;
941 1123 992 1165 et
1026 1112 1140 1164 fidei
1172 1111 1522 1176 simplicitate,
1568 1125 1666 1160 non
1696 1110 1802 1159 sin-

270 1204 542 1267 gularitate
593 1217 847 1268 personze.
898 1201 1003 1253 lloc
1057 1216 1180 1267 ergo
1235 1200 1461 1265 praedico
1504 1200 1798 1265 proboque;

269 1305 384 1340 nam
417 1305 478 1341 ex
509 1305 611 1357 quo
637 1306 664 1342 a
715 1298 881 1343 vestra
923 1289 1258 1340 unanimitate
1294 1289 1532 1350 discessi,
1577 1289 1798 1338 divisum

265 1392 381 1431 esse
409 1394 490 1431 me
535 1379 740 1439 sentio,
798 1389 1099 1444 partemque
1144 1392 1308 1428 meam
1353 1378 1615 1428 vobiscum
1663 1391 1801 1426 rese-

265 1467 402 1517 disse
428 1480 710 1532 cognosco.
743 1465 843 1517 Nec
871 1465 1171 1517 absentibus
1206 1465 1366 1528 vobis,
1403 1465 1653 1530 integrum
1685 1480 1800 1515 esse

267 1553 346 1606 nte
374 1555 561 1615 credo;
591 1563 643 1606 et
674 1570 791 1606 cum
823 1569 903 1605 tne
929 1556 976 1605 in
1005 1567 1087 1604 nte
1110 1567 1212 1603 non
1245 1553 1524 1612 inveniann,
1550 1551 1680 1616 apud
1710 1565 1798 1608 vos

264 1658 344 1694 me
373 1644 435 1693 ad
467 1658 561 1694 vos
591 1657 856 1708 regressus
883 1641 1112 1707 inquiro;
1150 1650 1300 1705 atque
1331 1639 1518 1690 ibidem
1551 1650 1796 1704 quantum

263 1731 361 1782 mei
386 1731 533 1782 vobis
562 1729 863 1793 reliquisse,
891 1738 1086 1779 tantum
1117 1729 1270 1778 vestri
1303 1743 1500 1780 mecum
1525 1728 1795 1779 abstulisse

1843 478 1888 534 Α
1913 470 2152 535 juvenes,
2178 468 2294 534 quia
2319 468 2510 519 viciSIis
2540 469 2839 534 malignum.
2873 467 3055 520 Scriho
3079 466 3246 527 vobis,
3276 467 3436 533 pueri,

1911 561 2027 626 quia
2056 558 2371 625 cognovistis
2404 557 2627 611 Patrem.
2660 559 2766 621 Qua
2811 559 3121 611 discretione
3169 556 3440 608 verborum

1909 659 2010 696 noli
2034 656 2239 696 aetatem
2270 645 2545 696 exterioris
2591 645 2834 708 hominis,
2865 645 2954 696 sed
2984 646 3276 710 qualitatem
3313 645 3442 695 inte-

1907 738 2058 788 rioris
2096 737 2342 804 assignat.
2392 737 2442 788 In
2495 748 2740 800 quantum
2773 738 2906 788 enim
2940 737 2988 788 in
3028 737 3115 788 Dei
3147 736 3439 801 cognitione

1906 839 1966 878 ac
1995 827 2271 879 dilectione
2305 827 2620 892 proficimus,
2664 837 2834 891 patres
2864 825 2976 878 sine
2999 825 3154 877 dubio
3175 839 3439 891 nuncupa-

1906 931 2037 968 mur.
2069 917 2118 966 ln
2144 919 2388 982 Quantum
2421 932 2546 968 vero
2591 925 2769 966 contra
2807 916 3181 976 adversarium,
3215 915 3296 980 qui
3326 922 3437 965 tan-

1904 1023 2049 1071 quam
2090 1009 2162 1056 leo
2207 1007 2398 1066 circuit,
2423 1020 2648 1072 qtta'rens
2676 1020 2818 1071 quem
2839 1006 3036 1055 devoret
3079 1001 3126 1070 (1
3151 1002 3261 1054 Pet.
3284 1018 3332 1067 v,
3357 1003 3431 1068 8),

1905 1095 2122 1146 viriliter
2169 1095 2494 1157 ditnicatnus,
2550 1094 2769 1158 juvenes
2809 1107 2922 1145 esse
2967 1093 3346 1158 cogno~cimur.
3379 1091 3432 1142 lu

1901 1190 2150 1246 quantum
2175 1196 2299 1232 vero
2320 1181 2574 1232 socordia:
2617 1182 2929 1246 desidiaeque
2959 1181 3348 1244 committimur,
3383 1190 3433 1232 et

1901 1271 1964 1321 ad
1992 1271 2327 1322 incedendam
2373 1269 2733 1322 mandatorum
2785 1271 2918 1322 viam
2973 1270 3088 1321 fidei
3137 1270 3432 1322 infirmitate

1903 1359 2195 1420 deficimus,
2227 1368 2376 1424 atque
2400 1359 2463 1409 ad
2504 1359 2792 1409 enntuenda
2818 1372 2875 1408 ac
2908 1359 3192 1424 peragenda
3243 1373 3434 1423 przece-

1901 1459 1983 1513 pta
2014 1447 2182 1498 divina
2215 1462 2241 1497 a
2273 1448 2596 1499 smcuiariunt
2647 1461 2852 1498 actuum
2903 1448 3185 1497 intentione
3231 1448 3373 1511 quasi
3405 1463 3436 1499 e

1899 1549 2084 1586 Somno
2130 1538 2393 1600 segniores
2439 1535 2781 1599 assurgitnns,
2827 1535 3116 1586 rectissime
3156 1550 3430 1601 puerorum

1901 1621 2107 1674 levitate
2133 1637 2423 1673 censemur.
2452 1621 2596 1674 Unde
2626 1632 2675 1673 et
2699 1623 2960 1687 apostolus
2990 1623 3175 1674 Paulus
3199 1625 3263 1672 ita
3292 1638 3432 1674 com-

1900 1721 2074 1762 monet
2123 1711 2466 1777 negligentem
2497 1727 2507 1759 :
2542 1710 2701 1776 Surge
2731 1711 2813 1773 qui
2846 1711 3049 1770 dormis,
3092 1719 3134 1759 ct
3161 1727 3368 1774 exsurge
3402 1728 3430 1759 (ι

260 1820 542 1884 camp-mo.
574 1819 631 1870 Et
660 1818 1003 1880 οωηίνυιεηιί
1037 1818 1138 1868 ι)υο
1166 1817 1356 1882 gratias
1390 1833 1544 1881 super
1574 1825 1674 1866 tam
1707 1818 1766 1866 ad
1833 1807 1870 1860 Β
1897 1798 2122 1858 mortuis,
2168 1808 2217 1848 et
2245 1799 2513 1863 continges
2565 1797 2846 1882 (llttistunt,
2893 1796 3000 1848 sive
3040 1797 3338 1847 illuminabt’t
3386 1806 3429 1847 te

261 1908 480 1959 mirabili
511 1906 645 1958 facto
669 1905 783 1971 ejus
823 1905 1010 1959 refero.
1045 1905 1179 1969 quod
1212 1904 1278 1954 ita
1311 1906 1534 1966 generali
1567 1904 1790 1954 tribuere

257 1994 647 2060 dispenSaIione
675 1993 914 2059 dignatus
943 2001 1042 2053 est,
1068 2001 1121 2060 ul.
1148 1991 1284 2042 inter
1299 2003 1389 2042 eos
1406 2006 1533 2055 quos
1559 1995 1788 2041 locorum

257 2082 526 2133 intervalla
555 2080 936 2141 dtseriminant,
963 2080 1092 2131 liber
1119 2093 1178 2130 ac
1226 2079 1377 2129 nullis
1402 2080 1673 2129 conclusus
1701 2079 1789 2130 ub-

256 2170 433 2221 sentize
489 2167 687 2232 legibus
733 2167 936 2218 animus
979 2174 1322 2227 commearet;
1372 2165 1601 2231 nihilque
1653 2178 1786 2217 esset

256 2264 355 2306 tam
387 2254 805 2321 impenetrabile,
854 2252 992 2321 qutvd
1021 2254 1212 2308 mentis
1247 2262 1423 2318 aspect
1448 2253 1538 2303 bus
1562 2269 1660 2302 nun
1696 2269 1783 2316 pa-

254 2353 412 2405 teret;
441 2343 533 2396 sed
578 2359 665 2408 per
695 2343 868 2395 cordis
903 2342 1143 2394 intuitum
1191 2341 1312 2393 inde
1341 2340 1784 2399 se'invicemcari,

251 2433 411 2500 gratia
445 2432 853 2493 intereurrente,
885 2433 1280 2496 conspicerent,
1316 2428 1401 2479 ubi
1447 2431 1634 2480 caritas
1679 2429 1782 2492 ipsa

251 2521 505 2573 consistit.
537 2520 596 2572 Et
629 2520 744 2571 ideo
765 2519 980 2572 salutem
1007 2517 1306 2583 plenissime
1333 2533 1453 2581 erga
1482 2533 1581 2574 me.
1616 2533 1747 2582 quan
1779 2543 1796 2551 -

253 2621 356 2661 tum
391 2608 599 2676 propria
633 2620 800 2660 mente
831 2607 1074 2673 conjicio,
1102 2607 1278 2673 pietati
1310 2617 1492 2658 vestra.-
1523 2607 1780 2668 deferens,

250 2698 388 2749 omni
419 2711 628 2764 precum
660 2696 944 2748 ambitione
963 2697 1220 2762 deposco;
1247 2696 1289 2747 si
1313 2695 1459 2746 nobis
1492 2711 1549 2760 pa
1563 2711 1666 2745 rent
1700 2710 1782 2744 re-

252 2786 480 2849 pensatis
509 2784 772 2847 affectum,
818 2787 860 2836 si
889 2784 1048 2836 simili
1085 2786 1299 2836 caritate
1343 2799 1437 2836 nos
1478 2786 1707 2850 diligitis,
1741 2787 1780 2833 si

249 2875 440 2941 aliquid
479 2875 528 2926 in
553 2875 840 2928 visceribus
874 2875 1061 2927 vestris
1083 2891 1230 2928 amor
1254 2889 1431 2928 uoster
1454 2885 1715 2940 cperatur,
1739 2877 1780 2927 si

250 2981 409 3032 u~que
433 2965 498 3017 ad
521 2951 772 3017 medullas
788 2965 960 3018 cordis
984 2967 1139 3018 vestri
1162 2966 1369 3018 dilectio
1400 2977 1572 3017 nostra
1600 2982 1777 3032 pert-e-

249 3055 339 3116 nit,
373 3056 415 3106 si
443 3058 510 3106 ita
539 3070 630 3105 vos
661 3071 752 3120 pro
788 3071 886 3116 me,
918 3069 1070 3122 quam
1107 3069 1189 3105 me
1219 3072 1309 3119 pro
1337 3055 1482 3106 vobis
1507 3055 1780 3105 dulcedine

1897 1887 2120 1938 Christus
2151 1884 2356 1951 (Ep/trs.
2392 1902 2441 1942 ν,
2474 1887 2560 1949 H)
2611 1879 2737 1936 Nam
2763 1895 2813 1935 et
2839 1884 3086 1936 Dominus
3117 1887 3164 1934 in
3199 1885 3427 1951 Evange-

1895 1974 1981 2031 lio,
2009 1988 2124 2024 cum
2156 1973 2202 2024 ei
2246 1989 2271 2022 a
2303 1972 2758 2022 circumstantibus
2788 1971 3085 2023 diceretur:
3122 1971 3246 2022 Ecce
3274 1981 3427 2023 mater

1893 2070 1993 2121 tua,
2025 2068 2070 2111 et
2096 2061 2272 2125 fratres
2302 2061 2371 2109 tui
2393 2068 2617 2123 quierunt
2647 2069 2709 2121 te,
2730 2059 2943 2108 volentes
2963 2059 3127 2110 videre
3148 2072 3191 2109 te
3216 2058 3419 2122 (Matth.

1892 2163 1984 2209 xu,
2013 2145 2125 2211 47),
2158 2148 2222 2197 ita
2269 2146 2536 2209 respondit
2563 2183 2573 2194 .
2599 2146 2724 2207 Qua:
2753 2154 2832 2197 est
2873 2156 3035 2197 mater
3061 2161 3192 2207 mea,
3226 2156 3311 2198 aut
3339 2149 3422 2212 qni

1889 2246 2007 2288 sunt
2035 2237 2217 2287 fratres
2245 2237 2342 2287 mei
2369 2236 2389 2283 ’ἰ
2416 2236 2476 2285 Et
2498 2235 2780 2287 ostendens
2817 2238 3096 2300 apostolos.
3148 2245 3423 2303 sequentes

1889 2341 1978 2386 se,
2007 2324 2188 2377 Nonne
2221 2325 2305 2383 lti,
2349 2325 2433 2389 qui
2485 2323 2678 2374 faciunt
2716 2324 3031 2376 voluntatem
3073 2325 3238 2376 Patris
3281 2327 3424 2376 mei?

1890 2415 2050 2465 Mater
2072 2415 2205 2464 enim
2238 2413 2431 2463 Christi
2464 2413 2563 2462 dici
2598 2425 2890 2475 possumus,
2919 2412 3124 2477 quando
3161 2412 3420 2464 Christum

1894 2505 2051 2556 corde
2080 2513 2359 2569 gestamus.
2390 2503 2510 2553 Nam
2536 2511 2584 2551 t-t
2616 2501 2671 2552 S.
2703 2502 2880 2561 Maria,
2913 2517 3023 2566 qua».
3047 2511 3098 2552 et
3130 2502 3268 2567 virgo
3300 2514 3422 2553 con-

1891 2604 2048 2660 cep-t,
2073 2595 2218 2659 virgo
2242 2594 2459 2659 peperit.
2497 2596 2640 2659 virgo
2674 2593 2982 2656 t‘ermansit,
3015 2592 3286 2643 Dominum
3326 2607 3419 2643 no-

1886 2694 2049 2733 sn-um
2085 2698 2181 2732 non
2213 2682 2483 2746 complexu
2517 2681 2668 2742 virili,
2695 2681 2784 2732 sed
2815 2680 2913 2731 fide
2943 2682 3217 2732 maritante
3237 2694 3420 2732 conce-

1887 2770 1977 2835 pit.
2007 2769 2213 2820 Fratres
2242 2784 2366 2820 vero
2393 2769 2553 2833 ipsius
2593 2767 2865 2830 eflicitnur,
2915 2768 3119 2834 quando
3165 2771 3228 2818 ita
3264 2765 3417 2842 vitam

1886 2871 2115 2910 nostram
2151 2859 2288 2910 omni
2315 2859 2560 2909 virtutum
2580 2873 2768 2921 genere
2790 2859 3129 2924 diapmtimus,
3161 2857 3416 2920 fulcimus,

1885 2963 2146 3009 ornaums,
2174 2957 2225 2997 ut
2251 2947 2481 2998 literedes
2507 2946 2590 2997 Dei
2616 2960 2730 2996 esse
2753 2945 3031 3011 possimus,
3053 2956 3101 2997 et
3118 2947 3416 2997 cohzeredes

1882 3037 2074 3087 ChriSti
2091 3035 2259 3093 (Rom.
2282 3051 2388 3097 vttt,
2411 3033 2517 3098 i7).
2541 3033 2634 3085 Cui
2649 3035 2784 3084 enim
2803 3034 3034 3095 dubium,
3050 3035 3183 3098 quod
3200 3037 3239 3086 si
3259 3037 3420 3087 haere-

249 3145 516 3209 potestatis
546 3142 792 3205 edomuit,
825 3150 879 3193 ut
908 3143 1123 3207 imperio
1153 3141 1314 3208 ipsius
1340 3156 1433 3192 nec
1464 3141 1668 3206 possitis
1695 3156 1774 3191 re-

1886 3125 1971 3175 tles
2003 3123 2088 3174 Dei
2123 3123 2286 3174 Patris
2309 3121 2581 3182 efficimur,
2607 3121 2896 3173 rectissime
2930 3133 2982 3174 et
3010 3121 3197 3173 fratres
3227 3121 3416 3183 Christi

250 3236 456 3298 sistere,
487 3247 582 3285 nec
613 3232 810 3294 velitis;
832 3232 893 3283 ad
922 3232 1303 3284 desiderantem
1331 3233 1538 3283 fratrem
1570 3231 1776 3284 deside—

249 3338 370 3374 rans
397 3323 704 3390 quantocius
733 3326 908 3374 venire
953 3323 1235 3385 festinabo,
1271 3323 1521 3375 beneficio
1551 3333 1600 3374 et
1654 3338 1773 3389 pro-

249 3412 462 3464 missum
504 3415 764 3463 soluturus
791 3411 1023 3464 debitum
1043 3451 1057 3474 ,
1087 3422 1139 3464 et
1188 3424 1422 3464 mutuum
1453 3412 1780 3478 tnitigaturus

247 3489 508 3554 affectum.
537 3502 664 3566 Quia
709 3517 883 3554 coram
916 3503 1064 3567 positi
1095 3505 1346 3570 aequalem
1393 3503 1538 3555 vobis
1567 3505 1778 3569 gratiam

250 3589 309 3641 tle
357 3598 535 3641 nostra
579 3590 1017 3655 contemplatione
1047 3601 1097 3642 et
1127 3591 1473 3643 collocatione
1509 3591 1779 3656 prtestabi-

251 3694 382 3740 mus,
419 3687 741 3744 tantumque,
781 3680 824 3730 si
877 3692 928 3730 ut
956 3680 1205 3747 diligeris,
1239 3681 1428 3747 diligis,
1462 3695 1489 3732 a
1521 3695 1601 3733 me
1633 3683 1782 3733 retri-

251 3770 435 3819 huetur
465 3768 665 3819 caritati
698 3780 817 3831 tute,
849 3778 1097 3834 quantum
1131 3779 1182 3820 ttt
1205 3783 1337 3821 mea:
1372 3770 1481 3836 ipse
1511 3771 1777 3822 detuleris.

250 3857 352 3910 Nec
380 3870 507 3910 sane
535 3859 847 3910 inveniendo
874 3858 1224 3924 fatigationem
1251 3860 1444 3924 poteris
1481 3860 1774 3911 formidare.

249 3948 395 4010 Quia.
429 3956 485 3998 ttt
533 3947 618 4000 ille
647 3947 801 4010 dixit,
833 3947 949 3999 vicit
994 3950 1087 4000 iter
1114 3949 1303 3999 durum
1337 3947 1518 4012 pietas.
1551 3948 1612 3997 Et
1635 3948 1779 4010 juxta

248 4037 554 4098 Apostolutn
587 4048 816 4086 malrum
845 4051 854 4083 :
899 4033 1094 4084 Caritas
1125 4036 1295 4084 omnia
1335 4034 1545 4086 sustinet
1586 4031 1636 4099 (l
1664 4033 1775 4082 Cor.

251 4138 355 4184 xm,
387 4122 462 4190 7),
497 4138 616 4188 quae
644 4135 738 4173 nec
777 4121 960 4186 quatit
1001 4135 1114 4184 qute
1149 4134 1239 4170 sua
1267 4128 1404 4180 sunt,
1432 4135 1527 4172 nec
1555 4134 1777 4187 unquam

251 4214 389 4262 novit
415 4211 692 4262 excedere.
739 4209 1039 4275 Opportune
1069 4210 1222 4259 etiam
1251 4210 1566 4260 desideranti
1599 4210 1779 4261 viatori

251 4299 559 4350 autumnalis
576 4301 821 4362 temporis
838 4298 1075 4364 congruit
1096 4313 1210 4348 cum
1238 4299 1453 4350 caritate
1478 4299 1776 4363 temperies,

253 4388 290 4438 ti
315 4400 428 4438 eam
453 4399 619 4437 tamen
653 4389 926 4458 praeterita:
951 4387 1145 4438 :estatis
1175 4386 1348 4439 fervor
1372 4387 1642 4451 accendat,
1676 4402 1776 4438 nou

253 4476 567 4529 advenientis
598 4476 783 4528 hiemis
810 4476 953 4542 algor
975 4476 1292 4542 exstinguat.

859 4601 1064 4655 EPIST.
1108 4602 1172 4654 Χ.

612 4690 741 4743 Item
764 4692 969 4757 epistola
997 4691 1163 4741 domui
1197 4690 1406 4741 Ruricii.

313 4800 538 4853 Relectis
567 4800 754 4852 litteris
783 4799 930 4864 meis,
956 4799 1173 4852 fortasse
1207 4798 1495 4860 miraberis,
1525 4800 1661 4866 quod
1687 4814 1773 4852 ve-

236 4881 496 4942 nerationi
530 4897 629 4960 tua:
659 4888 803 4940 fratri
851 4890 1172 4954 scripserim;
1223 4902 1338 4940 cum
1372 4890 1469 4940 hoc
1518 4904 1614 4941 nec
1637 4893 1774 4944 aetati

249 4988 436 5031 nostra:
479 4977 773 5037 conveniat,
815 4989 910 5028 nec
940 4975 1141 5029 honori.
1171 4974 1296 5041 Quia
1328 4978 1462 5028 sicut
1502 4992 1583 5028 me
1614 4978 1778 5042 major

246 5084 302 5121 es
330 5078 474 5128 natu;
499 5066 565 5117 ita
597 5065 766 5116 minor
789 5079 846 5116 es
871 5065 1053 5131 gradu.
1098 5065 1162 5118 Et
1191 5066 1307 5117 ideo
1328 5065 1370 5116 si
1391 5067 1453 5117 ad
1487 5076 1644 5127 tuam,
1673 5066 1778 5118 Deo

251 5156 487 5224 propitio,
513 5154 888 5220 longaevitalem
914 5165 1001 5206 aut
1025 5154 1089 5204 ad
1123 5164 1348 5207 nostram
1371 5155 1780 5222 respexissemus

248 5245 764 5307 administrationem,
789 5255 875 5296 aut
905 5244 1043 5296 Patri
1069 5244 1299 5297 scribere
1322 5244 1666 5298 debueratnus
1690 5254 1780 5296 aut

252 5335 369 5386 tilio.
408 5333 511 5386 Sed
540 5332 659 5400 quia
699 5343 749 5383 οι
791 5330 845 5384 S.
878 5333 1106 5386 Joannes
1151 5334 1416 5398 apostolus
1464 5337 1513 5387 lu
1559 5335 1776 5402 epistola

250 5420 300 5487 (1
324 5439 436 5492 cap.
469 5423 507 5493 t)
529 5436 620 5476 sua
643 5423 764 5476 unis
789 5422 1110 5490 eisdemque,
1134 5432 1185 5475 et
1227 5423 1474 5489 patribus,
1498 5433 1550 5477 et
1574 5424 1777 5490 juveni-

253 5525 343 5568 bus
371 5513 571 5577 scribit,
601 5521 652 5565 et
674 5513 865 5577 pueris,
897 5511 1109 5566 dicens:
1153 5511 1339 5566 Scribo
1369 5514 1544 5578 vobis,
1574 5524 1775 5583 patres,

250 5605 363 5669 quia
388 5602 701 5670 cognovistis
723 5614 838 5654 eum
870 5598 956 5667 qui
983 5597 1050 5652 ab
1080 5600 1224 5655 initio
1254 5609 1352 5655 est.
1380 5601 1578 5657 .Scriho
1609 5601 1771 5664 vobis,

1882 3213 2002 3273 dici,
2037 3212 2146 3277 ipso
2175 3211 2472 3276 atloptante,
2502 3211 2924 3276 poterimus?qui
2952 3225 3044 3262 nos
3066 3211 3340 3276 plasmavit
3361 3222 3418 3263 ut

1881 3313 2022 3360 suos,
2050 3298 2271 3350 redemit
2305 3305 2359 3348 ut
2397 3298 2626 3357 alienos;
2658 3297 2812 3362 elegit
2853 3308 2901 3347 ut
2934 3311 3132 3361 servos,
3163 3298 3338 3348 ascivit
3364 3311 3415 3348 ut

1883 3391 2034 3441 filios.
2072 3389 2296 3440 Plasmat
2329 3388 2466 3439 enint
2496 3401 2589 3438 nos
2615 3396 2889 3452 potestate,
2919 3386 3119 3438 redimit
3144 3389 3410 3452 passione;

1886 3481 2208 3548 praescientia
2235 3480 2444 3532 asciscit
2466 3479 2513 3530 in
2532 3479 2714 3545 gratia.
2748 3477 2850 3529 Nos
2874 3487 3044 3528 tamen
3069 3476 3154 3529 filii
3179 3493 3266 3542 per
3287 3477 3410 3529 ado-

1888 3570 2138 3636 plinnem,
2177 3569 2267 3619 ille
2295 3568 2438 3618 solus
2470 3567 2604 3617 lilius
2634 3581 2726 3630 per
2752 3573 3017 3626 naturam;
3048 3570 3131 3632 qui
3158 3576 3211 3616 ut
3243 3580 3334 3616 nos
3355 3564 3416 3616 ad

1883 3657 2119 3710 eamdem
2161 3670 2258 3723 qua
2289 3653 2649 3720 excideramus
2697 3653 3065 3706 beatitudinem
3118 3661 3412 3717 revocaret,

1883 3759 1999 3797 cum
2033 3745 2236 3809 penitus
2267 3757 2368 3794 non
2401 3742 2610 3794 desierit
2651 3755 2768 3794 esse
2795 3741 2932 3807 quod
2966 3750 3096 3801 erat,
3142 3743 3300 3792 voluit
3346 3752 3416 3792 ta-

1883 3850 2001 3886 men
2039 3848 2154 3885 esse
2182 3833 2318 3900 quod
2350 3847 2450 3884 non
2481 3840 2610 3892 erat,
2642 3839 2701 3882 ut
2737 3831 2951 3902 verbum
2993 3845 3116 3882 caro
3159 3830 3322 3882 fieret.
3357 3831 3414 3881 Et

1881 3921 2003 3972 dum
2037 3921 2252 3972 Creator
2287 3920 2336 3969 itt
2382 3927 2637 3969 creatura:
2685 3917 2975 3969 humilitate
3021 3916 3319 3976 descendit,
3351 3918 3413 3965 atl

1882 4004 2148 4057 Creatoris
2190 4005 2561 4056 sublimitatem
2591 4014 2826 4053 creatura
2859 4003 3181 4054 conscendit.
3208 4003 3318 4064 Quo
3361 4004 3413 4053 fit

1882 4104 1934 4142 ut
1965 4092 2271 4143 humanitati
2299 4090 2469 4141 divina
2498 4088 2901 4140 communicent.
2933 4089 2998 4140 Et
3037 4090 3287 4142 divinitati
3323 4090 3412 4141 hu-

1882 4195 2029 4232 mana
2065 4179 2390 4244 participent,
2422 4177 2704 4228 secundum
2738 4176 2864 4228 illud
2899 4179 3158 4243 Apostuli:
3188 4159 3282 4238 Qui
3305 4195 3412 4228 cum

1881 4269 1929 4319 in
1962 4269 2120 4334 forma
2150 4266 2236 4316 Dei
2278 4275 2418 4326 esset,
2453 4281 2548 4314 non
2594 4265 2821 4329 rapinam
2849 4266 3115 4317 arbitratus
3137 4275 3204 4316 est
3233 4282 3333 4316 esse
3362 4282 3412 4317 se

1881 4357 2118 4423 aqualem
2145 4356 2268 4417 Deo,
2291 4356 2376 4407 sed
2399 4354 2711 4415 semetipsum
2738 4355 3029 4417 exinanivit,
3059 4355 3268 4421 fortnam
3289 4358 3413 4408 servi

1803 4461 1855 4517 ι)
1883 4452 2148 4516 accipiens,
2178 4451 2226 4500 in
2253 4450 2627 4501 similitudinem
2670 4448 2920 4497 hominum
2953 4447 3127 4511 factus,
3173 4457 3217 4497 et
3245 4447 3410 4497 habitu

1883 4547 2104 4604 repertus
2159 4547 2211 4588 ut
2261 4538 2424 4588 homo.
2471 4536 2764 4587 llumiliavit
2821 4537 3062 4602 seipsum.
3098 4535 3260 4599 {artus
3303 4536 3412 4586 obc-

1881 4630 2020 4678 diens
2051 4642 2204 4690 usque
2240 4628 2305 4678 ad
2327 4638 2553 4687 mortem,
2573 4634 2774 4676 mortem
2804 4636 2965 4675 autem
2991 4627 3167 4675 crucis.
3201 4624 3412 4693 Propter

1880 4717 2014 4780 quod
2039 4714 2172 4766 Dcus
2201 4715 2429 4766 exultavit
2472 4714 2631 4775 illum,
2663 4723 2707 4764 et
2743 4713 2940 4763 donarit
2971 4711 3044 4763 illi
3082 4727 3254 4764 nomen
3281 4715 3410 4779 quod

1878 4815 1948 4857 est
1974 4818 2120 4871 super
2141 4818 2284 4852 omne
2330 4818 2526 4864 nomen,
2561 4810 2611 4852 ut
2637 4803 2686 4851 in
2724 4801 2919 4851 nomine
2959 4798 3078 4850 Iesu
3119 4815 3260 4851 omne
3283 4817 3408 4866 genu

1877 4896 2125 4960 ﬂectatur,
2153 4891 2436 4950 rwlestium,
2458 4891 2757 4943 terrestrium
2786 4899 2830 4941 et
2861 4891 3154 4955 inferorum,
3185 4901 3226 4940 et
3253 4893 3409 4940 omnis

1876 4984 2054 5049 lingua
2081 4982 2370 5042 conﬁteatur
2391 4982 2626 5047 quoniam
2658 4980 2899 5032 Dominus
2922 4979 3062 5030 Jesus
3093 4979 3317 5031 Christus
3355 4981 3407 5029 in

1879 5072 2039 5138 gloria
2070 5079 2138 5120 est
2165 5069 2251 5118 Dei
2277 5067 2438 5119 Putris
2470 5068 2685 5136 (Philip.
2708 5083 2762 5125 tt,
2791 5067 2866 5131 6).
2896 5067 3038 5118 Unde
3060 5078 3108 5118 et
3137 5069 3198 5117 ad
3228 5067 3406 5118 Corin-

1883 5161 2018 5211 thios
2051 5157 2182 5207 idem
2211 5155 2394 5208 doctor
2424 5153 2657 5208 scribens
2683 5157 2788 5206 ait:
2825 5154 3000 5220 Itaque
3037 5171 3123 5206 nos
3169 5154 3405 5204 neminem

1879 5249 2095 5301 novimus
2125 5245 2390 5298 secundum
2421 5259 2618 5296 carnem
2637 5261 2654 5306 ;
2675 5244 2766 5295 etsi
2785 5246 3100 5308 regnavimus
3120 5241 3247 5292 enim
3266 5238 3407 5290 Chri-

1877 5344 2008 5386 stum
2048 5333 2319 5384 secundum
2365 5345 2593 5385 carnem:
2637 5329 2723 5382 sed
2748 5343 2880 5379 nunc
2908 5329 3015 5394 iam
3053 5343 3149 5377 non
3183 5328 3404 5378 novimus

1879 5421 1966 5491 (11
1988 5420 2102 5474 Cor.
2132 5435 2182 5485 ν,
2213 5420 2321 5486 16).
2352 5420 2480 5484 Quia
2503 5426 2739 5470 cessante
2788 5417 2836 5468 in
2870 5430 2933 5467 eo
2964 5416 3256 5466 infirmitate
3283 5429 3405 5468 cor-

1881 5525 2054 5579 porea,
2085 5519 2220 5579 totus
2244 5508 2470 5560 creditur
2501 5506 2551 5559 in
2584 5507 2770 5558 virtute
2809 5503 3001 5556 divina.
3039 5502 3100 5553 Et
3128 5502 3403 5569 ideojuxta

1877 5577 2447 5664 eutudetu'apostolum,
2472 5594 2712 5662 quoniam
2740 5606 2915 5646 omnes
2937 5591 2986 5644 in
3016 5591 3222 5645 Christo
3243 5605 3399 5644 unum
