3908 6422
531 422 590 478 9|
1819 421 2056 476 ῐιυιιιειε
2100 422 2394 477 EPlSCOl'l
3633 427 3694 481 93

530 546 708 584 sumus
737 530 928 596 (Calut.
964 547 1035 594 ιιι,
1075 531 1187 597 ‘28),
1242 531 1741 602 fratresrchISsime
1789 548 2055 600 nuncupa-
2088 534 2134 589 Α
2163 549 2251 596 vn,
2284 533 2359 601 2).
2407 533 2630 601 Ideoque
2661 549 2753 602 pro
2785 535 2918 589 Urso
2962 545 3014 589 et
3047 536 3328 603 Lupicino.
3367 539 3453 604 qui
3486 541 3548 590 ad
3591 557 3691 601 nte,

531 637 667 682 mor,
695 625 810 688 quia
842 637 936 672 nos
966 632 1016 673 et
1045 638 1175 673 unus
1202 633 1378 675 uterus
1422 624 1559 675 sacri
1591 623 1748 675 fontis
1775 613 1988 689 effudit,
2010 634 2062 677 et

530 709 709 761 eadem
741 709 892 760 tib-ra
924 705 1396 774 matrisEcclesizn,
1419 713 1603 776 spiritu
1635 711 1950 772 vivificante,
1987 712 2060 763 Ia-

528 805 730 848 ctarunt
754 799 924 848 simul.
959 799 1187 860 Idcrcit,
1215 800 1372 848 frater
1394 838 1406 857 ,
1454 799 1661 864 scripsi,
1708 799 1828 864 quia
1873 809 1924 851 et
1955 801 2059 852 Deo

530 886 754 951 t-ropitio
775 902 800 936 a
829 888 1000 939 srccuii
1027 888 1228 940 actibus
1255 888 1316 938 ad
1348 899 1593 941 aeternam
1619 891 1987 944 beatitudinem
2010 901 2058 944 te

527 975 748 1026 animam
786 973 1114 1027 convertisse
1161 977 1411 1042 cognovi,
1461 986 1510 1029 et
1560 977 1871 1031 imitatorem
1921 981 2058 1033 illius

527 1061 821 1129 Evangelici
854 1063 1196 1130 negotiatoris
1216 1063 1479 1127 effectum,
1513 1066 1598 1131 qui
1635 1066 1857 1118 venditis
1885 1069 2054 1119 omni.

525 1151 623 1202 bus
655 1151 763 1202 suis
790 1152 1104 1215 eontparavit
1139 1151 1564 1214 pretiosissimam
1591 1158 1922 1222 margaritam
1945 1172 1956 1217 ;
1978 1158 2055 1208 vel

524 1239 684 1302 illius,
728 1241 813 1306 qui
849 1248 1054 1306 reperto
1085 1238 1135 1290 itt
1161 1254 1284 1303 agro
1315 1239 1557 1291 thesauro
1577 1282 1590 1300 ,
1623 1242 1901 1302 distractis.
1943 1259 2054 1309 qua:

531 1327 770 1386 habebat.
805 1328 1083 1388 universis,
1115 1343 1292 1394 agrum
1322 1328 1486 1394 ipsum
1511 1330 1749 1382 laudabili
1778 1333 2055 1398 cupiditate

527 1427 788 1468 mercatus
803 1425 880 1467 est
906 1415 1112 1477 (Matth.
1138 1431 1244 1479 Mli,
1263 1416 1348 1483 44)
1371 1432 1384 1477 ;
1409 1417 2056 1480 nonalienmpossessionis

527 1503 855 1568 importunus
889 1503 1134 1568 inhiator,
1166 1503 1255 1555 sed
1289 1506 1506 1570 propria:
1531 1505 1783 1558 facultatis
1808 1509 2055 1573 providus

524 1590 852 1652 distributor,
883 1592 1173 1656 caritatem,
1210 1601 1386 1657 utpote
1413 1593 1786 1659 sincerrimam,
1824 1598 2054 1650 retinens

525 1685 679 1732 corde
711 1681 968 1746 perfecto;
1002 1697 1102 1733 non
1145 1689 1198 1733 ιιι
1224 1683 1424 1747 parcius
1459 1684 1719 1746 venderet,
1755 1686 1844 1738 sed
1870 1695 1925 1737 ut
1953 1687 2054 1739 lar-

522 1771 637 1834 gius
677 1770 949 1824 feneraret.
983 1774 1148 1835 Super
1179 1786 1279 1837 quo
1307 1770 1442 1824 facto
1477 1773 1698 1839 gaudeo,
1730 1785 1780 1826 et
1809 1775 1912 1827 Deo
1938 1792 2055 1842 gra-

2162 623 2307 689 quasi
2338 623 2482 675 vobis
2514 625 2861 691 peculiariter,
2890 625 3022 676 sicut
3044 629 3282 690 superius
3311 626 3438 685 dixi,
3467 627 3694 681 caritatis

2158 711 2273 776 jure
2302 710 2596 762 devinctum
2616 754 2629 775 ,
2662 726 2754 778 pro
2775 714 3051 763 criminum
3080 727 3291 764 suorum
3321 713 3693 767 intercessione

2161 809 2434 855 venerunt.
2465 811 2701 865 precator
2729 799 2950 863 accedo;
2998 811 3054 852 ut
3094 801 3315 865 primum
3343 803 3470 865 Deo,
3508 804 3693 858 deinde

2161 890 2308 941 nobis
2353 891 2451 943 lt'oc
2482 891 2616 957 quod
2647 894 3028 943 commiserunt
3067 891 3264 944 donare
3316 893 3545 961 digneris
3592 905 3690 947 et.

2159 977 2351 1040 inlicri;
2398 994 2490 1030 nec
2537 994 2631 1030 nos
2680 979 2745 1032 de
2791 995 2970 1034 eorum
3019 982 3352 1035 damnatione
3380 984 3687 1048 confundas,

2156 1066 2240 1132 qui
2271 1080 2328 1118 se
2353 1068 2618 1119 absolutos
2645 1083 2762 1121 esse
2789 1085 2906 1122 cum
2939 1069 3004 1122 ad
3038 1070 3378 1125 humilitatem
3412 1088 3580 1126 meam
3603 1075 3692 1128 de-

2154 1155 2294 1208 ducti
2322 1168 2458 1217 sunt,
2487 1157 2838 1210 crediderunt.

2750 1302 2957 1358 EPIST.
2997 1302 3110 1357 XII.

2225 1410 2278 1462 ln
2298 1409 2408 1462 salo
2434 1409 2610 1462 saeculi
2642 1411 2792 1463 istius
2823 1411 3057 1465 adversis
3084 1427 3146 1465 ac
3169 1411 3388 1466 diversis
3408 1421 3689 1481 tempesta-

2155 1498 2293 1550 tibus
2311 1498 2645 1550 lluctuantem
2678 1509 2727 1551 te
2749 1507 2910 1554 ratem
2937 1499 3001 1551 ad
3033 1509 3236 1566 portum
3263 1500 3446 1553 salutis
3478 1504 3684 1554 tandem

2155 1585 2454 1651 aliquando,
2485 1585 2701 1637 Domino
2738 1586 3084 1653 gubernante,
3113 1587 3426 1654 applicuisse
3463 1602 3688 1655 congau-

2154 1675 2274 1727 deo.
2309 1673 2362 1726 In
2399 1674 2545 1739 cujus
2572 1673 2670 1725 lida
2700 1689 2760 1726 ac
2783 1675 3059 1742 tranquilla
3089 1676 3315 1729 statione
3343 1677 3682 1743 compositus,

2157 1771 2314 1814 astus
2341 1761 2502 1829 ipsius
2524 1760 2728 1828 perfidi,
2760 1772 2813 1815 et
2839 1762 3018 1829 iniqui,
3044 1766 3275 1816 etamari
3298 1763 3508 1816 ridebis.
3535 1763 3685 1818 Dein-

526 1859 622 1910 tias
647 1873 762 1924 ago.
787 1859 920 1924 quod
945 1859 1226 1910 secundum
1257 1849 1462 1911 divitias
1492 1861 1738 1914 bonitatis
1766 1876 1874 1913 suae
1902 1871 2055 1929 atque

2157 1863 2282 1914 ceps
2322 1863 2423 1900 non
2471 1849 2674 1901 timebis
2703 1849 2768 1901 de
2807 1849 2992 1914 quibus
3043 1865 3223 1917 parum
3273 1851 3588 1914 formidinis,
3621 1852 3688 1903 ita

524 1940 747 2006 virtutis,
781 1960 872 2012 per
896 1944 1740 2009 inaestitualtilenuttisericordiam
1760 1962 1905 1999 suam
1939 1965 2059 2014 pro-

525 2036 801 2096 tentodum
822 2075 838 2098 ,
867 2043 922 2086 ιιι
950 2034 1017 2085 ita
1062 2033 1305 2096 dixerim,
1353 2044 1531 2086 contra
1572 2038 1881 2088 sententiam
1912 2052 2058 2090 suam

523 2123 701 2177 venire
741 2122 998 2188 dignatur.
1033 2123 1161 2186 Quia
1194 2137 1309 2174 cum
1342 2123 1453 2189 ipse
1489 2123 1697 2186 dixerit,
1729 2125 1939 2177 difficile
1968 2140 2060 2178 eos

525 2212 609 2278 qui
636 2212 878 2277 pecunias
901 2211 1112 2275 habent,
1136 2226 1349 2279 regnum
1368 2211 1583 2279 adipisci
1609 2226 1762 2279 posse
1781 2213 2057 2267 caelorum.

527 2301 663 2352 Ecce
689 2307 738 2351 te
766 2307 816 2351 et
839 2298 917 2350 his
941 2299 1172 2364 dignavit
1204 2299 1254 2350 in
1284 2300 1496 2363 smculo,
1521 2309 1573 2352 et
1604 2300 1892 2367 provehere
1917 2301 2060 2352 festi-

527 2395 615 2438 nat
658 2387 708 2437 in
753 2402 933 2454 regno.
971 2386 1072 2439 Sed
1109 2396 1278 2439 tamen
1332 2387 1464 2441 idem
1515 2388 1762 2440 Dominus
1808 2389 2059 2440 continuo

501 2465 749 2542 “rigorem
774 2477 967 2539 prioris
1000 2476 1353 2543 hujuscemodi
1403 2479 1694 2540 sententia),
1746 2492 1899 2544 quam
1937 2492 2060 2545 apo-

526 2566 644 2618 stoli
667 2565 1026 2619 vehementius
1047 2567 1410 2629 formidabant,
1435 2567 1806 2620 misericordia:
1827 2581 1934 2620 sua:
1959 2583 2064 2620 mo-

525 2655 792 2708 deramine
818 2656 1140 2722 temperavit,
1169 2656 1377 2709 dicens:
1400 2657 1548 2724 Quod
1579 2659 1897 2725 impossibile
1922 2669 2062 2713 esset

526 2744 577 2796 in
606 2758 664 2796 se
694 2743 987 2796 hominibus
1019 2761 1108 2809 per
1140 2755 1400 2809 naturam,
1453 2747 1698 2812 possibile
1747 2731 1851 2800 Deo
1896 2748 1944 2800 in
1985 2749 2062 2802 cis

525 2846 642 2886 csse
671 2847 762 2900 per
784 2836 997 2901 gratiam
1017 2852 1028 2886 ε
1049 2835 1185 2902 quod
1217 2835 1267 2887 itt
1293 2845 1360 2902 te,
1393 2838 1473 2890 cui
1506 2839 1650 2903 Operi
1671 2847 1733 2900 ,ιιι
1761 2839 1879 2892 tetis
1899 2853 2062 2905 usque

524 2917 802 2986 impendiis
832 2935 1024 2986 pronus
1052 2922 1342 2984 incumbas,
1373 2939 1466 2988 pro
1496 2924 1681 2977 affectu
1707 2936 1897 2978 mutuas
1930 2931 2063 2979 cari-

525 3007 642 3061 tatis
669 3008 940 3069 admoneo,
977 3019 1031 3062 ut
1057 3012 1126 3064 ita
1151 3011 1360 3065 fabrica:
1389 3015 1547 3066 turris
1587 3015 1743 3076 illius,
1776 3031 1925 3081 quam
1962 3016 2062 3068 Do-

523 3096 692 3148 minus
719 3097 770 3149 in
801 3097 1078 3165 Evangelio
1108 3101 1341 3154 construi
1370 3101 1635 3168 przecepit,
1668 3113 1910 3154 strenuus
1931 3104 2058 3154 auli-

2161 1937 2378 1989 multnm
2399 1935 2572 2004 gaudii
2597 1937 2787 1990 habere
2803 1937 2909 2003 jam
2933 1939 3148 2005 poteris,
3177 1939 3315 2008 quod
3337 1954 3428 1993 eos
3451 1941 3528 1994 vel
3549 1948 3689 1993 retro

2159 2027 2435 2082 derelictos
2455 2029 2698 2095 respicis,
2731 2030 2810 2082 vel
2842 2030 2892 2082 itt
2914 2031 3120 2083 celsiori
3150 2031 3361 2099 specula
3381 2032 3690 2085 constitutus

2159 2117 2406 2183 despicis,
2436 2127 2488 2170 et
2542 2126 2591 2170 te
2635 2117 2862 2171 evasisse
2892 2119 3115 2171 miraris.
3155 2119 3403 2186 Superest
3442 2128 3498 2173 ut
3544 2120 3691 2175 clavo

2159 2221 2369 2259 manum
2400 2208 2668 2271 inserens,
2699 2216 2836 2260 astra
2864 2222 3071 2276 semper
3103 2210 3331 2264 intentus
3360 2211 3611 2276 aspicias,
3639 2218 3690 2264 et

2158 2295 2228 2347 ita
2271 2297 2452 2362 erepta:
2500 2298 2816 2365 navigationi
2859 2301 3030 2352 velum
3061 2300 3275 2365 pandas,
3320 2317 3385 2352 ne
3430 2309 3480 2353 te
3523 2309 3612 2353 aut
3639 2302 3688 2354 ln

2160 2384 2316 2435 altum
2349 2386 2705 2440 vehementior
2742 2387 2892 2440 flatus
2920 2391 3165 2452 excutiat,
3197 2400 3286 2441 aut
3326 2390 3375 2441 in
3407 2389 3574 2442 vicina
3609 2391 3691 2443 lit-

2161 2474 2358 2525 toribus
2387 2490 2511 2527 saxa
2537 2476 2768 2529 collidat.
2802 2477 2977 2545 Neque
3002 2479 3343 2544 etiam,juxta
3373 2460 3687 2531 sententiam

2164 2559 2364 2612 Domini
2398 2561 2707 2628 Salvatoris,
2746 2563 2853 2630 jam
2885 2567 3074 2618 stivam
3106 2576 3288 2619 tenens
3312 2565 3471 2618 aratri
3502 2574 3691 2618 retror-

2160 2662 2274 2700 sum
2295 2691 2308 2713 ,
2341 2651 2655 2704 clamoribus
2680 2653 2922 2706 Sodomae
2943 2655 3251 2707 collabentis
3283 2655 3532 2720 percitus,
3561 2653 3689 2706 forte

2162 2737 2446 2801 respiciens
2478 2738 2605 2791 Loth
2639 2740 2856 2793 imiteris.
2881 2755 3096 2794 uxorem
3129 2739 3280 2809 (Gen.
3309 2757 3417 2804 xix,
3443 2740 3558 2809 26).
3593 2743 3692 2804 Αιιι

2160 2824 2226 2878 de
2251 2825 2475 2893 Egypto
2515 2827 2621 2894 jam
2671 2829 2954 2894 profectus,
2999 2838 3053 2882 et
3095 2830 3288 2883 fluctus
3327 2830 3487 2883 Rubri
3535 2829 3692 2882 maris

2161 2912 2340 2965 dextra
2396 2915 2628 2983 laevaque
2675 2917 2958 2981 pendentes
3009 2917 3333 2984 (Exod.xvr,
3371 2918 3449 2984 4),
3494 2925 3691 2969 tantum

2163 3002 2256 3054 tibi
2287 3002 2510 3056 ferentes
2530 3004 2801 3076 auxilium.
2833 3015 2883 3057 et
2912 3005 3343 3072 persequentibus
3373 3014 3422 3058 te
3451 3015 3692 3071 parantes

2160 3092 2397 3153 exitium,
2433 3091 2648 3145 Domino
2675 3093 2808 3145 viam
2841 3102 2978 3144 tuam
3001 3103 3050 3146 et
3077 3104 3403 3162 praeparante
3435 3103 3488 3147 et
3508 3095 3693 3146 illumi-

526 3184 707 3236 rtcator
733 3184 962 3250 insistas,
998 3195 1051 3239 ut
1096 3187 1382 3241 adversarii
1428 3192 1497 3242 tui
1537 3189 1758 3243 habeant
1791 3194 1958 3257 potius
1996 3191 2060 3244 de
2089 3197 2131 3255 α
2163 3192 2338 3246 name.
2370 3195 2744 3251 transgressus.
2777 3193 2829 3236 et
2849 3186 3010 3238 eremi
3039 3186 3256 3238 arduum
3289 3187 3386 3238 iter
3415 3182 3688 3252 arripiens.

525 3270 639 3338 ejus
663 3273 982 3354 perfectione
1007 3277 1144 3345 quod
1173 3276 1402 3342 doleant,
1433 3295 1588 3348 quam
1623 3281 1688 3334 de
1719 3281 2059 3334 intermissio-

483 3406 487 3414 .
525 3373 616 3422 ne,
648 3360 782 3427 quod
812 3361 1033 3416 rideant.

1125 3473 1335 3529 EPIST.
1374 3473 1462 3527 XI.

524 3556 739 3610 Domino
783 3557 980 3611 sublimi
1026 3576 1309 3628 semperque
1339 3561 1604 3628 magniﬁco
1634 3561 1779 3628 fratri
1819 3561 2060 3614 Pratsidio

1023 3627 1256 3679 Ruricius
1282 3627 1560 3696 episcOpus.

590 3710 829 3777 Plerique
857 3713 978 3766 dum
1011 3729 1096 3767 me
1118 3714 1253 3780 apud
1280 3715 1595 3768 individuam
1628 3716 1754 3769 mihi
1776 3718 2062 3771 sublimita-

525 3809 628 3852 tem
655 3808 878 3854 vestram
909 3817 1012 3854 non
1040 3802 1158 3855 vitae
1187 3805 1396 3865 merito,
1418 3803 1510 3857 sed
1531 3805 1875 3858 amicitiarum
1905 3809 2061 3874 privi-

525 3889 660 3957 legio
689 3891 905 3944 multum
933 3906 1086 3957 posse
1114 3894 1406 3956 confidunt,
1433 3898 1882 3948 cetnmendatttias
1907 3911 1936 3949 a
1969 3914 2057 3950 no-

524 3978 634 4043 bis,
683 3979 870 4048 quibus
919 3973 1068 4033 vobis
1095 3977 1430 4044 e'xcusentur,
1479 3983 1770 4049 inquirunt;
1804 3999 1931 4050 quas
1983 3985 2059 4039 eis

524 4081 619 4133 pro
658 4068 814 4120 officii
842 4058 1004 4121 nostri
1048 4069 1354 4122 necessitate
1384 4085 1570 4137 negare
1608 4087 1708 4124 non
1753 4087 2055 4138 possumus;

527 4170 628 4208 non
654 4157 1071 4224 prmsumptionis
1097 4159 1331 4219 audacia,
1354 4159 1444 4210 sed
1474 4159 1744 4211 ministerii
1766 4161 2055 4228 disciplina.

527 4243 654 4296 Dum
683 4244 851 4297 etillis
872 4247 1142 4313 przesentis
1165 4247 1282 4298 vita:
1303 4247 1508 4309 solitia,
1533 4259 1584 4300 et
1609 4248 1752 4301 vobis
1783 4250 2058 4315 providere

525 4329 883 4383 desideramus
924 4340 1163 4393 aeterne;
1202 4340 1257 4383 ut
1292 4343 1345 4383 et
1381 4332 1452 4382 illi
1483 4346 1576 4397 per
1615 4333 1914 4397 patientiam
1953 4351 2060 4387 ve-

527 4427 686 4468 stram
717 4427 1050 4469 reserventur
1074 4417 1138 4470 ad
1164 4418 1552 4484 paenitentiam;
1583 4429 1635 4470 et
1666 4434 1756 4472 vos
1785 4435 1875 4486 per
1903 4423 2054 4474 mise-

530 4504 805 4556 ricordiam
854 4508 1164 4571 perveniatis
1200 4506 1264 4558 ad
1317 4508 1536 4559 veniam.
1589 4491 1732 4561 Sicut
1767 4509 1891 4561 dicit
1916 4509 2057 4562 Scri-

531 4601 678 4658 ptura
721 4609 734 4643 :
769 4595 898 4654 Quia
933 4594 1184 4662 judicium
1231 4595 1336 4646 sine
1371 4595 1706 4647 misericordia
1756 4598 1850 4648 erit
1874 4597 1947 4647 illi
1975 4599 2058 4662 qui

532 4696 630 4730 non
654 4680 824 4745 fecerit
855 4682 1246 4733 misericordiam
1268 4681 1404 4749 (Jac.
1433 4699 1487 4747 tt,
1513 4681 1619 4751 l5).
1640 4683 1766 4748 Quia
1788 4684 1873 4751 qui
1897 4684 2054 4736 dixit:

529 4768 733 4821 Dimitte
782 4782 825 4820 et
874 4769 1142 4822 dimittitur
1187 4772 1321 4824 vobis
1379 4773 1524 4842 (Luc.
1589 4789 1661 4836 vt,
1711 4773 1820 4840 38),
1882 4773 2058 4840 prtcul

530 4857 716 4921 dubio,
745 4873 895 4922 quem
924 4858 1108 4911 viderit
1134 4858 1217 4912 hic
1245 4859 1412 4912 facere
1435 4861 1569 4926 quod
1602 4863 1872 4928 praecepit,
1900 4864 1949 4912 in
1979 4860 2057 4912 fu-

531 4956 646 4999 turo
672 4949 906 4999 restituet
926 4948 1062 5013 quod
1086 4949 1340 5015 promisit.
1365 4949 1521 5001 Nolm
1543 4954 1679 5004 enim
1706 4951 1840 5003 illius
1866 4951 2058 5004 veritas

529 5044 720 5102 [ιι-ως»ιο
758 5045 864 5095 est;
898 5035 973 5086 illi
1004 5035 1131 5088 fides
1174 5045 1349 5088 nostra
1382 5055 1482 5090 nott
1513 5039 1664 5091 desit.
1711 5039 1858 5093 Unde
1887 5039 2056 5092 mani-

529 5123 805 5175 iustissime
853 5123 1068 5187 potestis
1110 5123 1382 5176 advertere
1422 5125 2060 5180 absolutionem'misero-

527 5225 641 5261 rum
681 5218 996 5269 vestrorum,
1027 5223 1144 5262 esse
1185 5211 1550 5276 indulgentiam
1593 5224 1953 5279 peccatorum:
2006 5221 2058 5266 et

531 5301 628 5352 hoc
645 5300 827 5352 vestris
848 5298 1216 5352 conferendum
1237 5302 1496 5366 precibus,
1521 5304 1656 5370 quod
1681 5320 1768 5356 vos
1800 5305 2056 5372 prastite-

531 5391 641 5442 ritis
665 5389 875 5450 alienis;
913 5387 1060 5454 juxta
1101 5389 1263 5454 ipsius
1293 5389 1342 5440 in
1379 5389 1662 5456 Evangelia
1703 5395 2050 5446 sententiam:

535 5477 640 5538 Quo
661 5478 851 5544 judicio
869 5476 1235 5548 judicaveritis,
1268 5477 1580 5544 judicabitur
1598 5480 1658 5530 de
1686 5482 1816 5534 vobis
1838 5480 2047 5549 (Matth.

603 5657 627 5684 α
655 5647 760 5701 V’ox
791 5649 1057 5702 mendosa.

2159 3271 2276 3323 olla:
2301 3272 2532 3324 carnium
2561 3272 2872 3337 recorderis,
2897 3282 2986 3326 aut
3013 3289 3208 3342 caepas,
3244 3289 3359 3339 qua:
3388 3274 3440 3326 in
3482 3272 3690 3326 modum

2159 3363 2507 3429 corpOtaIium
2540 3365 2862 3426 voluptatum
2897 3364 3004 3432 ipsa
3054 3365 3132 3415 sui
3163 3364 3410 3432 qualitate
3451 3372 3690 3428 corrupta

2161 3461 2466 3513 noscuntur,
2495 3458 2549 3503 et
2580 3451 2757 3514 fetida,
2785 3465 2883 3506 nec
2923 3467 3016 3504 usu
3046 3462 3215 3519 grata,
3259 3466 3356 3504 nec
3381 3450 3542 3503 odore
3567 3465 3689 3502 sua-

2106 3559 2109 3561 ν
2158 3537 2261 3599 via,
2292 3552 2387 3590 nec
2407 3539 2689 3592 atabilitate
2716 3555 2958 3594 mansura
2981 3557 2996 3603 ;
3026 3541 3274 3610 quidquid
3299 3542 3348 3593 in
3376 3540 3474 3594 hoc
3500 3543 3692 3594 saeculo

2160 3626 2349 3676 mulcet
2371 3628 2569 3689 auditu,
2595 3627 2854 3680 mollescit
2871 3637 3088 3693 attactu,
3115 3629 3438 3682 lenocinatur
3456 3639 3689 3695 aspectu,

2160 3712 2422 3766 blanditur
2441 3724 2497 3765 ut
2522 3716 2709 3779 capiat,
2736 3707 3012 3768 famulatur
3034 3727 3084 3768 ut
3115 3725 3316 3776 teneat,
3347 3716 3494 3769 illicit
3522 3725 3576 3768 ut
3601 3728 3688 3769 oc-

2157 3799 2317 3852 cidat.
2347 3799 2471 3851 Nam
2502 3815 2861 3868 quamcunque
2889 3817 3076 3868 capere
3101 3804 3326 3855 volueris
3347 3803 3684 3869 voluptatem,

2159 3899 2430 3956 permanet
2455 3891 2592 3956 quod
2627 3893 2832 3954 puniat,
2866 3893 3093 3955 prieterit
3111 3894 3246 3958 quod
3280 3893 3540 3954 delectat;
3580 3890 3688 3943 dul-

2158 3977 2286 4029 cedo
2316 3977 2525 4045 fugitiva
2572 3978 2868 4044 pertransit,
2925 3980 3239 4031 conscientia
3279 3979 3580 4031 damnatura
3611 3978 3691 4030 vel

2158 4066 2445 4118 daurnanda
2477 4069 2737 4119 subsistit.
2774 4067 2896 4119 inde
2919 4067 3075 4118 etiam
3107 4067 3235 4119 dicit
3262 4068 3508 4120 Salomon
3536 4082 3549 4117 :
3573 4065 3694 4117 Litt-

2157 4172 2257 4222 gua
2304 4157 2574 4208 meretricis
2604 4159 2699 4208 mel
2740 4157 2932 4220 stillat;
2981 4157 3032 4208 in
3058 4155 3333 4208 novissimis
3369 4165 3536 4207 autem
3581 4154 3690 4206 dic-

2157 4245 2245 4296 bus
2284 4249 2578 4298 amariorem
2623 4246 2738 4343 fel‘le
2766 4247 2978 4299 invenies
3005 4262 3116 4298 eam
3163 4244 3340 4317 (Prov.
3363 4261 3413 4307 ν,
3439 4242 3514 4312 5).
3542 4243 3690 4312 Quod

2159 4342 2330 4384 tamen
2360 4333 2761 4386 nibilominus‘et
2783 4335 2894 4400 ipse
2918 4349 3034 4386 cum
3059 4334 3414 4401 praedixisset,
3445 4333 3685 4384 incurrit.

2160 4420 2224 4472 Et
2252 4421 2366 4473 ideo
2397 4421 2511 4473 vide
2537 4421 2672 4488 quod
2711 4423 2901 4472 malum
2930 4425 3026 4485 sit,
3057 4421 3215 4474 frater
3239 4422 3526 4482 carissime,
3549 4418 3690 4486 quod

2085 4519 2136 4576 1)
2159 4511 2279 4561 dum
2311 4512 2621 4570 detestatur,
2654 4510 2976 4573 admittitur;
2999 4509 3122 4561 dum
3155 4509 3428 4574 refugitur,
3454 4507 3538 4560 vix
3561 4509 3691 4558 vita-

2160 4607 2260 4650 tur.
2285 4596 2431 4648 Unde
2453 4607 2498 4649 et
2527 4606 2608 4657 ιιι,
2637 4595 2920 4664 sicut_dicit
2945 4596 3214 4659 Scriptura
3233 4637 3246 4656 ,
3279 4595 3428 4647 Omni
3461 4596 3688 4646 custodia

2159 4702 2296 4738 serva
2317 4701 2400 4736 cor
2419 4694 2557 4736 tuum
2588 4684 2761 4755 (Prov.
2793 4701 2862 4744 tv,
2892 4685 3004 4750 23),
3029 4684 3295 4737 etdtscute
3318 4682 3687 4734 conscientiam

2160 4783 2321 4837 tuam,
2343 4789 2407 4824 ne
2431 4775 2567 4826 unde
2589 4774 2761 4827 exisse
2779 4774 2970 4827 videris
2992 4781 3225 4838 aspectu,
3254 4772 3452 4824 haerens
3468 4769 3685 4823 affectu:

2159 4841 2262 4913 Sed
2304 4860 2447 4913 dicas
2492 4861 2662 4926 potius
2708 4863 2925 4914 Domino
2970 4877 3086 4914 cmn
3121 4860 3418 4926 propheta:
3466 4858 3690 4911 Adhaesit

2159 4949 2326 4998 anima
2373 4964 2480 5000 mea
2527 4960 2634 5014 post
2686 4961 2749 5011 te,
2777 4966 2853 5001 me
2902 4959 3074 5003 autem
3104 4950 3315 5014 suscepit
3362 4949 3563 5002 dextera
3604 4956 3692 4999 tua

2162 5032 2328 5103 (Psal.
2364 5049 2486 5094 tht,
2514 5034 2588 5102 9).
2620 5035 2712 5087 Vel
2741 5036 2864 5087 illud
2910 5038 3064 5089 etiam
3096 5053 3109 5090 :
3140 5036 3268 5089 Mihi
3308 5045 3473 5088 autem
3513 5033 3686 5087 adhc-

2161 5139 2268 5176 ητα
2294 5123 2399 5174 Deo
2427 5125 2604 5176 bonum
2632 5133 2722 5188 est,
2753 5141 2935 5192 ponere
2965 5126 3017 5176 in
3047 5125 3148 5178 Deo
3173 5141 3308 5191 spem
3333 5139 3493 5177 meam
3517 5120 3684 5192 (Psal.

2160 5225 2317 5272 Lxxtt,
2346 5209 2458 5277 28).
2490 5209 2557 5272 Ut
2602 5221 2794 5277 quanto
2843 5213 3038 5275 labore,
3096 5222 3394 5279 quantaque
3445 5206 3686 5262 instantia

2161 5299 2390 5351 militasti
2431 5299 2643 5358 smculo,
2685 5301 2881 5352 servias
2906 5299 3042 5362 Deo;
3071 5299 3277 5352 dicente
3305 5295 3574 5364 Apostolo,
3601 5293 3683 5346 vel

2160 5397 2400 5442 monente
2426 5403 2440 5440 :
2472 5386 2762 5439 Humanum
2791 5389 2921 5451 dico,
2943 5397 3142 5454 prapter
3169 5389 3504 5453 inﬁrmitatem
3522 5382 3687 5436 carnis

2157 5487 2343 5530 vestrm.
2379 5475 2518 5529 Sicut
2546 5473 2672 5526 enim
2717 5475 3005 5529 exhibuit“:
3041 5474 3257 5527 membra
3308 5480 3470 5526 vestra
3504 5468 3687 5523 servire
