3908 6368
68 118 435 219 ’⁵⁷

304 412 369 468 93
1527 393 1997 449 EPISTULAIIUM
2039 394 2161 447 LIB.
2203 394 2264 448 II.
3432 383 3497 436 91

302 521 631 575 immunditiis
659 526 704 571 et
749 514 1041 581 iniquitati:
1072 513 1140 563 ita
1192 525 1321 562 nunc
1368 508 1589 561 exhibete
1632 507 1855 559 membra
1884 508 1933 566 Α
1960 516 2157 558 mterno
2185 514 2236 557 et
2262 518 2386 557 vero
2412 504 2593 557 .ludice
2622 504 2839 564 dictum,
2866 503 3001 569 quod
3032 502 3131 556 nisi
3156 517 3217 554 ex
3241 500 3400 553 corde
3421 499 3499 550 di-

300 622 457 664 uestra
485 611 666 663 sentire
698 606 911 679 justitiat
958 606 1010 655 in
1054 601 1515 665 sancti/irationem.
1548 596 1671 649 Cum
1713 597 1844 649 enim

299 702 423 753 servi
462 700 636 754 essetis
675 695 886 763 peccati,
919 693 1059 745 liberi
1088 690 1241 743 eratis
1276 688 1506 759 justitim.
1536 686 1692 749 Quem
1731 701 1846 755 ergo

302 796 518 859 ,‘ructum
546 786 787 839 habuistis
835 794 986 843 tunc,
1029 783 1080 832 in
1132 780 1307 845 quibus
1355 792 1488 829 nunc
1532 777 1849 827 erubescitis?

304 879 437 933 Nam
462 877 951 944 finisillorummors
992 881 1080 924 est.
1115 869 1265 921 Nunc
1290 885 1403 920 vero
1426 868 1621 919 liberati
1658 882 1688 916 a
1733 880 1847 933 pec-

300 979 427 1026 cato,
462 968 586 1020 servi
631 975 795 1018 autem
824 964 944 1032 facti
975 959 1101 1025 Deo,
1133 958 1324 1011 habetis
1370 962 1585 1025 fructum
1630 964 1844 1007 vestrum

300 1056 349 1109 in
373 1055 814 1122 sanctiﬁcationem
832 1088 869 1114 ,λ
886 1052 1033 1115 ﬁnem
1062 1066 1175 1101 vero
1204 1050 1357 1099 vitam
1392 1056 1628 1098 (sternam
1670 1045 1843 1113 (Rom.

305 1162 374 1209 vt,
416 1145 524 1211 l9).
561 1144 836 1206 Patientia,
876 1142 1037 1194 frater
1062 1138 1356 1200 carissime,
1385 1154 1487 1189 non
1530 1138 1738 1189 nomine
1768 1146 1847 1187 est

302 1233 652 1301 suscipienda,
674 1233 762 1285 sed
792 1246 983 1297 opere;
1009 1246 1109 1281 non
1129 1244 1221 1280 ore
1240 1228 1604 1293 tantummodo
1623 1229 1842 1294 agenda,

300 1325 389 1377 sed
412 1324 591 1376 corde.
631 1322 817 1374 Verum
845 1329 944 1375 est.
992 1319 1128 1388 quod
1158 1318 1291 1372 sicut
1324 1327 1568 1384 utroque,
1619 1316 1717 1369 hoc
1746 1326 1845 1375 εει,

301 1412 551 1467 interiore
600 1420 653 1463 ct
700 1410 965 1463 exteriore
1012 1409 1221 1460 homine
1266 1406 1637 1473 delinquimus,
1695 1408 1760 1455 ita
1796 1415 1849 1457 et

301 1514 521 1569 utroque
552 1501 809 1567 paenitere
834 1499 1118 1557 debemus;
1150 1508 1224 1557 ut,
1250 1498 1384 1549 ε-ἰριιι
1406 1488 1531 1548 dicit
1564 1497 1700 1547 idem
1730 1510 1848 1559 apo-

302 1591 495 1651 stolus;
524 1588 686 1643 Corde
727 1587 947 1640 creditur
974 1586 1041 1638 ad
1072 1586 1361 1655 justitiam,
1398 1600 1480 1636 ore
1519 1595 1685 1634 autem
1730 1599 1848 1633 con-

301 1680 449 1745 fessio
480 1680 533 1746 ﬁt
563 1681 615 1731 in
658 1678 868 1731 salutem
901 1693 917 1730 :
948 1677 1017 1729 ita
1056 1676 1277 1742 gemitus
1316 1690 1409 1729 cor
1454 1684 1687 1727 nostrum
1724 1688 1848 1726 eon-

300 1771 517 1826 scientia
530 1779 914 1836 compungenle
936 1768 1217 1834 concipiat,
1238 1777 1289 1818 ut
1314 1781 1404 1818 eos
1423 1779 1481 1816 os
1502 1775 1738 1817 nostrum
1756 1780 1848 1827 per

1951 596 2247 647 miserimus
2278 592 2541 654 fratribus,
2590 593 2737 644 nobis
2783 594 2973 644 dfnzitti
3022 608 3121 643 nou
3159 592 3362 643 debeat.
3398 590 3499 643 Ili—

1949 688 2082 739 betis
2117 689 2288 752 itaque
2326 689 2661 751 sponsionem
2692 700 2880 746 meam,
2934 683 3137 734 reddite
3185 682 3309 733 mihi
3344 681 3497 733 ﬁdem

1947 788 2199 832 vestram.
2232 778 2361 841 Quia
2416 776 2465 828 in
2522 776 2741 843 epistola
2776 788 2889 826 mea
2920 774 3093 838 procul
3134 772 3293 824 dubio
3322 773 3501 823 vincu-

1947 870 2053 921 lum
2086 869 2225 934 qund
2262 867 2525 933 elegerilis
2557 868 2758 919 habetis
2794 886 2803 915 :
2836 876 2924 917 aut
2951 865 3202 921 raritatis.
3235 864 3372 931 quod
3406 880 3494 917 sa-

1949 960 2170 1012 lubriter
2199 960 2524 1025 constringit
2552 964 2599 1009 et
2627 957 2911 1016 custodiat;
2954 965 3041 1006 ant
3071 955 3320 1018 perﬁdia,
3350 955 3488 1021 quod

1948 1048 2276 1115 Clllpztltilllef‘
2322 1048 2551 1098 innectit
2592 1058 2639 1096 et
2676 1046 2877 1112 perdat.
2911 1045 3015 1097 Nec
3046 1045 3167 1095 mihi
3210 1044 3400 1108 aliquid
3433 1044 3496 1095 de.

1943 1138 2121 1205 judice
2169 1138 2357 1204 prioris
2407 1138 2661 1204 temporis
2692 1137 2980 1202 itnputetis,
3012 1137 3131 1201 quia
3178 1136 3496 1187 deﬁnitionis

1950 1244 2080 1281 mem
2105 1238 2213 1290 est,
2248 1228 2300 1281 in
2330 1228 2559 1280 comitiis
2580 1242 2796 1280 servare
2829 1228 3183 1285 concordiam.
3212 1237 3262 1279 et
3283 1227 3334 1278 in
3362 1225 3495 1291 judi—

1948 1322 2043 1375 ciis
2068 1329 2243 1373 tenere
2266 1334 2563 1371 censuram.
2592 1318 2719 1370 Illud
2750 1320 2903 1369 etiam
2937 1319 3247 1384 peculiarius
3276 1318 3493 1384 gaudeo,

1948 1412 2085 1479 quod
2110 1426 2202 1463 vos
2235 1411 2283 1463 in
2308 1410 2563 1477 integram
2588 1410 2783 1463 domini
2814 1419 2864 1461 et
2886 1410 3060 1461 fratris
3091 1409 3189 1462 mei
3235 1409 3497 1461 familiari-

1950 1508 2106 1552 tatem
2136 1499 2358 1553 rediisse
2404 1502 2643 1567 cognovi.
2689 1500 2942 1563 Superest
2988 1508 3041 1551 ut
3085 1501 3219 1554 quod
3265 1499 3402 1550 illius
3446 1500 3494 1549 in

1948 1588 2089 1641 bono
2119 1589 2299 1640 triltuit
2330 1588 2515 1654 gratia,
2547 1598 2719 1638 vestra
2752 1589 2801 1638 in
2830 1588 3051 1640 Domino
3076 1588 3337 1640 custodiat
3364 1586 3389 1621 ά
3423 1589 3498 1637 in-

1951 1678 2191 1745 seqnilla.

2533 1767 2742 1820 EPIST.
2785 1766 2920 1819 XIV.

300 1860 684 1913 confessionem
703 1858 1047 1911 ‘confusionis
1088 1856 1340 1909 eliundat.
1370 1855 1843 1923 Quinquagesitttus
1880 1876 1921 1931 Β
1955 1856 2179 1909 Domino:
2208 1857 2471 1931 νει-αττιρὶιὲ
2502 1866 2543 1907 et
2576 1859 2624 1905 in
2648 1855 2843 1907 Christo
2878 1856 3087 1907 Domino
3116 1857 3497 1921 maqniﬁcandm

302 1965 426 2004 vero
457 1950 709 2014 psalmus,
741 1949 825 2016 qui
862 1946 1401 2014 pmnitudinidicatns
1445 1955 1637 2012 pariter
1673 1952 1726 1996 et
1763 1958 1847 1996 re-

302 2038 558 2102 missioni,
587 2038 673 2092 die
702 2046 964 2103 noctuque
990 2052 1108 2089 cum
1133 2036 1301 2102 rugitu
1328 2035 1555 2100 fletuque
1584 2041 1844 2093 cantetur,

301 2136 358 2181 ut
376 2142 502 2181 vere
529 2135 580 2180 et
623 2125 901 2179 salubriter
923 2126 1021 2177 dici
1056 2124 1220 2191 possit
1249 2143 1260 2174 :
1296 2124 1566 2191 lluqiebam
1595 2139 1625 2173 α
1662 2122 1844 2191 gemitu

300 2219 467 2270 cordis
512 2219 607 2269 mei
653 2216 821 2282 (Psal.
876 2229 1074 2275 xxxvit,
1116 2214 1193 2279 9).
1230 2214 1331 2264 Et:
1380 2211 1680 2278 lniquitatrs
1715 2225 1846 2260 meas

300 2323 388 2377 ego
409 2323 624 2379 agnosco
654 2304 823 2373 (Psal.
857 2320 907 2365 1.,
952 2305 1027 2370 5).
1060 2303 1160 2355 Et:
1214 2300 1459 2353 Delirtmn
1486 2315 1647 2351 meum
1676 2306 1846 2349 contra

302 2414 377 2449 me
411 2407 483 2450 est
528 2411 721 2464 semper
776 2393 980 2463 (lbid.).
1043 2392 1133 2443 Vel
1191 2391 1311 2443 illud
1368 2392 1523 2443 eziam
1558 2408 1569 2441 :
1603 2388 1847 2449 Quoniam

301 2486 609 2554 iniquitatem
635 2500 793 2536 meam
824 2499 914 2549 e10
946 2482 1217 2545 pronuntio
1266 2489 1312 2531 et
1353 2478 1575 2546 cogitabo
1618 2494 1707 2545 pro
1738 2490 1848 2540 pec—

301 2585 411 2628 cato
447 2590 554 2628 meo
582 2574 751 2643 (Paal.
774 2586 970 2632 xxsvu,
1007 2572 1113 2635 19).
1145 2570 1234 2621 Hic
1275 2570 1413 2621 enim
1444 2577 1563 2619 ante
1604 2582 1698 2619 nos
1730 2581 1849 2633 pec-

305 2674 418 2717 cata
450 2672 627 2716 nostra
660 2676 777 2714 e~se
804 2662 1020 2719 debent,
1050 2670 1102 2711 ut
1146 2661 1194 2710 in
1244 2669 1494 2710 retentum
1541 2669 1722 2709 contra
1753 2670 1853 2707 nos

301 2769 418 2809 esse
445 2768 547 2806 non
581 2753 803 2819 pos~int.
838 2754 966 2817 Quia
1000 2754 1066 2803 ila
1100 2751 1290 2817 legitur
1318 2749 1368 2799 in
1403 2746 1672 2813 prophetis
1706 2763 1717 2797 :
1756 2745 1850 2796 Dic

302 2857 351 2896 tu
380 2845 518 2913 prior
538 2843 819 2910 iniquitates
841 2851 977 2907 tuas,
1008 2851 1059 2893 ut
1078 2840 1361 2906 iusti/iceris
1387 2836 1537 2905 (lsai.
1570 2852 1713 2896 suit.
1736 2836 1845 2898 26).

224 2946 230 2956 ·
302 2936 340 2987 Α
368 2950 471 3003 quo
503 2934 704 2999 priores
746 2933 936 2985 dicturi
968 2946 1147 2983 smnus
1178 2929 1473 2996 iniquitates
1521 2937 1726 2979 nostras
1760 2940 1850 2977 co-

301 3039 410 3075 ram
445 3022 664 3074 Domino
694 3023 775 3074 vel
823 3020 1112 3087 prolaturi?
1155 3018 1480 3070 nisidiaholo
1512 3019 1710 3082 utique,
1759 3016 1845 3081 qui

302 3112 608 3165 delictorum
635 3119 686 3163 et
713 3110 953 3162 incentor
977 3118 1057 3161 est
1090 3118 1142 3160 et
1181 3108 1421 3159 delator;
1465 3106 1577 3169 Ipse
1617 3106 1754 3157 enim
1794 3115 1849 3155 ttt

2212 1927 2331 1989 [ilice
2364 1924 2626 1977 Cerauniae
2656 1935 2678 1961 ο
2708 1926 2938 1978 Ruricius
2968 1927 3249 1994 episcopus.

2018 2035 2086 2089 Ut
2131 2036 2383 2100 pictorem
2422 2034 2570 2085 vobis
2611 2044 2759 2085 anteri
2796 2049 2896 2084 non
2937 2034 3344 2086 transmitterem
3392 2034 3501 2085 haec.

1955 2124 1971 2158 τ
1999 2124 2207 2185 refecit;
2236 2124 2349 2185 quia
2370 2124 2597 2174 adventu
2621 2124 2738 2173 novi
2759 2124 2949 2187 judicis
2981 2132 3030 2173 te
3057 2133 3358 2188 occupatam
3387 2138 3502 2176 esse

1948 2212 2166 2273 credidi,
2194 2219 2350 2276 atque
2374 2212 2445 2262 ita
2466 2212 2790 2268 deterritam.
2822 2220 2875 2260 ut
2897 2212 2962 2264 de
2986 2212 3062 2264 his
3094 2214 3246 2265 rebus
3276 2214 3502 2280 cogitare

1951 2319 2050 2356 non
2084 2303 2273 2369 possis.
2326 2302 2425 2356 Sed
2458 2318 2573 2367 quae
2603 2302 2708 2353 Deo
2751 2318 2855 2365 pro:
2884 2304 2975 2353 itio
3014 2317 3104 2353 vos
3142 2312 3193 2355 et
3233 2304 3421 2357 litteris
3454 2317 3505 2357 et

1952 2393 2203 2444 relatione
2265 2402 2556 2445 vestrorum
2604 2406 2665 2443 ex
2722 2392 2974 2443 sententia
3024 2406 3181 2455 agere
3226 2407 3287 2444 ac
3334 2394 3504 2445 valere

1949 2480 2199 2547 cognovi,
2243 2482 2553 2533 salutatione
2601 2482 2843 2546 przelata,
2893 2480 3174 2545 pictorem,
3222 2482 3502 2546 quamlibet

1951 2574 2035 2626 hic
2076 2584 2208 2625 esset
2251 2583 2553 2633 occupatus,
2584 2586 2701 2623 cum
2751 2570 3005 2635 discipqu
3049 2570 3337 2634 destinavi;
3384 2572 3499 2636 quia

1951 2664 2105 2715 malui
2159 2677 2287 2715 [ηοω
2315 2660 2588 2714 detrahere
2638 2660 2958 2721 necessitati,
3004 2660 3141 2712 unde
3187 2670 3373 2713 vestrre
3423 2675 3504 2712 sa-

1952 2756 2243 2807 tisfacerem
2276 2753 2532 2819 petitioni.
2559 2752 2659 2803 Sed
2688 2753 2803 2817 quia
2836 2761 2887 2804 et
2916 2754 3237 2818 propositum
3271 2762 3497 2805 vestrum

1949 2853 2000 2894 et
2029 2851 2263 2895 nostr'tnt
2294 2842 2460 2907 poscit
2484 2840 2733 2901 officium,
2760 2841 2838 2891 his
2861 2840 3250 2893 venerationem
3277 2850 3500 2893 vestram

1952 2935 2129 3001 paucis
2160 2948 2372 2985 monere
2404 2931 2731 2995 praasrunpsi,
2767 2942 2823 2984 ut
2862 2946 3023 2995 Opere
3066 2931 3209 2983 illius
3236 2932 3298 2983 ad
3342 2948 3502 2999 agen-

1950 3022 2068 3073 dam
2111 3022 2498 3087 pmnitentiam,
2540 3032 2592 3072 et
2624 3035 2753 3070 nova
2787 3021 2904 3071 novi
2939 3019 3163 3073 hominis
3193 3022 3503 3075 vestimenta

1948 3113 2197 3164 Sumenda
2229 3111 2404 3176 capias
2441 3110 2761 3175 exemplum,
2800 3126 2902 3176 quo
2935 3112 3135 3164 facilius
3168 3113 3216 3164 in
3258 3122 3307 3166 te
3335 3115 3499 3167 Adam

303 3212 578 3267 peccemus
606 3198 838 3264 instigat,
868 3197 978 3264 ipse
1004 3210 1120 3249 eum
1153 3194 1560 3263 peccaverillws.
1600 3200 1842 3253 accusat;
1870 3207 1915 3263 ε
1950 3208 2181 3252 vetustus
2229 3201 2467 3264 intereat,
2512 3207 2565 3252 et
2610 3200 2897 3253 vivilicator
2937 3210 3209 3267 exsurgat;
3258 3202 3505 3267 quemadc

302 3299 357 3343 ut
385 3288 504 3343 ideo
527 3289 577 3340 in
600 3287 939 3341 confessione
968 3284 1245 3339 criminum
1289 3298 1318 3334 a
1363 3282 1513 3334 nobis
1561 3281 1848 3348 praevenia-

304 3388 385 3430 tur
415 3379 466 3429 in
488 3377 707 3441 saeculo,
738 3390 805 3429 ne
834 3384 1017 3430 contra
1043 3388 1140 3427 nos
1164 3372 1352 3426 habeat
1379 3370 1515 3437 quod
1540 3370 1773 3440 proferat
1796 3372 1843 3422 in

303 3466 495 3520 futuro.

880 3553 1088 3608 EPIST.
1130 3552 1261 3607 XIII.

306 3648 604 3702 Beatissimis
644 3656 689 3700 et
737 3648 787 3699 in
817 3644 1016 3699 Christo
1062 3645 1418 3698 uenerabilibus
1467 3645 1705 3706 fratribus
1734 3642 1849 3696 Fat-

379 3718 548 3770 dantt'o
577 3726 601 3752 ⁸
641 3726 687 3767 et
728 3715 884 3767 Vilico
914 3715 1205 3783 presbyteris
1232 3714 1460 3765 Ruricius
1489 3716 1765 3781 episwpus.

368 3827 663 3893 Quamlibet
692 3826 895 3879 litteras
927 3824 1267 3877 fraternitatis
1295 3831 1483 3875 vestrae
1512 3836 1605 3888 per
1634 3821 1658 3859 δ
1681 3823 1851 3875 subsi-

305 3922 575 3976 disconem
588 3922 905 3977 Contimtum
931 3936 1032 3972 non
1057 3921 1402 3987 perciperem,
1431 3928 1603 3972 tamen
1637 3918 1729 3969 has
1754 3930 1851 3983 ego

304 4025 361 4062 ac
390 4025 482 4073 per
511 4011 679 4077 ipsum
710 4009 773 4061 ad
819 4024 913 4061 vos
934 4008 1119 4060 affectu
1151 4008 1429 4073 instigante
1477 4008 1641 4059 direxi
1667 4022 1679 4065 ;
1713 4014 1768 4055 ut
1798 4013 1851 4055 et

306 4101 563 4155 desiderio
606 4101 983 4157 satisfacerem,
1025 4107 1077 4148 et
1122 4096 1381 4147 scribendi
1434 4094 1629 4144 aditum
1686 4092 1849 4158 prius,

307 4190 447 4249 prior
473 4195 679 4253 utpote.
716 4185 1083 4250 patefacerent,
1129 4199 1194 4234 ne
1224 4184 1271 4233 in
1304 4191 1567 4249 posterum
1600 4181 1743 4233 locus
1772 4195 1854 4231 re-

308 4277 625 4343 linqueretur
651 4271 1009 4333 excusationi;
1041 4281 1089 4322 et
1116 4284 1197 4321 res
1223 4271 1524 4335 voluntatis,
1551 4265 1855 4321 difﬁdentia:

306 4373 357 4416 et
413 4360 739 4414 verecundiae
784 4374 899 4411 esse
961 4359 1243 4411 diceretur.
1293 4360 1523 4410 Salutem
1584 4360 1754 4424 itaque
1804 4358 1854 4407 in

305 4452 511 4505 Christo
542 4449 763 4501 Domino
794 4449 1067 4515 plurimam
1098 4448 1217 4499 dico
1246 4448 1546 4499 beatitudini
1572 4458 1777 4509 vestrae,
1803 4456 1855 4499 et

1949 3291 2161 3343 modum
2193 3289 2280 3341 ille
2312 3288 2541 3352 parietes
2570 3287 2729 3339 variis
2756 3287 2993 3339 colorum
3038 3289 3169 3341 fucis
3201 3290 3501 3345 multimoda

1947 3389 2060 3433 arte
2102 3378 2366 3445 depingit,
2416 3378 2485 3429 ita
2532 3389 2625 3427 vos
2676 3376 2901 3428 animam
2955 3387 3217 3438 vestram,
3266 3393 3381 3442 qua:
3427 3390 3504 3432 est

1951 3467 2197 3535 templum
2231 3466 2354 3529 Dei,
2391 3466 2611 3517 diversis
2643 3464 2891 3517 virtuluru
2924 3465 3204 3531 generibus
3233 3466 3503 3530 excolatis,

1950 3569 2007 3611 ut
2053 3574 2176 3611 vere
2220 3557 2284 3609 de
2335 3557 2553 3623 spiritali
2602 3557 2762 3608 domo
2817 3566 2986 3607 vestra
3040 3556 3346 3622 spiritaliter
3386 3572 3503 3608 cum

1953 3652 2204 3715 propheta
2251 3648 2427 3700 dicere
2471 3646 2682 3713 possitis
2725 3662 2737 3696 :
2793 3644 3022 3711 Domine,
3075 3645 3229 3697 dilexi
3283 3647 3505 3697 decorem

1952 3739 2267 3790 habitationis
2293 3750 2408 3800 tute,
2431 3747 2477 3791 et
2505 3738 2665 3787 locum
2688 3736 3003 3788 habitationis
3024 3736 3318 3803 gloriatum
3340 3738 3504 3805 (Psal.

1951 3846 2071 3889 xxv,
2105 3829 2171 3891 8;
2202 3831 2307 3879 Act.
2341 3843 2432 3888 vn,
2460 3828 2569 3893 48).
2618 3826 2747 3891 Quia
2778 3827 3063 3879 secundum
3116 3828 3276 3894 ipsius
3305 3828 3505 3883 Domini

1954 3925 2116 3975 nostri
2166 3924 2477 3974 sententiam
2500 3962 2513 3982 ,
2559 3920 2675 3971 Non
2714 3922 2766 3972 in
2797 3936 2946 3971 manu
2977 3922 3126 3988 factis
3157 3921 3343 3972 habitat
3375 3920 3506 3973 Deus

1951 4013 2085 4077 (Act.
2112 4025 2239 4069 xvrt,
2261 4010 2373 4073 Ἡ),
2410 4024 2503 4062 nec
2534 4008 2586 4060 in
2616 4009 2967 4061 tabernaculis
2999 4010 3092 4059 viri
3123 4012 3505 4075 beneplacitum

1950 4099 2029 4161 ei;
2066 4099 2156 4149 sed
2196 4095 2580 4162 beneplacitum
2610 4105 2690 4147 est
2724 4095 2772 4147 ei
2800 4110 2959 4161 super
2992 4097 3240 4148 timentes
3274 4111 3350 4161 se,
3377 4108 3426 4151 et
3456 4102 3504 4150 iu

1952 4203 2015 4239 eo
2046 4187 2129 4253 qui
2168 4194 2347 4251 sperat
2387 4183 2437 4235 in
2476 4182 2855 4235 misericordia.
2909 4184 2972 4234 Et
3022 4185 3131 4247 ipse
3173 4184 3359 4237 iterum
3408 4202 3500 4239 nos

1937 4292 2045 4343 .per
2071 4277 2375 4342 prophetam
2407 4273 2596 4326 docere
2629 4272 2874 4340 dignatur
2899 4291 2910 4323 :
2936 4272 3120 4327 Caelum
3152 4276 3271 4327 mihi
3300 4275 3505 4329 thronus

1955 4379 2047 4429 est,
2073 4376 2204 4419 terra
2229 4375 2390 4417 autem
2419 4362 2687 4417 scabellum
2709 4365 2891 4435 pedum
2921 4380 3143 4416 meorum
3168 4381 3185 4416 :
3206 4382 3354 4433 quam
3385 4370 3505 4418 mihi

1958 4460 2121 4509 sedem
2166 4456 2476 4523 a’diﬁcabitis
2503 4497 2517 4517 ,
2588 4465 2674 4505 aut
2720 4456 2832 4523 quis
2858 4457 2949 4508 erit
3008 4456 3142 4509 locus
3191 4460 3505 4525 requietiwis

306 4554 481 4607 spero,
532 4549 587 4590 ut
633 4553 736 4601 me,
786 4538 919 4589 sicut
948 4538 1097 4589 decut
1126 4538 1506 4589 ecclesiasticos
1537 4539 1695 4597 viros,
1746 4551 1847 4587 non

1953 4563 2089 4609 mem,
2137 4561 2299 4596 nonne
2344 4545 2447 4595 hac
2489 4544 2657 4595 omnia
2695 4544 2812 4610 fecit
2854 4560 3031 4596 manus
3075 4546 3220 4597 mea?
3246 4554 3331 4596 aut
3361 4562 3505 4610 super

307 4627 485 4688 labiis,
516 4625 606 4679 sed
637 4624 795 4678 corde
820 4624 1078 4691 diligatis;
1112 4635 1164 4677 et
1199 4625 1261 4676 de
1294 4638 1375 4676 me
1404 4626 1620 4676 caritate
1647 4624 1849 4676 sincera

308 4716 358 4768 in
388 4716 619 4783 alloquio
665 4715 882 4781 pristina
930 4715 1105 4765 dicere
1152 4714 1498 4779 praesuaratis.
1526 4714 1655 4778 Quia
1692 4716 1734 4765 si
1768 4716 1852 4765 illa

310 4804 491 4855 fuisset
540 4818 681 4865 vera,
727 4812 1117 4867 permanserat;
1172 4809 1225 4854 et
1261 4802 1303 4853 si
1355 4804 1535 4853 fuisset
1567 4814 1587 4840 ε
1636 4813 1849 4866 mutata,

312 4904 503 4949 mutata
551 4906 652 4945 non
684 4890 874 4942 fuerat.
917 4895 954 4941 Δ
985 4891 1133 4956 Cttjlts
1165 4901 1336 4942 tamen
1376 4891 1526 4942 fuerit
1560 4900 1707 4956 parte
1737 4908 1851 4945 mu-

312 4996 435 5045 tata,
463 4980 517 5035 'et
543 4978 875 5033 conscientia:
906 4991 1097 5031 nostra:
1140 4981 1398 5041 noverint,
1428 4992 1480 5032 et
1511 4981 1855 5033 conscientia-

312 5089 421 5126 rum
466 5071 707 5138 cognitor
744 5069 859 5121 sine
903 5081 1167 5121 assertore
1214 5071 1509 5137 cognoscit;
1564 5088 1717 5137 quem
1758 5088 1855 5139 ego

312 5170 495 5214 testem
516 5156 740 5210 adhibeo
764 5156 1073 5222 professioni
1096 5172 1226 5210 meas
1250 5177 1260 5208 :
1294 5174 1387 5210 nec
1408 5160 1473 5212 de
1504 5161 1648 5212 initio
1674 5161 1857 5213 simul-

316 5252 430 5304 tatis
452 5265 534 5302 ωε
554 5261 670 5301 esse
698 5245 1037 5311 eulpabilem.
1067 5262 1165 5299 nec
1196 5248 1244 5299 in
1280 5250 1438 5301 corde
1461 5264 1579 5302 meo
1603 5252 1853 5319 quidquid

314 5352 484 5392 actum
534 5346 615 5390 est
646 5336 907 5387 dictumve
939 5338 1220 5401 resedisse,
1276 5339 1392 5405 quia
1438 5341 1545 5394 scio
1594 5343 1743 5393 nobis
1790 5345 1853 5397 ab

385 5500 408 5527 ι
439 5488 669 5541 Fuerunt
697 5485 1298 5558 prcsbyteridimceseos
1326 5489 1732 5551 Lcmovicensis,
1762 5496 1847 5558 qui

317 5575 432 5612 cu~n
461 5558 669 5609 Ruricio
695 5569 876 5606 eorum
912 5555 1158 5621 episcopo
1200 5557 1314 5607 lites
1344 5560 1485 5624 prius
1536 5555 1851 5613 habuerunt.

321 5630 600 5747 maforte
628 5692 975 5745 subdiaconem
1006 5688 1326 5744 Contimtum.

1955 4652 2095 4699 quem
2124 4635 2277 4683 alium
2307 4632 2592 4699 respiciam,
2620 4632 2716 4683 nisi
2746 4647 2893 4694 super
2912 4630 3169 4694 humilem,
3200 4642 3243 4684 et
3265 4634 3499 4700 quietum,

1956 4732 2001 4773 et
2023 4730 2304 4773 trementem
2331 4736 2583 4771 sermones
2610 4735 2741 4771 meos
2767 4716 2918 4787 (lsai.
2944 4734 3083 4782 LXVI.
3109 4721 3182 4787 Ι).
3216 4720 3280 4777 Et
3312 4723 3422 4787 ipse
3454 4730 3502 4772 iu

1958 4810 2241 4877 Evangelia
2267 4809 2520 4861 Dominus
2546 4810 2767 4861 clamat:
2807 4807 2974 4859 Venite
2998 4811 3064 4860 ad
3093 4825 3189 4873 me,
3223 4826 3391 4862 omnes
3422 4814 3503 4877 qui

1956 4899 2194 4951 laboratis
2232 4906 2279 4949 et
2318 4897 2511 4947 onerati
2552 4899 2690 4961 estis,
2731 4906 2777 4947 et
2803 4911 2895 4961 ego
2921 4896 3141 4960 reﬁciam
3170 4914 3254 4950 vos
3286 4898 3496 4962 (Matth.

1962 5004 2030 5052 ιι,
2053 4988 2165 5054 28),
2194 4995 2245 5038 et
2271 4986 2466 5051 reliqua
2490 5000 2606 5052 quae
2627 4992 2934 5052 sequuntur.
2965 4986 3023 5036 Et
3050 4985 3183 5045 ideo,
3213 4987 3261 5038 in
3294 4987 3502 5039 Cltri~lo

1963 5079 2181 5130 Domino
2210 5076 2479 5127 earissima
2518 5090 2667 5128 soror
2701 5089 2761 5127 ac
2800 5075 2924 5136 filia,
2960 5074 3190 5139 pristina
3220 5091 3497 5137 conversa-

1962 5167 2115 5219 tionis
2148 5165 2431 5218 ambitione
2460 5166 2714 5231 dcposita,
2745 5164 3092 5216 humilitatem
3128 5163 3288 5217 debes
3327 5164 3495 5215 cordis

1962 5257 2197 5316 induere,
2236 5254 2644 5308 misericordiam
2678 5252 3029 5321 indigentibus
3058 5252 3313 5313 fenerare,
3347 5252 3498 5303 casti-

1962 5352 2117 5397 tatem
2156 5358 2257 5395 non
2300 5344 2467 5396 Solum
2509 5344 2765 5411 corporis,
2817 5342 2908 5396 sed
2952 5343 3142 5394 anima:
3187 5353 3494 5405 procurare;

2031 5502 2052 5529 ε
2088 5492 2193 5543 lloc
2216 5501 2294 5543 est
2323 5492 2445 5543 alia.

2027 5560 2049 5593 ά
2088 5560 2195 5610 Vos
2230 5561 2507 5621 mendosa;
2548 5560 2677 5613 forte
2705 5560 2991 5627 insequella.

2033 5638 2053 5698 τ
2089 5627 2159 5698 ρθ
2187 5643 2243 5678 ea
2273 5629 2513 5693 superius
2543 5630 2695 5698 epist.
2732 5630 2778 5692 l,
2812 5628 2902 5680 ltb.
2935 5640 2968 5677 ι.

2037 5694 2051 5730 ⁸
2087 5695 2241 5750 Forte
2268 5711 2342 5749 res
2373 5699 2508 5765 fecit.
