3930 6454
494 368 561 429 ‘95
1811 368 2055 424 nuntcu
2096 370 2391 424 nrtscort
3370 334 3397 407 ι’
3583 355 3645 412 93

3616 83 3858 331 πη

500 485 635 550 quod
655 484 928 551 adiurante
951 484 1168 536 Domino
1199 490 1254 534 ut
1277 482 1546 548 acquiri-re
1567 483 1739 534 valeas
1769 481 1961 547 pariter
1984 490 2037 532 et
2066 482 2107 537 Α
2138 484 2226 535 sed
2268 482 2470 535 Patrem
2499 493 2731 546 vestrum,
2771 482 2857 551 qui
2884 482 2936 533 in
2974 481 3106 533 caelia
3137 489 3208 533 est
3233 478 3442 548 (Matth.
3474 496 3528 544 v,
3555 478 3655 548 l6).

499 566 781 634 custodire,
819 572 1149 640 jejunandum
1195 579 1274 623 est
1302 572 1513 637 saepius,
1552 581 1603 623 et
1636 582 1841 636 semper
1877 583 2031 620 oran-

498 659 643 723 dum,
690 660 807 727 quia
856 659 1018 711 Adam
1066 658 1285 723 paradisi
1344 669 1399 711 et
1453 666 1631 709 custos
1677 658 1942 724 delegatur
1981 665 2031 708 et

500 750 709 799 colonus
753 746 895 810 (Gen.
932 762 989 810 ιι,
1028 747 1135 813 15),
1184 746 1384 800 scilicet
1428 756 1483 797 ut
1525 746 1739 797 haberet
1785 746 2027 812 opt-randi

502 842 767 893 materiam
800 840 1013 893 libertas
1053 840 1251 891 arbitrii
1286 848 1339 891 et
1389 838 1524 905 quod
1554 840 1849 891 orationum
1894 838 2029 890 oliti-

500 932 694 981 nuisset
742 927 1022 983 industria.
1068 928 1331 994 par-citatis
1376 925 1685 978 abstinentia
1730 925 2028 977 custodiret.

499 1014 603 1067 Sed
648 1016 888 1078 quoniam
944 1016 1171 1081 neglexit
1217 1014 1313 1065 sibi
1362 1028 1571 1065 servare
1612 1013 1884 1079 jejunium,
1942 1027 2031 1079 per

498 1101 970 1165 concupiscentiam
1007 1101 1214 1151 vetitam
1246 1101 1417 1151 amisit
1454 1108 1507 1150 et
1536 1100 1690 1151 vitam
1732 1108 1782 1151 et
1825 1101 2033 1151 immor-

500 1178 769 1239 trnlitatem.
820 1188 925 1241 Sub
962 1195 983 1221 ⁸
1020 1187 1326 1239 llierobabel
1368 1202 1541 1239 muros
1582 1188 1899 1239 Hierusalem
1946 1203 2037 1253 re;

497 1276 631 1325 versi
680 1275 743 1325 ad
798 1274 1141 1338 captivitatem
1201 1276 1546 1340 reparabant,
1604 1291 1718 1327 cum
1768 1278 1843 1328 eis
1892 1292 2024 1329 esse'

499 1371 677 1412 contra
714 1361 1030 1420 aiienigenas
1068 1377 1159 1427 pro
1186 1366 1487 1415 eorumdem
1530 1379 1791 1415 murorum
1829 1376 2029 1416 restau-

503 1452 702 1501 ratione
748 1462 1030 1511 certamen,
1081 1451 1427 1515 operabantur
1474 1452 1671 1516 dextra,
1721 1462 1774 1504 et
1824 1454 2030 1505 sinistra

503 1540 798 1604 pugnabant
844 1539 920 1603 (11
980 1538 1151 1590 Eadm:
1180 1556 1244 1599 tv,
1276 1542 1357 1605 17)
1397 1558 1406 1589 :
1449 1541 1645 1593 stilicet
1682 1550 1880 1593 scutum
1912 1542 2029 1595 ﬁdei

506 1629 629 1677 laeva
682 1639 854 1679 cuntza
906 1629 1229 1680 adversarios
1285 1630 1701 1694 printeiidentes,
1754 1640 1805 1683 et
1849 1630 2029 1683 dextra

503 1715 751 1766 bonorum
797 1730 1007 1779 operum
1056 1726 1297 1780 tanquam
1350 1718 1576 1781 lapidum
1624 1721 2029 1780 compositorum

2132 572 2291 637 Cujus
2311 582 2385 623 est
2414 581 2465 623 et
2492 581 2543 623 ut
2563 572 2734 632 detur,
2757 582 2807 624 et
2832 582 2985 624 omne
3009 570 3145 638 quod
3170 570 3343 624 datur.
3371 568 3500 633 Quia
3523 566 3663 634 juxta

2135 664 2437 725 Aposto'um
2465 677 2476 711 :
2507 661 2671 712 Omne
2701 660 2877 711 datum
2911 660 3099 711 bonum
3132 674 3159 709 a
3188 672 3396 711 sursum
3425 654 3492 710 de
3519 656 3666 708 Patre

2135 751 2383 803 luminum
2425 750 2721 811 descendit,
2754 764 2781 801 a
2817 763 2918 816 quo
2958 757 3009 801 et
3046 749 3285 800 voluntas
3324 746 3587 807 tribuitur,
3616 753 3666 797 et

2136 848 2409 904 pnestatur
2436 838 2669 891 effectus.
2703 837 2827 902 Quia
2858 836 3160 905 poenitentia
3188 850 3290 888 non
3318 834 3531 888 nomine
3555 843 3666 885 tan-

2134 936 2238 978 tum
2275 927 2576 988 obtinenda,
2609 926 2699 977 sed
2732 934 2849 978 actu
2882 935 2961 979 est
2983 908 3331 991 exs’equenda.
3361 920 3667 976 Panitentia

2132 1028 2232 1066 non
2273 1023 2351 1065 est
2402 1028 2590 1066 nomen
2640 1018 2883 1073 otiosum,
2932 1028 3047 1079 quae
3098 1027 3159 1064 ex
3208 1010 3461 1078 qualitate
3498 1009 3668 1076 operis

2136 1104 2367 1168 possidet
2400 1104 2658 1155 laboriosa
2690 1102 3017 1154 vocabulum.
3051 1101 3161 1153 Non
3190 1100 3331 1154 enim
3364 1107 3536 1166 potest
3565 1112 3669 1164 paea

2132 1193 2301 1243 nitens
2345 1190 2468 1250 dici,
2514 1190 2601 1251 qui
2649 1188 2945 1256 pmnitenda
2987 1187 3285 1251 committit,
3330 1185 3421 1239 sed
3466 1184 3553 1237 ille
3586 1186 3668 1249 qui

2136 1280 2397 1346 praeterita
2458 1288 2666 1343 peccata
2722 1278 2801 1329 vel
2853 1276 3078 1328 maculas
3132 1274 3421 1327 humilitate
3478 1273 3670 1327 cordis.

2132 1368 2452 1433 subiectione
2491 1367 2742 1431 Corporis,
2796 1365 3049 1416 bonorum
3106 1377 3321 1428 operum
3376 1360 3668 1421 sedulitate,

2132 1457 2431 1509 assiduitate
2449 1455 2759 1512 orationum,
2776 1452 3159 1504 continuatione
3178 1450 3482 1518 gemituum,
3502 1463 3671 1515 pecto-

2133 1548 2203 1599 ris
2228 1546 2547 1613 contusione,
2573 1544 2912 1610 lacrymarnm
2940 1539 3235 1605 profusione
3264 1536 3455 1603 detegit
3495 1535 3672 1605 [deter-

2133 1634 2253 1704 git];
2281 1646 2333 1686 ut
2357 1636 2518 1701 possit
2558 1632 2730 1685 dicere
2764 1646 2879 1683 cum
2920 1628 3169 1696 propheta
3215 1645 3227 1677 :
3277 1626 3352 1678 Ne
3393 1626 3672 1677 memineris

2134 1724 2415 1789 iniquitates
2454 1732 2649 1772 nostras
2682 1721 2913 1783 antiquas
2953 1716 3119 1787 (Paul.
3146 1731 3360 1777 uxvnl,
3386 1715 3462 1780 8),
3505 1715 3674 1780 utiqno

501 1805 691 1856 moenia
720 1814 1098 1865 cothtruentes,
1123 1804 1211 1855 sed
1254 1813 1305 1857 et
1337 1804 1431 1869 ipsi
1473 1806 1566 1856 viri
1595 1806 1681 1870 qui
1710 1805 2032 1870 :edilicabant
2065 1809 2108 1865 B
2136 1826 2235 1863 non
2279 1809 2629 1877 quotidianus.
2678 1808 2741 1860 Et
2771 1808 2892 1859 illud
2926 1824 2938 1858 :
2974 1805 3218 1857 Laboravi
3254 1805 3305 1856 in
3335 1804 3517 1871 gemitu
3549 1818 3673 1864 meo,

500 1908 615 1944 cum
643 1893 907 1958 prophetis
929 1895 1055 1953 suis,
1084 1908 1239 1957 super
1263 1893 1464 1944 lumbos
1489 1894 1641 1945 cincti
1668 1894 2033 1959 operabantur,

500 1982 634 2047 quod
660 1990 711 2030 et
734 1980 980 2031 Dominus
1006 1981 1053 2031 in
1082 1980 1358 2040 Evangelio
1387 1981 1666 2033 observare
1692 1998 1783 2033 nos
1808 1984 2036 2048 prxcipit

500 2071 679 2121 direns
709 2085 724 2121 :
758 2069 871 2122 Sint
898 2070 1051 2120 lumbi
1076 2071 1220 2120 vestri
1245 2072 1455 2133 prtrcinr
1481 2073 1515 2133 i,
1547 2081 1591 2122 et
1623 2072 1837 2122 lucerna:
1868 2084 2037 2124 vestra:

502 2160 730 2212 ardentes
755 2160 901 2225 (Luc.
930 2175 1021 2220 xu,
1045 2161 1130 2223 55)
1168 2178 1178 2210 :
1211 2161 1513 2227 pI'JBCinClIIS
1543 2170 1623 2214 est
1654 2162 1859 2224 lumbis,
1887 2165 2035 2224 cuius

504 2262 628 2298 raro
655 2248 875 2299 castitati
918 2234 1119 2311 militat,
1150 2260 1199 2299 et
1229 2264 1328 2299 non
1373 2250 1601 2311 libidini;
1647 2262 1697 2302 et
1727 2265 1871 2301 meus
1903 2251 2037 2301 iélius

505 2342 745 2401 tanquam
785 2335 973 2389 audens
1022 2337 1227 2388 lucerna
1262 2338 1549 2405 priefulget,
1580 2336 1731 2403 quam
1766 2341 2038 2405 praeceptis

504 2422 611 2477 suis
648 2422 883 2479 Christus
925 2426 1177 2479 accendit.
1220 2428 1345 2491 Quia
1389 2436 1497 2479 tunc
1537 2428 1707 2480 omnia
1752 2429 2035 2480 secundum

503 2515 809 2579 Apostolum
854 2516 901 2565 in
936 2516 1092 2581 ﬁgura
1126 2520 1282 2568 nosni
1331 2517 1459 2567 farta
1487 2527 1608 2568 sunt
1644 2515 1693 2585 (I
1726 2517 1841 2569 Cor.
1874 2533 1925 2579 ι,
1960 2517 2034 2583 ti);

506 2603 641 2654 scite
688 2616 782 2654 nos
824 2604 1098 2666 convenit,
1154 2604 1288 2669 quod
1335 2606 1559 2670 quandiu
1614 2607 1789 2658 saeculi
1842 2606 2038 2658 actibus

507 2688 695 2739 fuimus
743 2690 995 2753 occupati,
1033 2699 1271 2756 tanquam
1307 2692 1598 2758 Babyloniis
1626 2702 1677 2745 et
1707 2694 1812 2759 regi
1854 2709 2033 2745 eorum

507 2777 697 2841 captivi
727 2792 753 2827 a
782 2778 955 2829 Judaaa
988 2780 1220 2845 producti
1254 2780 1302 2830 iu
1334 2781 1556 2832 hostium
1591 2783 1799 2847 regione
1828 2784 2039 2835 servivi-

509 2879 643 2929 mus,
673 2866 807 2917 unde
838 2882 925 2930 per
953 2868 1304 2931 paenitentiam
1342 2869 1403 2919 ad
1442 2870 1680 2936 patriam,
1721 2862 1821 2921 hoc
1847 2879 1945 2934 est,
1978 2872 2041 2922 ad

509 2952 771 3005 cmlestem
802 2953 1119 3007 Hierusalem
1160 2966 1376 3009 matrem
1421 2957 1649 3009 omnium
1689 2958 1913 3010 fidelium
1956 2974 2040 3011 re-

510 3051 787 3104 vertentes,
818 3043 1063 3095 debemus
1102 3048 1240 3097 omoi
1288 3048 1534 3097 virtutum
1572 3063 1764 3114 genere
1800 3062 2041 3114 reparate

2138 1898 2311 1949 lavabo
2337 1914 2420 1963 per
2445 1896 2670 1964 singulas
2711 1907 2873 1946 noctes
2900 1894 3079 1945 lectum
3104 1908 3265 1944 meum
3305 1891 3473 1957 (Psal.
3503 1905 3575 1950 vt,
3602 1889 3675 1956 7).

2138 1985 2202 2036 Et
2236 2002 2246 2035 :
2281 1984 2534 2052 Lacrymis
2569 1985 2688 2034 meis
2729 1994 2933 2034 atratum
2964 1998 3125 2033 meum
3166 1978 3339 2047 rigubo
3370 1977 3578 2045 (Ibid.).
3621 1978 3677 2032 Et

2137 2074 2319 2131 iterum
2354 2089 2366 2124 :
2396 2072 2663 2140 [fugiebam
2695 2087 2723 2120 a
2748 2072 2933 2140 gemitu
2959 2069 3124 2121 cordis
3154 2070 3247 2120 mei
3281 2066 3447 2129 (Paul.
3474 2080 3677 2127 nat-tt,

2137 2166 2211 2229 9).
2257 2163 2319 2213 Et
2363 2163 2545 2213 iterum
2580 2175 2598 2212 :
2634 2160 2879 2224 Quoniam
2929 2158 3216 2225 iniquitates
3256 2171 3388 2207 meas
3430 2170 3520 2221 ego
3568 2168 3678 2221 pro.

2139 2252 2312 2301 nuntio
2342 2262 2385 2301 et
2415 2244 2641 2315 cogitabo
2681 2263 2769 2315 pro
2817 2258 3014 2314 pet-cato
3052 2260 3156 2296 meo
3185 2242 3369 2311 (Ibid.,
3403 2242 3511 2307 i9).
3565 2242 3679 2295 Sint

2139 2339 2257 2391 ideo
2288 2338 2368 2389 hic
2406 2337 2619 2389 crimina
2660 2344 2833 2387 nostra
2875 2343 2995 2385 ante
3025 2346 3137 2395 nos,
3180 2341 3232 2383 et
3259 2338 3440 2382 contra
3481 2344 3596 2391 nos,
3628 2339 3679 2380 nt

2141 2428 2301 2481 indie
2342 2425 2521 2493 judicii
2557 2440 2672 2476 esse
2722 2438 2823 2475 non
2870 2421 3089 2488 possint,
3136 2428 3189 2471 et
3234 2418 3359 2470 illud
3402 2418 3559 2469 etiam
3603 2416 3681 2468 bic

2139 2516 2291 2583 positi
2321 2528 2436 2567 eum
2470 2513 2649 2565 fiducia
2678 2512 2850 2562 dicere
2880 2522 3172 2561 mereamur
3201 2524 3211 2556 :
3243 2504 3491 2556 Delictum
3519 2519 3680 2555 meum

2140 2621 2229 2673 ego
2272 2618 2532 2671 cognosco,
2577 2611 2622 2651 et
2667 2601 2943 2664 iniustitia:
2988 2614 3121 2649 meas
3169 2612 3267 2648 non
3311 2596 3481 2664 operui
3512 2591 3681 2660 (Paul.

2143 2707 2284 2753 uxr,
2311 2689 2384 2757 5).
2432 2690 2567 2752 Dixi,
2613 2687 2959 2756 pronuntiabo
2992 2686 3242 2737 adversus
3274 2698 3357 2736 me
3395 2690 3448 2735 et
3476 2682 3681 2749 injusti-

2143 2783 2239 2833 tias
2267 2794 2406 2832 meas
2438 2780 2677 2841 Domino,
2708 2788 2760 2831 et
2791 2786 2844 2830 tu
2874 2777 3116 2829 remisisti
3165 2775 3480 2841 impietatem
3510 2771 3684 2824 cordis

2142 2871 2264 2922 mei.
2308 2870 2520 2921 Certum
2566 2879 2647 2920 est
2696 2868 2831 2934 quid
2880 2868 2931 2918 in
2978 2875 3228 2933 quantum
3292 2864 3383 2917 tibi
3420 2864 3487 2917 de
3526 2859 3685 2929 priori

2142 2960 2538 3014 conversatione
2582 2958 2924 3024 displicueris,
2978 2957 3029 3008 in
3080 2963 3278 3007 tantum
3312 2952 3531 3006 Domino
3576 2952 3686 3018 pla-

2141 3050 2309 3116 cebis,
2343 3051 2475 3100 etin
2519 3057 2767 3114 quantum
2816 3046 2905 3097 tibi
2952 3044 3224 3109 placueris.
3276 3043 3345 3094 illi
3389 3042 3500 3094 sine
3530 3036 3685 3093 dubio

512 3129 759 3195 collapsa,
801 3130 995 3183 sarcire
1039 3134 1273 3197 discissa,
1316 3136 1490 3189 delere
1533 3138 1813 3203 praeterita,
1854 3151 2038 3189 cavere
2060 3136 2112 3195 ‘C
2144 3138 2464 3203 displicebis,
2494 3136 2579 3200 qui
2607 3135 2733 3187 dicit
2764 3151 2779 3184 :
2806 3134 3064 3199 Quoniam
3101 3133 3320 3197 dissipat
3356 3144 3472 3182 ossa
3515 3128 3686 3182 homi-

488 3218 805 3283 _pr:esentia,
841 3234 1017 3284 parare
1047 3231 1286 3285 ventura;
1333 3235 1385 3275 ut
1415 3240 1505 3291 per
1537 3226 1903 3291 benignitatem
1946 3227 2041 3279 Do—

514 3306 636 3357 mini
663 3322 690 3357 a
722 3307 931 3373 pristina
966 3319 1289 3375 peccatorum
1324 3316 1620 3380 captivitate
1648 3315 1905 3378 distracti,
1942 3332 2043 3368 non

514 3395 737 3463 Babylon
762 3412 909 3448 orum
963 3401 1095 3464 regi,
1155 3403 1245 3452 sed
1280 3402 1402 3466 [legi
1451 3403 1705 3453 caelorum
1745 3401 1953 3453 Christo
1994 3404 2042 3453 in

516 3484 858 3547 Hierusalem,
886 3502 1099 3551 qumque
1130 3489 1517 3553 congregationi
1559 3499 1855 3540 sanctorum
1886 3490 2047 3540 aedili-

515 3580 659 3623 catur
687 3573 888 3634 civitas,
931 3578 1240 3626 serviamus.
1290 3576 1351 3625 Et
1381 3576 1571 3627 idcirco
1602 3574 2044 3628 faciem'nostram

516 3659 784 3722 debemus,
822 3661 981 3726 magis
1024 3662 1263 3727 laerymis
1306 3662 1493 3728 rigare,
1525 3677 1676 3727 quam
1722 3662 1960 3724 lavacris,
1995 3672 2049 3713 nt

518 3745 688 3797 dicere
727 3760 843 3797 cum
892 3750 1135 3813 preplieta
1189 3752 1443 3814 possimus
1474 3768 1483 3800 :
1520 3750 1649 3811 Quid
1687 3750 1897 3801 cinerem
1924 3750 2049 3801 sicut

522 3849 697 3899 partem
724 3836 1096 3898 manducabam,
1124 3848 1167 3888 et
1196 3849 1366 3903 potum
1396 3855 1556 3890 meum
1587 3856 1694 3889 cum
1730 3842 1852 3905 ﬂetu
1879 3839 2051 3889 misce-

519 3925 630 3974 bam
660 3922 823 3993 (Psal.
849 3942 917 3986 οι,
946 3930 1048 3993 10).
1098 3929 1352 3981 Debemus
1394 3944 1584 3995 corpus
1629 3940 1860 3981 nostrum
1903 3929 2050 3980 inde-

520 4014 669 4069 fessis
700 4017 881 4083 vigiliis
907 4026 957 4070 et
983 4020 1240 4071 continuis
1266 4021 1508 4073 edomare
1532 4022 1762 4087 jejuniis,
1792 4031 1845 4071 ut
1874 4036 2050 4073 verum

520 4116 820 4161 exercentes
861 4109 994 4160 inter
1033 4110 1254 4163 animam
1293 4125 1607 4178 carnemque
1640 4112 1914 4178 judicium,
1947 4128 2048 4164 non

519 4208 639 4247 caro
678 4196 969 4251 dominetur
1008 4198 1233 4263 Spiritui,
1272 4201 1361 4251 sed
1400 4200 1601 4265 spiritui
1640 4213 1763 4253 caro
1794 4202 1925 4251 victa
1962 4200 2054 4251 deo

522 4288 737 4339 serviat.
782 4287 941 4353 Cujus
990 4293 1058 4340 rei
1112 4290 1405 4353 exemplum
1456 4290 1603 4339 nobis
1628 4289 1900 4349 Dominus,
1931 4290 2053 4339 dum

524 4390 614 4442 per
637 4376 877 4440 angelum
908 4376 968 4425 ad
1000 4378 1134 4439 Agar
1160 4376 1303 4428 Sara:
1332 4376 1568 4427 ancillam
1612 4376 1857 4441 loquitur.
1890 4362 2053 4437 dedit,

2146 3242 2267 3281 num
2297 3227 2393 3276 sibi
2419 3224 2729 3291 placentium
2756 3221 2926 3291 (Paul.
2953 3236 3069 3281 cu,
3093 3221 3169 3286 7).
3203 3221 3264 3271 Et
3292 3220 3408 3270 ideo
3439 3228 3679 3283 tanquam

2146 3314 2463 3367 severissimi
2506 3327 2535 3364 c
2570 3326 2751 3363 nsores
2794 3310 2974 3373 culpas
3020 3318 3223 3360 nostras
3266 3306 3315 3359 in
3356 3319 3451 3358 nos
3482 3305 3576 3371 ipsi
3605 3301 3686 3354 di-

2146 3404 2378 3453 strictius
2408 3400 2750 3458 vindicemus,
2782 3406 2835 3449 et
2863 3397 2959 3463 ipsi
2992 3396 3140 3447 nobis
3173 3410 3264 3461 per
3293 3394 3531 3445 diversos
3570 3405 3686 3445 cor-
3722 3382 3728 3389 ’

2149 3488 2287 3555 poris
2330 3488 2589 3540 cruciatus
2632 3495 2850 3538 tortores
2881 3483 3267 3552 quodammodo
3307 3483 3591 3535 existamus
3634 3488 3690 3533 et

2144 3578 2378 3643 judices;
2420 3582 2471 3629 et
2500 3576 2548 3627 in
2588 3576 2676 3627 illo
2702 3576 2853 3640 justte
2894 3573 3292 3626 examinationis
3320 3582 3554 3638 tempore
3584 3584 3685 3622 non

2153 3667 2337 3717 habeat
2377 3666 2430 3718 in
2475 3680 2566 3717 nos
2593 3665 2746 3731 Regis
2790 3667 3067 3727 sententia,
3115 3664 3250 3726 qdod
3296 3664 3526 3723 damnet,
3556 3675 3689 3725 quos

2145 3753 2252 3817 jam
2296 3752 2379 3803 hic
2424 3751 2775 3815 castigationis
2806 3752 2921 3801 vita!
2962 3751 3231 3815 disciplina
3276 3750 3524 3811 correxit,
3566 3747 3688 3814 quia

2145 3841 2314 3907 justus
2344 3851 2396 3893 et
2424 3840 2715 3892 misericors
2739 3839 2895 3905 jndex
2921 3840 2997 3891 bis
3023 3854 3123 3890 non
3146 3837 3343 3904 judicat
3365 3837 3413 3889 in
3439 3836 3685 3900 idipsnm.

2152 3930 2250 3982 hoc
2291 3939 2389 3989 est.
2436 3928 2484 3980 ei
2519 3942 2575 3980 se
2620 3927 2830 3981 exhibet
2870 3928 3068 3988 mitem,
3114 3940 3266 3992 quem
3317 3924 3571 3976 invenerit
3608 3922 3692 3974 hic

2151 4034 2267 4070 esse
2322 4034 2425 4085 prce
2476 4028 2801 4084 peccatorum
2864 4016 3217 4069 satisfactione
3272 4014 3565 4074 crudelem;
3618 4012 3692 4065 illi

2154 4107 2452 4172 benignum,
2496 4122 2645 4172 quem
2695 4106 2743 4157 in
2785 4105 2883 4157 hac
2919 4105 3020 4156 vita
3058 4103 3359 4169 cognoverit
3392 4101 3489 4152 sibi
3528 4099 3691 4151 fuisse

2154 4194 2473 4255 districtum;
2505 4194 2790 4246 secundum
2822 4192 2945 4253 illud
2974 4192 3327 4257 evangelicum
3360 4206 3371 4239 :
3405 4188 3502 4250 Qui
3524 4187 3693 4254 perdi-

2158 4281 2286 4330 derit
2310 4282 2527 4330 animam
2550 4293 2748 4345 propter
2772 4295 2867 4338 me,
2898 4280 3107 4346 inveniet
3136 4293 3243 4329 eam
3266 4278 3337 4341 (.1!
3348 4276 3473 4327 utth.
3500 4291 3551 4335 ι,
3576 4274 3692 4339 38).

2162 4367 2253 4418 Vel
2282 4367 2402 4417 illud
2440 4384 2451 4415 :
2483 4365 2622 4417 Beati
2650 4368 2735 4432 qui
2765 4381 2893 4416 nunc
2920 4365 3113 4432 lugetis,
3143 4366 3259 4431 quia
3288 4364 3508 4414 ridebitia
3543 4362 3691 4429 (Luc.

527 4479 644 4528 quae
666 4463 925 4515 dominam
956 4479 1097 4515 suam
1121 4464 1363 4515 deserere
1392 4464 1644 4514 maluerat
1668 4478 1820 4529 quam
1853 4462 2043 4525 aud.re,

2164 4468 2230 4514 vi,
2258 4451 2368 4519 2|).
2418 4455 2579 4505 Breve
2628 4462 2707 4504 est
2750 4451 2889 4503 enim
2930 4466 3084 4501 omne
3115 4450 3250 4516 quod
3290 4451 3339 4526 in
3375 4449 3472 4499 hoc
3500 4448 3697 4499 mundo

528 4553 705 4603 dicens
743 4552 847 4603 ei:
886 4551 1162 4603 Revertere
1201 4560 1253 4603 et
1292 4561 1405 4603 esto
1444 4551 1645 4603 subdita
1689 4551 1914 4602 domina:
1958 4558 2059 4601 tua:

530 4639 679 4707 (Gen.
712 4656 811 4703 xvt,
840 4641 914 4705 9).
973 4642 1035 4692 L't
1084 4641 1163 4691 his
1218 4640 1476 4691 laboribus
1531 4640 1770 4690 omnibus
1818 4647 1870 4690 et
1914 4638 2063 4690 bonis

530 4729 771 4795 cperibus
815 4729 985 4781 dediti
1033 4728 1197 4795 possis
1244 4742 1358 4779 esse
1404 4739 1453 4778 et
1503 4726 1896 4779 com-ersatione
1943 4739 2061 4791 per-

534 4818 686 4877 lecta,
726 4826 777 4867 et
816 4818 1140 4869 confessione
1182 4815 1390 4876 devota,
1428 4825 1477 4866 et
1519 4816 1569 4865 in
1610 4829 1767 4881 regno
1805 4814 1960 4879 patris
1991 4811 2062 4863 tui

534 4906 669 4957 illius
689 4908 753 4959 de
775 4921 875 4972 quo
900 4906 1144 4957 Dominus
1173 4906 1223 4956 in
1247 4905 1523 4969 Evangelii»
1547 4888 1671 4955 dicit
1698 4922 1709 4954 ε
1735 4904 1905 4954 Nolite
1931 4903 2064 4953 vobis

532 5011 702 5045 rorare
722 5005 907 5062 patrem
932 5010 1076 5061 super
1105 5003 1307 5052 terram,
1342 5009 1465 5043 unus
1496 4996 1619 5042 inim
1649 5002 1717 5043 cst
1749 5001 1885 5057 pater
1908 5000 2064 5043 vester

537 5082 743 5150 (Manli.
767 5096 910 5144 mu,
942 5083 1017 5147 9);
1046 5080 1327 5133 secundum
1356 5094 1541 5131 nomen
1574 5089 1714 5131 tuum
1741 5080 1790 5131 in
1818 5079 1902 5131 illa
1936 5081 2061 5129 bea-

538 5172 721 5222 torum'
753 5169 897 5221 turba
942 5183 1061 5220 vera
1103 5167 1378 5234 splendere
1404 5164 1678 5229 Ceraunia,
1722 5176 1773 5219 et
1819 5165 2058 5219 vocabuli

536 5260 605 5311 tui
656 5269 833 5310 auctor
873 5259 1094 5311 existere
1134 5273 1148 5308 :
1194 5256 1257 5308 de
1284 5269 1383 5321 quo
1412 5255 1688 5321 splendore
1713 5268 1927 5322 Operam
1962 5254 2063 5306 Do-

540 5348 706 5397 minus
746 5346 908 5398 dicit:
940 5344 1027 5398 Sic
1056 5346 1214 5397 luceat
1251 5345 1337 5395 lus:
1374 5353 1529 5394 vestra
1565 5359 1729 5394 coram
1758 5342 2059 5406 hominibus,

540 5446 588 5484 ιιι
617 5434 811 5485 videant
839 5451 986 5501 opera
1013 5443 1171 5486 vestra
1195 5432 1339 5495 bona,
1368 5441 1410 5485 et
1441 5431 1773 5500 magniﬁcent,
1805 5448 1908 5487 non
1949 5445 2061 5496 vos,

626 5616 649 5640 δι
677 5603 963 5655 Zorobabel.

2162 4543 2348 4606 agitur,
2381 4545 2488 4595 sive
2525 4542 2734 4604 bonum,
2764 4542 2875 4593 sive
2912 4541 3124 4600 malum,
3150 4540 3288 4590 sicut
3322 4536 3696 4601 experimentis

2166 4630 2425 4682 Dominus,
2456 4639 2542 4681 aut
2591 4629 2831 4696 promisit
2877 4636 2965 4679 aut
3008 4628 3169 4679 voluit
3212 4626 3316 4691 jam
3354 4623 3584 4690 probari.
3634 4624 3695 4673 l-lt

2163 4720 2355 4770 idcirco
2410 4718 2474 4769 ad
2538 4717 2869 4769 sustinendae
2912 4730 3004 4782 pro
3052 4715 3142 4767 Dei
3192 4727 3371 4766 amore
3424 4724 3697 4775 pressurus

2162 4814 2461 4860 constantes
2498 4819 2614 4857 esse
2651 4804 2920 4856 debemus.
2962 4801 3088 4867 Quia
3117 4801 3160 4854 si
3198 4801 3264 4853 ad
3294 4813 3568 4865 vesperum
3603 4797 3697 4850 de-

2164 4895 2449 4948 morabitur
2475 4894 2643 4957 ﬂetus,
2668 4902 2718 4945 et
2740 4893 2803 4944 ad
2832 4892 3135 4943 matutinum
3163 4890 3339 4942 lzetitia
3362 4888 3696 4955 subsequitur

2165 4984 2333 5054 (Paul.
2364 4999 2505 5045 XXIX,
2542 4983 2618 5049 6).
2676 4984 2851 5047 itaque
2886 4994 3022 5033 nunc
3068 4994 3301 5032 seramus
3340 4982 3389 5031 in
3429 4979 3693 5047 lacrymis,

2163 5073 2300 5143 quod
2340 5086 2462 5127 tunc
2490 5081 2742 5124 metemus
2783 5073 2831 5122 in
2866 5070 3065 5137 gautiis
3091 5068 3255 5137 (Paul.
3284 5085 3436 5132 cxxv,
3468 5070 3543 5134 6).
3576 5069 3699 5120 Hac

2167 5177 2328 5231 pauca
2362 5162 2425 5215 ad
2450 5160 2840 5213 confortandam
2872 5159 3023 5211 tidem
3054 5165 3275 5211 vestram
3309 5172 3401 5224 pro
3441 5156 3691 5210 exhorta-

2138 5228 2322 5305 ‘tionis
2369 5252 2553 5305 solatio
2596 5249 2731 5303 dicta
2778 5249 3057 5313 sufficiunt,
3106 5263 3221 5315 quae
3263 5247 3387 5300 licet
3433 5247 3547 5311 ipse
3592 5258 3696 5296 non

2166 5341 2368 5407 faciam,
2408 5350 2581 5394 tamen
2604 5349 2662 5391 ut
2688 5349 2742 5391 et
2769 5353 2860 5391 vos
2894 5339 3056 5406 agatis
3092 5338 3359 5390 exhortor.
3407 5335 3528 5389 Scio
3556 5332 3696 5386 enim

2166 5426 2517 5485 exbortationi
2548 5428 2766 5495 positam
2796 5439 2913 5480 esse
2945 5424 3267 5488 mercedem;
3299 5424 3413 5489 quia
3444 5422 3690 5488 legimus:
