3930 6426
225 385 290 435 97
1481 379 1944 435 EPISTOLARUM
1991 379 2111 432 LIB.
2157 379 2212 429 ll.
3359 386 3424 439 93

231 496 382 550 Flere
412 514 525 550 cum
554 498 784 567 ﬂentibus
815 496 984 564 (llam.
1021 511 1110 557 xu,
1148 495 1256 563 15).
1291 494 1355 546 Ει
1392 509 1458 546 ne
1481 496 1611 545 forte
1642 505 1693 544 tu
1723 493 1771 544 in
1803 547 1804 550 η

1910 493 2065 543 Ιι’›;ιιέ1
2114 504 2355 544 sermone
2403 505 2608 556 semper
2655 506 2705 546 et
2753 495 2855 549 l'ota
2904 508 3001 564 est,
3046 502 3200 554 debet
3246 514 3419 574 augeri

228 589 425 655 judicio
449 590 653 643 diceres
689 606 700 640 :
734 589 948 653 Quwsiri
990 589 1074 654 qui
1103 589 1254 640 simul
1285 603 1474 639 nierum
1519 587 1779 638 contrista-

230 687 388 742 rctur,
429 689 476 730 et
519 679 760 746 nonfuit,
803 688 846 730 et
888 677 1197 730 consolantes
1228 695 1322 741 me,
1381 688 1425 729 et
1470 694 1570 729 non
1614 676 1781 727 inveni

234 768 401 828 (Psal.
425 784 604 829 uvnt,
629 769 741 836 2i).
793 768 1105 820 Perfectiora
1136 783 1263 820 vero
1302 778 1456 834 atque
1491 769 1686 834 majora
1730 767 1780 817 iu

234 859 525 922 Scripturis
566 859 772 918 divinis,
820 858 954 910 unde
995 859 1089 910 iSIa
1127 858 1370 924 decerpta
1405 867 1544 921 sunt,
1591 860 1785 908 instru-

236 960 411 999 menta
455 949 716 1016 perquire,
749 948 790 999 si
828 947 905 1000 vis
945 957 1033 998 aut
1071 959 1238 1014 empta
1290 948 1560 1012 perlicere,
1592 959 1678 998 aut
1721 948 1782 997 ad

238 1035 468 1101 pollicita
495 1036 787 1103 pervenire.
822 1036 970 1088 Dabit
999 1037 1087 1087 tibi
1126 1037 1295 1088 taliter
1323 1039 1574 1104 quaerenti
1607 1038 1785 1088 Domi-

237 1141 339 1178 nus
367 1128 637 1178 srientiam
669 1127 862 1192 pariter
891 1135 939 1178 et
968 1129 1234 1190 virtmem,
1261 1135 1394 1180 utet
1431 1129 1560 1180 lecta
1593 1128 1785 1180 intelli-

235 1217 362 1280 gas,
394 1227 444 1268 et
474 1217 732 1268 intellecta
771 1216 1054 1268 cu~t0dias.
1101 1216 1226 1268 Nam
1265 1227 1406 1281 pater
1435 1218 1786 1282 orphanmum

235 1317 288 1356 et
331 1305 526 1357 arbiter
576 1304 844 1356 viduarum
888 1321 1004 1356 cum
1053 1316 1104 1358 te
1128 1305 1203 1374 “de
1243 1322 1300 1357 se
1333 1316 1531 1357 tantum
1576 1320 1788 1371 sperare

235 1394 578 1460 compererit,
618 1403 669 1446 et
708 1394 915 1461 pupillis
958 1395 1061 1446 tuis
1101 1397 1290 1447 tribuet
1335 1407 1548 1462 patetna
1601 1396 1791 1460 pietate

238 1479 562 1546 praesidium,
598 1490 651 1534 et
691 1493 739 1533 Ie
772 1482 1195 1534 remuneratione
1229 1483 1420 1548 judicis
1451 1484 1696 1550 perducet
1725 1482 1789 1533 ad

236 1571 534 1636 praemium.

839 1681 1049 1733 Ei’lST.
1095 1680 1207 1734 XV.

276 1787 495 1841 Domino
527 1799 698 1842 sancto
727 1801 772 1843 et
801 1793 1075 1854 apostolico
1113 1809 1170 1843 ac
1201 1794 1322 1843 mihi
1354 1809 1458 1858 pra:
1485 1797 1673 1845 crrteris
1705 1795 1753 1845 in

1884 584 2139 649 corporali
2188 583 2407 646 vi~ione,
2460 600 2559 637 non
2609 587 2790 651 miuui,
2834 600 2884 640 et
2927 607 3164 647 crescere
3212 597 3419 666 intuitu,

1884 690 1999 740 qua:
2026 674 2181 740 cmpit
2211 673 2388 725 aifatu.

2469 785 2676 838 EPIST.
2720 786 2852 838 XVI.

1890 872 2102 924 Domino
2145 875 2338 926 sublimi
2381 891 2664 946 sentiretque
2706 879 2968 944 magniﬁco
3009 882 3154 946 fratri
3188 882 3427 938 Turcucio

2391 944 2622 995 Ruricius
2652 947 2928 1012 epis‘t'Opus.

1959 1031 2133 1098 Exigit
2193 1034 2401 1085 solliciti
2456 1036 2628 1086 cordis
2684 1035 2932 1101 alieetus,
2992 1049 3044 1090 ιιι
3096 1041 3428 1107 imperitioris

1893 1132 2159 1184 promatur
2188 1123 2404 1176 allatus:
2447 1140 2542 1176 nec
2588 1126 2848 1179 erubescit
2901 1131 3203 1184 rusticitatis
3243 1147 3430 1198 Oppro-

1893 1212 2085 1278 brium,
2130 1213 2414 1265 dummodo
2444 1215 2653 1280 imp‘eat
2694 1220 2924 1273 caritatis
2956 1220 3250 1284 imperium.
3287 1225 3430 1274 bicut

1891 1311 2102 1353 ructus
2137 1303 2406 1365 apo~tolus
2453 1303 2483 1354 d
2509 1305 2576 1355 cit
2603 1322 2614 1353 :
2652 1304 2881 1373 Pcrfemu
2919 1309 3099 1358 caritas
3123 1325 3254 1366 {oras
3285 1313 3432 1361 mittit
3463 1293 3472 1295 4

1894 1392 2116 1441 timorem
2160 1389 2218 1457 (1
2248 1391 2400 1442 Joan.
2434 1408 2500 1454 Iv,
2561 1394 2665 1457 18).
2725 1396 2850 1458 Quia
2906 1398 3055 1462 longe
3115 1401 3298 1451 melius
3357 1411 3435 1453 est

1893 1492 2186 1541 proxtmum
2218 1480 2656 1553 diligeresincere
2691 1499 2841 1549 quam
2871 1487 3153 1551 prmdicare
3188 1489 3433 1553 perfecte.

1895 1569 2160 1633 Siquidem
2205 1573 2367 1620 multo
2408 1549 2578 1633 plures
2620 1576 2951 1626 inveniuntur
3000 1579 3046 1628 itt
3094 1584 3287 1633 mundo
3329 1584 3438 1635 elo-

1893 1658 2122 1721 quentia:
2153 1659 2327 1724 lepore
2360 1661 2558 1721 prmdtti
2592 1677 2744 1724 quam
2784 1666 3074 1716 dilectionis
3107 1670 3282 1734 rigore
3324 1687 3440 1736 per-

1897 1747 2036 1800 fecti.
2079 1747 2206 1812 Quia
2249 1752 2380 1800 sicut
2411 1751 2544 1813 quod
2588 1752 2777 1803 bonum
2819 1767 2898 1804 est
2929 1770 3100 1807 rarum
3135 1767 3232 1820 est,
3261 1761 3326 1810 ita
3359 1778 3438 1811 ar-

348 1859 550 1911 Cltristo
579 1861 793 1911 Domino
832 1837 962 1911 cultu
1007 1861 1281 1926 amictuque
1319 1837 1619 1930 peculiarius
1649 1880 1792 1914 exco-

1910 1837 2215 1902 iuumquod
2259 1846 2532 1889 atternum.
2578 1840 2824 1892 Proclivis
2869 1857 3113 1910 namque,
3159 1847 3308 1909 juxta
3337 1849 3437 1898 Dn-

346 1929 496 1979 lendo
529 1939 738 1996 patrono
761 1940 802 1980 et
840 1947 870 1994 p
891 1945 982 1997 qia:
1011 1939 1035 1964 λ
1059 1930 1249 1982 ίΕοηὶο
1293 1934 1524 2000 episwpo
1562 1933 1796 1984 Ruricius

347 2013 632 2063 eptswpus.

326 2104 458 2157 Ante
506 2119 725 2172 paucam
773 2114 979 2169 tempus
1029 2107 1226 2160 litteras
1271 2120 1460 2161 vestra:
1509 2112 1800 2163 sancti'atis

235 2198 441 2261 accepi,
474 2195 659 2261 quibus
682 2200 837 2248 etiam
869 2197 934 2248 de
963 2196 1354 2251 inofhciositate
1387 2203 1512 2250 tanti
1548 2201 1800 2253 habuistis

235 2280 583 2335 aﬂectuosius
629 2282 1012 2349 commonere,‘
1055 2287 1290 2340 dicentes
1341 2304 1354 2338 :
1403 2289 1538 2341 Nihil
1584 2291 1801 2344 caritate

241 2375 598 2437 przestantius.
631 2375 779 2438 Quod
820 2390 916 2442 ego
965 2379 1114 2430 valde
1160 2395 1337 2431 verum
1369 2396 1484 2434 esse
1524 2384 1798 2450 coutirtno,

238 2473 293 2515 et
341 2467 629 2516 secundum
663 2467 992 2531 Apostolum,
1037 2469 1177 2520 illam
1218 2471 1486 2523 caritatem
1526 2471 1644 2524 dicit
1687 2488 1803 2526 esse

163 2552 175 2560 ’
221 2551 531 2619 perfectam
573 2565 623 2607 et
653 2555 951 2617 sublimem,
995 2573 1103 2624 quat
1131 2562 1192 2610 de
1239 2551 1387 2612 corde
1412 2577 1559 2628 puro.
1611 2572 1654 2612 et
1687 2578 1805 2613 con-

238 2645 456 2695 scientia
487 2649 636 2708 bona,
683 2655 727 2697 et
758 2647 856 2712 [ide
901 2663 998 2698 non
1031 2647 1147 2714 ﬁcta
1178 2653 1399 2714 procedit
1431 2651 1482 2719 (I
1507 2651 1637 2721 T_im.
1664 2669 1698 2716 ι,
1727 2655 1800 2720 ii),

238 2747 383 2796 que,
410 2732 555 2799 juxta
587 2733 825 2785 eumdem
857 2738 1185 2800 Apostolum,
1235 2741 1425 2805 patiens
1456 2752 1543 2801 est,
1596 2742 1804 2808 benigna

239 2833 336 2886 est,
393 2841 506 2888 qua:
556 2842 654 2878 non
703 2827 939 2889 inﬂattr,
1006 2845 1101 2899 non
1152 2832 1435 2893 mmulatur,
1487 2849 1583 2884 non
1630 2837 1806 2899 quq’rit

239 2929 358 2980 qua:
384 2929 474 2964 sua
506 2923 645 2975 sunt,
673 2932 769 2965 non
797 2917 980 2981 gaudet
1020 2898 1167 2982 imper
1213 2921 1489 2985 iniquitate,
1525 2924 1805 2988 congauch

238 3013 411 3052 autem
461 3005 678 3064 veritati,
732 3005 900 3055 omnia
949 3006 1131 3070 credit,
1189 3010 1355 3059 omnia
1392 3020 1557 3073 sperat
1602 3010 1654 3078 (1
1687 3012 1804 3065 Cor.

241 3107 361 3156 xm,
404 3091 437 3142 4
480 3093 633 3160 seq.).
693 3093 757 3144 Et
811 3094 930 3146 inde
985 3105 1082 3157 est,
1135 3098 1271 3162 quod
1323 3113 1585 3164 nunquam
1633 3101 1804 3152 cadet.

1900 1930 2025 1982 mini
2069 1932 2400 1994 sententiam,
2435 1943 2482 1981 et
2531 1933 2648 1982 t-ita
2681 1934 2760 1983 via
2794 1944 2870 1984 est
2902 1950 3015 2005 qua:
3059 1932 3225 2002 praéci:
3252 1941 3342 1990 itat
3391 1944 3439 1992 in

1899 2019 2218 2083 gehennam;
2277 2020 2469 2071 atcnor
2513 2035 2636 2072 vero
2666 2030 2718 2072 et
2765 2022 3021 2075 difﬁcilior
3047 2041 3160 2091 qua:
3201 2012 3444 2081 sublimat

1900 2109 1961 2159 ad
1988 2108 2226 2173 gloriam.
2258 2110 2383 2170 Qua:
2414 2112 2606 2159 causa?
2639 2109 2735 2160 nisi
2763 2112 2881 2175 quia
2912 2113 2990 2162 illa
3027 2116 3171 2165 multi
3203 2118 3446 2182 gradiun-

1902 2205 2003 2257 tur,
2034 2197 2128 2245 hac
2161 2196 2334 2258 pauci;
2360 2203 2411 2245 et
2433 2195 2547 2245 ideo
2580 2197 2887 2251 imminente
2911 2201 3016 2265 jam
3054 2208 3322 2266 przeseutis
3351 2209 3447 2260 αξνί

1879 2284 2145 2346 ,te’rmino,
2183 2291 2236 2334 et
2279 2284 2404 2335 senii
2442 2284 2526 2336 die
2558 2300 2924 2355 usquequaque
2955 2291 3147 2354 vicino,
3188 2295 3322 2347 sicut
3354 2313 3449 2350 nos

1900 2377 2054 2425 etiam
2084 2373 2236 2423 doetrt
2260 2373 2503 2425 cavsaries
2523 2373 2762 2439 detonsa,
2796 2381 2869 2430 vel
2895 2386 3153 2444 convenit,
3186 2400 3250 2437 ne
3283 2386 3333 2437 in
3365 2403 3450 2438 ve-

1906 2463 2102 2514 teribus
2152 2476 2303 2514 anns
2345 2462 2591 2528 juvenilia
2643 2465 2771 2516 facta
2821 2469 3148 2535 meditemur,
3202 2486 3355 2539 atque
3401 2477 3451 2529 in

1903 2550 2142 2602 coniecm
2189 2565 2439 2616 corpore,
2481 2559 2531 2602 et
2582 2554 2736 2605 corde
2776 2555 3042 2622 decrep‘to
3085 2561 3451 2614 adolescentia:

1907 2648 2084 2704 regnet
2103 2654 2180 2698 cu;
2207 2639 2311 2699 ido,
2335 2639 2397 2689 de
2415 2655 2514 2706 qua
2539 2641 2667 2705 judit
2688 2643 2716 2693 ii
2741 2655 2974 2710 tempore
3006 2648 3054 2698 in
3079 2648 3165 2699 illo
3185 2651 3451 2703 tremendo

1907 2741 2002 2779 a-te
2036 2743 2114 2778 nae
2137 2729 2544 2792 dispensationis
2575 2737 2841 2796 examine,
2874 2737 3080 2800 quando
3114 2738 3198 2790 ille
3223 2756 3322 2790 om.
3349 2739 3452 2791 ium

1909 2819 2202 2870 mortalium
2229 2822 2376 2870 teStis
2404 2829 2455 2870 et
2488 2819 2646 2886 judex
2698 2838 2799 2873 non
2833 2825 2998 2875 mlum
3040 2830 3218 2880 merita
3262 2829 3456 2894 ponde-

1908 2918 2114 2958 raturus
2145 2917 2195 2959 et
2228 2907 2381 2972 facta,
2412 2924 2586 2960 verum
2616 2911 2771 2962 etiam
2813 2915 2966 2965 \erba
3007 2926 3084 2966 est
3129 2917 3457 2974 discussurus

1909 3007 1959 3047 οι
2007 3009 2144 3058 \ota,
2171 2998 2314 3060 juxta
2360 2998 2785 3063 pollicitationem
2828 3014 2997 3065 suam,
3058 3020 3206 3070 aqua:
3261 3007 3456 3075 frigida:

1912 3085 2202 3150 przebitiotti
2234 3086 2446 3137 daturus
2477 3101 2553 3138 ρει
2587 3091 2852 3152 pranuium
2880 3091 3088 3156 (Matth.
3123 3092 3172 3156 χ’,
3206 3098 3316 3164 41),
3341 3100 3458 3152 aliis

242 3179 461 3232 Patiens
489 3189 588 3241 est,
621 3180 739 3246 quia
771 3193 950 3233 contra
980 3186 1292 3236 lcntationcs
1336 3187 1511 3237 sa-culi
1557 3188 1635 3238 vel
1678 3205 1797 3254 pro-

1910 3176 1966 3225 tle
1998 3177 2150 3225 otiosi
2183 3177 2326 3226 verbi
2357 3177 2563 3228 levitate
2591 3180 2930 3243 supplirium;
2964 3198 3080 3235 reos
3112 3202 3204 3237 nos
3232 3190 3327 3240 etsi
3354 3205 3454 3240 non

241 3266 409 3318 cellas
451 3267 502 3317 in
550 3267 708 3319 Deum
758 3268 929 3319 delixa
982 3279 1176 3334 perstat
1220 3271 1528 3335 immobilis;
1582 3275 1799 3341 benigna

241 3367 344 3418 est,
395 3356 515 3423 quia
567 3358 924 3423 proximorum
977 3360 1291 3424 profectibus
1340 3361 1653 3424 delectatur;
1701 3382 1802 3418 non

243 3446 490 3510 inflatur,
523 3449 640 3514 quia
690 3462 789 3500 non
836 3451 1072 3514 superbit
1115 3451 1321 3515 humili;
1359 3468 1459 3504 non
1509 3455 1803 3519 armulatnr,

243 3536 366 3600 quia
422 3536 658 3589 inridere
705 3541 869 3591 nescit
910 3541 1130 3606 :tquali;
1183 3557 1285 3592 mn
1331 3543 1516 3608 quaerit
1554 3559 1669 3612 qua:
1715 3560 1806 3597 sua

244 3637 394 3690 sunt,
426 3628 549 3678 dum
580 3625 724 3694 juxta
757 3629 955 3680 Domini
1000 3632 1310 3684 sontentiai"
1341 3634 1438 3684 sibi
1469 3638 1625 3686 etiam
1659 3634 1809 3686 mini-

247 3731 367 3769 mos
408 3719 702 3784 anteponit,
743 3729 794 3772 et
820 3721 1040 3772 aliorum
1082 3723 1355 3774 commoda
1393 3725 1504 3776 suis
1551 3735 1810 3777 mercatur

248 3808 639 3870 incommodis;
675 3824 777 3859 non
810 3810 997 3875 gaudet
1037 3825 1191 3871 super
1239 3813 1530 3878 iniquitate,
1563 3815 1681 3878 quia
1724 3816 1812 3865 lte-

250 3895 352 3947 lari
401 3895 502 3948 nisi
535 3897 750 3948 lratrum
785 3899 1129 3963 prosperitate
1162 3916 1261 3952 non
1297 3902 1472 3962 novit;
1522 3903 1814 3969 congaudet

248 3996 430 4038 autem
461 3986 690 4049 veritati,
719 3989 835 4054 quia
864 3989 1084 4040 amicum
1120 3991 1341 4049 sincera,
1376 4007 1476 4042 non
1526 3993 1688 4045 fucata
1731 3995 1809 4045 di-

249 4074 487 4127 lectione
525 4085 824 4134 veneratur,
870 4091 963 4126 nec
1006 4076 1129 4126 falsa
1169 4077 1465 4128 adulatione
1505 4080 1809 4140 subsanuat,

249 4164 341 4215 sed
373 4178 505 4216 vero
535 4165 736 4215 li0ttore
767 4164 1117 4215 cuneoli-brat.
1165 4164 1348 4213 Omnia
1393 4167 1575 4226 credit,
1613 4170 1729 4227 quia
1763 4169 1811 4215 in

250 4251 445 4305 divinis
470 4252 730 4304 mandatis
752 4252 1123 4316 promissisque
1157 4251 1391 4312 conlidit,
1415 4262 1465 4302 et
1500 4252 1616 4303 ideo
1642 4256 1812 4304 omnia

251 4341 517 4406 Speravit,
575 4341 696 4406 quia
752 4353 844 4404 pro
896 4337 1125 4388 minimis
1181 4354 1387 4406 magna,
1451 4357 1545 4406 pro
1600 4344 1814 4395 Caducis

253 4442 536 4499 perpetua,
567 4443 662 4495 pro
700 4428 1072 4495 temporalibus
1104 4438 1298 4481 arterna
1340 4432 1436 4483 sibi
1480 4433 1813 4486 retribuenda

1904 3264 1968 3314 de
2001 3275 2279 3329 petpetratt
2319 3265 2560 3316 facinoris
2594 3267 2875 3331 voluittate,
2922 3272 3106 3323 saltem
3150 3280 3213 3326 de
3261 3291 3453 3328 concu-

1907 3353 2120 3415 pisc~-nti
2143 3368 2169 3398 ιι
2201 3352 2463 3403 voluntate
2496 3356 2795 3406 constituat.
2845 3358 2972 3418 Quia
3000 3361 3081 3421 qui
3117 3363 3292 3412 viderit
3338 3380 3453 3413 mu-

1908 3443 2074 3492 ὕει-εἰη
2099 3441 2160 3491 ιιι]
2192 3444 2657 3510 concupiscendum,
2699 3446 2803 3507 jam
2841 3448 3106 3499 moechatus
3150 3460 3221 3500 est
3259 3468 3368 3502 eam
3407 3453 3457 3503 in

1909 3535 2055 3583 corde
2092 3550 2182 3583 suo
2217 3533 2424 3600 (Matth.
2460 3550 2506 3595 v,
2539 3533 2648 3601 ‘28).
2691 3536 2834 3598 Quod
2859 3547 2906 3612 et
2947 3552 3009 3588 de
3042 3540 3193 3591 rebus
3219 3542 3458 3594 omn:bus

1911 3627 1954 3677 al
1984 3625 2025 3677 is
2075 3627 2319 3677 similiter
2365 3627 2646 3677 observare
2701 3641 2793 3678 nos
2837 3630 3102 3690 convenit,
3149 3639 3204 3682 ut
3243 3634 3458 3697 singulis

1909 3715 2222 3779 appetentizc
2257 3717 2489 3782 partibus
2527 3717 2801 3769 imbecillis
2835 3718 2987 3782 hujus
3016 3723 3250 3786 corporis
3280 3739 3462 3788 ampu.

1914 3805 2034 3856 tatis
2063 3806 2251 3856 talibus
2291 3805 2560 3867 membris,
2587 3809 2660 3855 sic
2693 3807 2912 3868 debiles,
2951 3822 2999 3859 et
3041 3819 3208 3863 tamen
3253 3812 3459 3881 integri,

1915 3893 2086 3960 potius
2118 3894 2437 3944 introeautus
2478 3894 2528 3944 in
2563 3908 2800 3960 regnum,
2827 3911 2978 3959 quam
3018 3899 3171 3962 salvi,
3207 3909 3257 3951 et
3288 3910 3460 3952 tamen

1916 3983 2126 4047 perditi,
2160 3983 2208 4031 in
2240 3996 2490 4032 anernum
2517 3984 2850 4047 projiciamur
2876 3984 3190 4038 incendium.
3219 3989 3317 4044 llis
3345 4004 3461 4040 orn-

1916 4071 2068 4119 nibus
2103 4071 2381 4120 salubriter
2409 4078 2737 4132 pertractans
2766 4085 2816 4122 et
2859 4074 2956 4123 rite
3003 4080 3307 4138 perSpectis,
3339 4079 3460 4129 dum

1917 4157 2213 4205 tribuuntur
2259 4157 2497 4214 iuducim,
2546 4158 2864 4210 declinemus
2908 4174 2935 4210 a
2981 4161 3137 4222 malo,
3170 4174 3220 4213 et
3268 4165 3460 4216 bnnmu

1919 4244 2242 4294 inces~antcr
2281 4257 2559 4307 opt-remur
2603 4242 2738 4310 (Gal.
2797 4262 2868 4308 vr,
2923 4248 3038 4312 l0);
3095 4250 3464 4305 obliviscamur

1922 4333 2206 4398 prteteriua,
2231 4347 2627 4385 contemnamus
2656 4338 2949 4402 prmsentia,
2979 4339 3145 4390 futura
3174 4342 3462 4407 cupiamus,

1922 4427 2290 4476 obhv'tSt-amur
2319 4431 2367 4475 in
2399 4424 2567 4486 iactis,
2600 4430 2933 4481 recordemur
2959 4429 3009 4480 in
3034 4433 3385 4496 Conscientiis,
3414 4446 3468 4486 ut

254 4536 358 4573 non
392 4517 635 4586 ambigit.
681 4517 952 4584 Nunquam
983 4520 1150 4581 cadit;
1181 4523 1296 4586 quia
1331 4521 1597 4573 humilitas
1632 4525 1804 4576 Itahert

1920 4531 2077 4576 omne
2111 4527 2374 4578 peet'atum
2406 4519 2552 4566 nobis
2586 4521 2836 4569 moriatur
2867 4520 2914 4569 in
2949 4519 3070 4585 vita,
3107 4523 3242 4574 vivat
3281 4525 3331 4575 in
3362 4539 3470 4591 poe-

255 4624 358 4661 non
404 4616 582 4676 potest
624 4620 824 4669 casum,
868 4623 984 4658 cum
1030 4608 1217 4660 habeat
1264 4623 1476 4675 semper
1518 4625 1813 4672 ascensum,

252 4712 302 4752 et
346 4714 470 4752 cum
519 4699 712 4764 iugiter
754 4699 958 4749 excelsa
1014 4701 1312 4761 meditetur,
1369 4700 1603 4752 habitare
1649 4713 1819 4754 tamen

256 4790 305 4839 iu
344 4787 664 4840 sublimibus
706 4801 808 4837 non
839 4787 1134 4851 prtesumit;
1183 4803 1299 4837 cum
1351 4790 1680 4839 conversuio
1713 4790 1823 4853 ejus

259 4880 522 4928 habeatur
558 4879 606 4925 in
637 4875 804 4936 caelis,
843 4874 950 4939 ipsa
986 4884 1154 4924 tamen
1187 4877 1389 4926 videtur
1419 4876 1686 4928 ωηιξη-σεῖε
1723 4888 1826 4927 ter—

261 4971 435 5031 renis;
489 4967 705 5020 excelsa
754 4951 910 5028 opera
962 4976 1132 5016 mente
1180 4966 1379 5031 dejecta
1436 4967 1651 5027 habens,
1695 4969 1827 5018 unde

259 5059 523 5124 glorietur
555 5056 605 5105 in
636 5055 878 5116 Domino,
911 5071 1003 5105 nec
1035 5066 1203 5107 tamen
1232 5057 1511 5107 extollatur
1538 5058 1584 5106 iit
1613 5061 1824 5110 szeculo.

265 5150 386 5200 ll;ec
415 5147 532 5211 quia
557 5145 758 5209 iussisti
787 5146 1034 5207 scribere,
1063 5163 1161 5198 non
1189 5161 1280 5212 pro
1305 5149 1599 5198 eruditione
1627 5159 1826 5206 nostra,

264 5254 287 5289 s
310 5237 352 5288 -d
385 5250 483 5302 pro
509 5234 814 5300 dignatione
843 5245 1033 5295 vestra,
1066 5236 1393 5300 praesumpsi.
1429 5235 1671 5286 Vestrum
1708 5252 1831 5287 vero

265 5338 468 5377 estnos
490 5324 718 5374 educere
748 5322 938 5380 verbis,
965 5331 1016 5372 et
1041 5325 1102 5372 ad
1133 5325 1262 5373 hanc
1294 5324 1532 5376 eamdem
1564 5325 1828 5377 caritatem

269 5429 559 5481 provocare
590 5426 801 5478 semper
831 5412 1102 5475 exemplis.
1146 5413 1273 5476 Quia
1307 5415 1539 5478 dilectio,
1571 5431 1682 5481 quae
1713 5425 1833 5465 ante

268 5506 626 5574 cognitionem
691 5511 871 5554 mutuo
915 5505 1049 5553 inter
1092 5505 1337 5555 absentes
1396 5507 1699 5571 epistolario
1749 5507 1827 5557 in-

343 5691 365 5716 ι
402 5684 694 5750 EpiSCOpus
721 5675 815 5730 fuit
839 5678 1154 5732 Arelatensis
1181 5680 1243 5734 de
1267 5697 1369 5748 quo
1399 5684 1551 5748 epist.
1580 5681 1631 5732 8.
1658 5679 1810 5730 Basx.

1927 4607 2172 4655 nitentia:
2209 4621 2341 4656 llUllC
2370 4607 2687 4657 St'lllillQlllUS
2722 4608 2769 4658 iu
2802 4610 2942 4672 lletu,
2974 4612 3108 4676 quod
3141 4616 3467 4677 postmodum

1928 4709 2182 4746 metamus
2216 4697 2266 4745 in
2297 4697 2499 4760 gaudio.
2528 4697 2654 4760 Quia
2688 4708 2891 4760 tempus
2932 4701 3082 4763 hujus
3107 4704 3226 4754 vita:
3266 4713 3472 4771 tempus

1929 4803 1956 4836 e
1991 4795 2007 4834 t
2036 4785 2225 4848 (ψει-ἥς,
2253 4786 2362 4833 dies
2390 4799 2512 4834 vero
2547 4787 2898 4838 retributionis
2926 4801 3126 4853 tempus
3153 4802 3231 4843 est
3266 4797 3468 4858 messis,

1929 4877 2135 4939 quando
2175 4873 2286 4923 sine
2325 4873 2480 4923 dubio
2525 4874 2620 4926 hoc
2652 4879 2928 4942 unicuique
2958 4882 3226 4942 apparebit
3275 4883 3324 4934 in
3361 4901 3474 4949 ger-

1934 4966 2091 5019 mine.
2121 4962 2254 5026 quod
2287 4977 2420 5013 nunc
2446 4975 2642 5028 Spargtt
2670 4965 2720 5015 in
2751 4967 2966 5016 M'lltllltf.
3001 4967 3142 5019 Sicut
3174 4971 3242 5022 ait
3267 4975 3474 5038 quidam

1932 5069 1954 5103 s
1975 5064 2223 5104 τωρωι-ειμι
2254 5069 2264 5101 :
2303 5051 2578 5118 Iiespout/ci
2600 5057 2633 5103 it
2665 5056 2784 5105 mihi
2813 5072 2924 5107 cras
2955 5059 3154 5124 justitia
3195 5077 3300 5111 mea
3328 5061 3475 5126 (Cen.

1938 5161 2060 5204 xu,
2091 5144 2197 5208 53).
2231 5144 2356 5192 Cras
2385 5145 2562 5211 utique
2591 5147 2725 5197 diem
2760 5148 3160 5200 resurrectionis
3190 5135 3474 5215 appellans:

1943 5235 2058 5284 HIC
2087 5248 2194 5284 vos.
2229 5232 2636 5297 lratresoptimi,
2678 5251 2777 5287 non
2825 5237 3103 5302 pontificai
3152 5242 3477 5300 auctoritate,

1938 5326 2025 5375 sed
2086 5323 2309 5374 fraterna
2372 5325 2560 5388 pietate
2615 5327 2835 5395 lidenter
2876 5328 3107 5381 scribere
3157 5330 3477 5384 lﬂlI‘tnittiilali

1941 5427 2144 5473 vcsu‘u',
2170 5412 2388 5464 c.ritale
2419 5415 2673 5478 dictante,
2709 5419 3155 5483 prtesumpsimus,
3190 5421 3271 5483 qui
3301 5428 3355 5468 ut
3394 5434 3479 5468 vo-

1941 5507 1970 5555 b
1996 5521 2018 5557 s
2049 5505 2125 5556 vel
2151 5504 2285 5556 circa
2317 5519 2408 5558 vos
2441 5522 2544 5558 non
2595 5508 2864 5561 dictatoris
2906 5509 3192 5575 ingenium,
3248 5508 3337 5559 sed
3372 5523 3485 5575 ger-
