3908 6404
324 320 392 375 99
1438 302 1443 309 ’
1628 290 1875 350 RURICII
1919 286 2212 345 EPISCOPI

326 430 463 485 mani
506 426 846 495 probaremus
887 419 1148 475 allectum.
1181 412 1415 469 Salutem
1452 409 1627 477 itaque
1673 405 1870 495 dicens,
1905 409 1953 466 Α

326 533 474 586 rogo,
511 494 645 569 sicut
686 513 988 581 promittere
1042 504 1237 576 dignati
1275 501 1425 564 estis,
1484 498 1673 551 librum
1724 494 1874 549 nobis

327 584 688 671 S.VAugustini
717 601 784 655 de
826 597 1033 653 Civitate
1077 593 1167 645 Dei
1202 606 1293 659 per
1340 587 1650 657 portitorem
1692 584 1873 635 haruts

328 702 441 751 sine
466 696 715 749 dilatione
735 689 972 746 mittatis.
1008 686 1167 752 Cujus
1196 682 1321 735 dum
1355 694 1452 732 nos
1482 678 1709 731 lectione
1753 674 1879 728 tedi-

331 787 493 839 licatis
535 786 585 839 in
629 781 809 846 terris,
840 778 990 831 vobis
1032 772 1269 842 ejusdem
1308 768 1534 823 civitatis
1583 766 1877 819 habitaeu'a

330 873 637 943 praeparetis
661 871 713 924 in
742 865 913 930 cmlis,
934 862 998 916 ad
1028 875 1183 929 quam
1216 870 1389 911 tamen
1418 855 1573 908 aliter
1600 853 1881 919 pervenire

332 940 757 1031 nonvpossumus,
780 953 883 1008 nisi
910 949 1142 1005 caritatis
1169 946 1419 1016 gradibus
1438 940 1878 997 conscendamus.

330 1028 595 1119 Quisipsa
626 1056 709 1101 est
735 1041 1053 1101 eminentior
1078 1038 1181 1103 via,
1211 1050 1331 1105 qua:
1359 1048 1455 1086 vos
1475 1042 1529 1086 et
1554 1031 1604 1082 in
1628 1031 1725 1082 hac
1748 1028 1885 1094 posi-

434 1115 599 1194 soeiat
627 1138 756 1200 Deo,
803 1144 857 1188 et
884 1126 1155 1197 deposita
1188 1123 1423 1192 perducit
1468 1120 1532 1172 ad
1576 1119 1759 1171 Deum.
1814 1115 1885 1166 De

333 1247 434 1300 qua
457 1230 613 1284 etiam
656 1225 906 1295 propheta
946 1226 1193 1275 teatatur:
1216 1212 1484 1267 Ambulant
1526 1209 1589 1260 de
1618 1209 1797 1260 virtute
1834 1207 1851 1255 i

336 1296 564 1373 tiirtutrm
581 1335 598 1382 ,'
614 1315 860 1369 videbitur
883 1308 1019 1363 Deus
1036 1310 1239 1360 deorum
1256 1305 1305 1354 in
1328 1300 1455 1355 Sion
1479 1296 1647 1368 (Psal.
1664 1308 1884 1357 Lxxxttt,

336 1412 413 1477 8).
436 1407 785 1470 Quamobrem
818 1402 901 1455 hic
921 1398 1141 1467 collyrio
1165 1394 1424 1447 bonorum
1463 1402 1681 1456 operum
1706 1384 1889 1438 oculos

336 1472 511 1552 cordis
537 1506 804 1552 acuamus,
834 1500 886 1541 ttt
914 1488 1019 1540 illic
1048 1486 1206 1539 Deum
1232 1478 1411 1535 videre
1434 1477 1713 1546 possimus.
1748 1472 1884 1538 Quia

339 1583 623 1640 secundum
671 1577 1028 1645 Evangeliutn,
1061 1572 1205 1625 Beati
1236 1567 1422 1622 mundo
1452 1567 1621 1635 corde,
1654 1562 1893 1632 quoniam

342 1677 506 1731 Deum
534 1673 762 1727 ridebunt
794 1667 1003 1737 (Matth.
1025 1681 1082 1731 v,
1108 1664 1182 1731 8).
1214 1662 1291 1716 Ac
1318 1658 1539 1728 proinde
1565 1664 1774 1725 oportet
1810 1653 1894 1705 ltic

341 1764 609 1820 interioris
635 1762 862 1814 hominis
896 1763 1224 1824 praeparetur
1258 1750 1498 1811 intuitus,
1538 1759 1595 1800 ut
1636 1746 1747 1800 illic
1790 1757 1892 1797 non
1927 1751 1972 1807 Β

350 1854 665 1915 hebetentur
690 1849 922 1901 obtutus.

913 1967 1128 2024 EPIST.
1168 1963 1329 2019 XVII.

348 2070 563 2125 Domino
606 2075 776 2120 sancto
804 2079 863 2115 ac
898 2058 1174 2113 beatissimo
1224 2064 1270 2108 et
1317 2052 1441 2105 mihi
1476 2048 1723 2125 peculiari
1764 2049 1903 2125 cultu

416 2118 697 2205 abiectaque
720 2130 1008 2205 specialiter
1044 2124 1316 2179 excolendo
1348 2118 1496 2192 papa?
1526 2128 1550 2154 ⁸
1588 2118 1775 2171 Seduto
1800 2120 1905 2185 epi-

420 2201 570 2275 εὲορο
600 2201 833 2258 Ruricius
854 2201 1136 2266 episcopus.

423 2312 654 2379 Culpatis
682 2324 766 2362 me
809 2306 1024 2373 saepius,
1068 2312 1122 2358 et
1156 2298 1397 2356 crebrius
1437 2296 1728 2365 imputatis,
1768 2293 1905 2361 qud

354 2402 636 2458 individua:
664 2398 789 2452 mibi
818 2398 871 2450 in
896 2394 1107 2450 Christo
1132 2391 1357 2445 Domino
1378 2385 1689 2441 beatitudini
1718 2393 1909 2437 vestra

355 2497 623 2563 hucusque
653 2506 754 2544 non
784 2484 1109 2555 scripserim.
1143 2481 1355 2535 Utinam
1386 2477 1463 2530 sic
1501 2485 1640 2529 esset
1689 2474 1908 2527 facultas

355 2583 599 2643 faciendi,
631 2584 763 2633 sicut
788 2586 870 2631 est
894 2574 1136 2627 voluntas
1164 2569 1449 2628 scribendi.
1476 2574 1531 2619 et
1552 2567 1765 2626 caritas,
1794 2576 1910 2630 qua:

357 2674 516 2728 corde
537 2668 848 2735 concipitur,
873 2678 966 2718 ore
988 2672 1278 2731 promatur.
1298 2657 1402 2712 Sed
1425 2656 1511 2710 ubi
1532 2656 1683 2709 deest
1702 2654 1908 2714 effatus,

359 2765 478 2816 silet
505 2760 743 2821 aﬂ'ectus,
770 2766 825 2809 et
848 2756 980 2807 intra
1012 2750 1239 2805 latebras
1270 2748 1497 2817 pectoris
1542 2753 1789 2799 contenta
1831 2753 1913 2797 est

360 2852 440 2904 sui
468 2846 809 2911 conscientia,
839 2859 896 2897 se
917 2856 1019 2895 non
1036 2854 1152 2893 esse
1181 2839 1233 2890 in
1261 2836 1540 2890 dilectione
1566 2821 1915 2900 culpabilem,

363 2942 459 2996 etsi
494 2941 543 2991 in
574 2936 867 2989 ofﬁciorum
915 2929 1264 2985 redhibitione
1301 2939 1359 2977 se
1395 2938 1499 2977 non
1530 2923 1701 2974 cernit
1746 2933 1917 2986 acqua-

365 3030 488 3084 lem.
516 3026 647 3092 Quia
686 3022 922 3083 confidit,
950 3018 1086 3087 quod
1121 3016 1259 3071 sicut
1306 3013 1416 3079 ipsa
1454 3024 1686 3063 amorem
1736 3007 1912 3060 fratris

366 3118 419 3170 in
449 3130 509 3169 se
525 3076 609 3166 sui
638 3076 1295 3179 cunjeetione'persentiat,
1329 3102 1400 3155 ita
1425 3110 1476 3155 et
1500 3099 1724 3167 diligens
1753 3098 1911 3151 fiater
1937 3076 1983 3134 (ἶ

366 3201 763 3261 ευιη“εἰωίιὶιει·
801 3199 965 3267 possit
1007 3211 1072 3250 ex
1113 3209 1205 3250 sua
1250 3192 1529 3247 dilectione
1572 3203 1909 3257 cognoscere.

367 3296 498 3359 Quia
528 3292 665 3344 nulla
694 3304 750 3343 re
788 3287 974 3341 melius
1002 3284 1219 3339 aliorum
1244 3282 1480 3337 cordium
1508 3290 1732 3343 secreta,
1758 3292 1911 3343 quam

368 3396 677 3437 arcanorum
712 3390 1007 3432 nostrorum
1031 3374 1470 3441 contemplatione
1493 3370 1756 3443 metimur.
1780 3366 1914 3419 Tan-

370 3481 479 3525 tum
524 3470 661 3522 enim
695 3482 791 3519 nos
819 3465 1038 3519 caritate
1068 3461 1355 3530 diligimus.
1389 3459 1545 3511 Parui
1579 3459 1752 3525 itaque
1789 3454 1916 3521 teti-

372 3560 501 3614 tioni
525 3567 735 3617 vestrm,
768 3555 912 3620 parui
952 3552 1197 3619 iussioni,
1230 3559 1285 3602 ut
1312 3549 1778 3617 qualibuscumque
1806 3561 1918 3598 ser-

375 3649 614 3703 monibus
641 3654 879 3699 contesta
918 3642 1065 3695 vobis
1092 3642 1284 3707 scripta
1318 3637 1759 3695 transmitterem;
1803 3650 1920 3701 quae

374 3752 490 3803 vos,
520 3736 563 3787 si
592 3748 686 3786 nos
708 3733 1033 3799 simpliciter,
1060 3738 1120 3783 ut
1143 3727 1372 3790 conﬁdo,
1400 3725 1631 3793 diligttis,
1676 3734 1765 3776 aut
1797 3737 1921 3775 con-

379 3825 550 3880 festim
570 3820 833 3886 delebitis,
866 3833 933 3873 ne
960 3817 1097 3886 quod
1126 3816 1275 3869 vobis
1304 3813 1452 3868 cordi
1491 3821 1593 3874 est,
1633 3811 1748 3863 aliie
1795 3812 1923 3861 inet-

377 3916 486 3985 piat
514 3927 629 3979 esse
670 3908 966 3976 despectui;
997 3904 1117 3975 qtfia
1156 3919 1261 3959 non
1302 3903 1487 3970 aequali
1526 3900 1725 3969 judicio
1773 3912 1924 3951 amor

378 4004 543 4069 audit,
572 4011 625 4055 et
651 4000 867 4055 odium:
899 4006 988 4050 aut
1032 4003 1175 4050 certe
1215 3993 1362 4047 vobis
1401 4001 1603 4044 tantum
1648 3988 1921 4057 relegenda

380 4090 672 4152 servabitis,
703 4099 757 4143 ut
786 4087 989 4157 quoties
1029 4085 1083 4137 in
1116 4082 1265 4138 vobis
1298 4080 1508 4135 videndi
1552 4094 1648 4133 nos
1691 4078 1924 4132 caritatis

383 4182 515 4249 ignis
553 4181 769 4241 exarsit,
808 4175 1125 4230 desiderium
1160 4181 1391 4225 vestrum
1431 4185 1614 4223 eorum
1667 4169 1926 4237 colloquio

385 4270 701 4336 temperatis.
733 4267 866 4331 Quin
898 4268 1052 4317 etiam
1098 4272 1155 4314 ut
1196 4262 1390 4313 amoris
1438 4259 1602 4311 nostri
1649 4260 1786 4310 circa
1833 4271 1927 4309 vos

384 4357 737 4409 sinceritatem
760 4352 963 4419 plenius
985 4350 1293 4413 nosceretis,
1319 4346 1559 4411 injuriam
1584 4347 1775 4397 inferre
1798 4361 1928 4409 prte-

3422 268 3523 321 100

2530 390 2739 447 EPIST.
2782 388 2964 445 XVIII.

2323 486 2512 540 Sancto
2528 483 2759 535 Ruricius
2777 481 2930 532 ctiens
2949 486 3178 543 patrono.

2190 576 2399 636 Sedato,
2434 572 2645 625 monitis
2674 585 2865 638 parens
2896 568 3146 638 patern's,

2185 644 2369 697 Grates
2390 641 2638 703 concinit,
2666 649 2718 693 et
2748 641 2901 693 reti-rt
2936 637 3178 687 salutent.

2186 716 2348 778 Quem
2379 711 2535 763 bland
2560 725 2585 761 s
2620 701 2861 778 precibus
2889 716 3058 772 rogat,
3095 701 3347 763 titnendo,

2186 782 2260 836 Ne
2282 781 2392 834 fors
2415 780 2685 845 diaplicttat
2718 777 2846 829 levis
2876 789 3133 845 catntetta,

2189 850 2342 903 Tanti
2369 850 2563 916 judicio
2591 848 2761 916 mittor
2787 844 3037 916 magistri.

2191 922 2298 972 Iluc
2325 911 2382 971 tu
2403 916 2683 969 ILmIlllbUS
2711 914 2879 966 libens
2902 911 2929 949 δ
2961 924 3190 973 reversa,

2194 988 2303 1041 Hoc
2330 989 2527 1041 sanctis
2557 985 2794 1037 manibus
2819 982 3061 1048 frequens
3093 979 3320 1040 revolvo,

2193 1058 2301 1109 lluc
2326 1068 2381 1109 tu
2411 1056 2534 1107 dum
2561 1055 2773 1119 relt-gis,
2803 1068 2902 1104 utet
2934 1060 3218 1119 memento,

2202 1126 2281 1179 Me
2302 1140 2461 1191 semp-
2483 1139 2509 1175 I'
2533 1118 2747 1182 recolat,
2770 1129 3025 1185 canntque
3059 1118 3253 1182 lingua,

2200 1200 2261 1246 Ιαζι
2288 1208 2433 1246 mens
2459 1207 2543 1245 me
2574 1201 2768 1254 trne..t,
2796 1203 2953 1254 sopor
2980 1196 3225 1248 retentet,

2196 1264 2274 1315 Me
2295 1278 2502 1329 semper
2525 1261 2722 1314 recinat
2750 1269 2892 1309 tttutu
2915 1256 3184 1329 labellum.
3276 1300 3279 1313 ,

2206 1333 2310 1385 llos
2337 1340 2390 1385 tu
2414 1327 2710 1383 visceribus
2739 1329 2837 1392 ptis
2866 1327 3109 1378 retunde.

2200 1401 2305 1454 llos
2332 1408 2469 1453 tectu
2499 1398 2756 1456 residens,
2784 1396 3025 1461 viamque
3052 1407 3294 1460 earpens,

2210 1472 2314 1522 llos
2346 1473 2480 1522 inter
2509 1468 2722 1529 calices,
2752 1463 2865 1516 foro
2892 1464 3223 1525 recumbens,

2211 1540 2274 1592 Et
2302 1551 2484 1605 pareas
2511 1536 2693 1603 epulas
2721 1534 2971 1605 cibosque
3000 1532 3199 1605 dulces,

2203 1602 2369 1661 Αηιτο
2394 1602 2618 1673 pectoris
2642 1613 2695 1657 et
2724 1603 2951 1655 medulla
2980 1602 3159 1653 cordis

2205 1680 2437 1731 lnclusos
2465 1678 2651 1735 recita,
2678 1682 2900 1725 canente
2924 1679 3122 1730 mente,

2206 1748 2294 1800 Sic
2322 1759 2417 1797 nos
2444 1755 2498 1797 et
2532 1755 2740 1795 mutuos
2772 1742 2947 1793 videre
2975 1743 3170 1801 vultus,

2212 1816 2276 1868 Et
2296 1814 2431 1865 Vivis
2457 1814 2649 1865 tribuat
2679 1810 2872 1863 referre
2900 1808 3097 1871 verbis,

2211 1885 2337 1948 Quae
2368 1895 2505 1933 nunc
2533 1880 2713 1932 intima
2741 1878 2968 1948 pectoris
2995 1878 3231 1943 fatigant,

2212 1947 2451 2030 Eat-gitur
2480 1948 2872 2030 Deus'omnium
2904 1947 3185 2025 bonorum,

2216 2013 2454 2073 Christus
2475 2032 2594 2069 cum
2619 2016 2775 2069 Patre
2793 2013 3117 2082 sempiterno
3146 2025 3371 2079 regnans

2213 2092 2407 2143 Sancto
2436 2085 2653 2166 Spiritui
2676 2085 2956 2166 dignantes
2984 2083 3229 2153 hymnus.

2525 2156 2685 2207 iniunt
2705 2169 2894 2207 versus.

2580 2284 2797 2339 EPIST.
2834 2282 2971 2337 XIX.

2012 2386 2227 2441 Domino
2251 2384 2515 2438 individuo
2542 2399 2830 2452 semperque
2855 2382 3121 2451 magniﬁco
3150 2382 3257 2450 ﬁlio
3298 2391 3321 2420 ⁸
3352 2380 3555 2435 Rustico

2512 2452 2745 2506 Ruricius
2772 2456 3058 2521 episcopus.

2080 2563 2502 2634 lnquletudinem
2535 2562 2664 2616 mihi
2699 2562 2765 2617 ab
2799 2564 2936 2628 aliis,
2966 2571 3020 2617 et
3061 2562 3211 2616 vobis
3248 2576 3279 2615 a
3321 2575 3408 2616 me
3441 2560 3559 2617 facit

2009 2659 2239 2712 amicitia
2262 2656 2577 2711 communis.
2605 2655 2737 2721 Quia
2766 2657 2854 2725 qui
2887 2671 2969 2709 me
2996 2656 3131 2723 apud
3166 2668 3282 2717 vos,
3314 2668 3418 2707 non
3444 2654 3562 2710 dito

2013 2750 2256 2813 multum,
2279 2750 2371 2800 sed
2416 2746 2592 2800 omnia
2621 2760 2776 2813 posse
2804 2744 3093 2805 conﬁdunt,
3138 2742 3203 2796 ad
3229 2744 3563 2797 ecclesiolsm

2014 2848 2245 2890 nostram
2273 2850 2367 2903 pro
2395 2850 2487 2889 sua
2526 2834 2806 2889 securitate
2831 2834 3158 2901 confugiunt.
3188 2834 3419 2897 Quorum
3458 2848 3563 2885 nun

2017 2938 2228 2991 possum
2256 2938 2360 2976 non
2388 2932 2441 2976 et
2461 2922 2742 2976 condolere
2762 2922 3065 2989 gemitibus,
3090 2933 3143 2974 et
3167 2921 3412 2986 precibus
3435 2922 3564 2974 ube-

2016 3014 2153 3074 dire,
2184 3022 2241 3066 ut
2270 3028 2364 3080 pro
2394 3014 2623 3078 ipsorum
2644 3011 2855 3081 quidem
2888 3019 3057 3073 rratu,
3083 3010 3175 3063 sed
3196 3019 3252 3063 et
3272 3024 3367 3077 pro
3391 3018 3568 3062 vestro

2016 3104 2211 3169 pariter
2229 3101 2486 3169 profectu,
2508 3101 2747 3169 potestati
2772 3109 2962 3154 vestra
2988 3102 3235 3153 attentius
3259 3099 3567 3167 supplicem.

2016 3193 2121 3247 Nec
2167 3192 2375 3246 mireris
2406 3191 2545 3261 quod
2589 3192 2694 3245 dixi
2745 3190 2956 3245 illorum
2990 3199 3187 3243 reatum
3226 3190 3290 3242 ad
3336 3199 3570 3243 vestrum

2018 3283 2280 3349 pertinere
2311 3285 2616 3348 profecmm.
2668 3278 2937 3345 Siquidem
2990 3278 3193 3329 illorum
3242 3276 3566 3344 indilgentia

2019 3380 2191 3423 vestra
2222 3371 2275 3422 tit
2305 3370 2477 3423 venia.
2507 3370 2724 3422 Sicutet
2746 3367 2979 3432 in0pium
3011 3366 3318 3434 indigentia,
3351 3367 3570 3435 largien-

2020 3462 2146 3512 tium
2177 3473 2297 3512 esse
2334 3459 2565 3511 noscitur
2596 3458 2767 3525 copia.
2821 3457 2931 3509 Hoc
2958 3457 3097 3509 enim
3137 3455 3287 3509 nobis
3316 3457 3572 3510 retribue-

2018 3560 2103 3603 tur
2130 3551 2180 3602 in
2208 3549 2421 3617 judicio,
2445 3548 2583 3615 quod
2611 3549 3007 3613 praestiterimus
3035 3548 3085 3601 in
3114 3548 3337 3611 saeculo;
3365 3548 3573 3601 dicente

2022 3644 2135 3708 ipso
2167 3642 2387 3693 Domino
2423 3658 2436 3693 :
2476 3639 2739 3699 Dimittite,
2766 3648 2813 3691 et
2852 3640 3126 3691 dimittetur
3172 3640 3328 3699 nolis,
3365 3638 3482 3690 date
3528 3646 3573 3688 et

2021 3729 2223 3780 dabitur
2253 3730 2385 3779 vobis
2411 3726 2555 3795 (Luc.
2586 3744 2655 3790 νι,
2688 3727 2799 3794 38).
2827 3726 2892 3779 Et
2920 3726 3107 3778 iterum
3135 3742 3147 3778 :
3192 3726 3252 3779 Si
3278 3726 3575 3776 dimiserim

2023 3818 2320 3879 hominibus,
2344 3830 2389 3869 et
2422 3817 2573 3868 Pater
2591 3826 2748 3868 vester
2775 3816 2982 3868 dimittet
3012 3816 3145 3868 vobis
3187 3824 3386 3882 peccata
3416 3824 3576 3868 vestra

2025 3902 2237 3973 (Matth.
2276 3920 2350 3969 vr,
2383 3902 2492 3970 lt).
2534 3902 2683 3957 Unde
2725 3902 2999 3955 evidenter
3032 3903 3367 3969 agnoscimus
3413 3900 3576 3954 Deum

2027 4003 2258 4045 nostrum
2276 3994 2588 4046 sententiam
2613 4007 2758 4045 suam
2784 3992 2835 4045 in
2858 4000 3033 4045 nostra
3057 3990 3297 4059 posuisse
3311 4004 3532 4045 censura
3559 4007 3572 4043 :

2033 4083 2117 4149 qui
2163 4096 2372 4148 precum
2405 4093 2705 4135 nosttarum
2746 4084 3049 4135 misericors
3091 4092 3143 4135 et
3168 4081 3340 4150 justus
3370 4081 3579 4134 auditor

2028 4172 2271 4239 potestati
2300 4187 2410 4225 sua:
2439 4172 2504 4226 de
2540 4182 2719 4225 nostra
2770 4173 2989 4227 lenitate
3034 4171 3379 4240 prmscripsit;
3425 4182 3478 4224 ut
3527 4172 3577 4223 in

2030 4276 2123 4313 eos
2152 4261 2540 4327 quodammodo
2574 4278 2675 4314 nou
2719 4264 2933 4316 haberet
2966 4264 3052 4330 jus
3094 4263 3412 4330 severitatis,
3448 4276 3579 4330 quos

2032 4352 2115 4404 hic
2143 4352 2322 4404 avidos
2354 4367 2455 4403 non
2502 4356 2825 4418 perspexerit
2862 4356 3091 4405 ultionis.
3134 4354 3263 4419 Quia
3294 4355 3434 4421 quod
3469 4353 3580 4415 ipsi:

386 4445 721 4509 sumpsimus.
755 4439 882 4506 Quia
912 4438 1041 4492 certi
1084 4451 1266 4489 sumus
1294 4436 1430 4502 quod
1468 4451 1569 4487 non
1604 4447 1703 4487 tam
1734 4436 1911 4488 disert:

2032 4447 2131 4501 est,
2164 4440 2261 4491 ltoc
2288 4449 2338 4490 et
2369 4454 2463 4490 nos
2490 4454 2607 4491 esse
2644 4440 2911 4493 desiderat
2960 4442 3256 4494 Misertcors
3285 4450 3394 4503 est;
3427 4442 3583 4493 IIIISB°

385 4534 601 4599 cupiunt
642 4531 841 4595 audire,
881 4541 1037 4596 quam
1078 4525 1261 4588 fortia;
1296 4538 1397 4577 non
1450 4534 1553 4576 tam
1601 4525 1927 4590 voluptuosa,

384 4636 540 4690 quam
562 4636 704 4674 vera.
735 4620 1061 4685 Quapropter
1086 4615 1349 4668 credimus
1376 4615 1512 4682 quod
1542 4616 1714 4681 pietati
1750 4625 1933 4667 vestrae

389 4727 483 4766 nec
505 4709 771 4780 longitudo
801 4707 1002 4777 pagina:
1031 4716 1226 4759 nostrae
1252 4704 1434 4757 afferat
1474 4706 1792 4764 satietatem,
1837 4719 1934 4759 nec

389 4801 615 4854 rusticus
656 4811 834 4852 sermo
875 4794 1173 4858 fastidium;
1207 4793 1430 4846 scientes
1453 4794 1591 4860 quod
1616 4801 1809 4860 quanto
1839 4807 1933 4845 nos

392 4891 614 4955 amplius
639 4886 1041 4950 ruminaveritis,
1074 4892 1219 4938 tanto
1247 4886 1487 4938 esuriatis
1517 4885 1805 4939 ardentius.

466 5112 491 5138 ι
517 5100 636 5155 Fuit
662 5098 751 5151 ille
770 5094 1135 5151 Nemausensis
1150 5093 1442 5161 episcopus,
1469 5096 1533 5148 ad
1564 5110 1715 5163 quem
1745 5095 1936 5164 ετιιρὶιιε

399 5170 609 5237 scripsit
639 5167 899 5218 Ruricius.
935 5167 1089 5217 Bsszt.

468 5238 495 5275 ι’
512 5239 675 5289 Allas.
696 5248 911 5285 recurre.

599 5249 675 5286 88.
696 5248 911 5285 recurre.

475 5317 497 5344 ε
542 5277 710 5357 ΓυθιῘέ
766 5302 939 5365 plures
994 5298 1189 5350 Rustici
1246 5314 1309 5351 eo
1359 5310 1611 5361 tempore.
1665 5300 1941 5351 Annalium

406 5370 797 5429 Hassiliensiutn
828 5370 1048 5434 scriptor
1063 5366 1328 5419 Rusticum
1358 5371 1452 5420 sibi
1482 5372 1626 5420 tinxit
1658 5370 1948 5421 Massilien-

409 5459 519 5497 sem
548 5441 872 5507 episcnpum,
894 5434 1305 5507 ‘quiifuitfttnsatt
1334 5436 1604 5495 Narbonae.
1640 5439 1939 5488 Narbonen-

412 5513 485 5563 sis
509 5503 679 5560 autem
713 5504 967 5559 secundas
995 5506 1043 5553 in
1080 5505 1157 5554 bis
1182 5503 1461 5557 Galliarum
1497 5506 1795 5571 provinciis,
1829 5514 1946 5572 post

418 5579 709 5646 episcopum
756 5574 1133 5635 Arelatensem,
1177 5572 1349 5638 partes
1400 5577 1628 5628 tenebat.
1672 5575 1763 5627 Est
1806 5575 1945 5626 illius

2035 4529 2265 4579 ricortles
2284 4526 2469 4593 quaerit
2498 4525 2709 4579 dicens:
2746 4526 2917 4579 Estote
2936 4531 3157 4596 perfecti,
3194 4529 3321 4579 sicut
3352 4538 3397 4579 et
3430 4527 3582 4579 Ριιιιτ

2034 4617 2473 4685 υωιιτδρενίεεωε
2518 4627 2589 4669 est
2623 4616 2833 4686 (Matth.
2876 4634 2926 4681 ν,
2956 4618 3069 4685 48).
3110 4617 3297 4683 Quotid
3320 4631 3351 4670 e
3378 4618 3581 4669 veniam

2038 4706 2375 4773 peccantibus
2405 4714 2456 4758 et
2496 4708 2909 4772 supplicantibus
2945 4706 3151 4768 tribuit;
3189 4705 3308 4759 ideo
3337 4714 3389 4757 ct
3418 4706 3583 4758 indu?-

2036 4797 2261 4863 gentiam
2288 4810 2314 4845 a
2346 4797 2704 4861 peccatoribus
2739 4798 2923 4863 poscit.
2960 4796 3108 4851 Unde
3136 4805 3190 4850 et
3222 4799 3457 4850 oratione
3484 4796 3582 4849 do-

2040 4887 2227 4937 minica
2254 4884 2417 4950 ipsius
2445 4884 2666 4939 dicimus
2696 4887 2929 4939 doctrina
2955 4901 2968 4937 :
3003 4883 3209 4938 Dimitte
3243 4888 3385 4939 nobis
3419 4887 3584 4938 debita

2043 5094 2393 5173 Narbonensis
2432 5097 2660 5173 episcopi
2703 5099 2765 5173 ad
2800 5101 3126 5173 Eucherium
3158 5103 3374 5169 epistnla
3407 5115 3434 5151 a
3468 5100 3582 5154 Sir-

2046 5164 2228 5241 m-OOndo
2259 5165 2413 5215 etlita.
2440 5165 2539 5241 _Sed
2572 5171 2631 5241 is,
2664 5168 2753 5233 qui
2792 5168 2898 5234 jam
2929 5164 3204 5241 episcopus
3234 5172 3297 5223 ab
3322 5182 3457 5241 anno
3484 5170 3583 5223 450

2048 5233 2249 5283 obierat
2288 5233 2681 5309 proculdubio,
2730 5233 2845 5309 eum
2874 5233 3126 5309 scriberet
3176 5238 3435 5309 Ruricius,
3474 5242 3585 5303 epi-

2049 5314 2235 5380 scopus
2282 5317 2381 5380 non
2424 5306 2536 5380 nisi
2567 5320 2651 5380 an.
2694 5308 2814 5361 470.
2857 5308 2997 5380 Fuit
3027 5311 3156 5359 alter
3194 5306 3463 5380 Ituricitts,
3505 5309 3583 5358 vir

2048 5370 2261 5450 ίιιυδιεὶε
2302 5370 2706 5450 99rdigalensis,
2730 5391 2899 5450 quem
2925 5378 3037 5429 solo
3067 5375 3275 5427 nomine
3315 5373 3579 5427 Rusticum

2047 5436 2266 5502 appellat
2302 5439 2543 5493 Sidonius
2573 5459 2585 5493 :
2614 5436 2964 5495 Solo-nomine
2997 5446 3254 5497 Rusticum
3289 5444 3451 5493 video.
3493 5442 3583 5494 IIic

2051 5506 2145 5586 fuit
2186 5508 2445 5586 adnue-tn
2491 5513 2701 5579 scripsit
2744 5512 2981 5566 lluricius
3024 5514 3272 5579 epistolas
3320 5509 3381 5562 l9
3429 5519 3478 5563 et
3516 5508 3584 5562 55

2051 5573 2201 5639 hujus
2230 5574 2360 5629 libri.
2396 5578 2548 5631 BASN.
2603 5573 2614 5579 ’
3058 5573 3072 5579 ’
3374 5590 3379 5595 ο
