3930 6410
188 316 277 368 101

1414 309 1451 361 E
1464 309 1887 366 PISTOLAIIUM
1934 312 2059 368 LIB.
2103 314 2163 367 11.

3300 333 3397 385 102

184 422 353 465 nostra
368 411 660 465 sicutetnoa
681 412 976 466 dimittimus
997 414 1301 466 debitoribus
1321 418 1502 470 nostris
1524 418 1732 489 (Matth.
1765 426 1809 481 Α
1843 437 2019 475 rarum
2053 425 2215 479 reddo
2245 438 2480 482 mutuum
2524 435 2887 500 sospitationis
2917 439 3143 493 ofﬁcium
3174 451 3229 494 et
3255 444 3393 497 sicut

181 515 255 565 vi,
290 500 402 567 12).
430 501 635 567 Quibus
661 502 835 557 verbis
862 502 1156 556 durissimis
1189 520 1285 558 nos
1312 506 1534 562 vinculis
1569 510 1737 579 illiga-

183 592 439 653 mns,nisi
458 592 595 659 quod
625 593 936 659 pollicemur
962 594 1237 659 implemus
1260 612 1273 647 :
1300 596 1389 664 qui
1418 607 1473 651 et
1498 613 1590 665 per
1617 615 1739 667 pro-

183 679 394 746 pltelam
421 682 499 733 sic
525 681 649 733 dicit
674 697 688 733 :
733 681 900 733 Homo
925 681 1117 734 homini
1146 693 1273 736 tenet
1302 685 1453 749 iram,
1490 694 1536 738 et
1572 703 1603 738 a
1632 686 1737 739 Do.

179 772 318 820 mino
358 772 536 837 quierit
573 772 818 824 medelam
844 771 1030 841 (Eccli.
1072 788 1254 838 xxvtu,
1299 777 1375 843 5).
1408 776 1736 844 Quapropter

175 873 272 925 pro
302 860 535 928 Baxone,
565 861 652 928 qui
691 861 754 914 ad
784 863 1059 915 ecclesiam
1084 873 1109 899 ι
1143 880 1341 919 usercm
1370 867 1623 936 confugit,
1657 870 1735 922 in-

177 960 444 1005 tercessor
460 952 685 1014 accedo;
709 965 929 1019 sperans
956 966 1011 1006 ut
1033 955 1256 1022 primum
1288 971 1383 1023 pro
1406 957 1494 1011 Dei
1523 960 1727 1025 timore,

176 1040 369 1095 deinde
387 1056 483 1109 pro
512 1053 688 1095 nostra
712 1042 1089 1098 intercessione
1113 1045 1209 1111 ipsi
1235 1062 1450 1113 parcere
1476 1048 1728 1116 digneris.

172 1128 339 1196 Cujus
386 1130 715 1184 absolutione
742 1140 795 1184 et
833 1132 883 1184 in
934 1133 1087 1186 nobis
1119 1134 1727 1200 tollereconl’usionem,

172 1229 226 1271 et
243 1220 394 1272 vobis
423 1222 645 1288 potestis
662 1236 965 1287 comparare
992 1225 1308 1278 mercedem.

770 1329 989 1383 EPIST.
1020 1329 1138 1383 XX.

354 1414 587 1469 Ruricius
614 1417 875 1484 episcopus
901 1416 1157 1484 Capilluto
1188 1418 1294 1485 ﬁlio
1323 1419 1557 1471 salutem.

238 1524 448 1593 Ingrata
472 1525 597 1577 mihi
626 1534 707 1578 est
744 1525 1069 1590 frequentior
1093 1526 1347 1593 aegritudo
1377 1535 1583 1590 vestra;
1607 1524 1754 1595 quae”

162 1615 294 1668 mihi
311 1615 469 1669 etiam
484 1614 688 1669 videtur
699 1630 816 1669 esse
830 1616 1170 1668 commonitio
1186 1616 1379 1679 divina,
1404 1630 1504 1683 qua
1527 1618 1726 1670 mavult

162 1704 421 1759 Dominus
442 1712 622 1758 noster
650 1718 743 1772 pro
765 1718 858 1757 sua
888 1704 1079 1769 pietate
1102 1704 1723 1781 largissimapeccatores

158 1793 424 1861 castigare
470 1806 625 1859 quam
667 1793 919 1859 perdere;
966 1800 1021 1846 ut
1046 1806 1178 1871 quos
1209 1808 1467 1847 annorum
1498 1809 1714 1848 suorum

156 1881 538 1948 mtaslougava
562 1878 705 1932 nonb
728 1867 992 1947 convenit,
1010 1883 1085 1933 vel
1113 1867 1389 1937 convincat
1416 1875 1716 1950 inﬁrmitas,

156 1979 215 2020 ut
242 1969 513 2035 deponant
537 1970 715 2023 saeculi
748 1969 988 2037 byssum,
1021 1980 1074 2024 et
1111 1982 1322 2024 sumant
1354 1973 1603 2026 Ecclesia:
1634 1976 1724 2027 ve-

154 2058 493 2121 stimentum,
518 2056 759 2121 quodest
788 2058 1043 2120 cilicium,
1079 2059 1412 2113 contritiouis
1448 2062 1715 2115 indicium.

157 2144 292 2205 Quia
329 2160 418 2197 cor
460 2150 731 2198 contritum
766 2156 813 2198 et
858 2147 1179 2199 humiliatum
1214 2148 1348 2200 Deus
1389 2166 1489 2201 non
1531 2153 1718 2215 spernit

153 2232 277 2299 (Ps.
312 2251 363 2299 ι,
396 2236 508 2303 19).
534 2235 623 2289 Ille
652 2238 792 2290 enim
823 2238 962 2292 vadit
985 2239 1047 2291 ad
1078 2239 1293 2303 ctelnm,
1320 2242 1406 2308 qui
1432 2256 1490 2294 se
1516 2243 1717 2295 collidit

150 2323 219 2375 ad
256 2326 449 2378 solum.
492 2327 622 2391 Quia
659 2329 745 2395 qui
785 2344 838 2380 se
872 2328 1450 2393 exaltatlrumiliabitur,
1484 2339 1527 2381 et
1552 2331 1638 2397 qui
1665 2346 1715 2383 se

151 2413 392 2467 humiliat
428 2418 735 2470 mttabitur
773 2418 983 2485 (Matth.
1020 2434 1164 2481 χχιιι,
1195 2420 1302 2484 12).
1333 2420 1485 2473 Unde
1514 2430 1566 2473 et
1589 2421 1716 2473 dicit

152 2505 420 2570 paenitens
466 2507 555 2559 ille
594 2506 897 2573 perlectus:
948 2507 1171 2559 Adhaesit
1217 2510 1497 2575 pavimento
1542 2511 1714 2560 anima

150 2609 285 2657 mea,
326 2593 560 2655 Domine,
590 2595 787 2659 viui/ica
812 2610 886 2646 me
912 2596 1186 2647 secundum
1209 2596 1407 2647 verbum
1429 2606 1567 2647 tuum
1593 2596 1708 2665 (Ps.

147 2697 337 2744 cxvttt,
360 2683 477 2751 9.5).
511 2684 646 2745 Quid
675 2694 777 2748 est,
811 2685 1102 2736 secundum
1131 2684 1346 2737 verbum
1388 2694 1556 2750 tuum,
1610 2685 1706 2738 nisi

145 2774 443 2825 secundum
487 2775 889 2838 promissionem
936 2773 1112 2827 tuam?
1158 2775 1295 2841 quod
1334 2777 1421 2843 qui
1452 2791 1628 2828 coram
1660 2789 1708 2830 te

147 2873 365 2929 peccata
392 2877 487 2916 sua
518 2864 746 2929 deﬁet-it,
776 2877 1125 2933 compunctus
1155 2866 1207 2918 in
1239 2867 1457 2932 mundo,
1507 2876 1559 2919 tu
1586 2883 1702 2919 eum

146 2951 397 3019 perducis
426 2953 475 3004 itt
501 2969 683 3020 regno,
716 2954 799 3006 ubi
826 2955 990 3022 possit
1023 2955 1272 3021 deinceps
1297 2966 1509 3009 cantare
1551 2971 1703 3009 secu-

144 3055 238 3093 rus
268 3060 280 3092 :
314 3042 523 3092 Audiuit
548 3041 813 3103 Dominus,
845 3053 888 3093 et
925 3045 1155 3094 misertus
1198 3054 1269 3095 est
1312 3044 1434 3094 mihi
1468 3060 1487 3093 :
1530 3045 1692 3095 Domi

1844 510 1907 563 ad
1951 526 2046 566 vos
2090 530 2270 569 rumor
2300 523 2564 585 pervenit,
2611 524 2935 580 sufﬁcienter
2974 545 3059 585 me
3099 534 3388 587 secundum

1841 601 2230 655 miserationem
2260 605 2512 669 divinam,
2554 624 2654 661 non
2703 616 2990 668 secundum
3039 621 3227 672 merita
3274 639 3386 674 mea

1843 689 2146 745 Iribulatum
2177 708 2293 747 csse
2327 698 2583 762 signiﬁco.
2625 700 2752 764 Quia
2788 702 2897 767 ipse
2927 706 3012 771 qui
3044 708 3183 760 cibat
3213 711 3385 781 lacry-

1840 778 1940 829 mis
1962 779 2011 830 in
2036 781 2247 833 minima
2274 798 2513 836 ntensura
2535 785 2701 851 (Psal.
2731 805 2903 850 Lxxtx.
2922 792 3001 858 6),
3031 778 3381 864 castigationi,

1832 864 1978 931 juxta
2010 870 2255 933 pietatem
2289 885 2467 939 suam,
2503 891 2596 939 pro
2629 876 2990 934 imbecillitate
3021 895 3232 947 nostra,
3274 903 3387 941 mo-

1836 955 1958 1007 dum
1988 959 2190 1022 statttit,
2219 976 2282 1015 ne
2313 962 2589 1018 inﬁrmitas
2619 979 2797 1021 nostra
2830 972 2878 1021 itt
2910 988 3095 1027 mas.us
3122 990 3233 1029 sua:
3260 992 3379 1030 cor-

1835 1047 2074 1109 reptione
2101 1049 2370 1103 deiecerit.
2405 1053 2630 1123 Ideoque
2660 1059 2885 1125 propitia
2916 1062 3253 1118 miseratione
3286 1081 3377 1119 sua

1826 1135 1937 1200 jam
1968 1134 2379 1194 commodiorem
2424 1156 2541 1198 esse
2584 1161 2667 1198 me
2706 1151 2919 1209 nuntio;
2966 1155 3378 1208 conso'ationem

1838 1224 1983 1277 vobis
2008 1227 2169 1279 vestri
2202 1233 2443 1285 maeroris
2482 1235 2664 1301 pagina
2695 1236 2966 1293 deferente
2998 1244 3377 1309 transmittens,

1830 1320 1887 1362 ut
1914 1313 2001 1379 qui
2048 1316 2178 1369 eatis
2224 1318 2492 1373 laboribus
2524 1325 2717 1377 nostris
2766 1340 2861 1393 pro
2906 1328 3125 1382 caritate
3169 1346 3382 1399 compa-

1834 1404 2044 1471 tientes,
2078 1408 2194 1460 sitis
2225 1410 2420 1465 latitia:
2447 1411 2498 1464 in
2532 1413 2622 1467 Dei
2653 1416 2865 1469 nomine
2892 1417 2958 1471 de
2992 1433 3201 1489 recepta
3233 1423 3380 1475 incu-

1828 1490 2068 1550 lumitate
2118 1500 2437 1568 participes,
2491 1504 2655 1571 ipsius
2701 1505 2929 1561 lectione
2977 1508 3220 1578 dispono.
3272 1511 3375 1566 Ora

1828 1597 1922 1651 pro
1952 1602 2056 1641 me.
2552 1578 2555 1581 ’

2395 1680 2604 1734 EPIST.
2660 1684 2819 1738 XXII.

1751 1752 1797 1811 Β
1830 1759 2047 1818 Domino
2074 1766 2765 1852 deuinctiuimo.semperque
2805 1778 3073 1845 magniﬁco
3105 1778 3230 1834 Vero
3268 1782 3373 1834 Rn-

2372 1840 2524 1892 ricius
2549 1843 2827 1909 episcopus.

1896 1940 2123 1997 Retectis
2154 1945 2343 2001 littoris
2375 1949 2585 2016 pietatis
2617 1964 2827 2017 vestra},
2878 1956 2983 2009 Deo
3030 1961 3223 2027 gratias
3268 1965 3369 2031 egi,

1825 2032 1964 2097 quod
1996 2049 2090 2087 vos
2120 2039 2263 2101 prius
2290 2042 2594 2102 revaluisse,
2636 2059 2789 2110 quam
2824 2048 3112 2102 inﬁrmatus
3141 2067 3258 2107 esse
3288 2072 3371 2107 ca-

1823 2130 1936 2171 rum
1969 2124 2223 2176 relatione
2252 2129 2492 2193 cognovi.
2543 2130 2690 2193 Quod
2736 2134 2880 2185 vobis
2923 2145 3026 2189 tam
3072 2138 3373 2208 frequenter

1818 2211 2079 2279 accidere,
2109 2216 2336 2280 propitio
2367 2219 2537 2283 potius
2570 2221 2677 2273 Deo
2698 2238 2852 2291 quam
2885 2226 3111 2295 oll'euso,
3138 2233 3368 2286 conﬁdo.

1819 2300 1958 2362 Quia
1986 2319 2132 2369 quem
2168 2306 2336 2375 diligit
2369 2308 2612 2363 Dominus
2655 2316 2860 2382 corripit
2907 2316 3079 2385 (Prov.
3126 2336 3211 2383 Ill,
3260 2324 3367 2385 1‘2).

1814 2389 2044 2456 Casugat
2088 2402 2263 2446 autem
2307 2411 2515 2450 omnem
2563 2401 2725 2453 ﬁlium
2774 2419 2927 2471 quem
2972 2410 3367 2475 recipit(llebr.

1816 2493 1905 2538 ιιι,
1933 2478 2007 2545 6).
2055 2481 2108 2533 ln
2136 2482 2310 2535 divina
2342 2486 2517 2553 itaque
2551 2503 2643 2541 ves
2674 2490 2949 2559 disciplina
2978 2506 3254 2564 susvcptos
3284 2514 3365 2551 Sc-

1814 2569 1937 2621 dula
1968 2574 2258 2627 admonitio
2290 2586 2340 2628 et
2371 2579 2513 2631 mitis
2541 2582 2792 2636 ostendit.
2838 2584 2967 2650 Quia
3015 2598 3226 2654 paterna
3258 2591 3366 2642 cle-

1814 2663 2005 2713 menti:
2039 2668 2233 2715 mavult
2273 2682 2367 2733 per
2396 2670 2701 2723 multimoda
2737 2676 3068 2730 incommoda
3102 2682 3364 2748 negligen-

1811 2756 1913 2801 tem
1936 2753 2201 2821 corrigere
2224 2755 2410 2820 ﬁlium,
2426 2774 2579 2823 quam
2606 2764 2793 2828 punire
2816 2777 3145 2831 peccantem;
3173 2772 3364 2825 mavult

1792 2851 2079 2895 nutantem
2113 2860 2171 2897 ac
2200 2846 2415 2900 dubium
2445 2850 2508 2901 ad
2538 2855 2806 2905 servitium
2836 2869 2986 2907 suum
3017 2856 3233 2912 habenis
3261 2859 3361 2925 pi:c

1808 2930 2183 2985 moderationis
2223 2936 2506 3000 attrahere,
2556 2954 2709 3004 quam
2757 2943 3110 2997 errabundum
3164 2956 3218 2999 et
3266 2962 3364 3014 per

1806 3018 1980 3069 Sil'Ctlii
2006 3020 2287 3086 pra‘cipitia
2313 3023 2397 3088 lap
2414 3035 2601 3077 euntem
2626 3028 2828 3080 acriore
2847 3031 3067 3085 verbere
3090 3048 3355 3089 coercere.

144 3084 237 3093 -_-
269 3084 280 3092 .
314 3084 518 3092 --.η-η-
548 3084 813 3103 --.η-.-μη
845 3084 888 3093 ν.
926 3084 1154 3094 ..-.υ-.....,
1198 3084 1268 3095 ν-.
1468 3084 1480 3093 .
1530 3084 1674 3095 ww...

144 3146 241 3181 nus
269 3131 433 3193 [actus
453 3140 527 3181 est
547 3131 751 3198 adjulor
771 3145 928 3181 meus.
955 3130 1243 3183 Convertisti
1271 3133 1521 3196 planctum
1544 3149 1703 3183 meum

1808 3102 1923 3167 Ipse
1969 3116 2049 3155 est
2096 3084 2233 3157 enim
2284 3084 2770 3176 indulgentissimus
2823 3122 3222 3187 paterfamilias,
3271 3128 3358 3189 qui

142 3218 198 3268 in
224 3218 469 3285 gaudium
497 3218 618 3268 mihi
648 3232 665 3268 :
695 3218 982 3269 conscidiin
1020 3234 1219 3270 saccum
1255 3234 1439 3283 meum,
1477 3228 1521 3271 et
1571 3236 1702 3286 pra:-

142 3306 344 3357 αἰπήειί
372 3321 448 3357 me
475 3305 649 3357 laetitia
681 3304 852 3373 (Psal.
884 3321 1027 3369 xxix,
1059 3306 1168 3373 12).
1202 3306 1344 3360 Unde
1370 3307 1564 3360 suadeo
1590 3309 1701 3373 pie-

143 3398 235 3449 tati
262 3407 479 3461 vestrae,
503 3406 561 3449 ut
589 3398 725 3465 quod
766 3399 1061 3465 cogitastis,
1105 3400 1356 3463 celerius,
1402 3400 1509 3453 Deo
1562 3402 1703 3469 adju-

141 3495 321 3548 vante,
351 3484 575 3540 faciatis.
609 3488 739 3553 Quia
766 3502 909 3541 mors
943 3504 1046 3541 non
1086 3491 1277 3553 tardat,
1319 3491 1433 3559 ipso
1479 3492 1702 3545 Domino

141 3575 353 3628 dicente
386 3591 399 3624 :
434 3575 521 3626 Ne
557 3575 768 3629 tarderis
803 3578 1021 3630 converti
1049 3580 1115 3629 ad
1148 3578 1336 3643 Deum,
1376 3596 1462 3632 nec
1496 3580 1699 3645 di/feras

141 3664 204 3714 de
244 3664 327 3715 die
363 3663 419 3715 in
444 3664 577 3714 diem
623 3663 808 3730 (Eccli.
841 3680 891 3727 ν,
918 3665 991 3732 8).
1032 3667 1216 3721 Subito
1253 3669 1391 3720 enim
1438 3672 1581 3723 venit
1624 3674 1697 3724 ira

140 3755 255 3821 ejus
295 3764 350 3808 et
389 3754 441 3807 in
491 3766 728 3822 tempore
768 3756 1006 3811 vindicta:
1043 3758 1311 3826 disperdet
1350 3770 1421 3814 te.
1472 3764 1697 3832 Ideoque

140 3846 263 3897 dum
295 3854 506 3913 tempus
551 3847 823 3912 habemus,
868 3859 1241 3902 convertamur
1278 3852 1342 3904 ad
1388 3852 1692 3919 Dominum,

139 3941 197 3983 ut
222 3949 324 3985 non
350 3949 472 3986 cum
514 3935 615 3989 ltoc
639 3936 833 3987 mundo
859 3935 1188 3988 damnemur.
1233 3939 1361 4003 Quia
1393 3943 1505 3992 sine
1534 3942 1694 3995 dub?o

139 4023 211 4074 Illi
252 4024 555 4075 misericors
597 4023 736 4075 Deus
778 4039 927 4075 suum
963 4033 1175 4088 praestat
1206 4027 1490 4089 auxilium,
1536 4046 1690 4094 quem

139 4113 277 4163 circa
309 4122 569 4179 pracepta
602 4126 693 4163 sua
725 4113 895 4163 cernit
920 4122 1195 4163 attentum.

722 4218 931 4271 EPlST.
974 4219 1113 4273 XXI.

342 4308 580 4360 Ruricius
620 4310 880 4378 episcOpus
909 4308 1149 4377 Eufrasio
1177 4323 1196 4347 “-
1220 4315 1468 4384 episcopo.

1802 3195 2029 3243 animant
2062 3207 2209 3245 suam
2242 3198 2387 3262 ponit
2419 3214 2511 3263 pro
2542 3201 2727 3255 ovibus
2757 3218 2885 3257 snis.
2934 3206 3051 3273 Ipse
3080 3221 3157 3263 est
3190 3212 3363 3277 bonus.

1805 3288 1969 3343 pater,
2003 3282 2085 3346 qui
2119 3293 2273 3335 ovem
2316 3286 2578 3351 perditam
2616 3292 2679 3341 ad
2720 3294 3215 3371 caulas'dominicas
3246 3316 3355 3352 ma-

1804 3371 1913 3419 vult
1948 3371 2171 3436 propriis
2204 3375 2436 3445 humeris
2470 3387 2743 3443 reportare
2773 3383 3047 3446 sollicitus,
3077 3401 3232 3452 quam
3262 3388 3355 3440 sti-

1802 3458 1956 3510 mulis
1987 3462 2290 3527 urgentibus
2336 3479 2587 3519 revocare
2615 3469 2907 3526 districtos.
2955 3472 3070 3538 Ipse
3097 3486 3175 3528 est
3206 3487 3352 3544 pater

1798 3548 1936 3614 pius,
1965 3551 2051 3617 qui
2086 3554 2220 3605 male
2248 3555 2463 3623 prodigo
2496 3557 2624 3622 ﬁlio,
2652 3570 2702 3613 et
2748 3574 3022 3631 prmcepta:
3046 3566 3351 3621 substantiae

1798 3638 1875 3689 de-
1897 3643 2083 3700 octori,
2113 3643 2174 3693 ad
2202 3657 2259 3696 se
2281 3645 2362 3696 vel
2390 3660 2509 3697 sero
2534 3650 2773 3703 redeunti
2806 3668 2907 3704 non
2936 3656 3103 3707 solum
3131 3660 3351 3710 crimina

1797 3731 2056 3782 anteriora
2086 3747 2189 3784 non
2222 3734 2471 3800 imputat,
2508 3753 2688 3791 verum
2721 3741 2879 3793 etiam
2914 3746 3124 3809 praemia
3157 3749 3347 3799 amissi

1797 3820 2128 3885 multiplicat,
2158 3822 2280 3875 dum
2313 3825 2449 3877 ulnis
2481 3826 2644 3891 fovet,
2677 3832 2869 3884 osculis
2898 3836 3207 3898 permulcet,
3233 3853 3348 3890 mu-

1796 3906 2009 3957 neribus
2049 3908 2212 3971 ditat,
2262 3910 2497 3965 doctrina
2544 3916 2852 3979 conﬁrmat,
2902 3936 3002 3972 tton
3047 3932 3246 3974 tantum
3279 3925 3343 3976 ad

1793 3990 1905 4054 ejus
1935 3994 2229 4058 indignatus
2260 3998 2594 4061 abscessum,
2641 4014 2891 4067 quantum
2924 4007 3129 4058 laetatus
3160 4009 3223 4059 ad
3258 4025 3341 4062 re-

1790 4078 1955 4130 ditum
1974 4080 2123 4144 (Luc.
2149 4084 2257 4149 xv).
2295 4084 2407 4149 Ipse
2436 4090 2577 4161 enim
2601 4089 2786 4142 borum
2810 4095 3038 4145 omnium
3070 4099 3337 4149 nominum

1791 4167 1841 4218 itt
1893 4185 1949 4219 se
1992 4169 2208 4223 effectus
2254 4171 2575 4241 affectusque
2625 4182 2888 4247 suscepit,
2938 4192 2993 4233 ut
3038 4184 3171 4235 sicut
3216 4187 3343 4238 dicit

1794 4262 2093 4328 Apostolus,
2127 4265 2411 4318 multifario
2453 4269 2734 4335 multisque
2780 4272 2947 4324 modis
2974 4273 3157 4347 (Hebr.
3200 4292 3245 4334 ι,
3290 4280 3343 4345 1)

1793 4369 1886 4405 nos
1914 4357 2144 4407 erudiret
2167 4358 2358 4419 verbis,
2388 4359 2670 4412 instrueret
2690 4363 3000 4429 disciplinis.
3034 4380 3341 4431 provocaret

198 4420 409 4475 Grati”
436 4436 537 4490 380
566 4423 937 4477 εἰοεθτῖδεῑῐῐιω
977 4426 1030 4478 in
1056 4426 1266 4480 Οιιτίειο
1304 4428 1526 4484 Domino
1565 4447 1681 4500 Sel“
1716 4414 1767 4471 D
1796 4444 2082 4509 beneﬁciis,
2115 4446 2424 4500 informaret
2453 4452 2730 4517 exemplis,
2766 4457 3133 4510 reconciliaret
3164 4473 3337 4523 prece.

136 4515 369 4566 manitati
400 4522 612 4576 vestrm,
643 4514 783 4581 quod
825 4517 1031 4582 perlato
1075 4518 1231 4571 taedio
1272 4520 1335 4571 ad
1366 4535 1459 4573 vos
1480 4535 1685 4587 nostro,

136 4606 408 4658 confestim
436 4620 532 4657 nos
560 4605 752 4658 litteris
772 4606 960 4659 vestris
992 4608 1205 4661 visitare
1238 4612 1365 4661 tanti
1395 4610 1681 4675 habuistis;

135 4695 214 4758 qui
253 4695 382 4765 dum
425 4695 746 4747 inﬁrmitatis
791 4705 987 4747 nostra:
1030 4698 1437 4751 sollicitudinem
1480 4704 1682 4765 geritis,

134 4760 408 4834 sanitatem
439 4784 599 4834 vestri
628 4781 858 4848 pectoris
887 4786 1209 4850 approbatis.
1258 4788 1389 4852 Quia
1420 4790 1557 4842 sicut
1586 4792 1682 4858 ipsi

136 4872 317 4923 melius
347 4874 531 4934 nostis,
556 4871 704 4925 Finis
730 4878 963 4942 praecepti
989 4887 1059 4928 est
1080 4881 1257 4930 caritas
1280 4880 1341 4930 de
1362 4882 1507 4934 corde
1532 4900 1679 4950 puro,

135 4970 173 5009 et
200 4962 505 5011 conscientia
535 4961 694 5024 bona,
734 4974 777 5015 et
806 4965 908 5030 ﬁde
935 4982 1031 5017 non
1058 4967 1177 5032 ﬁcta
1205 4967 1256 5035 (Ι
1282 4967 1411 5022 Tim.
1452 4986 1486 5032 ι,
1513 4973 1587 5035 5).
1620 4974 1683 5026 Ει

135 5050 215 5115 qui
258 5048 433 5100 visitat
481 5049 744 5103 inﬁrmum
796 5054 845 5104 in
893 5054 1176 5110 dilectione
1224 5058 1477 5112 ﬁrmatur.
1533 5061 1680 5116 Unde

137 5138 446 5203 peculiarius
479 5151 658 5204 spero,
693 5151 746 5192 ut
771 5157 925 5208 quem
958 5147 1227 5212 requiritis
1254 5147 1519 5213 atl‘atibus,
1554 5168 1677 5204 ora-

138 5231 356 5283 tionibus
384 5228 672 5295 adjuvetis.
720 5231 1079 5289 Rcdeuntibus
1109 5240 1281 5305 itaque
1309 5243 1501 5307 gerulis
1536 5247 1674 5299 litte-

199 5382 220 5407 ⁸
244 5372 399 5447 Forte
424 5370 666 5447 Ecclesite
692 5373 878 5425 viscera
906 5378 985 5429 vel
1038 5390 1251 5447 uterum,
1277 5414 1343 5425 —-
1370 5387 1474 5440 Nisi
1529 5392 1678 5445 malis

138 5442 299 5547 legbere
333 5442 593 5502 Urere/tce,
621 5455 808 5494 nomen
833 5442 1256 5513 geograplticum'.
1285 5454 1437 5507 EDIT.

247 5511 399 5547 pruna
427 5511 675 5547 rimatian!
703 5512 781 5547 ινρΙ
812 5518 1020 5547 ρηηωγὶι

246 5511 399 5564 Forte
426 5511 675 5569 convincit
703 5512 782 5563 vel
810 5511 1041 5567 correxit;

201 5589 218 5615 ε
259 5580 374 5633 Fuit
431 5581 518 5632 ille
573 5582 923 5635 Arvernorum
976 5587 1252 5658 episcopus
1302 5593 1661 5661 duodccinius,

1794 4536 2075 4587 redimeret
2104 4537 2366 4602 passione,
2404 4539 2691 4594 vivilicaret
2724 4554 2912 4611 morte,
2948 4547 3340 4603 immortalitate

1792 4624 2030 4686 donaret,
2070 4624 2379 4689 justilicaret
2427 4634 2835 4696 resurrectione,
2884 4636 3190 4692 ascensione
3220 4655 3338 4705 ptir-

1792 4721 1945 4764 taret.
1981 4715 2039 4764 Et
2067 4715 2431 4768 reconciliatos
2454 4734 2545 4783 per
2571 4722 2881 4787 sanguinem
2913 4741 3085 4790 suum,
3112 4730 3161 4781 ιιι
3188 4746 3326 4791 eam,

1790 4816 1816 4852 a
1846 4818 1945 4869 qua
1981 4802 2363 4867 excideramus,
2399 4806 2562 4859 l‘atris
2590 4810 2807 4875 gratiam
2838 4813 3167 4869 reformaret.
3216 4815 3332 4884 Ipse

1784 4895 1913 4943 enim
1941 4902 2011 4949 est
2039 4893 2177 4956 apud
2207 4892 2409 4947 Putrem
2438 4901 2729 4964 prapitiatio
2762 4914 2931 4955 nostra
2958 4905 3129 4970 (Joan.
3154 4921 3217 4967 ll,
3252 4907 3329 4972 2),

1781 4985 1896 5035 sine
1943 4984 2237 5037 cessatione
2284 5000 2572 5054 suggerens
2604 4994 2781 5057 pietati
2812 5010 2962 5051 suze:
3014 4997 3183 5060 Patigr,
3232 5014 3329 5048 non

1779 5074 1938 5123 solum
1971 5087 2056 5135 pro
2088 5072 2164 5124 his
2192 5090 2333 5141 rogo,
2377 5080 2461 5129 sed
2496 5098 2585 5146 pro
2631 5085 2704 5135 Itis
2740 5088 2822 5151 qui
2860 5089 3094 5137 credituri
3127 5097 3238 5137 sunt
3276 5089 3327 5137 in

1780 5178 1854 5212 me
1881 5177 1966 5227 per
1994 5160 2191 5211 verbum
2235 5165 2436 5217 illorum
2472 5167 2643 5235 (Joan.
2690 5188 2826 5233 xvu,
2864 5174 2941 5239 9).
2987 5174 3157 5235 Pater,
3192 5175 3321 5238 volo,

1778 5254 1858 5303 ubi
1897 5268 1985 5319 ego
2025 5268 2160 5314 sum,
2206 5264 2251 5305 et
2298 5258 2393 5324 ipsi
2441 5261 2538 5311 sint
2586 5279 2774 5314 mecum
2804 5263 2960 5331 (Ibid.
2986 5263 3095 5332 ΞΜ).
3149 5262 3322 5325 Pater,

1780 5395 2062 5458 Aprunculi
2100 5411 2390 5477 successor.
2420 5408 2804 5477 iliivionensem
2846 5414 3019 5464 sedem
3056 5412 3161 5477 jam
3200 5426 3321 5468 ante

1779 5476 2153 5541 Qt'leltaV’em}.
2203 5470 2377 5538 ibique
2406 5476 2741 5539 Quintianum
2776 5470 3071 5532 Gotltorum'
3106 5483 3319 5535 insidias

1779 5532 2061 5597 fugientem
2096 5532 2642 5615 humanitcriecepit.
2700 5552 2753 5599 lci
2797 5554 2841 5598 in
2881 5532 3181 5615 episcopatu
3216 5532 3321 5602 Ar;

1776 5616 2054 5654 vet'norum
2085 5612 2338 5662 successit
2364 5612 2680 5678 Apollinaris
2709 5612 3089 5670 Sidonii’ftlius‘.
3125 5621 3277 5671 Biss.
