3908 6466
482 335 584 390 105

439 538 443 543 ’
480 530 595 596 Ipse
638 531 787 583 nobis
829 532 1058 597 quotidie
1102 545 1193 597 per
1234 532 1529 597 apostolum
1580 546 1731 583 suum
1782 532 2009 581 clamat;

480 620 652 672 Nolite
679 620 881 685 diligere
907 620 1165 682 mundum,
1193 637 1349 686 neque
1371 636 1428 671 ea
1452 636 1561 687 quo:
1586 622 1636 672 in
1659 621 1843 671 mundo
1862 630 1977 671 sunt
1999 637 2015 680 ,-

476 708 561 774 qui
590 708 717 757 enim
742 708 902 772 diligit
928 709 1189 775 mundum,
1219 724 1317 759 non
1345 718 1413 759 est
1443 712 1626 759 caritas
1655 708 1823 759 Patris
1852 710 1903 758 in
1934 724 2010 759 eo.

481 796 609 859 Quia
637 811 773 845 omne
802 796 934 857 quod
963 796 1014 846 in
1052 796 1237 846 mundo
1267 808 1359 857 est,
1394 797 1793 864 concupiscentia
1822 796 2009 858 carnis,

476 885 871 950 concupiscentia
901 884 1179 949 oculorum,
1230 895 1273 936 et
1320 886 1551 954 superbia
1597 888 1708 937 vita:
1754 886 2007 946 humanae,

472 990 580 1041 qute
606 990 704 1025 non
740 987 810 1025 est
846 974 907 1025 de
939 974 1110 1038 Patre,
1152 974 1238 1025 sed
1264 973 1324 1025 de
1351 975 1536 1025 mundo
1566 985 1658 1025 est.
1707 974 1769 1024 Et
1798 976 2012 1025 mundus

474 1066 668 1126 transit,
709 1072 753 1113 et
795 1062 1193 1129 concupiscentia
1220 1065 1348 1130 ejus.
1393 1061 1491 1126 Qui
1519 1074 1685 1113 autem
1723 1062 1890 1128 fecerit
1927 1076 2011 1111 vo-

473 1156 714 1205 luntatem
746 1149 855 1213 Dei,
887 1158 1049 1200 manet
1074 1151 1125 1200 in
1154 1162 1413 1211 (eternum,
1445 1150 1569 1201 sicut
1604 1158 1648 1200 et
1684 1148 1819 1199 Deus
1846 1157 2008 1200 manet

473 1243 523 1293 in
554 1250 789 1292 internum
816 1239 866 1308 (Ι
902 1236 1054 1290 Joau.
1090 1254 1157 1301 ti,
1200 1238 1261 1290 16
1297 1236 1447 1305 seq.).
1495 1238 1607 1303 Ipse
1649 1238 1699 1290 in
1730 1239 2009 1305 Evangelia

475 1329 737 1382 blanditiis
764 1329 975 1389 invitat,
1008 1328 1309 1379 muneribus
1340 1336 1614 1393 provocat,
1644 1326 2009 1378 adhortatione

473 1418 737 1477 SOlIiCitet,
766 1416 947 1469 dicens
972 1434 984 1465 :
1024 1415 1199 1467 Venite
1226 1417 1291 1466 ad
1323 1432 1425 1477 me,
1465 1431 1632 1467 omnes
1661 1416 1744 1482 qui
1774 1417 1963 1466 laborat
1985 1433 2008 1466 s

474 1520 517 1560 et
547 1510 737 1561 onerati
766 1510 878 1560 estis
901 1506 1105 1575 (Matth.
1135 1522 1205 1569 xl,
1227 1506 1343 1572 ‘28),
1391 1518 1442 1559 et
1484 1506 1704 1573 reliqui.
1758 1505 1821 1557 Ut
1860 1506 2009 1570 quasi

468 1599 648 1665 iugum
677 1598 989 1648 salutaribus
1010 1595 1293 1647 subdentes
1313 1594 1442 1646 colla
1468 1594 1764 1661 perceptis,
1792 1594 2005 1645 salutari

474 1702 569 1739 suo
613 1686 863 1738 libertatis
906 1692 957 1736 et
1003 1684 1373 1746 misericordia:
1404 1685 1578 1735 currui
1609 1682 2003 1749 subjungamur,

474 1785 526 1828 ct
572 1775 690 1827 ideo
736 1773 1045 1824 auderemus
1094 1782 1423 1825 revocantem
1471 1771 1651 1835 sequi,
1692 1772 1872 1823 audme
1899 1770 2003 1822 cla-
2041 1784 2080 1839 Β

475 1872 732 1923 montem,
774 1861 1125 1912 blandientem
1155 1861 1309 1911 modo
1338 1874 1438 1910 non
1469 1872 1748 1925 spernere;
1794 1872 1859 1909 ne
1889 1872 2008 1909 sen-

476 1957 662 2006 tiamus
694 1950 1019 2017 postmodum
1048 1949 1366 2016 iudicantem
1395 1965 1406 1997 :
1449 1963 1552 2015 quo
1586 1947 1825 2013 judicio?
1864 1947 2008 2000 Sient

480 2049 584 2110 ipse
610 2043 658 2093 in
684 2040 967 2108 Evangelio
992 2052 1315 2104 praemonere
1335 2046 1389 2091 et
1407 2038 1599 2090 docere
1618 2038 1862 2105 dignatus
1888 2050 1968 2090 eSt
1991 2056 2003 2089 :

473 2135 598 2189 Cum
620 2132 669 2181 in
691 2130 961 2198 majestatis
983 2143 1087 2180 sua:
1109 2129 1222 2179 sede
1244 2128 1520 2180 consideret
1541 2127 1749 2193 (Matth.
1770 2144 1872 2191 six,
1892 2129 2005 2195 28),

475 2220 681 2287 quando
710 2233 811 2269 non
842 2219 1009 2276 solum
1042 2217 1225 2269 merita
1254 2216 1634 2285 poiideiaturus
1662 2228 1713 2269 et
1744 2222 1897 2279 tacta,
1923 2234 2009 2269 ve-

482 2325 594 2363 rum
624 2309 779 2361 etiam
810 2308 965 2360 verba
997 2319 1074 2359 est
1106 2306 1434 2360 discussurus
1462 2316 1516 2361 et
1543 2318 1681 2359 vota.
1732 2308 1893 2372 Quem
1927 2308 2010 2360 hic

477 2413 614 2451 nunc
638 2396 826 2449 viderit
851 2397 1096 2449 salut-tria
1127 2412 1217 2449 sua
1247 2408 1503 2464 praecepta
1532 2397 1813 2464 negligere,
1844 2406 1898 2449 et
1922 2397 2009 2448 ad-

475 2488 787 2540 monitiones
843 2500 964 2538 suas
1010 2486 1382 2539 saluberrimas
1419 2486 1639 2553 superba
1686 2494 1859 2539 mente
1887 2501 2012 2538 cun-

476 2587 736 2637 temnere,
779 2590 879 2626 non
920 2575 1089 2626 solum
1121 2590 1238 2628 cum
1270 2575 1442 2627 stultis
1481 2589 1509 2626 a
1544 2575 1703 2641 janua
1733 2577 1876 2645 regni
1902 2591 2011 2630 cae-

475 2667 619 2719 lestis
648 2664 885 2717 excludet
909 2663 1118 2732 (Matth.
1145 2680 1269 2728 xxv,
1297 2663 1377 2732 5),
1408 2678 1588 2717 verum
1617 2670 1774 2718 etiam
1807 2676 2008 2733 partem

475 2755 634 2821 ipsius
655 2769 771 2806 cum
797 2752 1089 2806 inﬁdelibus
1107 2753 1406 2820 deputabit;
1431 2764 1487 2807 ut
1506 2770 1621 2807 cum
1644 2756 1832 2822 quibus
1854 2756 2011 2809 habet

474 2844 524 2896 in
552 2844 742 2895 saeculo
771 2842 1095 2905 societatem,
1115 2857 1234 2895 cum
1263 2842 1443 2895 iisdem
1470 2842 1519 2894 in
1547 2851 1798 2895 aeternum
1826 2844 2012 2895 habeat

473 2933 764 3001 portionem
789 2930 935 2999 (Luc.
964 2946 1053 2994 xu,
1082 2932 1193 2997 46).

1019 3080 1227 3135 EPIST.
1272 3080 1456 3134 XXIII.

708 3190 846 3244 Filio
872 3191 1165 3245 Constantio
1186 3200 1210 3227 ⁸
1235 3192 1470 3245 Ruricius
1496 3192 1774 3259 episcoims.

535 3322 827 3390 Quamlibet
862 3323 1098 3386 Baccho,
1140 3324 1485 3392 symphoniis,
1518 3332 1573 3375 et
1600 3325 1821 3376 diversis
1848 3325 2007 3375 musi-

466 3414 563 3477 cis,
595 3428 690 3466 nec
726 3427 829 3465 non
865 3413 1019 3464 etiam
1059 3420 1110 3465 et
1149 3412 1437 3480 puellarum
1468 3410 1644 3470 choris
1682 3422 1733 3463 te
1774 3410 2003 3462 deditum

466 3517 581 3554 esse
604 3504 933 3565 cognoverim
952 3542 965 3564 ,
1000 3512 1169 3555 tamen
1199 3503 1316 3569 quia
1346 3502 1538 3554 bonum
1568 3512 1647 3553 est
1668 3501 1735 3552 ab
1758 3501 1856 3562 his,
1880 3502 2002 3553 dum

467 3590 711 3657 pervalde
741 3590 900 3641 fervet
935 3589 1307 3673 adolescentia,
1338 3589 1613 3655 aliquoties
1640 3589 1920 3653 respirare,
1950 3596 2001 3640 et

465 3680 628 3746 magis
678 3678 896 3731 Domino
940 3694 1162 3742 vacare,
1207 3693 1363 3745 quam
1410 3678 1639 3737 Libero,
1696 3678 2000 3744 parentibus

467 3782 666 3835 quoque
709 3782 918 3833 cperam
966 3768 1129 3829 dare,
1180 3782 1333 3835 quam
1384 3770 1658 3830 cantibus;
1713 3782 1902 3819 moneo
1947 3776 2003 3818 ut

463 3856 709 3919 crastino,
738 3858 872 3923 quod
886 3858 999 3908 'erit
1028 3864 1207 3920 quarta
1238 3857 1387 3919 feria,
1408 3857 1571 3908 Brivas
1601 3856 1889 3921 temporius
1921 3867 1999 3907 ta-

463 3961 609 4009 men,
649 3946 784 4012 quod
817 3954 866 3999 te
900 3945 1154 3997 facturum
1184 3945 1395 3998 minime
1419 3945 1607 4009 credo,
1638 3944 1761 3997 mihi
1787 3944 2000 4012 jejunus

461 4048 727 4088 OCCtll‘t‘aS.

529 4243 553 4271 ι
574 4234 955 4298 Constantium,
984 4248 1135 4299 quem
1164 4241 1220 4283 ut
1247 4232 1441 4283 szeculo
1468 4212 1622 4283 nimis
1649 4232 1879 4285 deditum
1912 4231 1990 4282 in-

461 4312 641 4368 crepat
683 4305 765 4353 hic
806 4302 1078 4361 Ruricius,
1120 4300 1312 4368 quique
1352 4301 1518 4368 magis
1558 4300 1745 4350 Libero
1776 4300 1995 4351 vacabat

463 4364 616 4435 quam
646 4370 883 4429 Domino,
918 4382 1015 4419 nec
1038 4367 1221 4435 dii-lius
1253 4365 1407 4435 festis
1422 4364 1629 4435 jejunus
1658 4368 1837 4417 aderat
1864 4378 1992 4417 tem-

1769 331 2013 387 RURICII
2053 333 2347 387 EPISCOPI

478 446 676 513 ignosce
694 442 815 504 illis,
832 443 1052 493 nesciunt
1074 442 1203 492 enim
1226 442 1343 508 quid
1364 442 1552 509 faciunt
1570 440 1720 508 (Luc.
1736 458 1886 505 xxiii,
1903 442 1962 493 Si
1976 442 2010 507 ).
2044 443 2083 493 A

3549 350 3644 401 10$

2630 440 2654 477 ¹³
2698 442 2907 498 EPIST.
2952 442 3129 497 XXIV.

2185 552 2337 604 Aliud
2388 553 2541 618 mihi,
2590 554 2694 605 Deo
2735 563 2866 622 teste
2910 550 3253 619 promiseras,
3298 546 3434 615 quod
3482 547 3648 611 ipsum

2112 642 2331 694 deberes
2358 642 2560 703 colere,
2590 656 2693 693 non
2726 651 2747 677 °
2784 642 3031 701 Januum;
3068 638 3215 703 cujus
3239 635 3469 687 criminis
3494 637 3645 685 etiam

2112 746 2195 783 me
2244 732 2319 783 vis
2366 746 2481 783 esse
2516 739 2850 794 consortem,
2901 739 2955 782 ut
2994 744 3089 797 ego
3118 728 3179 779 ad
3223 726 3358 777 hunc
3415 737 3645 775 errorem

2110 820 2386 871 colendum
2417 814 2629 872 delicias
2661 820 3072 879 subministrem,
3124 826 3175 867 ct
3202 815 3376 867 oleum
3409 812 3647 863 incendio

2110 908 2499 972 superl‘undam.
2518 906 2665 972 Quod
2686 918 2873 958 neutro
2898 915 3130 957 nostrum
3157 902 3363 954 noveris
3380 900 3641 963 expedire.

2108 997 2207 1048 Sed
2233 996 2374 1048 dicas
2402 995 2647 1059 fortasse,
2680 996 2949 1047 Pollicitus
2980 1010 3055 1046 es.
3084 995 3195 1056 Quo
3224 1008 3315 1044 ore
3351 1006 3379 1042 a
3409 1004 3492 1042 me
3529 1004 3644 1049 irro-

2110 1085 2263 1136 missa
2293 1085 2572 1151 perquiris,
2602 1099 2717 1136 cum
2743 1094 2795 1137 tu
2823 1095 3143 1137 sactameuta
3168 1078 3475 1132 violaveris?
3497 1075 3643 1131 Unde

2108 1173 2254 1223 (luitis
2285 1174 2486 1224 veniam
2519 1187 2649 1225 mea:
2677 1172 3029 1239 promissioni,
3060 1170 3284 1236 quiandin
3309 1177 3358 1219 te
3387 1166 3502 1217 huic
3527 1179 3641 1216 ser-

2109 1262 2219 1313 vire
2247 1274 2542 1327 cognovero
2590 1257 2615 1296 ἀ
2652 1262 2897 1327 parsioni.
2933 1260 3003 1311 Ne
3033 1258 3343 1311 conﬁrmare
3375 1254 3641 1305 videamur

2109 1362 2333 1418 pactum,
2364 1352 2511 1416 Cujus
2531 1352 2964 1419 reprehendimus
2994 1350 3071 1401 fac
3099 1364 3181 1399 um
3202 1362 3216 1408 ;
3241 1353 3295 1399 et
3315 1348 3477 1398 simus
3494 1357 3642 1396 scan-

2108 1442 2247 1504 dalo,
2282 1451 2304 1477 °
2335 1441 2482 1509 cujus
2511 1456 2628 1495 esse
2653 1442 2903 1494 debemus
2933 1440 3193 1505 exemplo.

2668 1549 2875 1603 EPIST.
2920 1547 3081 1600 XXV.

2385 1642 2614 1693 Ruricius
2644 1640 2924 1705 Apollinari
2968 1654 3057 1690 suo
3086 1636 3293 1687 salutem
3326 1628 3369 1684 ί.

2176 1731 2303 1793 Quia
2341 1731 2503 1783 nostri
2534 1744 2708 1783 curam
2732 1743 2939 1794 semper
2964 1740 3145 1794 gerere
3174 1739 3267 1790 pro
3301 1731 3477 1773 mutua
3509 1717 3640 1771 cari-

2112 1828 2217 1871 tate
2244 1819 2546 1884 dignamiui,
2588 1819 2760 1869 indico
2787 1816 3024 1869 sollicitae
3052 1813 3229 1881 pietati
3272 1820 3325 1865 et
3366 1808 3642 1879 pieelsoll’t-

2109 1906 2320 1959 citndini
2345 1915 2560 1969 vestr-.e,
2611 1920 2705 1957 nos
2733 1920 2835 1957 non
2862 1919 3074 1971 parvum
3104 1902 3343 1967 quidem,
3375 1901 3493 1963 sed,
3536 1896 3639 1949 Deo

2112 1994 2353 2061 pr0pztio,
2387 1995 2769 2061 voluptuosum,
2805 2007 2831 2042 a
2858 1993 3005 2043 vobis
3035 2006 3322 2051 reversum,
3356 1988 3640 2052 sumpsisse

2110 2083 2370 2149 negotium
2392 2123 2406 2144 ,
2446 2083 2580 2148 quod
2610 2082 2759 2134 nobis
2787 2082 3063 2149 plurimum
3098 2080 3342 2145 prodesse
3375 2077 3564 2144 pessit,
3596 2075 3638 2125 si

2108 2182 2196 2225 aut
2227 2172 2561 2225 intentionem
2591 2172 2903 2231 intellectus,
2929 2177 3018 2221 aut
3048 2169 3363 2221 intellectum
3390 2174 3639 2230 sequere-

2110 2271 2193 2313 tur
2242 2262 2520 2327 ingenium.
2553 2262 2679 2313 Sine
2728 2274 2881 2311 causa
2913 2258 3050 2310 enim
3098 2256 3221 2307 solis
3265 2264 3434 2305 ortum
3472 2265 3639 2303 ca-cus

2112 2356 2399 2415 exspectat.
2441 2350 2531 2401 Ille
2570 2348 2778 2413 quidem
2809 2346 3101 2398 videntibus
3138 2358 3342 2409 semper
3382 2341 3637 2400 exoritur;

2114 2452 2217 2490 non
2261 2435 2593 2489 cernentibus
2640 2450 2764 2488 vero
2812 2434 2965 2501 jubar
2993 2434 3193 2499 ipsius,
3234 2430 3377 2498 quasi
3423 2428 3641 2481 uultibus

2110 2541 2317 2592 semper
2356 2526 2602 2593 operitur.
2635 2534 2659 2572 κ
2699 2524 2914 2587 Sollium
2954 2525 3091 2577 enim
3123 2532 3355 2573 nostrum
3395 2521 3640 2571 damnum

2112 2626 2409 2683 patremque
2437 2627 2787 2679 communem,
2816 2628 2968 2677 quem
3006 2606 3455 2664 transcribendum
3484 2608 3642 2659 subli-

2111 2705 2276 2758 mitati
2303 2714 2484 2757 vestrae
2512 2704 2719 2757 dedisse
2748 2718 2828 2755 me
2856 2702 3113 2765 dixeram,
3145 2701 3417 2766 legendum
3446 2697 3639 2765 recepi.

2109 2795 2269 2860 Cujus
2298 2795 2451 2846 lectio
2480 2795 2613 2845 sicut
2638 2792 2762 2845 mihi
2784 2793 3049 2859 antiquum
3090 2799 3345 2847 restaurat
3370 2788 3642 2854 affectum,

2106 2869 2179 2932 ita
2212 2896 2316 2947 prae
2346 2882 2663 2933 obscuritate
2691 2881 2947 2933 dictorum
2972 2896 3072 2932 non
3101 2882 3335 2934 accendit
3358 2881 3641 2947 ingenium.

2112 2969 2407 3033 Quamlibet
2448 2970 2614 3033 ipsum
2660 2976 2774 3034 post
2805 2976 2906 3018 tam
2950 2967 3087 3033 longi
3130 2968 3376 3034 temporis
3420 2968 3641 3034 spatium

2113 3056 2340 3107 caritatis
2370 3054 2648 3124 igniculum
2683 3055 2919 3107 scintillis
2956 3058 3063 3106 suis
3096 3056 3230 3108 inter
3262 3056 3540 3109 oblivionis
3570 3056 3641 3107 fa-

2117 3144 2263 3194 xilfas
2291 3153 2556 3209 utcunque
2601 3144 2918 3196 relucentem
2941 3184 2955 3206 ,
2998 3156 3363 3208 neiinunquam
3395 3154 3447 3197 et
3474 3146 3643 3209 suspi-

2116 3232 2266 3283 riosis
2295 3230 2503 3283 lieibus
2522 3232 2833 3295 excitemus,
2859 3242 2909 3284 et
2939 3233 3196 3283 interdum
3235 3234 3469 3286 dulcibus
3495 3235 3644 3287 nobis

2112 3320 2318 3372 fletibus
2358 3321 2657 3386 irrigemus;
2716 3335 2817 3386 quo
2859 3330 3029 3373 tamen
3062 3320 3151 3370 illo
3199 3320 3363 3372 imbre
3407 3323 3642 3387 perfusus

2112 3418 2307 3475 quanto
2339 3410 2499 3474 magis
2522 3407 2767 3469 inficitur,
2803 3414 2945 3458 tanto
2974 3408 3136 3473 magis
3157 3408 3476 3470 incenditur;
3523 3411 3641 3475 quia

2112 3514 2202 3563 per
2224 3498 2566 3565 lacrymarum
2580 3497 2780 3562 copiam
2805 3496 3178 3549 desideriorum
3194 3506 3347 3562 atque
3364 3497 3639 3550 affectuum

2108 3589 2297 3639 crescit
2324 3588 2525 3639 ﬂamma
2547 3624 2561 3647 ,
2593 3601 2695 3638 non
2729 3586 2925 3639 deficit.
2960 3587 3105 3638 Hunc
3131 3602 3287 3653 ergo,
3320 3589 3359 3639 si
3389 3588 3641 3641 Dominus

2110 3676 2207 3741 pia:
2258 3674 2543 3727 deﬁnitioni
2575 3684 2761 3726 vestra:
2791 3675 3019 3735 tribuet,
3054 3686 3106 3725 ut
3143 3675 3331 3736 fautor,
3362 3676 3637 3741 eliertum,

2108 3767 2253 3817 vobis
2290 3765 2632 3831 praesentibus
2664 3778 2970 3828 percensere
3012 3764 3199 3815 festino
3228 3774 3281 3816 et
3322 3765 3456 3815 effici
3487 3767 3639 3817 dici-

2108 3854 2257 3919 pulus
2285 3856 2348 3905 de
2375 3854 2642 3919 magistro.
2667 3852 2792 3916 Quia
2828 3866 2926 3902 non
2959 3867 3039 3902 me
3082 3854 3240 3917 pudet
3277 3851 3431 3902 ellum
3464 3855 3511 3904 in
3545 3856 3639 3903 hac

2105 3950 2276 4003 aetate,
2306 3956 2403 3993 nec
2435 3943 2568 4008 piget
2594 3940 2833 4006 discipuli
2863 3941 3092 4005 arripere
3123 3940 3449 3999 industriam,
3485 3941 3633 3994 dum-
3666 3950 3669 3951 '

2102 4034 2257 4087 modo
2314 4034 2495 4087 affecta
2550 4042 2703 4086 artate
2745 4034 2874 4086 artis
2936 4045 3225 4099 consequar
3286 4031 3631 4098 disciplinam.

2093 4233 2222 4293 ciso,
2254 4231 2385 4295 apud
2424 4232 2768 4283 Mediolanum
2808 4234 3067 4299 relegatus
3098 4244 3220 4288 est:
3259 4235 3413 4288 rediit
3457 4240 3639 4287 Arver-

2095 4316 2211 4349 nam
2264 4299 2527 4363 profugus.
2564 4301 2756 4370 Deinde
2787 4299 3096 4356 Vocladensi
3136 4306 3315 4370 pra‘alio
3343 4304 3527 4365 adfu-t,
3564 4306 3631 4355 ibi

2098 4370 2262 4433 ipsum
2312 4380 2428 4417 cum
2481 4368 2707 4416 maximo
2748 4371 3096 4420 Arvernorum
3138 4368 3340 4434 populo
3375 4386 3636 4423 cor-uisse

464 4429 570 4503 pio,
604 4436 824 4487 laudavit
857 4438 1047 4499 saepius
1076 4433 1348 4503 Sidonius:
1371 4430 1487 4483 Fuit
1509 4435 1586 4503 vir
1612 4434 1889 4495 singularis
1914 4436 1987 4503 in-
2023 4429 2068 4487 D
2096 4429 2283 4486 asserit
2308 4434 2521 4485 Sat-aro.
2556 4436 2656 4485 Sed
2691 4436 2877 4503 iterum
2905 4438 3065 4485 evasit
3094 4429 3245 4502 Apoll
3274 4440 3432 4490 naris.
3470 4440 3637 4490 Placi-

463 4499 593 4572 genii
614 4543 627 4565 ,
659 4505 849 4571 quique
876 4503 1169 4572 eloquentia
1199 4514 1292 4551 sua
1320 4499 1566 4553 Romanis
1595 4503 1823 4564 partibus
1852 4502 1990 4552 mul-

463 4570 569 4625 tum
612 4570 819 4639 prefuit.
872 4570 991 4624 Fuit
1019 4570 1255 4639 eminens
1294 4578 1443 4639 poeta
1486 4584 1648 4622 sacrtr
1688 4572 1992 4622 litteraturae

463 4637 744 4706 studiosus,
764 4650 876 4694 erat
895 4650 1066 4691 autem
1088 4637 1445 4706 Lugdunensis
1466 4642 1687 4706 presbyt
1712 4654 1736 4689 r
1750 4640 1993 4705 maleque

464 4704 740 4776 episcopus
760 4712 947 4762 dicitur
971 4708 1036 4759 ab
1063 4708 1280 4776 lsidoro.
1316 4704 1482 4776 Vitam
1512 4706 1565 4758 S.
1594 4704 1839 4760 Germani
1865 4704 1995 4776 seri-

465 4772 564 4845 psit
590 4772 811 4847 eleganti
838 4780 991 4845 style.
1029 4777 1120 4827 Est
1142 4774 1301 4826 altera
1327 4772 1390 4823 ad
1416 4790 1533 4827 eum
1558 4775 1748 4828 Ruricii
1778 4775 1993 4843 epistola

466 4862 680 4898 numero
706 4848 789 4897 42.
826 4847 979 4897 ΒΑΒΝ.

532 4914 560 4951 b
593 4915 805 4967 Videtur
825 4928 941 4966 esse
970 4911 1158 4979 scripta
1190 4909 1253 4960 ad
1278 4910 1515 4963 eumdem
1542 4910 1923 4965 Constantium.

537 4993 558 5019 ο
587 4982 740 5033 Forte
764 4982 971 5032 Janum.

534 5048 557 5084 ἀ
588 5048 743 5101 Forte
772 5051 985 5116 portioni
1022 5047 1101 5101 vel
1129 5060 1367 5114 personae.

537 5126 560 5185 ξ
592 5118 743 5170 Forte
773 5120 965 5185 quibus.

540 5184 561 5221 τ
604 5181 911 5252 Apollinaris
952 5185 1041 5237 fuit
1090 5187 1229 5237 illius
1274 5181 1600 5237 celeberrimi
1642 5184 1995 5236 Arvernorum

468 5254 691 5319 episcopi
720 5254 871 5305 illius.
892 5252 1038 5307 Hunc
1059 5254 1287 5307 laudavit
1312 5251 1547 5302 Ruricius
1570 5262 1998 5315 tanquampatrts

468 5324 694 5387 vestigiis
719 5324 1055 5373 inluerentem
1089 5342 1098 5373 :
1127 5323 1279 5389 Cujus
1302 5334 1384 5370 vos
1412 5334 1511 5367 esse
1542 5320 1693 5389 ﬁlios,
1721 5337 1816 5369 nun
1838 5322 1999 5369 solum

469 5392 784 5454 generositate
809 5393 1073 5457 prosapirr,
1105 5387 1266 5440 verum
1298 5389 1442 5457 etiam
1465 5397 1508 5457 et
1535 5387 1822 5453 eloquentur
1844 5391 1996 5454 ﬂore,

472 5460 654 5507 etomui
678 5454 912 5509 virtutum
937 5475 1108 5523 genere
1122 5455 1470 5519 romprobatis.
1494 5454 1813 5509 Laudaverat
1838 5457 1999 5507 lilium

473 5534 648 5588 pater;
680 5542 774 5577 nos
800 5536 971 5579 tamen
994 5534 1167 5576 natum
1198 5525 1506 5591 degenerem
1538 5538 1655 5574 mox
1685 5539 1863 5575 sumus
1892 5537 2008 5589 pro-

472 5595 657 5645 Laturi.
695 5594 970 5647 Victoriam
1002 5593 1183 5645 ducem
1214 5592 1262 5643 in
1296 5591 1495 5642 italiam
1528 5603 1775 5659 secutus,
1818 5607 1881 5646 eo
1908 5605 2001 5641 oc-

2094 4504 2265 4555 dinam
2302 4505 2480 4553 habuit
2522 4516 2765 4553 uxorem:
2809 4502 2895 4552 illa
2928 4518 3052 4555 vero
3088 4518 3204 4555 cum
3235 4508 3409 4559 sedem
3444 4506 3636 4558 Arvero

2098 4586 2279 4623 norum
2327 4572 2469 4622 obitu
2531 4569 2752 4622 Euirasii
2802 4584 2985 4622 vacare
3024 4573 3262 4630 audiret.
3315 4575 3637 4629 electumque

2100 4642 2445 4709 Quintianum,
2481 4642 2645 4706 ipsum
2674 4638 2799 4690 adiit
2820 4641 3034 4705 supplex
3060 4638 3217 4693 orans
3241 4652 3294 4693 ut
3316 4642 3631 4703 Apollinaris

2095 4710 2393 4775 episcopatu
2452 4710 2804 4760 Arvernorum
2855 4710 3121 4771 gauderet.
3170 4711 3338 4761 Cessit
3391 4710 3634 4775 precibus

2098 4778 2377 4829 Placidinze
2427 4776 2755 4841 Quintianus.
2799 4776 3116 4840 Apollinaris
3155 4795 3267 4829 vero
3313 4779 3486 4829 oblatis
3534 4780 3635 4841 regi

2098 4847 2378 4895 muneribus
2398 4844 2449 4893 in
2476 4844 2760 4908 episwpatu
2786 4848 3047 4903 successit,
3072 4862 3166 4911 quo
3195 4848 3401 4897 abutens
3424 4856 3637 4912 quatuor

2099 4914 2343 4964 mensibus
2366 4913 2605 4981 (migravit
2637 4914 2702 4961 ad
2729 4914 2988 4967 saxulum.
3026 4914 3161 4966 Vixit
3193 4918 3343 4981 Igitur
3370 4915 3636 4981 Apollina-

2098 4981 2170 5049 ris
2200 4991 2310 5043 post
2342 4980 2661 5049 \iocladense
2701 4981 2935 5045 praelium
2955 5023 2967 5041 ,
3014 4992 3194 5034 contra
3216 4980 3393 5049 quam
3452 4983 3637 5033 assert

2098 5048 2311 5118 Savam.
2349 5047 2566 5118 Fuitque
2598 5050 2731 5098 [ilius
2760 5050 2987 5115 degener
3033 5054 3117 5115 qui
3149 5047 3333 5104 oblatis
3373 5050 3481 5118 regi
3522 5066 3634 5099 tnu-

2099 5116 2311 5168 neribus
2362 5117 2537 5167 sedem
2568 5129 2595 5166 a
2646 5127 2863 5181 parente
2892 5129 3195 5183 occitpntam
3228 5116 3635 5181 tenuitfeaqne

2099 5185 2313 5253 abusus
2342 5194 2438 5253 est.
2474 5183 2657 5235 Filium
2692 5185 2869 5236 habuit
2896 5187 3207 5246 Arcadium.
3250 5188 3395 5253 cujus
3430 5186 3633 5249 ignavia

2100 5252 2352 5303 Arveruia
2381 5250 2472 5301 fuit
2499 5253 2782 5303 devastata.
2813 5254 2976 5305 Mater
3006 5255 3263 5309 Plat-istim
3287 5250 3341 5307 et
3365 5268 3515 5305 soror
3550 5266 3636 5313 pa-

2103 5322 2194 5371 tris
2216 5320 2413 5370 Alcima
2438 5322 2829 5385 comprehensa:
2856 5323 2987 5387 apud
3021 5323 3309 5376 Cadurcum
3335 5326 3538 5377 urbem,
3566 5335 3651 5367 rm

2103 5388 2195 5439 bus
2225 5388 2409 5439 ablatis
2432 5390 2613 5439 exsilio
2644 5399 2765 5442 sunt
2786 5391 3162 5454 condemnatus,
3194 5394 3302 5448 insta
3325 5404 3448 5440 vero
3476 5388 3635 5439 Arca-

2100 5456 2239 5521 dius,
2272 5456 2716 5527 scelerisauctor,
2749 5460 3005 5523 Bituriges
3034 5462 3177 5525 petiit
3202 5459 3375 5527 (Greg.
3400 5456 3544 5517 Tur.,
3599 5453 3634 5503 l.

2102 5539 2187 5585 Ill,
2226 5541 2267 5575 c.
2312 5524 2418 5587 ιε).
2448 5523 2534 5575 Sic
2556 5525 2839 5592 degeneres
2872 5523 3087 5579 heroum
3113 5523 3226 5578 lilii.
3255 5523 3405 5577 BASN.

2174 5602 2197 5637 κ
2220 5592 2489 5645 Sidonium
2520 5594 2782 5660 intelligit,
2816 5610 2969 5662 quem
2996 5596 3193 5661 Solium
3226 5593 3313 5646 alii
3352 5596 3554 5641 vocant.

3704 106 3829 189 ’Ἰ
