3930 6410
192 353 296 406 105

1431 353 1861 412 EPISTOLARU
1874 356 1919 409 Μ
1963 356 2087 410 LIB.
2131 356 2195 410 II.

3331 368 3431 422 106

196 472 345 523 Prius
366 468 504 523 enim
529 468 928 537 quilibetdebet
957 466 1162 523 discere
1192 482 1350 537 quam
1382 468 1595 524 docere.
1627 470 1759 535 Quia
1788 501 1841 558 Α
1866 487 1985 533 ram.
2006 472 2135 536 Deo,
2180 478 2235 529 et
2276 474 2476 544 angelis
2504 475 2618 543 ejus
2642 516 2657 542 ,
2703 490 2765 531 ac
2807 481 3213 548 congregatione
3249 483 3425 538 carnis

196 577 537 631 prmpropere
566 561 800 615 doctoris
827 570 1043 628 usurpat
1070 560 1437 628 supercilium,
1466 563 1568 615 nisi
1594 562 1756 615 disci-

195 654 299 718 puli
350 654 642 720 susceperit
670 662 791 706 ante
837 652 1168 704 famulatum.
1215 651 1350 717 Quid
1381 652 1521 705 enim
1568 652 1761 719 iustius

196 757 351 809 quam
383 753 439 795 ut
477 744 591 807 ipse
622 743 696 795 sis
742 742 947 807 paterni
987 742 1250 807 interpres
1271 742 1501 806 eloquii,
1528 742 1617 806 qui
1647 742 1764 794 uni-

196 846 346 886 versa
376 848 497 902 qua:
526 837 614 886 ille
640 834 983 899 conscripsit,
1012 846 1115 885 non
1147 841 1251 886 tam
1281 841 1347 887 de
1375 832 1574 886 codicis
1596 848 1762 884 mem-

196 923 382 985 hrana,
415 936 570 989 quam
600 921 664 975 de
689 922 862 977 cordis
891 930 1040 990 potes
1070 924 1259 989 pagina
1300 920 1577 991 proferre?
1601 921 1763 988 Cujus

196 1026 290 1063 vos
320 1024 439 1064 esse
470 1010 605 1064 ﬁlios
637 1026 739 1062 non
763 1011 932 1063 solum
960 1012 1319 1078 generositate
1348 1012 1641 1079 prosapiae,
1671 1019 1763 1064 ve—

196 1114 315 1151 rum
364 1100 523 1153 etiam
570 1107 625 1151 et
651 1099 967 1164 eloquentiae
1011 1100 1175 1159 ﬁore,
1228 1108 1281 1152 et
1324 1100 1467 1152 omni
1511 1100 1761 1151 virtutum

195 1203 393 1256 genere
432 1188 791 1254 comprobatis
834 1207 845 1241 :
889 1203 1008 1257 quae
1038 1189 1173 1241 bona
1213 1189 1365 1242 vobis
1397 1204 1499 1241 non
1532 1197 1635 1241 tam
1669 1187 1767 1240 do-

195 1282 366 1330 ctrina
419 1278 680 1339 contulit,
710 1292 866 1346 quam
897 1288 1102 1331 natura.
1140 1278 1287 1345 Quia
1334 1279 1480 1331 rivus
1523 1278 1590 1331 de
1621 1278 1763 1331 fonte

196 1380 554 1434 prorumpens
582 1368 706 1421 licet
748 1366 960 1421 ﬁuendo
1007 1367 1271 1436 proﬁciat,
1304 1376 1354 1421 et
1384 1367 1763 1435 plenitudinem

195 1456 463 1509 currendo
490 1457 788 1523 conquirat,
812 1457 1016 1509 auctori
1047 1466 1220 1510 tamen
1254 1457 1391 1508 unde
1413 1458 1572 1509 sumit
1605 1469 1763 1508 voca—

196 1548 406 1615 bulum,
439 1548 598 1603 debet
625 1554 680 1601 et
708 1546 975 1601 meritum.
1007 1548 1171 1614 Quem
1208 1548 1251 1601 si
1284 1547 1455 1600 divina
1488 1548 1764 1600 clementia

198 1649 367 1703 usque
388 1636 454 1688 ad
487 1636 588 1689 hoc
620 1648 824 1703 tempus
851 1650 1131 1702 superesse
1165 1637 1448 1697 voluisset,
1496 1637 1628 1689 sicut
1656 1637 1762 1702 iam

200 1733 313 1778 tum
344 1726 409 1778 de
431 1732 602 1778 vestra
635 1726 927 1777 imitatione
958 1726 1250 1788 laetabatur,
1284 1725 1352 1777 ita
1385 1739 1523 1777 nunc
1552 1724 1619 1777 de
1648 1740 1765 1791 per—

1867 564 2026 615 totius
2047 578 2322 631 apparere.
2349 566 2535 621 Saluto
2564 567 2740 635 itaque
2764 572 3159 626 unanimitatem
3183 582 3345 638 tuam,
3372 586 3425 629 et

1868 666 1997 717 rego
2038 662 2093 705 ut
2117 667 2213 719 pro
2239 668 2323 707 me
2354 670 2507 710 orare
2533 656 2780 723 digneris,
2806 658 3066 727 simulque
3094 676 3213 715 cum
3234 679 3415 731 oppor-

1864 751 2044 798 tunum
2076 742 2223 796 vobis
2253 743 2435 804 fuerit.
2466 761 2562 799 nos
2588 750 2714 801 tanti
2744 748 2981 804 habeatis
3011 753 3242 807 visitare.
3274 754 3423 808 Vale.

2405 892 2619 949 EPIST.
2661 896 2891 951 XXVIII.

2162 1003 2402 1058 Ruricius
2439 1005 2680 1075 Eufrasio
2707 1017 2732 1043 ⁸
2761 1024 2855 1061 suo
2882 1009 3113 1067 salutem.

1935 1120 2097 1175 Miror
2120 1125 2453 1177 sanctitatem
2478 1134 2707 1181 vestram
2739 1138 2856 1194 post
2876 1138 3136 1182 tantorum
3164 1138 3218 1184 et
3243 1131 3420 1186 talium

1864 1212 2099 1267 virorum
2137 1213 2331 1283 iudicia
2362 1216 2537 1282 potius
2566 1232 2719 1285 quam
2760 1223 3013 1287 rescripta
3041 1220 3261 1275 inscitia:
3291 1236 3425 1276 mese

1866 1305 2121 1369 quaesisse
2150 1308 2484 1359 sententiam.
2520 1309 2668 1373 Quod
2692 1324 2785 1363 vos
2815 1311 2981 1378 magis
3013 1327 3105 1379 pro
3136 1314 3424 1367 necessitu-

1866 1391 1991 1444 dine
2016 1408 2170 1458 quam
2200 1398 2516 1450 necessitate
2539 1395 2726 1450 fecisse
2747 1397 3001 1463 coniicio;
3031 1413 3096 1451 ne
3116 1400 3267 1466 cujus
3294 1404 3423 1454 tanti

1869 1481 2073 1535 habetis
2114 1484 2431 1552 prmeipuum
2457 1487 2507 1537 in
2538 1482 2715 1540 animo
2747 1496 2926 1541 tenere
2954 1488 3148 1541 cultum
3176 1528 3191 1553 ,
3220 1490 3424 1542 videre-

1868 1570 1994 1621 mini
2064 1571 2116 1622 in
2166 1573 2375 1638 negotio
2431 1575 2833 1640 praetermisisse
2878 1590 3214 1631 consensum.
3273 1574 3425 1633 Unde

1866 1659 2059 1727 gratias
2080 1672 2179 1728 ago
2229 1660 2509 1714 individua:
2558 1664 2685 1715 mihi
2738 1665 2789 1717 in
2828 1662 3039 1718 Christo
3090 1668 3425 1730 germanitati

1867 1758 2057 1801 vestrae
2076 1787 2090 1810 ,
2119 1749 2256 1815 quod
2285 1751 2354 1802 ita
2383 1749 2449 1804 de
2478 1752 2627 1803 nobis
2653 1765 2975 1819 praesumere
3000 1762 3053 1805 et
3082 1755 3318 1818 judicare
3343 1756 3425 1808 di-

195 1813 431 1911 fectione
458 1815 744 1911 gauderet;
775 1828 893 1911 cum
916 1829 1063 1882 spem
1086 1815 1150 1911 ad
1176 1830 1285 1869 rem
1308 1830 1553 1869 cerneres
1584 1830 1767 1883 perVe'
1796 1836 1842 1894 B
1868 1839 2119 1906 gnamini,
2140 1813 2206 1891 ut
2235 1839 2365 1892 nihil
2397 1813 2683 1894 habeamus
2709 1849 2799 1894 aut
2829 1843 2879 1895 in
2902 1813 3137 1896 caritatis
3168 1844 3424 1911 simplici-

196 1906 381 1967 nisse;
426 1919 525 1957 nec
555 1904 657 1957 sibi
684 1903 944 1959 invideret
966 1904 1221 1973 aequalem
1243 1946 1257 1968 ,
1289 1920 1445 1974 quem
1490 1914 1763 1975 Optaverat

194 2007 318 2047 esse
348 1994 649 2047 meliorem.

759 2144 970 2199 EPIST.
1015 2146 1201 2200 XXVI.

267 2253 572 2319 Quamlibet
619 2268 714 2322 per
756 2256 1031 2309 diaconem
1081 2255 1284 2307 Justum
1328 2269 1429 2307 non
1474 2255 1755 2309 meruerim

196 2340 404 2396 litteras
459 2343 670 2410 benigni
726 2348 953 2411 pectoris
998 2357 1051 2398 et
1101 2342 1421 2397 facundioris
1470 2347 1709 2413 accipere
1740 2387 1753 2408 ,

195 2433 390 2499 quibUs
419 2444 472 2485 et
502 2434 799 2485 erudiretur
826 2434 1124 2499 ingenium,
1156 2443 1207 2486 et
1234 2434 1549 2493 desiderium
1581 2448 1761 2500 pasce-

197 2533 367 2574 rctur.
420 2522 528 2589 Ego
576 2532 787 2586 tamen,
840 2522 924 2588 qui
974 2524 1111 2574 malo
1136 2522 1455 2576 all'ectuosns
1503 2525 1757 2583 rusticus,

195 2625 359 2683 quam
401 2611 632 2664 urbanus
672 2612 1130 2679 impiusiudicari,
1162 2612 1425 2665 scribendi
1455 2614 1761 2680 opportuni-

197 2708 362 2750 tatem
394 2697 523 2749 mihi
554 2699 727 2765 perire
756 2713 857 2751 non
890 2714 1074 2767 passus
1102 2715 1248 2762 sum;
1279 2710 1459 2769 utpote
1502 2701 1588 2769 qui
1631 2703 1758 2754 mihi

198 2787 440 2850 nollem,
482 2804 583 2841 non
630 2790 799 2841 dicam
831 2791 1161 2843 occasionem
1200 2790 1495 2855 scribendi,
1543 2792 1634 2845 sed
1662 2805 1760 2845 nec

199 2878 415 2930 videndi
450 2892 579 2939 vos,
618 2880 770 2930 unius
810 2880 995 2930 saltem
1046 2879 1189 2933 horm
1228 2883 1452 2948 spatium
1497 2880 1756 2948 deperire.

200 2966 434 3034 Ideoque
462 2968 605 3020 salve
639 2968 918 3034 plurimum
950 2971 1097 3032 dico,
1127 2979 1179 3021 et
1216 2985 1344 3037 rogo
1376 2979 1434 3022 ut
1472 2970 1585 3021 sine
1612 2984 1757 3022 com-

200 3058 347 3109 tnuni
379 3057 727 3122 detrimenta,
757 3068 808 3109 et
839 3059 1112 3126 utriusque
1137 3060 1467 3125 compendio,
1503 3075 1597 3111 nos
1620 3076 1757 3112 scm-

201 3162 247 3211 p-
272 3161 321 3208 r,
353 3154 747 3213 opportunitate
772 3157 1031 3213 porrecta,
1068 3148 1254 3199 litteris
1280 3151 1467 3200 vestris
1494 3150 1760 3201 illustrare

1868 1936 1975 1981 tate
2027 1928 2305 1981 subdolum
2339 1970 2352 1990 ,
2406 1938 2497 1983 aut
2540 1930 2589 1983 in
2618 1930 2855 1984 veritatis
2899 1934 3125 1999 puritate
3169 1932 3420 1987 fucatum.

1862 2019 2051 2073 Reddo
2080 2019 2256 2087 itaque
2286 2020 2520 2073 debitum
2571 2021 2932 2074 unanimitatis
2960 2022 3191 2075 cilicium
3217 2062 3231 2079 .
3261 2034 3314 2077 et
3356 2024 3426 2077 tle

1861 2122 2016 2160 causa
2039 2123 2139 2175 qua
2167 2108 2295 2160 mihi
2325 2108 2561 2162 scribere
2585 2110 2782 2176 dignati
2809 2110 2956 2170 estis,
2986 2109 3124 2163 idem
3157 2126 3242 2163 me
3281 2113 3425 2178 quod

1859 2206 1914 2250 et
1944 2197 2135 2250 fratres
2165 2206 2376 2250 nostros
2423 2198 2622 2251 sentire
2664 2197 2922 2265 signiﬁco.
2963 2198 3067 2251 Sed
3110 2200 3234 2265 quid
3284 2200 3426 2252 facto

1858 2303 1990 2357 Opus
2028 2289 2126 2352 sit,
2169 2289 2247 2341 vel
2280 2288 2403 2356 quid
2434 2288 2561 2341 mihi
2593 2290 2925 2357 potissimum
2960 2292 3072 2345 ﬁeri
3120 2292 3316 2345 debere
3346 2294 3427 2345 vi-

1860 2379 2065 2441 deatur,
2109 2393 2206 2445 per
2233 2378 2503 2431 diaconem
2552 2386 2785 2432 vestrum
2818 2381 2980 2436 verbo
3030 2379 3254 2433 ﬁdeliter
3296 2380 3423 2437 inti-

1860 2468 2019 2531 mari,
2049 2467 2265 2533 quia....
2297 2481 2369 2520 m.
2401 2468 2496 2520 luit
2525 2466 2718 2522 litteris
2747 2468 2999 2523 indicare.
3028 2470 3129 2523 Ora
3168 2486 3263 2539 pro
3312 2487 3418 2527 me.

2411 2622 2625 2679 EPIST.
2668 2622 2855 2679 ΧΧΙΧ.

2179 2733 2412 2786 Ruricius
2443 2731 2720 2785 Eracliano
2747 2749 2836 2785 suo
2876 2737 3103 2787 salutem.

1930 2864 2029 2930 Qui
2055 2876 2112 2916 se
2143 2878 2289 2917 reum
2324 2863 2389 2917 de
2420 2863 2594 2915 ofﬁcio
2624 2877 2739 2915 esse
2762 2864 3061 2929 cognoscit,
3095 2866 3240 2929 prius
3285 2878 3415 2931 sup-

1863 2954 2058 3019 plicare
2086 2951 2241 3003 debet
2271 2966 2424 3018 quam
2465 2951 2655 3003 audeat
2696 2950 2941 3001 salutare.
2977 2950 3103 3013 Quia
3144 2952 3279 3003 sicut
3321 2952 3419 3004 im-

1862 3052 2084 3107 portune
2117 3043 2410 3092 occurritur
2435 3038 2705 3104 imputanti
2726 3078 2738 3098 ,
2774 3038 2841 3087 ita
2872 3046 3165 3103 Opportune
3196 3042 3421 3093 remitti—

1864 3137 1949 3181 tur
1970 3127 2265 3181 conﬁtenti.
2318 3126 2381 3177 Et
2429 3125 2546 3177 ideo
2579 3141 2673 3177 nos
2720 3132 2952 3177 nostram
2987 3128 3035 3178 in
3082 3128 3252 3193 palam
3298 3142 3425 3195 pro-

200 3196 515 3301 Itignetititti.
557 3196 874 3301 Quiaqulod
916 3196 1065 3287 nobis
1106 3235 1156 3286 in
1186 3235 1374 3288 aﬁectu
1420 3236 1757 3303 impenditis,

1865 3218 2110 3269 duximus
2152 3230 2341 3268 noxam
2367 3258 2380 3280 ,
2414 3226 2472 3269 ut
2518 3215 2724 3269 facilius
2754 3219 3026 3282 pervenire
3068 3218 3324 3284 possimus
3352 3220 3417 3272 ad

197 3342 316 3379 ηοη
363 3326 706 3395 “penditis;
755 3325 897 3394 quod
942 3323 1209 3388 "munis,
1256 3339 1362 3377 ηοη
1410 3324 1689 3388 amimlis;
1719 3332 1773 3377 et
1864 3306 2090 3395 veniam.
2116 3303 2245 3367 Quia
2268 3317 2373 3395 non
2400 3304 2713 3395 relinquitur
2741 3306 3267 3395 locusgimpntatinni,
3295 3322 3416 3361 cum

197 3417 346 3484 quod
407 3418 563 3469 nobis
612 3416 666 3468 in
722 3418 913 3469 charta
961 3416 1351 3480 transmittitis,
1402 3404 1676 3471 vobiscum
1712 3415 1765 3469 in

198 3509 367 3561 corde
398 3507 663 3562 retinetis.

750 3617 967 3671 EPIST.
1010 3617 1221 3671 XXVII.

523 3729 761 3784 Ruricius
796 3733 1068 3783 ()mmacio
1096 3749 1189 3784 suo
1219 3744 1459 3783 salutem.

274 3820 368 3873 Sic
400 3835 427 3871 a
461 3822 654 3886 pietate
682 3836 855 3895 vestra
885 3825 1122 3890 discessi,
1151 3828 1287 3893 quod
1319 3842 1345 3878 a
1387 3825 1532 3879 vobis
1556 3826 1762 3894 penitus

203 3922 309 3958 non
342 3911 561 3961 recessi.
605 3911 660 3963 ln
690 3914 872 3965 eadem
900 3926 993 3964 vos
1032 3922 1178 3980 parte
1229 3915 1454 3965 hominis
1497 3915 1763 3968 interioris

201 3998 422 4049 exhibui
442 4038 457 4061 ,
506 4000 557 4051 in
589 4015 688 4066 qua
712 4003 861 4053 Vobis
889 4008 1135 4053 remansi.
1171 4002 1290 4054 Scio
1318 4004 1435 4067 quia
1462 4003 1649 4054 ibidem
1678 4018 1762 4055 re-

202 4086 400 4146 mansi,
430 4087 571 4138 unde
594 4102 676 4139 me
697 4102 792 4139 nec
811 4088 1081 4139 insidiator
1111 4090 1353 4152 antiquus
1375 4090 1559 4153 potuit,
1590 4103 1760 4153 neque

202 4188 397 4226 recens
415 4175 723 4225 consiliator
758 4173 1088 4244 [conciliator]
1108 4175 1403 4229 excludere.
1430 4176 1579 4230 Unde
1601 4177 1757 4231 etiam

199 4264 466 4314 sententia
514 4264 653 4315 illius
693 4278 787 4329 vos
834 4266 1203 4331 sapientissimi
1247 4266 1543 4321 Salomonis
1579 4269 1760 4321 admo-

201 4368 302 4405 neo
335 4370 346 4403 :
398 4350 536 4415 Fili,
570 4367 634 4402 ne
668 4352 980 4418 derelinquas
1022 4356 1240 4407 anticum
1278 4359 1539 4423 antiquum
1563 4396 1577 4421 ,
1604 4374 1759 4410 novus

198 4442 335 4497 enim
363 4458 466 4495 non
496 4444 585 4494 erit
609 4443 787 4495 similis
809 4444 903 4496 illi.
941 4444 1125 4497 Vinum
1148 4463 1325 4499 novum
1355 4450 1542 4499 amicus
1566 4464 1757 4509 novus;

1860 3394 2037 3447 aditus
2076 3394 2302 3460 patuerit
2333 3392 2625 3459 deploranti
2651 3431 2665 3456 ,
2714 3393 2999 3446 secundum
3032 3394 3172 3447 illam
3202 3404 3417 3450 senteno

1862 3484 1987 3536 tiam
2021 3499 2035 3537 ς
2066 3483 2158 3537 Dic
2185 3494 2237 3539 ιιι
2270 3479 2414 3547 prior
2457 3480 2759 3548 iniquitates
2794 3492 2940 3545 tuas,
2998 3491 3056 3536 ut
3092 3484 3413 3551 iustiﬁceris.

1866 3569 1979 3623 Non
2008 3569 2149 3623 enim
2181 3570 2481 3635 praevalebit
2508 3572 2803 3623 accusantis
2836 3572 3058 3639 invidia,
3088 3574 3173 3626 ubi
3205 3574 3420 3630 humili-

1868 3666 1945 3707 tas
1974 3660 2303 3723 prazcesserit
2330 3660 2694 3725 supplicantis.
2723 3661 3069 3726 Quamobrem
3099 3679 3193 3718 nos
3235 3666 3280 3718 si
3306 3668 3416 3735 iam

1863 3745 2164 3798 excusando
2217 3747 2465 3800 diluimus
2492 3750 2698 3815 culpam
2727 3790 2741 3812 ,
2776 3754 3050 3804 veniamus
3089 3752 3153 3804 ad
3180 3766 3415 3808 causam.

1865 3833 2097 3887 Salutem
2122 3850 2246 3901 ergo
2270 3845 2464 3889 tantam
2488 3838 2713 3892 dicimus
2737 3843 2912 3905 pletati
2940 3851 3147 3906 vestrm,
3166 3852 3414 3910 quant-tm

1865 3932 2037 3988 potest
2056 3924 2273 3977 affectus
2314 3914 2603 3993 intelligere
2622 3968 2637 3990 ,
2676 3938 2728 3981 et
2756 3944 2856 3980 non
2888 3939 3055 3995 potest
3084 3947 3259 3984 sermo
3289 3947 3414 3999 pro-

1865 4014 2034 4073 ferre;
2085 4024 2335 4079 quantam
2364 4018 2561 4067 sentire
2606 4030 2916 4083 possumus,
2957 4028 3009 4070 et
3044 4036 3144 4071 non
3176 4021 3412 4075 valemus

1861 4114 2152 4166 exponere;
2184 4114 2630 4168 quantampmest
2670 4105 2935 4157 interioris
2966 4122 3114 4159 mens
3144 4108 3411 4163 desiderio

1862 4192 2109 4244 calefacta
2160 4192 2463 4259 concipere.
2498 4201 2549 4244 et
2575 4208 2677 4245 non
2710 4203 2882 4261 potest
2921 4195 3089 4261 lingua
3133 4199 3411 4252 exterioris

1860 4293 2117 4333 asserere.
2147 4279 2291 4334 Unde
2306 4284 2497 4348 gratias
2518 4294 2733 4350 agentes
2752 4285 2914 4349 ipsius
2932 4288 3163 4338 caritatis
3185 4293 3406 4352 auctori,

1859 4372 1946 4437 qui
1993 4385 2106 4423 eam
2156 4372 2207 4421 in
2245 4372 2491 4425 cordibus
2523 4375 2711 4428 vestris
2749 4383 2828 4427 est
2858 4375 3097 4442 dignatus
3146 4378 3406 4441 inserere,

1860 4475 2071 4513 oremus
2100 4468 2153 4512 ut
2182 4461 2502 4526 praecipuum
2527 4477 2616 4513 sua
2643 4462 2667 4498 δ
2696 4464 2953 4530 largitatio
2973 4480 3163 4519 munus
3183 4468 3233 4518 in
3258 4470 3360 4519 nob
3383 4485 3409 4521 s

199 4544 498 4599 eeterascet,
531 4545 575 4585 et
604 4550 719 4585 cum
746 4538 988 4588 suavitate
1017 4538 1147 4589 bibes
1191 4540 1319 4589 illud
1343 4538 1502 4606 (Eccl.
1539 4555 1611 4603 Ix,
1648 4539 1756 4604 Il).

1865 4550 2125 4602 custodire
2168 4564 2397 4613 semper,
2430 4561 2483 4603 et
2528 4552 2716 4619 iugiter
2746 4544 2986 4616 tlign'etur
3023 4569 3234 4621 augere.
3276 4558 3405 4620 Quia

202 4621 262 4673 Et
289 4622 411 4674 ideo
435 4637 530 4674 nos
550 4634 936 4677 veterascamus
952 4627 1001 4677 in
1016 4627 1273 4686 amicitiis,
1292 4628 1417 4680 etde
1436 4626 1520 4680 die
1541 4627 1592 4679 in
1617 4626 1754 4679 diem

199 4710 479 4764 aﬂ'ectibus
523 4713 857 4766 innovemur.
887 4715 1035 4779 Quod
1067 4716 1109 4767 si
1140 4717 1338 4767 amicus
1385 4717 1758 4784 relinquendus

200 4813 305 4851 non
336 4811 444 4862 est,
476 4812 674 4867 quanto
701 4806 866 4869 magis
894 4812 1062 4868 pater,
1111 4807 1195 4871 qui
1232 4806 1450 4869 erudiit,
1482 4806 1570 4874 qui
1595 4810 1758 4858 nutri-

201 4887 312 4947 vit,
360 4888 452 4953 qui
507 4889 791 4954 adiuvante
822 4889 1043 4943 Domino
1082 4893 1144 4945 ad
1189 4894 1537 4947 sacerdotium
1593 4910 1757 4960 usque

202 4976 489 5039 perduxit:
536 4976 619 5029 cui
660 4978 881 5030 fortasse
904 4982 1057 5032 etiam
1087 4982 1239 5047 juxta
1282 4984 1507 5036 divinam
1548 4985 1753 5038 miseri-

199 5065 438 5117 cordiam
493 5065 626 5117 lucis
672 5067 823 5120 istius
862 5068 1085 5123 debetur
1140 5076 1323 5127 usura!
1369 5075 1471 5129 Sed
1503 5078 1616 5130 haec
1659 5092 1756 5145 ego

203 5153 513 5206 beatitudini
548 5163 652 5205 tua:
681 5156 877 5221 scribo,
926 5175 1031 5211 non
1058 5166 1201 5229 quasi
1234 5165 1425 5231 aliquid
1463 5166 1753 5234 imputans,

203 5254 291 5295 aut
321 5245 655 5312 exprobrans
680 5285 694 5309 ,
748 5245 840 5298 sed
879 5256 936 5299 ut
962 5249 1069 5302 ﬁlio
1091 5253 1402 5314 carissimo.
1446 5270 1599 5323 quem
1642 5261 1756 5310 sine

204 5334 309 5385 ullo
336 5347 490 5384 nxvo
527 5334 684 5397 cupio
713 5332 766 5385 in
796 5334 895 5387 hoc
924 5340 1122 5392 mundo
1163 5339 1447 5409 impietatis
1479 5344 1750 5410 incedere,

201 5434 253 5475 et
284 5440 474 5493 purum
502 5434 666 5491 atque
708 5422 1097 5482 immaculatum
1131 5432 1181 5484 in
1212 5434 1299 5488 illo
1319 5435 1403 5487 die
1440 5434 1621 5503 iudicii
1668 5451 1755 5491 co-

272 5610 295 5637 ⁸
326 5603 398 5655 lle
423 5618 488 5656 eo
520 5601 587 5653 ad
617 5601 770 5661 epist.
793 5602 880 5655 20.

559 5697 821 5751 I’nnoL.
906 5694 1114 5755 LVIII.

1855 4637 2001 4701 juxta
2050 4638 2358 4703 Apostolum
2408 4638 2515 4705 ipsa
2548 4650 2627 4691 est
2653 4641 2971 4693 eminentior
3002 4642 3085 4693 via
3116 4658 3230 4709 qua:
3264 4647 3407 4697 ducit

1860 4725 1923 4775 ad
1949 4724 2131 4776 vitam.
2161 4724 2308 4789 Quod
2338 4736 2596 4792 superest,
2626 4728 2923 4794 specialiter
2946 4743 3149 4795 quaeso,
3184 4740 3239 4782 ut
3264 4746 3405 4784 com-

1862 4814 2002 4865 muni
2037 4824 2256 4879 patrono
2283 4816 2434 4869 nobis
2464 4818 2698 4884 quotidie
2727 4818 3050 4884 supplicetis.
3082 4819 3209 4884 Quia
3228 4862 3241 4885 ,
3270 4825 3407 4876 sicut

1859 4903 2060 4971 legitis.
2109 4902 2325 4956 multum
2357 4907 2493 4960 valet
2514 4908 2682 4959 oratio
2716 4908 2843 4973 iusti
2882 4908 3111 4961 assidua.
3158 4909 3223 4962 Et
3268 4912 3405 4964 sicut

1861 4992 1971 5057 ipse
2001 4991 2250 5045 Dominus
2278 5003 2457 5047 noster
2498 4996 2546 5045 in
2597 4994 2881 5062 Evangelio
2926 4995 3051 5049 dicit
3083 4997 3147 5048 de
3185 4988 3275 5050 illo
3315 5001 3404 5067 qui

1862 5090 1966 5132 tres
1996 5092 2158 5146 panes
2186 5079 2253 5131 ab
2286 5080 2455 5134 amico
2495 5097 2591 5135 suo
2622 5086 2788 5134 noctis
2820 5093 3073 5150 tempore,
3105 5086 3404 5153 importune

1860 5170 2067 5237 quidem
2090 5208 2103 5230 ,
2146 5170 2236 5222 sed
2264 5171 2559 5234 salubriter,
2590 5175 2727 5240 quod
2758 5175 3093 5239 improbitati
3114 5177 3400 5242 praestitum

1860 5260 2015 5312 fuerit
2033 5258 2341 5323 insistentis,
2372 5264 2509 5329 quod
2535 5263 2817 5329 negabatur
2839 5266 3081 5318 amicitiis
3099 5266 3394 5332 ﬁagitant’s.

1862 5347 2076 5413 Reliqua
2110 5360 2202 5413 per
2224 5349 2532 5413 portitorem
2557 5353 2715 5403 verbo
2740 5353 3004 5418 mandavi,
3034 5369 3147 5419 quae
3186 5353 3399 5419 longum

1859 5437 1956 5490 fuit
2008 5436 2195 5488 litteris
2252 5436 2503 5495 indicare.
2563 5440 2713 5496 Unde
2762 5442 2895 5495 sicut
2938 5442 3248 5511 principium
3289 5445 3397 5511 cpi-

1926 5612 1953 5647 δ
1984 5608 2141 5662 Furit!
2171 5612 2385 5683 largitio.
