3930 6416
436 438 534 491 ιον
1383 458 1388 462 ι
1739 432 1988 490 nomen
2025 429 2316 486 El’lSCUl‘l
3501 435 3604 499 mg

434 545 579 597 stola:
625 544 890 607 continet,
922 555 1046 610 rogo
1080 549 1137 595 et
1185 555 1280 611 pro
1315 515 1571 597 tarditate.
1594 543 1798 597 veniam
1847 543 1971 597 dare
1996 545 2048 601 Α
2077 538 2421 606 nigredine").
2451 539 2519 593 ita
2567 553 2704 594 nunc
2746 533 2858 621 ευῖ),
2895 543 3068 610 ρυηὶς-
3101 545 3334 600 vestibus
3381 559 3601 615 operum

433 634 732 703 dignemini.
769 632 909 686 Vale.

992 721 1198 775 EPIST.
1240 721 1407 774 XXX.

605 811 839 863 Ruricius
867 811 1124 878 episcopus
1149 808 1400 874 Capillum
1430 807 1540 875 ﬁlio
1567 808 1796 861 salutem.
1822 808 1827 816 “

500 919 704 972 Gratias
759 932 857 984 ago
917 917 1093 983 pietati
1125 925 1314 969 vestrae
1371 914 1508 982 quod
1566 930 1652 969 me
1697 915 1972 970 consulere

427 1009 490 1060 de
524 1015 549 1043 ⁸
579 1006 804 1059 civitatis
829 1005 1162 1057 ordinatione
1188 1006 1504 1073 dignamini;
1539 1019 1655 1058 cum
1692 1006 1841 1059 vobis
1869 1005 1975 1058 suf-

431 1097 605 1155 ficere,
632 1094 740 1145 Deo
761 1093 1005 1160 prepitio,
1030 1093 1159 1145 satis
1179 1093 1488 1160 abundeque
1516 1094 1743 1160 possitis.
1770 1093 1832 1146 Et
1851 1093 1971 1146 ideo

429 1182 547 1246 quia
579 1180 717 1246 quod
751 1181 897 1232 \obis
912 1191 966 1232 et
988 1180 1237 1233 fratribus
1267 1181 1454 1233 vestris
1481 1179 1673 1246 placet,
1689 1179 1841 1234 nobis
1862 1179 1972 1233 dis-

433 1269 630 1333 plicere
671 1282 773 1319 non
807 1267 982 1320 debet.
1024 1267 1163 1319 Bene
1207 1266 1396 1330 facitis,
1431 1275 1487 1320 ut
1516 1266 1777 1320 hominem
1817 1281 1968 1334 quem

433 1354 727 1407 communis
752 1368 1040 1406 consensus
1065 1353 1242 1421 elegit,
1269 1353 1545 1406 ordinetis.
1567 1353 1668 1407 Sed
1691 1353 1970 1408 admonete

433 1444 576 1497 illum
600 1452 656 1495 ut
675 1442 883 1495 veritati
902 1442 1130 1505 studeat,
1159 1457 1261 1494 non
1283 1442 1523 1504 falsitati;
1558 1443 1692 1508 paci,
1721 1456 1822 1496 non
1853 1457 1970 1508 per-

434 1534 648 1594 ditioni;
675 1532 988 1598 disciplinae,
1012 1545 1117 1582 non
1144 1530 1452 1594 discordiae;
1477 1529 1686 1583 utilitati
1717 1529 1964 1596 publica),

435 1638 542 1675 non
574 1626 783 1687 privatae
812 1620 1111 1686 cupiditati;
1138 1618 1379 1686 justitia,
1411 1634 1517 1672 non
1545 1619 1761 1686 rapinae.
1800 1618 1969 1672 Tuea-

436 1723 518 1762 tur
565 1710 761 1771 bonos,
792 1708 1034 1761 emendet
1062 1721 1181 1760 reos
1212 1725 1224 1759 :
1254 1707 1474 1759 miseros
1518 1722 1625 1761 non
1651 1705 1837 1770 faciat,
1872 1705 1967 1759 sed

434 1795 697 1851 defendat.
723 1795 964 1864 Corrigat
989 1807 1167 1848 sontes
1189 1833 1203 1857 ,
1242 1795 1498 1847 custodiat
1526 1795 1866 1857 innocentes;
1903 1803 1964 1846 ut

2072 625 2187 678 luce
2239 625 2534 680 candescat.
2580 626 2828 681 Peccator
2865 631 3003 683 enim
3047 647 3148 698 qua
3178 633 3263 686 die
3311 648 3600 689 conversus

2071 715 2399 782 ingemuerit,
2433 726 2554 769 tunc
2578 717 2750 770 salvus
2779 719 2900 772 erit.
2929 719 3222 774 Dummodo
3258 723 3404 787 juxta
3435 725 3600 778 sancti

2071 802 2217 858 Pauli
2243 807 2462 873 apostoli
2487 808 2818 870 sententiam,
2836 810 2967 862 sicut
2988 810 3319 866 exhibuimus
3344 800 3599 868 hactenus

2069 905 2288 958 corpora
2323 904 2500 946 nostra
2542 896 2744 948 servire
2769 897 2984 960 saeculo,
3011 907 3063 950 et
3109 900 3370 967 iniquitati
3409 902 3472 954 ad
3505 904 3600 955 ini-

2069 981 2342 1047 quitatem,
2377 982 2446 1035 ita
2472 999 2612 1035 nunc
2640 985 2978 1037 exhibeamns
3024 988 3254 1039 membra
3284 999 3462 1040 nostra
3490 1003 3602 1041 sei-

2069 1070 2184 1122 vire
2219 1069 2432 1136 justitia:
2463 1072 2515 1123 in
2543 1073 3000 1127 sanctificationem
3032 1076 3206 1143 (Rom.
3238 1092 3327 1139 vt,
3354 1077 3463 1146 i3).
3494 1077 3601 1131 Nec

2069 1157 2234 1210 simus
2273 1160 2420 1226 quasi
2448 1158 2687 1212 timentes
2726 1161 2904 1224 Deum,
2935 1163 3074 1216 aliud
3103 1167 3434 1218 sermonibus
3464 1183 3599 1231 pra-

2069 1245 2368 1318 tendentes,
2397 1245 2532 1297 aliud
2561 1245 2808 1300 habentes
2846 1249 2897 1301 in
2938 1251 3198 1315 moribus;
3243 1254 3383 1306 aliud
3411 1266 3589 1307 osten-

2067 1320 2240 1384 tantes
2264 1334 2314 1385 in
2343 1334 2740 1395 vestibus,aliud
2764 1337 2965 1390 actibus
2989 1340 3392 1403 comprobantes
3413 1356 3479 1395 ne
3499 1357 3597 1395 nos

2069 1419 2307 1472 mordeat
2349 1435 2521 1472 sermo
2567 1421 2654 1474 ille
2699 1422 3022 1487 Dominicus,
3059 1427 3156 1479 sub
3182 1429 3372 1480 vestitu
3421 1433 3596 1482 ovium

2066 1508 2304 1582 luporum
2334 1510 2524 1564 rabiem
2566 1522 2926 1580 contegeute.
2957 1515 3086 1578 Quia
3119 1518 3301 1570 oculus
3333 1517 3421 1571 ille
3463 1519 3599 1572 divi-

2067 1612 2186 1662 nus,
2215 1600 2346 1651 sicut
2373 1599 2622 1662 scriptum
2651 1611 2752 1664 est,
2783 1601 2924 1653 omni
2953 1603 3069 1655 loco
3098 1604 3264 1655 bonos
3300 1606 3601 1671 speculatur

2065 1694 2120 1739 et
2141 1687 2328 1739 malos.
2346 1686 2470 1739 Sine
2489 1688 2664 1751 dubio,
2681 1704 2832 1754 quem
2858 1689 2924 1741 ad
2949 1705 3005 1756 se
3022 1691 3225 1759 integro
3243 1694 3401 1746 corde
3422 1701 3600 1747 trans-

2067 1775 2145 1826 ire
2190 1777 2538 1841 conspexerit,
2582 1776 2692 1842 ipse
2736 1777 2785 1828 in
2818 1793 2908 1830 tor
2949 1778 3090 1832 illius
3119 1780 3231 1847 jugi
3276 1780 3601 1836 habitatione

434 1884 503 1937 ita
548 1897 707 1950 agens
737 1861 901 1950 magis
929 1869 1105 1934 futuro
1134 1882 1298 1948 possit
1326 1880 1530 1947 placere
1569 1878 1769 1947 judicio
1812 1893 1966 1947 quam
2001 1868 2044 1924 Β
2070 1861 2381 1950 descendet,
2396 1873 2452 1914 ut
2477 1877 2540 1915 eo
2569 1863 2861 1918 habitatore
2891 1881 2993 1919 non
3021 1879 3217 1931 careat,
3245 1872 3329 1923 cui
3367 1886 3426 1924 se
3465 1887 3601 1939 prur-

440 1972 700 2038 presenti.

988 2075 1198 2129 EPIST.
1228 2074 1415 2128 XXXI.

437 2167 649 2220 Domino
674 2167 857 2220 iliustri
886 2181 1172 2233 semperque
1196 2165 1460 2235 mnqniﬁco
1504 2164 1615 2232 ﬁlio
1650 2162 1677 2202 δ
1721 2164 1967 2235 ΔΨὶεοΐα

919 2235 1156 2286 Ruricius
1182 2233 1457 2301 episcopus.

507 2351 734 2411 Reiectis
763 2349 948 2402 litteris
975 2347 1304 2402 sublimitatis
1323 2356 1530 2410 vestrze,
1545 2347 1737 2414 gratias
1755 2346 1863 2399 Deo
1885 2345 1966 2414 egi

437 2439 575 2507 quod
605 2453 696 2492 vos
729 2438 870 2504 prius
915 2435 1200 2490 revaluisse
1245 2435 1573 2488 ordinatione
1601 2433 1784 2501 ipsius,
1811 2448 1966 2500 quam

437 2529 722 2584 inﬁrmatus
765 2542 882 2582 esse
924 2527 1165 2594 cognovi,
1194 2534 1246 2577 et
1275 2524 1427 2577 nobis
1467 2523 1781 2576 anxietatem
1813 2521 1966 2574 tolle-

438 2625 540 2678 ret,
570 2624 624 2670 et
641 2616 788 2668 vobis
841 2613 1084 2667 redderet
1126 2612 1447 2677 sospitatem.
1475 2609 1638 2675 Quam
1688 2618 1861 2662 tamen
1889 2607 1970 2662 in-

440 2705 735 2756 ﬁrmitatem
774 2701 920 2753 vobis
948 2701 1232 2753 clementer
1261 2697 1476 2760 illatam,
1525 2697 1748 2765 propitio
1797 2697 1967 2762 potius

441 2804 598 2857 quam
649 2788 782 2840 irato
821 2787 935 2854 ipso
986 2787 1204 2838 Domino
1257 2795 1469 2847 nostro,
1517 2799 1614 2851 pro
1657 2783 1808 2836 solita
1855 2784 1969 2849 ejus

441 2879 652 2946 pietate,
697 2873 940 2940 conjicio.
971 2873 1058 2927 Sic
1099 2871 1239 2924 enim
1288 2872 1526 2938 legimus,
1558 2869 1695 2938 quod
1721 2871 1969 2937 corripiat

444 2962 692 3016 Dominus
717 2976 868 3027 quem
915 2960 1114 3028 diligit;
1161 2958 1328 3026 diligit
1365 2967 1537 3010 autem
1567 2972 1775 3011 omnem
1804 2958 1966 3011 filium

440 3068 593 3121 quem
634 3051 818 3118 recipit
860 3049 1038 3118 (Hebr.
1068 3064 1164 3114 xu,
1197 3049 1272 3110 6).
1312 3048 1459 3112 Quod
1512 3049 1667 3101 etiam
1717 3049 1767 3100 in
1795 3048 1964 3111 vobis,

441 3150 688 3206 quantum
734 3139 910 3203 audio,
941 3153 998 3190 re
1027 3136 1302 3203 probatur;
1333 3146 1390 3189 ut
1417 3136 1669 3189 ordinatis
1696 3135 1966 3190 aﬂectibus

443 3232 651 3296 vestris,
677 3243 825 3281 suum
867 3227 1014 3280 vobis
1059 3227 1344 3281 insinuaret
1393 3225 1658 3289 affectum,
1689 3235 1742 3279 et
1789 3225 1968 3278 habitu

442 3321 721 3386 animqu
765 3324 986 3379 mutato,
1012 3316 1190 3384 jugum
1221 3316 1368 3370 vobis
1394 3331 1501 3369 sua:
1541 3316 1769 3370 lenitatis
1797 3318 1967 3383 impo-

443 3415 689 3468 neret,ut
715 3404 928 3458 salutari
956 3405 1132 3456 currui
1183 3417 1280 3456 suo
1336 3405 1466 3456 colla
1513 3403 1814 3469 subdentes,
1844 3403 1966 3455 dum

444 3493 802 3546 mandatorum
832 3505 1045 3543 suorum
1077 3491 1188 3541 leve
1216 3503 1348 3541 onus
1376 3489 1614 3551 evehitis,
1637 3498 1968 3555 peccatorum

445 3595 654 3648 gravem
682 3579 940 3631 sarcinam
982 3575 1276 3640 dsponatis.
1305 3575 1430 3628 Huic
1454 3583 1535 3626 est
1571 3575 1709 3627 enim
1755 3577 1972 3627 mutatio

446 3670 682 3721 dexterae
713 3665 940 3726 Excelsi,
963 3663 1084 3715 dn.n
1107 3662 1173 3716 de
1193 3662 1552 3729 peccatoribus
1575 3661 1766 3730 justus,
1794 3662 1859 3715 de
1883 3677 1974 3716 ex-

451 3756 642 3808 traneis
673 3753 1010 3815 domesticos,
1035 3752 1229 3804 amicos
1255 3750 1351 3804 sibi
1401 3750 1574 3804 facere
1623 3750 1866 3818 dignatur
1906 3765 1971 3804 ex

449 3845 636 3896 servis.
668 3842 919 3911 Superest
949 3851 1007 3892 ut
1051 3855 1188 3894 nunc
1231 3840 1625 3894 conversionem
1657 3854 1808 3907 quam
1849 3855 1973 3909 pro-

450 3932 642 3986 tulistis
674 3931 725 3983 in
758 3939 919 3992 veste,
955 3929 1183 3996 probetis
1212 3929 1262 3980 in
1306 3927 1493 3991 corde;
1524 3937 1576 3980 et
1603 3927 1714 3980 hac
1743 3943 1973 3981 commu-

390 4020 394 4023 ’
451 4022 574 4073 latio
597 4019 1100 4074 interindumentnm
1128 4026 1356 4069 vestrum
1379 4015 1628 4069 habeatur
1643 4017 1970 4081 etanimum;

450 4119 505 4163 ut
539 4108 671 4162 sicut
710 4106 797 4160 ille
837 4105 933 4159 sub
961 4105 1195 4160 candidis
1239 4104 1473 4158 vestibus
1502 4103 1681 4158 habuit
1710 4105 1974 4172 hucusque

523 4309 547 4337 ι
578 4301 699 4353 fimo
727 4313 847 4359 vox,
879 4307 937 4351 ut
966 4305 1112 4361 puto,
1137 4303 1378 4359 corrupta
1401 4303 1500 4347 est.

519 4366 546 4418 l2
579 4367 693 4419 Fnit
745 4359 983 4428 Agricola
1045 4377 1121 4413 vir
1170 4362 1408 4420 illustris,
1454 4360 1585 4411 Aviti
1634 4359 1976 4428 imperatoris

455 4434 608 4494 ﬁlius,
639 4425 833 4484 Bedicli
863 4432 1041 4490 frater,
1061 4427 1146 4493 qui
1177 4436 1284 4480 tum
1310 4441 1486 4478 comes
1514 4425 1862 4494 magisterque
1888 4427 1982 4477 mi-

455 4492 602 4552 litum
632 4501 982 4550 Arvernorum
1014 4492 1168 4546 multa
1209 4497 1256 4546 in
1290 4494 1431 4546 urbis
1453 4492 1757 4546 defensioue
1793 4492 1979 4544 adver-

454 4582 542 4620 sus
591 4566 788 4620 Gothos
838 4571 1103 4630 gesserat;
1170 4562 1591 4630 illius.sororem
1643 4558 1975 4627 Papianillam

459 4646 670 4687 uxorem
701 4629 921 4685 duxerat
963 4631 1208 4684 Sidonius
1253 4629 1587 4697 Apollinaris,
1628 4639 1682 4679 ut
1723 4636 1867 4694 patet
1911 4641 1975 4680 ex

452 4719 538 4772 ep.
573 4702 606 4773 lg
642 4717 697 4773 it,
727 4717 809 4767 ep.
840 4700 921 4752 ιε.
945 4699 1108 4773 liuent
1147 4765 1158 4773 .
1281 4761 1314 4773 Α
1454 4763 1466 4773 .
1610 4771 1616 4773 Α

528 4781 548 4808 ε
576 4761 867 4834 δετῖρεὶιι-ει
895 4767 956 4817 ad
989 4765 1249 4834 Ruricium
1277 4761 1534 4834 Caesarius
1566 4771 1622 4814 ut
1659 4761 1883 4814 concilio
1911 4775 1973 4814 ex

453 4831 988 4889 universatiothorum
1010 4833 1206 4884 .litione
1219 4831 1429 4897 Agatliaa
1445 4839 1730 4882 convocato
1747 4843 1974 4897 praesens

453 4907 680 4956 adesset.
727 4905 955 4955 Habetnr
982 4901 1096 4963 ejus
1121 4896 1741 4963 eristOIainterepistolas
1775 4896 1970 4956 Fausti,

453 4914 680 4956 adesset.
727 4914 955 4955 ﬂabetnr
982 4916 1096 4963 ejus
1121 4915 1148 4950 ρ
1175 4914 1741 4963 nstotainterepistmas
1775 4914 1970 4956 rami".

453 4973 692 5036 superius
713 4972 877 5022 editas
909 4914 1265 5036 (Videﬁinfio).
1284 4966 1693 5036 celeberrimum
1722 4964 1815 5036 fuit
1844 4964 1972 5036 illud

454 5032 746 5101 concilium,
772 5037 821 5088 in
845 5032 942 5101 quo
960 5035 1240 5086 Galliarum
1260 5032 1530 5101 primatem
1560 5047 1617 5084 se
1634 5034 1848 5101 gerebat
1864 5032 1974 5098 epi-

456 5117 644 5171 scopus
676 5098 1016 5161 Arelatensis,
1049 5103 1134 5166 qui
1159 5099 1736 5171 conciliaconvocabat
1767 5098 1973 5171 illisque

456 5167 694 5238 pra-crat.
741 5174 985 5238 Autumat
1021 5173 1096 5218 vir
1137 5167 1795 5238 eruditissimus_Baluaius
1840 5168 1973 5238 hanc

454 5234 750 5306 dignitatem
778 5237 1002 5306 Caesarie
1027 5235 1334 5306 aticturitate
1377 5235 1660 5299 pontificali
1692 5235 1852 5287 fuisse
1879 5234 1971 5306 de-

456 5300 749 5358 mandatam
785 5315 836 5354 et
859 5302 1126 5353 sancitam.
1155 5300 1255 5352 Sed
1283 5313 1346 5352 eo
1377 5311 1628 5365 tempore,
1659 5317 1794 5353 anno
1831 5303 1972 5354 scrli-

457 5374 689 5430 cet506.
742 5368 1082 5438 Symmachus
1135 5368 1379 5438 Romana:
1432 5370 1570 5420 sedis
1620 5370 1829 5433 praesul,
1853 5371 1968 5438 jura

459 5443 599 5500 prius
633 5435 818 5492 A‘lonio
866 5435 1147 5504 Arelatensi
1195 5435 1731 5504 episcoporconcessa
1767 5436 1971 5504 penitus

459 5508 813 5571 abrogaverat,
846 5503 1261 5555 constitutionem
1313 5501 1500 5571 Leonis
1537 5505 1707 5566 magni
1737 5501 1852 5555 a'se
1893 5517 1974 5554 re—

460 5569 687 5623 stitutam
735 5571 1152 5628 eonfirtnaverat,
1183 5581 1425 5619 asserens
1478 5569 1641 5623 levem
1674 5573 1971 5622 inconstan-

458 5648 665 5704 tcmque
719 5639 944 5690 animum
1003 5635 1234 5707 pontifici
1279 5647 1382 5687 non
1432 5639 1714 5691 convenire
1747 5655 1763 5705 ;
1797 5651 1972 5690 verum

2068 1950 2268 2015 paravit
2305 1949 2675 2004 habitaculum.
2705 1950 2914 2004 Gratias
2959 1955 3133 2022 itaque
3158 1957 3379 2011 Domino
3409 1971 3595 2012 nostro

2065 2049 2223 2100 super
2252 2047 2351 2088 tam
2385 2038 2720 2091 inenarrabili
2773 2039 2886 2107 ejus
2939 2041 3168 2098 bonitate
3216 2047 3267 2098 in
3312 2062 3597 2102 commune

2066 2122 2474 2191 referamus,qui
2504 2112 2699 2177 mavult
2719 2141 2900 2180 servos
2925 2145 3137 2184 monere
3158 2149 3310 2198 quam
3338 2129 3596 2201 perdere;

2066 2213 2350 2280 corrigere,
2393 2229 2546 2278 quam
2580 2216 2792 2281 punire;
2838 2225 2892 2270 et
2921 2232 3014 2284 pro
3051 2236 3207 2274 usura
3256 2223 3431 2275 brevis
3476 2226 3599 2278 vita:

2065 2311 2314 2366 perpetua
2358 2315 2516 2366 regna
2551 2301 2764 2355 donare.
2791 2304 2940 2366 Quod
2991 2317 3250 2372 superest,
3280 2309 3452 2362 saluto
3481 2310 3598 2376 plu-

2066 2389 2276 2452 rimum,
2302 2398 2354 2441 et
2376 2388 2614 2440 ancillam
2646 2397 2873 2443 vestram
2899 2393 3045 2446 vobis
3082 2395 3330 2460 peculiari
3357 2396 3596 2450 insinua-

2067 2477 2208 2530 tione
2235 2478 2574 2530 commendo:
2602 2479 2886 2544 quamlibet
2905 2480 3003 2540 hoc
3027 2482 3172 2535 salva
3200 2495 3373 2539 vestra
3405 2487 3598 2553 pietate

2065 2581 2167 2618 non
2193 2575 2372 2633 egeat;
2404 2573 2460 2618 ut
2486 2580 2589 2633 quo
2618 2580 2732 2618 eam
2760 2571 3026 2634 suscipere
3070 2569 3198 2624 tanti
3231 2572 3489 2625 habuistis
3514 2575 3594 2627 af-

2065 2651 2223 2714 fectu,
2245 2665 2454 2718 semper
2497 2651 2739 2718 foveatis,
2774 2655 3077 2723 lndultuque
3130 2657 3371 2726 largitate
3418 2659 3599 2715 divina
3677 2661 3684 2666 ’

2066 2749 2313 2808 utrosque
2339 2755 2435 2792 nos
2452 2741 2550 2794 sibi
2572 2744 2767 2808 paravit
2793 2746 3079 2810 obnoxios;
3111 2760 3205 2800 vos
3234 2763 3362 2801 avos
3395 2749 3596 2804 faciens

2065 2844 2158 2882 sua
2199 2830 2533 2892 fecunditate,
2556 2846 2649 2884 nos
2675 2847 2914 2898 proavos.
2944 2834 3196 2890 Domnam
3224 2837 3380 2890 ﬁliam
3428 2853 3604 2891 meam

2064 2918 2322 2971 desiderio
2369 2927 2422 2971 et
2464 2919 2681 2981 honore,
2731 2935 2834 2986 quo
2881 2923 3095 2989 dignum
3127 2936 3228 2989 est,
3273 2927 3492 2994 sospito.
3521 2930 3602 2981 tib

2064 3009 2235 3075 cujus,
2271 3009 2315 3060 si
2360 3009 2574 3062 facultas
2625 3008 2768 3062 esset
2821 3010 3141 3076 ambulandi,
3195 3006 3310 3068 erat
3359 3015 3604 3070 voluntas

2082 3096 2466 3164 promptissima
2517 3109 2610 3148 vos
2654 3096 2902 3162 visendi;
2952 3107 3008 3151 ut
3053 3116 3208 3167 quam
3263 3094 3603 3157 interioribus

1993 3174 2040 3236 C
2069 3183 2234 3237 oculis
2264 3197 2358 3251 pro
2381 3183 2650 3237 affinitatis
2686 3183 2849 3250 ipsius
2890 3189 3255 3253 conjunctione
3275 3189 3385 3257 jngi
3416 3205 3594 3244 recor-

2067 3274 2278 3327 datione
2303 3275 2678 3342 conspicimus,
2707 3276 3053 3330 exterioribus
3079 3293 3439 3334 cerneremus.
3465 3283 3602 3349 Opto

2067 3365 2200 3417 bene
2223 3377 2368 3430 agas.
3217 3364 3219 3367 '

2606 3489 2817 3544 EPIST.
2850 3490 3060 3545 XXXII.

2071 3596 2288 3648 Domino
2313 3606 2486 3666 sancto
2505 3606 2552 3666 et
2576 3597 2867 3666 apostolico,
2897 3601 3123 3666 omnique
3146 3617 3178 3652 α
3204 3618 3280 3653 me
3317 3602 3509 3657 honore
3549 3615 3602 3659 et

2139 3679 2316 3783 amore.
2329 3665 2593 3728 specialius
2630 3665 2836 3717 colendo
2877 3669 3025 3733 fratri
3046 3665 3049 3666 ⁷
3069 3668 3286 3722 Caesario
3319 3681 3340 3708 ο
3363 3674 3600 3740 episcopo

2193 3745 2396 3782 arietes.

2193 3745 2396 3782 urscws.

2143 3838 2330 3892 Frater
2344 3839 2795 3908 etcompresbyter
2815 3851 2992 3895 noster
3018 3836 3306 3912 Capillutus
3325 3848 3603 3915 dupliciter

2077 3927 2175 3980 bac
2216 3928 2328 3980 vice
2356 3928 2505 3979 nobis
2548 3938 2722 3996 gratus
2771 3931 3024 4003 apparuit,
3058 3933 3180 3985 dum
3221 3944 3275 3987 et
3301 3936 3413 4002 ipse
3441 3937 3591 3991 nobis

2070 4018 2178 4086 jam
2226 4019 2313 4071 diu
2358 4017 2682 4071 desideratus
2726 4020 2972 4083 occurrit,
3001 4031 3055 4074 et
3104 4024 3382 4089 quamdam
3437 4028 3600 4081 vestri

2077 4107 2406 4174 praesentiam
2442 4104 2593 4159 nobis
2635 4120 2728 4174 per
2766 4113 2963 4160 vestras
3011 4107 3209 4163 litteras
3236 4125 3599 4180 repraesentat.

2081 4292 2345 4374 equidem,
2371 4293 2731 4374 abrogatanilla
2757 4298 2870 4374 jura
2899 4300 3072 4374 denuo
3101 4301 3420 4356 instaurasse
3439 4305 3602 4374 εγω-

2083 4359 2320 4426 machum
2369 4361 2569 4425 ipsique
2608 4359 2833 4416 Cassario
2877 4367 3065 4418 utenda
3111 4359 3604 4426 concessisse.’Sed

2083 4425 2392 4497 effluxerunt
2436 4430 2556 4480 anni
2603 4442 2722 4481 ocuo
2746 4445 2774 4482 a
2813 4433 2977 4483 concil
3001 4447 3032 4480 ο
3059 4434 3338 4497 Agathensi
3369 4425 3432 4489 atl
3460 4425 3603 4492 vina;

2085 4493 2242 4544 riatns
2265 4495 2588 4566 Arelatensis
2615 4499 3013 4566 resti'utinnem.
3037 4493 3244 4566 Propria
3276 4504 3432 4562 igitur
3453 4510 3601 4559 nisus

2083 4561 2413 4635 aucti-tritate
2435 4571 2836 4635 contemptoque
2883 4565 3100 4635 Romani
3141 4561 3377 4633 praesulis
3403 4573 3598 4635 edicto,

2083 4628 2357 4679 concilium
2389 4628 2681 4692 Agathense
2723 4645 3014 4683 convocans
3041 4628 3298 4688 Caesarius
3335 4639 3399 4688 ad
3441 4628 3598 4692 Buri;

2079 4694 2217 4746 cium
2243 4694 2519 4771 utadesset
2546 4699 2844 4771 scripserat.
2877 4698 3062 4752 [ienuit
3091 4700 3346 4767 Ruricius,
3371 4719 3434 4755 eo
3460 4708 3602 4771 quod

2082 4775 2184 4812 non
2202 4761 2339 4837 satis
2370 4762 2516 4837 firma
2541 4761 2861 4837 _va_letudine
2910 4777 3173 4837 uteretur,
3203 4771 3293 4822 sed
3334 4761 3507 4837 potius
3535 4791 3604 4828 eo

2079 4829 2214 4893 ψιοά
2239 4843 2296 4882 se
2316 4843 2343 4880 a
2363 4828 2593 4882 Caesarie
2608 4833 2904 4896 despectum
2926 4834 3189 4896 crederet;
3207 4828 3423 4892 aberant
3441 4842 3601 4894 etiam

2081 4896 2314 4968 plerique
2340 4910 2371 4948 e
2389 4898 2655 4968 provincia
2681 4896 2978 4959 Viennensi,
3001 4902 3112 4968 qui,
3137 4907 3376 4966 quamvis
3395 4909 3604 4962 Alarico

2078 4963 2292 5036 subditi,
2321 4977 2496 5015 coram
2534 4967 2822 5036 Arelatensi
2850 4963 3070 5036 praesule
3098 4963 3275 5024 fasces
3319 4974 3601 5030 demittere

2074 5031 2338 5101 nolebant,
2375 5035 2660 5101 etproiiria
2686 5034 2801 5101 jura
2844 5031 2871 5085 a
2903 5036 3218 5101 Symmacho
3245 5054 3432 5092 recens
3466 5058 3600 5094 con-

2075 5098 2270 5148 firmata
2297 5098 2650 5153 venditabant.
2684 5100 2847 5154 iratus
2871 5098 3049 5155 eorum
3079 5105 3316 5159 absentia
3340 5107 3603 5162 Czesarius

2074 5167 2236 5231 legem
2269 5165 2442 5240 sanxit
2471 5181 2569 5231 qua
2598 5167 2858 5240 ferebatur
2891 5181 2946 5222 ut
2972 5173 3012 5221 si
3026 5175 3466 5240 imetropolilanns
3490 5180 3605 5240 epi-

2073 5245 2263 5309 scopus
2285 5232 2348 5283 ad
2369 5235 2836 5309 comprovinciales
2857 5239 3099 5304 epistolas
3124 5232 3387 5309 direxerit,
3413 5244 3462 5298 in
3484 5232 3606 5309 qni-

2072 5298 2169 5372 bus
2212 5298 2926 5372 eos_aut_ad_ordinationem
2969 5309 3154 5358 summi
3197 5298 3478 5372 pontificis,
3503 5298 3605 5362 'ant

2073 5366 2418 5443 adAsynodum
2449 5367 2650 5443 invitet,
2675 5374 2956 5437 postpositis
2977 5366 3220 5443 omnibus,
3233 5366 3603 5443 excepta-gravi

2073 5434 2356 5509 inﬁrmitute
2375 5436 2622 5509 corporis,
2652 5434 3090 5509 dut__p_rceceptione
3126 5443 3285 5509 regia,
3312 5434 3392 5493 at}
3415 5434 3601 5494 co'nsts'o

2074 5511 2230 5550 tutam
2252 5501 2378 5552 diem
2397 5503 2566 5553 adesse
2586 5519 2681 5555 non
2709 5501 2965 5568 differant.
2990 5508 3097 5558 Hoc
3125 5501 3389 5562 decretum
3417 5525 3442 5556 a
3473 5523 3602 5560 con-

2075 5569 2196 5644 cilio
2223 5570 2400 5644 latum,
2431 5578 2541 5644 tum
2587 5571 2743 5644 etiam
2772 5574 2979 5644 Qmsarii
3026 5577 3253 5644 querela:
3283 5578 3349 5626 de
3395 5574 3603 5644 Ruricii

2075 5636 2330 5696 absentia,
2359 5636 2476 5690 huic
2519 5637 2748 5705 epistola:
2778 5636 3402 5695 dederunt'oceasionem.
3437 5642 3600 5711 fissa.
