3930 6408
182 452 275 510 too
676 440 685 451 ‘
1396 458 1887 518 EPISTOLARUM
1928 460 2055 517 LIB.
2098 460 2164 515 tt.
3284 475 3382 529 tto

176 571 285 633 Quo
310 565 563 659 redeunte
607 565 705 659 bss
736 566 960 622 reddere
998 571 1296 659 procuravi,
1344 572 1536 640 quibus
1578 574 1726 629 debi—
1752 576 1808 639 Α
1832 576 1893 659 lit
1919 582 2091 645 servi;
2150 590 2206 637 ut
2235 583 2398 649 possit
2425 583 2760 653 impassibilis
2799 588 2927 654 pati,
2973 586 3370 653 incomprehen—

176 667 279 711 ttun
312 655 621 709 beatitudini
652 665 841 709 vestra:
878 658 1120 725 rependo
1168 660 1405 714 caritatis
1456 661 1713 719 omnium.
1822 655 1988 726 sibilis
2034 675 2170 742 capi,
2202 675 2512 730 immortalis
2557 679 2710 741 mori,
2748 679 2836 746 qui
2887 687 3109 733 mortem
3155 694 3368 734 occum-

174 744 313 811 Q“"d
352 758 477 796 νετο
522 744 769 808 “Vibium
800 761 893 799 ουτ
936 749 1004 801 ad
1046 751 1333 818 εἵηοάυως
1364 753 1505 807 Sicut
1557 755 1722 808 οοΙΙο-
1820 762 1995 816 bendo
2042 765 2345 832 perimeret.
2392 778 2446 820 ιιι
2500 768 2660 822 vitam
2708 744 3035 838 resurgendo
3078 782 3365 838 repararet.

172 836 303 887 cutio
329 833 509 887 habuit
530 847 731 899 nostra,
767 852 868 889 non
898 840 1163 903 venerim,
1200 842 1322 896 fecit
1348 843 1450 898 hoc
1496 846 1721 899 inﬁrmi-
1820 850 1923 906 Sed
1955 855 2077 920 quid
2108 871 2206 924 ego
2247 856 2444 910 oblitus
2476 859 2598 921 mei,
2628 860 2810 914 avidus
2833 833 2931 925 tui,
2960 862 3110 929 quasi
3140 833 3225 916 ide
3273 866 3366 915 lut-

174 936 395 1003 tas,_non
425 924 686 979 voluntas.
719 928 818 994 Ipsi
846 930 985 982 enim
1018 932 1254 986 recolere
1298 935 1519 1001 potestis
1560 952 1717 1004 quam
1813 938 2106 1005 jnscemodi
2178 946 2337 997 rebus
2392 956 2561 1000 tecum
2623 928 2969 1015 colloquens,
3021 960 3075 1003 et
3137 952 3263 1004 inde
3313 954 3364 1004 in

174 1012 357 1065 fessum
388 1030 472 1065 nte
518 1015 810 1083 Burdigalia
858 1015 1028 1088 [forte
1073 1018 1376 1092 Burdigali]
1434 1023 1711 1088 videritis;
1818 1027 2135 1083 desiderium
2190 1033 2261 1084 tui
2313 1035 2676 1087 vehementius
2720 1012 3123 1104 pe'rardeseens,
3177 1041 3364 1091 restiu-

170 1113 222 1157 et
248 1105 343 1157 hoc
369 1104 578 1173 hyeme,
605 1108 817 1172 quando
839 1122 959 1161 esse
989 1110 1138 1164 soleo
1167 1113 1353 1167 fortior
1378 1115 1553 1169 solito.
1585 1116 1714 1181 Quia
1818 1134 1981 1181 gnere
2028 1121 2169 1174 sitim
2216 1138 2385 1176 meam
2431 1126 2568 1179 velut
2600 1127 2825 1193 quodam
2868 1128 3161 1182 dilectionis
3190 1130 3365 1182 rivulo

169 1194 354 1247 aestivis
398 1194 584 1249 diebus
614 1198 771 1250 etiam
803 1199 854 1250 in
880 1198 1108 1268 hospitio
1138 1219 1277 1270 meo,
1309 1216 1363 1258 et
1391 1204 1522 1261 locis
1568 1210 1713 1278 frigi-
1817 1207 2093 1272 festinans,
2122 1211 2481 1267 iuserutabilia
2512 1225 2565 1267 et
2593 1215 2857 1269 inaccessa
2890 1227 3212 1284 pertentans,
3232 1220 3357 1286 quid

167 1282 262 1347 dis,
287 1285 451 1350 ipsam
481 1288 1001 1342 consuetudinariatn
1030 1292 1386 1348 inﬁrmitatem
1410 1308 1707 1354 sustentare
1815 1302 2020 1367 loquar,
2047 1301 2134 1368 qui
2189 1303 2393 1370 loquar,
2420 1306 2505 1359 cui
2558 1306 2740 1373 loquar
2777 1282 3203 1362 nonﬁconsidero.
3253 1310 3362 1363 Sed

167 1373 249 1424 vix
286 1373 469 1436 valeo;
514 1389 579 1428 ne
606 1376 799 1439 dicam,
828 1380 967 1445 quod
993 1380 1112 1435 illos
1156 1393 1324 1439 cmtus
1364 1385 1577 1458 [cestus]
1626 1404 1711 1443 re-
1813 1388 1979 1452 dabit,
2018 1398 2077 1444 ut
2120 1392 2350 1457 conﬁdo,
2399 1394 2606 1447 veniam
2671 1395 2856 1461 pietas,
2895 1412 3051 1464 quam
3084 1400 3365 1452 committit

163 1462 326 1529 giouis
348 1463 488 1517 illius
516 1464 650 1519 ferre
677 1468 964 1535 quiverim,
994 1472 1038 1523 si
1082 1475 1366 1527 venissem.
1401 1475 1551 1531 Unde
1596 1494 1709 1533 ma-
1811 1476 2053 1531 affectus.
2085 1480 2213 1545 Quia
2241 1483 2434 1536 caritas
2464 1484 2638 1536 omnia
2684 1462 2933 1538 sustinet.
2982 1486 3139 1540 Salve
3187 1488 3361 1555 itaque

165 1550 241 1618 gis
267 1566 423 1619 spero
455 1561 513 1606 ut
556 1570 649 1620 pro
678 1571 764 1610 me
788 1573 944 1612 orare
984 1560 1298 1629 dignemini,
1331 1574 1383 1618 et
1406 1566 1470 1619 ad
1504 1575 1708 1633 tempus
1812 1568 2093 1634 plurimum
2149 1570 2267 1625 dico
2314 1572 2582 1625 individuo
2637 1574 2761 1626 mihi
2814 1577 3013 1642 pectori
3060 1550 3359 1641 'vestro,vet

162 1641 313 1706 aliud,
342 1642 484 1708 quod
520 1643 794 1710 intimatis,
824 1646 869 1702 si
901 1648 1037 1703 Deus
1062 1651 1219 1704 vitam
1247 1655 1492 1720 cesserit,
1518 1657 1701 1711 venire
1810 1670 1939 1724 rogo
1973 1667 2029 1710 ttt
2057 1673 2152 1725 pro
2190 1676 2275 1713 me
2304 1662 2629 1716 incessanter
2657 1641 3148 1733 orareidignentini,
3180 1668 3363 1721 simul.

163 1732 330 1797 vultis,
365 1735 518 1787 nobis
547 1750 641 1802 per
677 1734 947 1792 hominem
986 1750 1217 1794 vestrum
1259 1746 1514 1797 maturius
1562 1744 1707 1799 indi-
1806 1759 1910 1811 que
1928 1748 2087 1800 etiam
2119 1750 2322 1813 partem
2344 1754 2583 1815 corporis
2610 1755 2735 1815 mei,
2765 1770 2856 1818 per
2885 1732 3039 1822 quam
3081 1757 3231 1811 vobis
3260 1759 3356 1811 has

159 1822 301 1875 cetis.
328 1822 461 1888 Quia
494 1824 694 1879 litteras
740 1838 941 1881 vestras
982 1829 1049 1882 ad
1082 1845 1164 1883 me
1204 1832 1363 1885 modo
1408 1835 1705 1889 tardissime
1808 1837 1978 1903 trado,
2012 1840 2262 1905 peculiari
2294 1842 2646 1896 insinuatione
2692 1847 3025 1904 commendo.
3062 1856 3118 1900 ut
3144 1850 3197 1901 in
3226 1849 3350 1911 illis,

162 1910 363 1964 venisse
410 1915 671 1980 signiﬁco.
717 1912 850 1980 Quia
902 1918 997 1969 (tsi
1044 1934 1148 1972 non
1180 1936 1273 1985 pro
1318 1923 1590 1990 dignitate,
1624 1927 1705 1979 vel
1738 1917 1783 1975 Β
1810 1942 1967 1994 quam
1999 1942 2083 1981 tne
2109 1928 2337 1995 diligatis
2364 1930 2565 1997 integre
2593 1933 2967 1998 entnprobetis.
3006 1933 3152 1997 Quos
3200 1937 3352 1989 vobis

166 2013 255 2065 pro
281 2008 456 2062 atate,
490 2016 593 2054 non
620 2001 874 2057 debemus
927 2005 1128 2061 tardius
1156 2024 1312 2078 quam
1343 2012 1432 2064 alii
1480 2027 1711 2067 commo-
1806 2030 1873 2068 eo
1905 2017 2132 2071 arbitror
2182 2019 2292 2073 fore
2337 2020 2591 2084 cariores,
2614 2024 2731 2088 quia
2781 2037 2949 2076 meam
2978 2024 3127 2077 vobis
3175 2040 3355 2080 secum

160 2088 287 2179 neri,
315 2088 405 2155 qui
438 2087 668 2179 fortasse
706 2094 797 2161 (ut
820 2094 994 2148 minus
1037 2097 1267 2161 prudens
1304 2100 1507 2169 dicam)
1542 2118 1711 2157 tnere-
1807 2104 2048 2157 deferunt
2073 2108 2390 2173 portionem.
2417 2087 2897 2177 Quibusquidquid
2925 2111 3125 2179 dignati
3148 2112 3352 2168 fueritis

161 2174 341 2228 bantur
387 2178 603 2233 ambiri.
636 2179 770 2246 Quia
792 2182 837 2234 si
866 2184 985 2236 aliis
1014 2201 1204 2240 nomen
1254 2189 1459 2241 urbium
1494 2200 1708 2256 praestat
1807 2193 2100 2246 dilectionis
2124 2193 2449 2261 impendere,
2468 2196 2617 2251 nobis
2646 2174 2737 2251 vos
2756 2174 3007 2252 conferre
3024 2201 3347 2268 cognoscite.

158 2265 462 2331 auctoritas,
498 2267 650 2322 uobis
674 2270 1040 2325 auctoritatem
1067 2273 1282 2329 demere
1304 2291 1408 2329 non
1443 2278 1601 2332 debet
1629 2295 1711 2333 ur-
1810 2282 1945 2346 Quia
1970 2285 2032 2346 si,
2060 2283 2205 2350 juxta
2238 2294 2477 2339 sanctum
2519 2286 2848 2350 Apostolum,
2879 2288 3045 2341 minus
3073 2265 3347 2343 membrum

164 2351 255 2444 bis
286 2350 577 2408 humilitas.
626 2356 899 2426 Siquidem
950 2361 1116 2415 multo
1163 2364 1384 2429 melius,
1440 2365 1710 2436 multoque
1807 2372 1991 2439 majori
2020 2372 2072 2425 in
2095 2371 2267 2425 dolore
2291 2373 2609 2442 compatitur,
2641 2382 2690 2441 et
2719 2376 2883 2442 majus
2908 2380 3083 2444 procul
3112 2378 3264 2430 dubio
3291 2379 3346 2431 its

161 2442 472 2533 eminentius
498 2455 603 2510 est,
633 2448 992 2506 civttatem'de
1016 2454 1314 2522 sacerdote,
1345 2471 1501 2517 quam
1528 2472 1710 2513 saccr-
1804 2462 2013 2513 minoris
2038 2463 2365 2530 prosperitate
2382 2462 2578 2515 letatur
2603 2460 2656 2530 (1
2672 2461 2789 2516 Cor.
2812 2442 3046 2533 xu,26).
3071 2466 3133 2518 Et
3156 2468 3227 2519 ita
3252 2468 3349 2521 de.

160 2529 328 2584 dotem
355 2532 424 2587 de
451 2534 671 2590 civitate
697 2550 939 2592 noscere.
1809 2569 1951 2607 mum
1974 2529 2124 2619 tit,ut
2143 2555 2387 2608 omnibus
2403 2570 2775 2624 usquequaque
2797 2529 3049 2609 membris
3074 2559 3124 2610 in
3147 2573 3275 2624 pace
3294 2570 3370 2613 et'

674 2688 891 2744 EPIST.
919 2690 1137 2747 XXXI“
1807 2645 1981 2714 quiete
1995 2647 2321 2713 compositis,
2336 2648 2691 2747 caput,.totius
2712 2650 2947 2714 corporis
2966 2660 3139 2747 rector
3155 2659 3208 2702 ut
3230 2662 3353 2747 pote

1807 2746 1861 2790 et
1880 2738 2197 2801 dominator,
2225 2738 2470 2791 exsultet.
2511 2737 2567 2791 In
2588 2752 2694 2806 quo
2719 2740 2890 2804 capite
2916 2738 3091 2791 omnia
3115 2740 3347 2793 membra

152 2798 359 2895 "ﬁcti":
386 2802 1344 2895 ξίξξξῗ,εειέιειεεξξξινξέξιέφεε.ἔτι
1360 2806 1561 2895 οιιίνίεεο
1601 2811 1693 2895 οτι-

1807 2826 2055 2893 jubentur
2082 2798 2337 2893 aspicere,
2369 2827 2578 2881 dicente
2606 2798 2858 2894 propheta
2888 2843 2903 2880 :
2938 2826 3188 2895 Sapientis
3214 2830 3351 2881 oculi

213 2870 343 2918 mino
390 2870 617 2953 spe‘rialli‘
647 2873 787 2951 cultu
826 2870 1136 2953 aliumque;
1155 2876 1347 2953 steteris
1388 2879 1703 2946 praeferendo

213 2918 441 3005 patronor
457 2918 664 2990 Sedulo:
1575 2918 1693 2933 mm

1807 2920 1859 2971 in
1875 2921 2036 2984 capite
2063 2918 2351 2990 ejus(Eccl.
2376 2934 2437 2983 ιι,
2477 2920 2593 2987 id).
2624 2919 2771 2986 Quod
2798 2921 2931 2972 alius
2961 2921 3211 2989 pr0pheta
3237 2924 3351 2976 evi-

1807 3008 1995 3061 denter
2023 3009 2239 3073 exponit
2287 3008 2470 3061 diceus
2500 3024 2512 3059 :
2548 3006 2697 3060 Oculi
2723 3009 2821 3060 mei
2860 3024 3052 3073 semper
3080 3008 3147 3059 ad
3176 3007 3351 3062 Domi-

212 3067 341 3163 Dum
367 3068 641 3163 scribendi
667 3069 817 3123 vobis
844 3072 1027 3163 omnis
1078 3075 1309 3141 pectoris
1362 3076 1468 3130 mei
1499 3077 1707 3131 animus
1806 3096 2078 3163 numqui“
2095 3067 2204 3162 ξρεε
2221 3096 2383 3148 enim
2406 3096 2661 3163 ἀειαφιεο
2690 3094 2837 3161 pedes
2870 3067 3346 3163 magunum,

150 3171 234 3209 vos
251 3160 439 3211 sitiens
466 3159 804 3217 occasionem
832 3160 1135 3228 frequenter
1164 3163 1693 3233 inquirit,aliquandc

1810 3182 1918 3251 15).
1948 3159 2015 3236 Et
2043 3159 2227 3237 iterum
2262 3201 2276 3234 ε
2305 3184 2385 3235 Ad
2411 3192 2457 3234 te
2484 3159 2638 3235 remi
2659 3159 2833 3235 oeulos
2854 3199 3008 3247 meos,
3027 3159 3114 3251 qui
3155 3187 3349 3237 habitas

150 3248 380 3302 diuturna
426 3248 776 3303 meditatione
829 3261 1160 3316 pertractans
1209 3255 1408 3319 reperit
1454 3254 1693 3309 idoneum

1807 3274 1853 3324 in
1872 3244 1991 3325 caelo
2009 3272 2179 3343 (Psal.
2194 3287 2361 3335 cuti,
2377 3272 2452 3338 1).
2476 3272 2753 3341 Erigamus
2777 3275 2953 3341 itaque
2968 3244 3151 3329 oculos
3173 3277 3347 3329 cordis

151 3338 468 3404 portitorem,
492 3353 589 3407 per
606 3354 760 3408 quem
787 3348 841 3393 et
861 3339 1069 3394 silentia
1093 3340 1248 3411 longe
1277 3343 1688 3410 disrumperem,

1807 3361 1969 3413 nostri
1998 3338 2062 3413 ad
2088 3360 2354 3414 Christum
2385 3372 2437 3414 et
2460 3361 2513 3415 in
2559 3338 2739 3416 mundi
2782 3365 2929 3418 istius
2959 3376 3115 3419 nox-te
3162 3383 3347 3420 manus

150 3428 313 3480 etsibi
343 3428 613 3495 spiritales
640 3427 855 3481 delicias
897 3430 1189 3497 pOstulare,
1238 3431 1351 3485 oris
1393 3435 1555 3486 vestri
1610 3449 1693 3485 eui

1807 3457 2006 3501 nostras
2032 3449 2279 3515 operibus
2308 3449 2587 3504 fructuosis
2611 3453 2927 3506 estollamus
2952 3454 3016 3506 ad
3041 3454 3345 3525 Dominum,

150 3517 283 3581 piens
334 3531 459 3570 rore
511 3517 767 3586 respergi.
796 3516 870 3569 De
919 3532 1043 3585 qua,
1101 3519 1287 3584 credo,
1334 3520 1422 3573 siti
1475 3533 1693 3575 sanctus

1807 3543 1856 3589 et
1884 3538 1995 3604 ipse
2031 3546 2189 3601 caput
2217 3547 2455 3591 nostrum
2485 3553 2602 3592 esse
2645 3539 2912 3609 dignetur,
2942 3552 2996 3595 et
3048 3558 3144 3595 nos
3170 3516 3348 3596 adlim:

151 3603 411 3659 Psalutista
434 3606 684 3661 dicebat:
714 3607 897 3659 Anima
940 3623 1049 3659 mea
1082 3608 1210 3661 sicut
1251 3619 1385 3663 terra
1413 3612 1524 3665 sine
1568 3629 1702 3678 aqua
1800 3603 1919 3679 γενέ
1943 3626 2099 3694 capiti
2128 3635 2333 3691 ηοω-ο,
2367 3637 2423 3681 ιιι
2452 3628 2538 3681 illa
2564 3603 2802 3695 cor-paris
2831 3631 2910 3682 sui
2944 3632 3178 3684 membra
3222 3647 3343 3686 esse

152 3694 426 3773 tibi(Psa_l.
470 3711 638 3759 exul,
669 3695 757 3766 6).
785 3695 875 3749 Illa
920 3698 1169 3751 nimirum
1216 3713 1349 3767 aqua
1397 3700 1693 3755 ariditalem

1807 3731 2119 3779 mereamur,
2170 3726 2226 3771 ut
2252 3718 2319 3771 de
2363 3717 2461 3771 hoc
2490 3720 2680 3772 satculn
2709 3719 3061 3786 discedentes,
3096 3731 3342 3787 tanquam

151 3784 480 3848 eorpuris‘sui
512 3786 843 3852 restinguere
869 3785 1045 3838 sobria
1076 3786 1335 3841 ebrietate
1359 3788 1687 3854 desiderans,
1797 3806 1943 3859 exim
1989 3806 2144 3862 Ismet
2190 3808 2258 3862 de
2304 3808 2528 3878 Agam.)
2568 3810 2745 3863 dicere
2788 3784 3107 3876 τεάοηιριρτί
3162 3784 3344 3866 "imm

153 3873 211 3927 de
238 3890 333 3941 qua
365 3875 625 3928 Dominus
655 3887 835 3929 noster
862 3876 915 3929 in
950 3878 1235 3946 Evangelio
1256 3894 1485 3935 clamare
1511 3881 1693 3951 digna-

1807 3896 2095 3962 possimtts:
2128 3897 2352 3951 Adhmit
2373 3873 2489 3962 post
2510 3910 2557 3951 te
2590 3900 2759 3952 anima
2785 3916 2924 3961 mea;
2951 3918 3027 3953 me
3046 3912 3208 3954 autem
3233 3920 3345 3956 sus-

152 3971 262 4056 tur:
291 3964 350 4056 Si
378 3968 495 4033 quis
524 3967 657 4028 sitit,
678 3969 838 4019 oettiat
863 3977 909 4020 et
931 3968 1082 4031 bibat.
1131 3968 1369 4022 Ftumt'rta
1394 3973 1527 4024 enim
1554 3989 1699 4037 aqum
1797 3985 1927 4050 εερίι
1975 3986 2177 4039 deum;
2203 3999 2290 4039 ιαα
2344 3988 2361 4055 (
2374 3986 2515 4041 PM],
2545 4004 2670 4048 ιχιι,
2694 3988 2779 4056 9),
2811 3988 2939 4041 Cum
2980 4003 3039 4041 ea
3069 3990 3253 4043 diebus
3282 4007 3343 4043 ac

152 4053 256 4107 τίω
303 4054 582 4143 ἀείυεκιτϐ
632 4059 741 4120 ϐίω
782 4058 950 4123 ﬂuat"
1005 4057 1195 4126 (JOM-
1247 4074 1337 4124 VII.
1371 4060 1496 4129 53)-
1546 4062 1691 4115 “anc
1797 4074 2039 4126 noctibus
2081 4074 2239 4127 fuerit
2280 4075 2329 4127 in
2354 4053 2607 4141 corporis
2641 4053 2795 4143 hujus
2825 4091 3039 4131 carcere
3068 4079 3337 4142 meditata,

151 4155 320 4207 aquam
364 4142 716 4196 Samaritana:
750 4144 909 4195 etiam
941 4146 1078 4197 idem
1120 4144 1372 4197 Dominus
1413 4147 1688 4210 offerebat,

1807 4162 1936 4215 unde
1965 4176 2069 4215 non
2106 4162 2457 4218 confundatur
2485 4165 2551 4217 ad
2581 4142 2722 4218 veta.
2748 4166 2851 4218 Ora
2878 4180 2971 4233 pro
2991 4182 3099 4220 me.

154 4227 238 4282 hoc
256 4239 353 4294 est,
378 4230 636 4283 Ecclesia:
665 4243 730 4283 ex
759 4231 1002 4297 gentibus
1029 4232 1416 4297 congregandze
1462 4233 1645 4287 dicens
1673 4253 1684 4287 ε

153 4318 275 4383 Aqua
292 4333 441 4385 quam
466 4333 560 4386 ego
586 4318 735 4383 dabo,
771 4318 855 4384 [iet
884 4319 937 4371 in
964 4334 1022 4371 eo
1056 4320 1169 4387 fons
1195 4335 1340 4387 aqua
1364 4320 1591 4375 salientis
1638 4323 1693 4373 in
2316 4316 2529 4369 EPIST.
2570 4317 2805 4370 XXXIV.

154 4408 286 4459 vitam
325 4418 569 4462 (sternam
597 4405 786 4472 (Joan.
822 4423 872 4459 tv
893 4407 935 4477 ).
968 4408 1113 4462 lianc
1134 4423 1321 4475 aquam
1352 4410 1394 4464 si
1422 4414 1538 4478 quis
1564 4412 1691 4465 tide-

1807 4425 2010 4477 Domino
2034 4437 2204 4497 sancto
2229 4436 2273 4479 et
2288 4428 2573 4497 apostolico
2596 4430 2811 4495 mihique
2829 4429 2879 4480 in
2901 4428 3113 4482 Domino
3131 4433 3346 4497 speciali

154 4496 206 4548 lis
231 4512 327 4550 non
370 4506 531 4567 gustu
574 4506 774 4551 tantum
823 4512 1030 4551 sutnmn
1082 4509 1235 4551 tenus
1280 4514 1373 4553 ore
1418 4501 1688 4563 libaverit,
1861 4497 2001 4575 cuitu
2036 4496 2537 4576 effectaquecmteris
2572 4498 2882 4567 prwferendo
2916 4513 3123 4568 patrono
3148 4496 3338 4555 Sedulo

152 4586 231 4639 sed
255 4588 376 4642 totis
416 4588 612 4647 animat
652 4588 945 4643 visceribus
985 4602 1239 4659 appetens
1287 4592 1509 4644 conviva
1562 4608 1693 4647 sor-

1864 4567 2094 4635 ept'swpo
2120 4566 2358 4619 Ruricius
2380 4568 2661 4636 episcopus.

153 4676 302 4730 buerlt
328 4720 345 4744 ,
397 4678 642 4747 protinus
686 4678 737 4730 iu
782 4677 988 4732 tandem
1056 4678 1261 4731 Dumini
1309 4680 1686 4747 omnipotentis
1864 4674 1963 4727 Per
1989 4676 2267 4730 arciatrum
2311 4674 2659 4746 [archiatrnm]
2700 4676 2984 4731 Palladium
3026 4678 3226 4733 litteras
3257 4680 3334 4733 re-

154 4769 390 4835 erumpit;
455 4776 513 4822 et
564 4767 664 4821 hoc
717 4766 935 4833 incipiet
986 4779 1196 4821 motare
1251 4768 1389 4834 quod
1457 4768 1683 4832 biberit;
1788 4764 2132 4819 cuudicordis
2151 4775 2205 4819 et
2229 4766 2438 4819 facundi
2458 4766 2566 4818 oris
2593 4768 2788 4833 accepi,
2811 4782 2927 4833 quas
2956 4783 3049 4821 nos
3076 4770 3142 4821 ad
3175 4769 3331 4821 visio-

152 4857 270 4911 sicut
301 4858 639 4911 beatissimus
666 4856 987 4924 evangelista
1036 4868 1193 4924 atque
1239 4856 1549 4927 discipulus,
1596 4859 1686 4925 qui
1789 4871 1908 4907 nem
1930 4865 2160 4909 mutuam
2187 4867 2309 4910 voto
2340 4859 2566 4924 pectoris
2592 4857 2897 4911 invitabant.
2934 4859 3038 4911 Sed
3059 4859 3180 4925 quid
3212 4861 3333 4912 taci-

154 4956 293 5009 super
339 4956 523 5013 pectus
572 4945 777 4999 Domini
828 4946 1135 4999 recumbere
1180 4948 1391 5010 meruit,
1427 4947 1678 5016 mysteria
1788 4957 1923 5006 ntus,
1961 4944 2101 5011 quod
2128 4944 2408 4999 desideriis
2442 4944 2731 4999 animorum
2775 4954 3071 4999 nostrorum
3124 4948 3332 5002 diversa

157 5034 283 5097 regni
306 5038 542 5089 caelestis
570 5035 788 5097 audivit,
818 5042 871 5087 et
898 5036 949 5087 in
977 5035 1118 5088 illam
1156 5050 1340 5089 vocem
1373 5052 1530 5104 quam
1560 5047 1682 5090 ante
1789 5034 2143 5087 membrorum
2161 5037 2357 5092 resistit
2374 5037 2684 5090 inﬁrmitas?
2704 5035 2827 5089 dum
2850 5051 2942 5090 vos
2962 5039 3231 5093 nimietate
3249 5057 3338 5092 ro-

159 5123 311 5175 nullus
338 5125 599 5189 audierat,
628 5125 873 5178 clamavit
900 5142 915 5178 :
946 5123 1006 5177 In
1026 5124 1277 5191 principio
1300 5136 1406 5178 erat
1438 5126 1684 5190 Verbum,
1798 5123 1955 5184 busti,
1982 5137 2077 5176 nos
2112 5127 2363 5179 tenuitate
2395 5126 2536 5180 exesi
2565 5129 2801 5191 corporis
2837 5126 3149 5195 impedimur
3170 5147 3184 5181 :
3208 5131 3331 5184 dum

158 5221 194 5259 et
231 5209 439 5264 Verbum
484 5223 593 5265 erat
641 5214 780 5279 apud
794 5212 992 5276 Deum,
1038 5222 1085 5267 et
1132 5212 1271 5267 Deus
1312 5224 1419 5266 erat
1468 5214 1685 5269 Verbum
1792 5224 1883 5263 vos
1907 5212 2082 5276 alieni,
2114 5222 2169 5266 et
2193 5224 2417 5282 quatuor
2450 5214 2611 5283 pedes
2630 5213 2767 5267 ferre
2791 5225 3053 5283 nequeunt
3074 5219 3331 5285 pendem-

158 5300 318 5361 (Joan.
351 5316 385 5361 ι,
420 5300 506 5369 1).
565 5301 677 5356 [loc
728 5311 846 5357 erat
890 5303 1017 5358 illud
1070 5304 1324 5371 Verbum,
1373 5304 1513 5373 quod
1570 5306 1683 5359 sine
1788 5315 1905 5363 sos;
1938 5316 2024 5355 me
2045 5304 2200 5356 etiam
2222 5306 2415 5373 preprii
2436 5315 2487 5357 et
2506 5304 2611 5358 duo
2630 5305 2890 5359 sustinere
2913 5321 3018 5373 prae
3039 5307 3332 5361 delectione

159 5398 371 5455 tempore
410 5404 441 5441 a
495 5388 650 5442 Patre
693 5390 948 5457 genitum,
980 5392 1034 5445 in
1087 5404 1326 5461 tempore
1374 5402 1582 5446 creatur
1616 5409 1679 5447 ex
1788 5393 1875 5443 vix
1897 5402 2132 5457 possunt.
2155 5394 2268 5459 Quo
2286 5394 2643 5455 ﬁtutimplere
2669 5396 2961 5448 communia
2981 5406 3330 5463 votanequea-

160 5486 322 5540 matre,
351 5487 404 5529 ut
435 5487 646 5530 creator
686 5476 871 5540 ﬂeret;
902 5490 961 5532 ut
988 5495 1109 5534 esse
1136 5480 1299 5549 possit
1344 5480 1683 5553 humanitatis
1788 5496 1921 5534 tuus.
1959 5480 2067 5548 Ego
2096 5484 2235 5535 enim
2263 5484 2435 5553 (teatis
2462 5493 2541 5535 est
2567 5482 2842 5551 Dominus)
2874 5482 3009 5550 quod
3045 5484 3099 5535 “si
3127 5486 3327 5541 valuis-

159 5568 368 5626 qnadam
394 5564 592 5635 portio,
618 5564 908 5619 divinitatis
953 5569 1115 5621 totius
1136 5544 1462 5637 plenitudo;
1492 5578 1545 5621 et
1573 5544 1683 5637 pie-
1786 5586 1915 5631 sem,
1937 5544 2280 5639 ad‘synodum
2299 5573 2592 5627 condictam
2612 5574 2751 5626 omni
2777 5572 3018 5625 aviditate
3038 5576 3321 5629 venissem.

162 5654 424 5719 nitudinem
456 5654 799 5707 humanitatis
844 5656 1015 5721 partio
1044 5656 1156 5724 ipsa
1210 5658 1557 5711 humanitatis
1586 5672 1677 5709 sua
1786 5660 1888 5715 Sed
1922 5674 2035 5711 mea
2061 5661 2311 5726 disposita
2342 5661 2540 5715 itineris
2565 5663 2829 5715 voluntate
2855 5662 3139 5715 necessitas
3167 5664 3325 5717 intlle-

163 5748 377 5812 psssione
401 5746 713 5807 redimeret:
734 5748 858 5803 dum
878 5748 1047 5812 imago
1073 5748 1351 5807 invisibilis
1372 5750 1489 5818 Dei,
1511 5751 1681 5806 forma
1785 5750 2015 5805 cillitatis
2044 5750 2290 5804 inhibuit.
2328 5751 2460 5815 Quia
2490 5764 2639 5805 aeres
2666 5741 2877 5818 [acrem]
2924 5750 3152 5817 regionis
3190 5752 3328 5805 illius
