3930 6482
480 460 571 513 111

1802 462 2050 518 ῐιυῐιιοιι
2091 460 2385 519 EPISCOI‘I

3572 465 3672 499 1!!)
3860 466 3861 499 1

3572 465 3673 523 “2

478 573 765 640 pnesertim
796 571 895 627 hoc
920 579 1155 640 tempore
1194 571 1334 626 ferre
1360 586 1464 626 non
1498 580 1733 641 poteram
1759 588 1772 623 :
1805 572 1944 640 quod
1969 581 2021 625 ct
2046 580 2094 639 Α
2124 572 2280 626 dendi
2310 580 2432 625 sunt
2459 570 2709 641 disparati
2734 587 2977 643 corpore,
2993 589 3112 630 cum
3131 576 3478 645 paritcrineo
3498 589 3671 633 mente

477 676 575 717 vos
602 662 674 715 ita
696 662 921 716 credere
944 663 1172 735 confido,
1216 670 1270 715 et
1302 675 1494 730 pravos
1521 660 1757 725 adaliud
1781 661 2019 725 derivare

475 768 595 805 noni
630 751 831 805 dubito.
875 750 1187 820 llisitaque
1227 751 1570 845 sufﬁcienter,
1634 758 1690 803 ut
1737 752 2018 817 potuimus,

474 843 734 909 indicatis,
764 841 1074 897 salutatione
1112 842 1273 895 animi
1300 840 1661 896 desideranter
1690 841 1947 909 impensa,
1975 840 2017 893 si

471 934 683 999 dignum
714 932 923 999 ducitis,
973 932 1239 987 transmisi
1282 932 1431 986 vobis
1472 930 1765 993 caballum,
1808 930 2016 1000 qualem

468 1020 617 1074 vobis
644 1020 873 1074 sciebam
912 1032 1030 1074 esse
1058 1020 1434 1087 necessarium,
1474 1020 1878 1082 mansuetudine
1910 1018 2012 1087 pla.

467 1111 664 1172 cidutn,
692 1110 943 1185 membris
968 1109 1215 1175 validum,
1235 1112 1441 1165 firmum
1462 1111 1675 1176 robore,
1703 1112 1869 1164 forma
1886 1126 2019 1177 pra:-

468 1209 717 1267 stantem,
765 1190 962 1253 factura
1009 1201 1379 1268 compositum,
1428 1200 1616 1254 animis
1652 1206 2015 1269 temperatum,

466 1291 583 1344 scil.
613 1304 713 1345 nec
739 1290 985 1344 tarditate
1024 1291 1250 1359 pigrum,
1282 1305 1377 1343 nec
1406 1289 1684 1344 velocitate
1715 1303 2015 1357 prmprope-

466 1394 606 1446 rum,
650 1381 735 1433 cui
778 1379 955 1432 frenns
980 1394 1043 1433 ac
1072 1379 1315 1433 stimulus
1349 1380 1417 1433 sit
1458 1380 1689 1435 sedentis
1720 1380 2013 1443 arbitrium,

465 1470 550 1523 cui
576 1470 641 1523 ad
670 1469 996 1523 evehendum
1026 1484 1159 1523 onus
1202 1479 1255 1523 et
1298 1470 1431 1523 velle
1477 1479 1719 1545 suppetat
1748 1468 1942 1535 pariter
1965 1479 2017 1521 ct

468 1572 624 1623 posse
650 1576 661 1607 :
687 1558 751 1613 ita
783 1557 1502 1635 ut,nechedatusuperposi'o
1536 1573 1632 1611 nec
1656 1558 1884 1627 deponat
1914 1558 2012 1611 im-

469 1645 717 1711 positum.
741 1644 993 1709 Superest
1034 1654 1089 1696 ut
1118 1648 1393 1714 rescripto,
1432 1644 1695 1714 quomodo
1727 1646 1872 1699 vobis
1899 1646 2012 1710 pla-

466 1746 601 1798 ceat,
630 1734 887 1789 indicetis.
907 1736 1204 1800 Quamlibet
1234 1736 1299 1788 ita
1326 1736 1675 1791 deindividno
1702 1736 1829 1791 mihi
1850 1738 2013 1790 corde

464 1834 797 1891 prmsttmam,
843 1827 980 1892 quod
1012 1824 1158 1879 vobis
1186 1826 1341 1879 etiam
1373 1828 1505 1879 mala
1530 1818 1569 1879 'a
1598 1843 1682 1881 me
1709 1829 2009 1891 commissa,

463 1929 570 1966 non
598 1913 766 1967 dicam
799 1915 1104 1967 transmissa
1132 1915 1511 1983 complaceant.
1558 1917 1724 1969 Tanta
1762 1925 1843 1970 est
1870 1916 2009 1970 enini
2042 1904 2085 1961 Β

464 2005 652 2072 integri
695 2006 773 2069 vis
821 2005 1016 2057 amoris
1058 2013 1116 2057 ut
1159 2004 1210 2056 in
1254 2006 1480 2057 amicum
1531 2003 1688 2073 [forte
1716 2003 1899 2073 amico]
1939 2006 2010 2056 nil

464 2094 776 2161 displiceat,
813 2107 931 2147 cum
963 2092 1127 2160 magis
1155 2093 1347 2145 malum
1377 2091 1657 2159 displicere
1698 2092 1907 2147 debeat.
1947 2093 2012 2145 Et

464 2186 587 2237 hinc
612 2183 738 2237 illud
761 2194 864 2248 est,
887 2183 1024 2251 quod
1042 2181 1235 2250 judicia
1264 2182 1531 2235 hominum
1559 2191 1648 2235 aut
1674 2196 1853 2236 amore
1878 2198 2008 2251 pra:-

461 2274 758 2342 pediantur,
800 2280 889 2325 aut
932 2272 1051 2325 odio
1092 2280 1149 2325 ut
1190 2284 1331 2325 recta
1369 2286 1474 2326 non
1511 2272 1860 2341 proferantur.
1892 2272 1999 2327 Vos

460 2366 610 2427 vero,
647 2376 777 2429 quos
808 2375 904 2414 nec
932 2360 1107 2413 odium
1137 2367 1433 2428 exasperat,
1485 2375 1581 2414 nec
1609 2360 1899 2415 inﬂammat
1924 2363 2006 2414 in-

462 2452 623 2515 vidia,
652 2461 702 2504 et
729 2451 878 2517 jocos
906 2439 1115 2504 nostros
1148 2451 1372 2505 libenter
1398 2452 1635 2519 accipite,
1668 2464 1719 2505 et
1743 2453 1809 2506 de
1838 2449 2009 2521 sospi-i

467 2546 573 2593 tate
601 2547 775 2591 vestra
806 2538 886 2590 vel
915 2539 1118 2591 actibus
1158 2536 1435 2593 affluenter
1463 2540 1725 2604 instruite,
1775 2549 1833 2593 ut
1880 2542 2003 2593 dum

461 2641 552 2681 vos
572 2626 765 2681 diutius
786 2627 1027 2695 legimus,
1050 2626 1313 2695 copiosius
1333 2627 1650 2681 imbuamur.
1664 2627 1763 2681 Ora
1782 2636 1999 2696 pro‘me.

998 2798 1207 2853 EPIST.
1246 2800 1457 2855 XXXV.

464 2907 661 2961 Damno
707 2915 879 2960 sancto
908 2918 952 2961 et
984 2911 1277 2975 apostolico,
1322 2910 1444 2962 mihi
1484 2911 1535 2962 in
1558 2896 1759 2963 Christo
1790 2911 2001 2965 Domino

528 2976 811 3056 specialiter
838 2978 1131 3043 excolendo,
1164 2981 1315 3046 fratri
1329 2978 1548 3033 Casario
1571 2988 1595 3015 ⁸
1618 2981 1872 3048 episcopo,
1900 2980 2001 3033 Ru-

529 3062 683 3098 ricius
704 3060 981 3115 episcopus.

525 3177 623 3243 Qui
653 3179 955 3257 occasjones
979 3178 1239 3233 scribendi
1268 3180 1419 3233 nobis
1448 3181 1668 3234 invicem
1702 3197 1796 3249 pro
1823 3190 1996 3235 mutua

456 3269 670 3322 caritate
696 3268 1022 3335 inquirimus,
1047 3270 1251 3323 oblatas
1273 3273 1673 3338 praetermittere
1703 3289 1805 3325 non
1835 3272 1999 3327 debe-

454 3371 603 3421 mus;
633 3366 691 3410 ut
716 3358 953 3411 conferat
978 3359 1125 3411 nobis
1156 3360 1433 3427 quamdam
1462 3362 1758 3429 praesentia:
1805 3362 2001 3431 portio-

457 3466 577 3505 nem
606 3466 779 3506 sermo
811 3452 1085 3505 meditator
1106 3451 1265 3524 [forte
1288 3452 1579 3523 mediator];
1606 3456 1693 3523 qui
1722 3455 1996 3521 emittitur,

455 3556 550 3596 nec
572 3543 855 3607 amittitur;
902 3544 1163 3607 tribuitur,
1193 3552 1248 3599 et
1278 3545 1499 3598 habetur
1524 3561 1538 3607 ;
1595 3545 1798 3599 videtur
1827 3546 2001 3599 disce-

456 3633 603 3699 dere,
629 3646 726 3686 nec
754 3633 983 3696 recedit;
1030 3648 1057 3683 a
1090 3648 1173 3687 me
1201 3634 1462 3701 dirigitur,
1491 3648 1521 3685 a
1551 3643 1602 3686 te
1632 3633 1940 3698 suscipitur;
1970 3649 1999 3687 a

456 3734 543 3773 me
563 3719 828 3783 scribitur,
850 3733 886 3772 ‘a
918 3730 967 3772 te
988 3720 1197 3786 legitur,
1243 3734 1339 3772 nec
1371 3729 1543 3771 tamen
1570 3720 1850 3783 dividitur;
1881 3736 1999 3773 cum

455 3807 606 3875 quasi
633 3806 851 3871 divisus,
884 3808 1084 3873 integer
1113 3815 1287 3860 tamen
1317 3808 1587 3875 utriusque
1631 3807 1792 3861 corde
1822 3818 2001 3861 tenea-

454 3906 560 3947 tur.
592 3894 721 3959 Quia
748 3894 893 3947 verbi
922 3909 1067 3947 more
1093 3892 1257 3947 divini
1289 3894 1532 3961 traditur,
1571 3902 1626 3948 et
1664 3909 1767 3948 non
1794 3896 2002 3963 egredi-

454 3993 572 4046 tur;
616 3980 881 4051 confertur
928 3982 1201 4052 indigenti,
1248 3990 1434 4036 etnon
1479 3982 1711 4036 aufertur
1761 3986 1994 4049 auctori;

453 4072 759 4139 accipientis
799 4073 999 4125 lucrum
1030 4073 1147 4124 sine
1189 4072 1466 4139 dispendio
1496 4072 1794 4140 largientis;
1825 4074 1998 4126 ditans

452 4166 683 4234 inopem,
701 4178 797 4219 nec
812 4174 1086 4217 attenuans
1103 4178 1484 4233 possessorem.
1507 4163 1733 4233 Ideoque
1754 4164 2000 4220 veniente

452 4253 543 4307 illo
583 4261 771 4322 nepote
793 4267 910 4309 meo
930 4252 1232 4307 dulcissimo
1260 4252 1557 4307 Parthemio
1585 4253 1680 4307 has
1708 4268 1801 4321 per
1822 4254 1994 4321 ipsum

451 4343 577 4396 dare
600 4357 701 4396 non
729 4343 937 4407 distuli;
970 4355 1026 4395 ut
1051 4352 1104 4396 et
1124 4357 1295 4396 meam
1322 4344 1654 4409 praesentiam
1680 4346 1830 4398 vobis
1859 4346 2001 4399 litte-

451 4431 523 4483 ris
543 4430 867 4493 exhiberem,
912 4438 965 4483 et
991 4431 1159 4495 ipsum
1204 4429 1401 4491 pariter
1427 4431 1888 4483 commendarem:
1913 4432 1997 4484 cui

451 4517 701 4584 quidquid
723 4516 919 4583 dignati
942 4514 1148 4568 fueritis
1170 4514 1465 4566 dilectionis
1492 4514 1816 4580 impendere,
1844 4516 1996 4568 nobis

456 4622 549 4660 vos
573 4614 893 4675 praesentare
914 4604 1183 4657 noveritis.
1206 4602 1477 4675 Simulque
1499 4604 1655 4656 etiam
1689 4604 1996 4671 peculiarius

452 4711 581 4763 rogo
623 4704 681 4748 ut
704 4682 811 4761 ‘pro
857 4693 1209 4760 me-ipsisque
1236 4692 1539 4758 pignoribus
1577 4694 1770 4745 nostris
1825 4694 1997 4745 inces-

453 4790 634 4839 santer
659 4782 841 4848 oretis,
888 4795 985 4834 nec
1029 4779 1314 4846 impediant
1356 4778 1597 4833 affectum
1638 4795 1874 4834 amorum
1906 4794 2000 4833 no-

456 4880 686 4923 strorum
713 4870 880 4936 spatia
909 4868 1179 4935 interiecta
1209 4867 1510 4935 regionum;
1538 4870 1655 4936 quia
1688 4871 1774 4937 qui
1820 4870 1869 4922 in
1896 4869 1998 4922 Do-

454 4960 621 5020 mino,
650 4956 737 5024 qui
768 4969 999 5023 praesens
1026 4963 1106 5007 est
1129 4955 1338 5022 ubique,
1380 4970 1438 5007 se
1462 4956 1705 5024 diligunt,
1749 4973 1851 5011 non
1880 4971 1996 5011 cre-

529 5204 552 5230 ι
580 5195 649 5245 De
678 5206 741 5245 eo
769 5191 1029 5256 superius.

522 5261 550 5299 δ
581 5260 700 5339 Fuit
721 5260 802 5339 vir
830 5258 1026 5339 nobilis
1040 5257 1385 5339 Parthemius,
1411 5260 1497 5339 qui
1516 5271 1691 5339 nostra
1712 5262 1843 5339 vixit
1858 5262 1993 5329 apud

454 5325 1187 5397 ‘l'lteodebertum_Austrasiaa
1225 5342 1395 5394 tegem
1429 5325 1488 5381 in
1517 5325 1705 5397 gratia,
1750 5332 1841 5384 sed
1869 5325 1989 5384 cum

466 5401 648 5452 u-ibnta
676 5395 1031 5467 prasterleges
1046 5398 1330 5467 exegisset,
1350 5395 1554 5467 mortua
1572 5413 1715 5467 rege,
1736 5399 1786 5452 in
1812 5399 1989 5466 pepuli

458 5469 632 5520 odium
678 5463 733 5519 et
777 5463 1002 5532 pericula
1054 5464 1277 5515 maxima
1321 5466 1521 5517 incidit.
1567 5463 1846 5533 Papianilla
1883 5463 1991 5520 ’l'uit

462 5536 569 5596 eius
599 5550 748 5592 uxor.
777 5548 931 5599 quam
961 5546 1079 5584 cum
1107 5533 1273 5583 amico
1301 5533 1526 5585 Ausaniu
1547 5544 1862 5600 peremerat.
1888 5537 1992 5589 Sti-

460 5605 613 5655 inulis
661 5601 996 5656 conscientia:
1052 5612 1428 5664 compunctus,
1496 5604 1547 5652 in
1594 5617 1711 5655 arca
1762 5606 1991 5657 inclusus

460 5687 488 5721 :t
529 5671 717 5739 populo
760 5670 1003 5739 Treveris
1039 5677 1277 5735 repertus
1320 5679 1421 5721 est.
1458 5669 1637 5734 Sputis
1666 5685 1989 5739 perunctus,

464 5738 645 5807 unguis
672 5750 861 5803 caesus,
903 5738 1090 5792 vinctis
1118 5746 1240 5803 post
1279 5744 1482 5810 tergum
1520 5738 1760 5795 manibus
1796 5740 1859 5794 ad
1898 5755 1991 5796 co-

2118 661 2421 731 jungantur.
2451 660 2551 716 Ora
2577 678 2672 730 pro
2694 677 2800 718 me.

2654 791 2865 847 EPIST.
2907 795 3143 851 XXXVI.

2124 878 2355 931 Ruricius
2381 880 2641 949 episcopus
2679 884 2981 937 dulcissimis
3020 889 3280 953 nepotibus
3307 887 3335 927 δ
3375 888 3668 947 Poniteutio

2690 960 2736 1005 et
2773 956 3095 1021 Papianillw.
3482 984 3487 987 -

2190 1055 2468 1124 Postquam
2498 1040 2667 1127 pietas
2710 1072 2887 1115 vestra
2931 1062 3194 1129 discessit,
3245 1065 3522 1120 dimidium
3551 1082 3670 1123 esse

2118 1166 2202 1204 nie
2228 1151 2429 1215 sentio;
2476 1154 2596 1221 quia
2632 1154 2914 1207 maximam
2940 1156 3044 1209 mei
3071 1167 3297 1226 partem,
3325 1157 3428 1213 hoe
3456 1166 3561 1224 est,
3590 1160 3670 1213 in-

2125 1234 2373 1307 teriorem
2401 1241 2687 1309 hominem,
2703 1244 2968 1299 residente
2987 1259 3232 1313 corpore,
3258 1247 3533 1302 vobiscum
3560 1263 3665 1302 am-

2118 1330 2328 1385 bulasse
2349 1342 2630 1400 cognosco,
2674 1334 2741 1388 ita
2772 1343 2943 1390 tamen
2970 1338 3109 1405 quod
3152 1347 3206 1391 et
3251 1352 3346 1393 vos
3372 1342 3424 1394 in
3456 1348 3667 1408 pectora

2118 1435 2259 1483 meo,
2286 1422 2425 1488 quod
2464 1422 2547 1476 hic
2592 1426 2868 1486 remansit,
2917 1442 3133 1481 manere
3162 1418 3669 1496 conspicio.78aluto

2115 1509 2288 1579 itaque
2314 1511 2645 1565 dulcedinem
2679 1524 2925 1581 vestram,
2956 1528 3009 1569 et
3035 1524 3093 1569 ut
3118 1518 3398 1573 verborum
3429 1530 3668 1575 meorum

2094 1612 2377 1654 memores
2406 1602 2522 1655 sitis
2561 1602 2844 1667 admoneo,
2894 1606 3015 1671 quia
3046 1619 3250 1660 certum
3288 1616 3371 1663 est
3401 1622 3495 1662 vos
3518 1611 3663 1675 juxta

2114 1688 2414 1743 Salomonis
2443 1692 2760 1745 sententiam
2801 1707 2954 1759 posse
2996 1695 3047 1746 in
3071 1695 3240 1749 ibonis
3267 1695 3377 1749 Deo
3404 1696 3665 1762 diriget-te

2114 1777 2390 1845 proiicere,
2417 1778 2463 1833 si
2489 1780 2755 1835 seniorum
2781 1782 3002 1837 consilia
3031 1794 3083 1841 et
3109 1786 3277 1840 amori
3301 1786 3594 1843 habeantur
3612 1798 3664 1842 et

2114 1868 2229 1921 usui
2256 1877 2379 1938 apto
2407 1868 2544 1925 bene
2567 1866 2750 1939 agatis.

2634 2004 2845 2059 EPIST.
2890 2000 3139 2060 XXXVII.

2398 2114 2650 2170 Ruricius
2662 2118 2923 2187 episwpus
2949 2118 3096 2187 fratri
3123 2129 3143 2155 ε
3178 2117 3385 2172 Pet.....

2176 2222 2305 2289 Quia
2337 2224 2638 2281 obedientia
2685 2227 2958 2281 sacrificiis
2996 2226 3306 2289 antefertur,
3354 2228 3549 2282 idcirco
3578 2243 3666 2282 ru-

2105 2311 2385 2366 sticitatem
2414 2328 2585 2367 meam
2618 2314 2755 2367 malo
2791 2316 3015 2383 prodere
3042 2330 3198 2382 quam
3229 2315 3450 2383 perdere
3474 2315 3663 2371 carita-

2105 2406 2209 2452 tem
2239 2416 2253 2453 :
2286 2399 2510 2454 Scientia
2578 2404 2708 2455 enim
2753 2403 2923 2471 inﬂat,
2952 2404 3154 2465 caritas,
3212 2412 3271 2456 ut
3318 2402 3419 2469 ipsi
3465 2404 3657 2460 melius

2104 2490 2292 2553 nostis,
2332 2489 2553 2557 wdiﬁcat
2599 2488 2655 2557 (1
2694 2490 2811 2545 Cor.
2854 2506 2965 2555 vtn,
3012 2489 3084 2560 1).
3132 2492 3486 2555 Quamobrem
3541 2495 3661 2560 quia

2100 2578 2333 2645 iussistis
2362 2588 2420 2631 ut
2458 2594 2552 2633 vos
2590 2594 2683 2648 per
2728 2580 2962 2648 singulas
2990 2579 3296 2634 occasiones
3331 2590 3384 2633 et
3419 2580 3488 2635 de
3514 2583 3661 2635 luteis

2102 2666 2306 2720 actibus
2358 2666 2582 2721 facerem
2625 2668 2899 2732 certiores,
2949 2678 3002 2721 et
3046 2668 3366 2722 desiderium
3401 2683 3657 2733 ves'rum,

2101 2756 2240 2823 quod
2287 2756 2414 2808 milii
2442 2770 2547 2809 non
2590 2771 2710 2810 meo
2746 2759 2957 2821 merito,
3011 2757 3102 2810 sed
3144 2756 3380 2826 generali
3420 2768 3475 2812 et
3504 2757 3660 2812 insita

2103 2843 2251 2898 vobis
2268 2844 2557 2899 dilectione
2573 2845 2892 2914 dependitis,
2912 2846 3143 2915 alloquio
3166 2857 3511 2913 temperarem
3530 2862 3546 2910 ;
3576 2861 3661 2901 mo

2102 2932 2314 2999 quidem
2346 2932 2456 2986 Deo
2484 2935 2711 3001 propitio
2741 2933 3004 2998 fotiorem,
3045 2934 3137 2988 sed
3186 2934 3316 2989 heu!
3365 2934 3577 3003 plenum
3603 2943 3658 2987 et

2102 3034 2259 3074 omne
2289 3020 2623 3086 hospitiolum
2655 3032 2891 3075 nostrum
2919 3022 3142 3076 diversis
3188 3023 3536 3078 incommodis
3575 3023 3657 3079 la-

2106 3112 2295 3165 borare
2342 3112 2600 3180 signiﬁco.
2648 3113 2969 3168 Peculiaritts
2999 3128 3126 3183 rugo
3166 3115 3418 3173 attentius
3437 3110 3661 3167 Domino

2106 3207 2434 3272 supplicetis,
2484 3214 2537 3256 nt
2564 3207 2650 3272 qui
2684 3207 2834 3260 nobis
2871 3209 3285 3262 incolumitatem
3318 3207 3504 3264 vestris
3532 3223 3655 3263 ora-

2106 3295 2332 3349 tionibus
2359 3294 2684 3360 reddidistis,
2715 3305 2769 3349 et
2799 3298 2880 3349 his
2907 3312 3062 3362 opem
3090 3312 3151 3350 ac
3182 3297 3439 3351 medelam
3468 3299 3658 3352 divina

2104 3384 2479 3437 misericordia:
2506 3384 2901 3439 intercessionis
2930 3396 3119 3439 vestra:
3145 3386 3439 3452 patrocinio
3477 3384 3659 3439 canic-

2103 3460 2261 3527 ratis.
2277 3472 2379 3527 Ora
2407 3488 2503 3540 pro
2530 3488 2632 3527 me.

2608 3603 2819 3659 EPIST.
2862 3604 3139 3660 XXXVIII.

2102 3710 2331 3766 Dominis
2352 3713 2645 3766 sublimibus
2672 3722 2719 3764 et
2744 3715 3025 3782 magniﬁcis
3052 3716 3171 3779 ﬁliis
3204 3715 3451 3769 Eudomio
3472 3727 3521 3771 et
3546 3716 3658 3772 Μο-

2513 3782 2686 3835 ιωιιὶιε
2718 3783 2951 3835 Ruricius
2977 3784 3259 3851 episwpus.

2166 3888 2333 3953 Quam
2362 3890 2537 3955 gravis
2561 3889 2688 3943 mihi
2708 3890 2949 3944 orbitatis
2973 3901 3158 3945 vestra:
3183 3893 3249 3945 sit
3268 3892 3458 3947 'luctus
3503 3893 3657 3946 testis

2100 3984 2181 4031 est
2208 3978 2438 4045 pectoris
2470 3978 2571 4031 mei
2597 3979 2841 4032 conscius
2862 3978 3029 4039 Deus;
3056 3979 3193 4047 quod
3220 3980 3393 4033 verbis
3415 3980 3657 4034 sublimi-

2100 4068 2190 4119 tati
2218 4074 2405 4121 vestraa
2455 4065 2689 4121 indicare
2717 4081 2823 4120 non
2863 4062 3098 4135 possum.
3146 4068 3277 4121 Nam
3309 4070 3379 4122 ita
3419 4069 3657 4123 animum

2098 4171 2270 4209 meum
2294 4156 2493 4209 doloris
2514 4157 2672 4209 vestri
2702 4157 2877 4224 passio
2904 4157 3178 4223 sauciavit,
3229 4170 3291 4211 ac
3318 4158 3365 4212 si
3398 4172 3559 4212 unum
3589 4158 3658 4213 de

2099 4246 2324 4312 propriis
2349 4243 2625 4299 aﬂectihus
2657 4226 2816 4317 [lorte
2858 4244 3112 4316 afﬁnibus]
3140 4246 3507 4314 perdidissem,
3533 4249 3655 4316 quia

2099 4350 2185 4388 me
2226 4334 2374 4387 vobis
2419 4336 2718 4402 proximum
2780 4346 2835 4390 et
2892 4322 3280 4405 quodammodo
3335 4337 3656 4407 consa‘ngtsi-

2100 4438 2255 4477 neum
2290 4424 2423 4475 bene
2452 4438 2659 4476 mecum
2688 4424 2891 4491 agendo
2921 4426 3138 4477 fecistis.
3168 4425 3339 4492 Atque
3388 4427 3508 4480 ideo
3532 4426 3653 4496 quia

2102 4515 2306 4565 labores
2330 4523 2382 4565 et
2409 4513 2676 4579 angustias
2705 4522 2912 4585 nostras
2948 4513 3247 4579 frequenter
3295 4517 3347 4569 in
3375 4516 3525 4570 vobis
3557 4531 3653 4585 pro

2104 4608 2277 4653 vestra
2318 4601 2620 4668 dignatione
2659 4580 2943 4667 suscipitis,
2972 4602 3171 4667 justum
3214 4611 3297 4655 est
3333 4612 3384 4655 et
3423 4580 3651 4665 nos-ve-

2100 4691 2243 4754 stris,
2273 4703 2391 4741 cum
2418 4686 2725 4753 acciderint,
2744 4684 3059 4754 participare
3074 4688 3408 4741 maeroribus.
3430 4689 3484 4745 Si
3505 4692 3649 4745 enim

2088 4778 2242 4844 ‘jntta
2264 4778 2501 4845 Apostoli
2532 4776 2581 4849 (Ι
2612 4779 2727 4831 Cor.
2758 4793 2848 4843 att,
2876 4779 2969 4845 26)
2996 4772 3334 4842 sententiam,
3361 4782 3517 4833 unius
3536 4796 3653 4834 cor-

2098 4866 2241 4933 poris
2284 4867 2517 4919 membra
2547 4867 2647 4919 sibi
2692 4867 2913 4921 invicem
2956 4867 3343 4933 compatiuntur
3370 4877 3423 4920 et
3446 4854 3662 4921 condo-i

2100 4956 2229 5016 lent,
2250 4955 2406 5008 decet
2427 4970 2521 5008 nos
2546 4970 2774 5022 quoque,
2804 4970 2985 5009 eorum
3008 4954 3336 5009 incommoda
3358 4970 3501 5023 saepe
3528 4971 3645 5025 per-

2100 5193 2330 5266 lunmam
2363 5190 2621 5257 lapidibus
2646 5191 2993 5266 obrutns‘est.
3024 5193 3143 5247 Fuit
3171 5194 3333 5249 altera
3357 5194 3647 5266 Papianilla

2095 5261 2282 5313 eodem
2314 5268 2575 5332 tempore,
2618 5260 2711 5332 sed
2755 5260 2907 5332 Aviti
2933 5263 3265 5332 imperatoris
3312 5260 3449 5329 filia;
3488 5270 3555 5321 ab
3581 5284 3643 5323 ea

2095 5342 2248 5403 quam
2280 5341 2421 5403 cum
2441 5329 2662 5395 conjuge
2686 5328 2862 5403 laudat
2900 5328 3257 5403 hicL'Ruricius
3292 5328 3536 5403 tanquam
3565 5337 3651 5388 di-

2100 5396 2312 5449 niidium
2341 5398 2529 5448 animae
2557 5411 2686 5460 sum,
2732 5396 3111 5453 diversissima.
3156 5396 3423 5455 Attonitus
3466 5402 3645 5457 forsan

2096 5477 2281 5537 stupes
2308 5464 2463 5537 talem
2495 5468 2685 5525 virum,
2719 5466 2887 5534 qualis
2915 5467 3011 5520 fuit
3039 5469 3129 5522 ille
3156 5469 3505 5537 Parthemius,
3532 5472 3649 5523 lau-

2090 5535 2208 5597 dari
2237 5534 2302 5585 ab
2330 5534 2610 5597 episcopo;
2653 5544 2705 5585 at
2748 5536 3027 5601 episcopus
3077 5540 3371 5599 homoest,
3420 5536 3474 5593 et
3511 5540 3646 5593 nihil

2097 5601 2311 5655 ltumani
2336 5615 2364 5651 a
2389 5615 2445 5653 se
2473 5601 2697 5654 alienum
2728 5611 2891 5669 putat.
2929 5604 3085 5657 Bassi.
3355 5606 3357 5609 ’

2167 5682 2187 5707 ε
2224 5671 2345 5723 Haec
2369 5684 2464 5721 vox
2498 5670 2548 5736 in
2584 5683 2681 5721 ma.
2720 5672 2789 5722 ita
2836 5684 3086 5736 expressa
3127 5681 3205 5725 est
3244 5682 3300 5728 ut
3342 5674 3550 5729 nescias
3573 5688 3645 5730 an

2095 5738 2373 5807 legendum
2403 5738 2474 5792 sit
2494 5735 2647 5791 Petro
2676 5752 2740 5792 an
2768 5738 2939 5791 Pctur.
2971 5754 3036 5793 an
3062 5740 3233 5795 Petul.
