3930 6410
262 368 374 425 ,113

1505 381 1986 440 EPISTOLARUM
2029 385 2154 441 LIB.
2206 387 2269 440 ll.

3403 399 3501 454 ιιι

273 478 551 544 cipiamus.
581 475 828 533 Doletnus
858 478 1032 547 itaque
1062 480 1208 537 casui
1236 490 1433 547 vestro,
1466 493 1518 536 et
1540 485 1834 551 planctibus
1862 491 1911 547 Α
1939 491 2051 556 puri
2081 492 2334 545 alimento
2365 496 2677 550 innocentiae
2707 499 3033 566 temperetis.
3066 499 3175 556 Nec
3200 501 3391 577 mirum
3410 517 3493 559 eSt

271 576 465 619 vestris
507 568 768 622 interesse
814 583 909 622 nos
936 568 1228 623 credimus.
1284 570 1388 626 Sed
1431 574 1556 641 quid
1610 573 1839 631 facimus

273 655 473 725 domini
505 656 632 709 lilii?
668 656 922 726 Equidem
953 658 1213 712 voluntati
1243 659 1436 714 divinae
1466 662 1713 717 resistere
1740 679 1838 718 nec

269 761 551 819 possumus
589 762 691 802 nec
732 748 1002 814 debemus,
1054 759 1114 803 et
1142 753 1286 804 omni
1318 752 1674 809 sollicitudine
1703 770 1837 822 pra:-

262 852 476 901 cavere,
521 852 589 892 ne
628 837 749 891 dum
780 838 951 891 dulcia
986 839 1138 892 nobis
1187 842 1402 909 pignora
1448 844 1610 897 nimio
1650 845 1834 899 dolore

266 927 545 993 deﬂemus,
575 928 869 999 blasphemi
897 928 1108 997 quidem
1137 939 1193 983 et
1232 930 1477 998 injuriosi
1501 934 1834 989 inveniamur

264 1018 319 1071 in
350 1020 596 1082 Domino,
637 1028 691 1072 et
715 1032 931 1087 gravius
960 1020 1166 1075 animus
1192 1031 1405 1076 nostras
1447 1033 1631 1078 auctor
1662 1026 1829 1093 ipsius

261 1109 473 1171 mortis,
502 1106 714 1161 inventa
743 1109 1043 1174 occasione,
1074 1110 1367 1175 confodiat,
1394 1127 1552 1181 quam
1583 1128 1825 1167 carorum

259 1197 549 1253 amissione
590 1199 872 1265 percussit.
924 1198 1155 1267 Ideoque
1184 1200 1254 1253 -in
1301 1201 1445 1253 omni
1477 1203 1829 1258 amaritudine

254 1288 346 1343 vel
370 1287 557 1344 dolore
602 1289 666 1342 ad
714 1288 877 1341 Deum
909 1284 1079 1343 nobis
1125 1298 1209 1343 est
1233 1291 1619 1359 refugiendum,
1671 1302 1725 1348 et
1759 1294 1827 1347 ad

255 1378 408 1433 illum
434 1394 623 1434 omnes
658 1394 813 1433 casus
860 1382 1027 1434 nostri
1064 1389 1176 1434 toto
1204 1383 1368 1436 corde
1414 1384 1702 1451 referendi,
1736 1386 1823 1454 qui

255 1479 413 1524 sanat
438 1469 766 1535 vulneratos,
786 1470 873 1538 qui
907 1472 1108 1525 relevat
1128 1484 1369 1539 maestos,
1402 1477 1488 1539 qui
1521 1476 1824 1529 consolatur

251 1557 503 1613 afﬂictos.
524 1552 593 1613 Et
623 1558 707 1611 illa
726 1560 897 1613 sancti
918 1559 1018 1613 Job
1045 1562 1308 1614 sententia
1340 1560 1556 1616 Omnino
1577 1564 1819 1628 dicenda,

249 1657 341 1702 est
373 1663 390 1702 :
421 1646 664 1701 Dominus
692 1649 852 1711 dedit,
886 1647 1134 1702 Dominus
1173 1649 1400 1715 abstulit,
1433 1653 1560 1704 sicut
1603 1652 1821 1707 Domino

252 1737 466 1807 placuit,
493 1737 564 1788 ita
593 1738 783 1805 factum
814 1747 920 1801 est;
943 1739 1011 1790 sit
1046 1728 1226 1792 nomen
1266 1738 1472 1792 Domini
1509 1741 1820 1796 benedictum

250 1827 374 1895 (Job
404 1843 444 1889 ι,
480 1827 593 1895 21).
626 1827 693 1880 Ει
722 1828 813 1881 ille
844 1828 942 1881 hoc
975 1828 1185 1897 quando
1214 1820 1443 1895 dicebat,
1471 1830 1654 1885 decem
1682 1832 1817 1885 filios
1852 1834 1891 1889 Β

248 1932 377 1973 cum
408 1919 552 1973 omni
586 1919 834 1973 facultate
865 1920 1164 1987 perdiderat
1194 1936 1207 1973 :
1232 1919 1339 1974 Nec
1367 1930 1542 1976 tamen
1572 1923 1813 1990 blasphe-

249 2024 405 2063 mare
440 2018 533 2062 aut
576 2009 771 2063 damno
810 2020 902 2064 aut
946 2011 1133 2067 dolore
1177 2014 1485 2080 compulsus
1532 2025 1631 2070 est.
1667 2016 1815 2072 Sicut

249 2100 387 2155 dicit
408 2100 684 2169 Scriptura
715 2118 728 2153 :
763 2098 831 2154 In
856 2103 1087 2156 omnibus
1118 2120 1228 2171 quae
1253 2106 1545 2157 accidebant
1586 2109 1651 2171 ei,
1686 2110 1816 2161 nihil
1852 2178 1855 2182 _

246 2193 473 2259 peccavit
521 2190 670 2245 labiis
695 2190 793 2245 Job
824 2192 943 2263 μοι
970 2208 1038 2259 ιι,
1064 2191 1179 2263 21).
1224 2196 1374 2260 Quod
1420 2212 1533 2263 ego.
1553 2209 1606 2252 et
1635 2202 1811 2266 pietati

243 2291 441 2338 vestrm
486 2282 721 2337 scribere
769 2300 864 2352 pro
908 2294 1085 2338 mutua
1126 2286 1347 2341 caritate
1393 2290 1727 2356 praesumpsi,
1759 2300 1813 2343 ut

244 2371 492 2428 dolorem
534 2360 845 2449 ani-morum
877 2384 1204 2439 vestrorum,
1248 2392 1403 2444 quem
1450 2378 1637 2434 litteris
1682 2380 1814 2433 meis

245 2460 493 2532 mitigare
518 2477 622 2515 non
654 2472 915 2531 poteram,
966 2464 1047 2518 vel
1073 2464 1264 2519 div.nis
1303 2467 1526 2535 eloquiis
1549 2479 1813 2535 utcunque

244 2553 582 2607 moderarer.
635 2554 699 2605 Et
744 2567 890 2619 vere,
941 2556 986 2608 si
1032 2555 1160 2608 mihi
1210 2557 1359 2623 quasi
1397 2571 1575 2611 ves1ro
1602 2560 1813 2625 creditis

248 2643 430 2706 cordi,
455 2658 560 2697 non
589 2644 860 2697 minimum
894 2646 1115 2712 potestis
1157 2659 1351 2714 capere
1380 2648 1445 2701 de
1483 2647 1677 2703 Christi
1712 2648 1813 2703 no.

245 2734 380 2787 mini
411 2733 685 2789 voluntate
715 2734 983 2799 solatium,
1024 2736 1164 2806 quod
1195 2749 1452 2804 quatenus
1500 2741 1813 2795 immaturus

246 2823 499 2875 manebat
530 2823 795 2891 interitus,
822 2824 979 2878 talem
1009 2840 1131 2880 eum
1154 2826 1397 2895 dignatus
1418 2840 1499 2882 est
1519 2843 1808 2895 assumere,

246 2911 483 2979 qualium
509 2927 725 2983 regnum
747 2914 903 2971 docet
925 2929 1043 2969 esse
1064 2917 1348 2981 cmlorum;
1375 2928 1429 2970 ut
1453 2930 1505 2971 et
1534 2929 1809 2986 patronum

248 3001 519 3057 haberetis
545 3018 610 3055 ex
644 3001 775 3066 tilio,
806 3012 857 3056 et
883 3006 1055 3059 minus
1078 3006 1327 3060 doleretis
1354 3009 1628 3071 amissum,
1655 3024 1810 3076 quem

244 3106 275 3143 a
303 3091 534 3147 Domino
554 3092 813 3148 videbatis
836 3105 1179 3163 assumptum.
1211 3098 1345 3165 Opto
1374 3102 1507 3153 bene
1535 3103 1721 3167 agate's.

783 3226 995 3282 EPIST.
1038 3226 1276 3280 XXXIX.

252 3316 472 3368 Domino
499 3325 673 3369 sancto
708 3326 753 3367 et
786 3315 1065 3382 apostolico
1105 3319 1157 3368 in
1189 3318 1387 3371 Christo
1421 3318 1639 3371 Domino
1669 3321 1809 3373 cultu

316 3386 605 3455 a/fectuque
646 3388 918 3455 specialius
984 3386 1256 3439 excolendo
1292 3400 1505 3455 patrono
1557 3390 1810 3443 Victurino

327 3452 655 3523 {Victorinoj
675 3452 913 3523 episcopo
941 3456 1176 3509 Ruricius
1203 3452 1485 3524 episcopus.

317 3546 510 3600 Frater
560 3556 615 3599 et
659 3546 1054 3615 compresbyter
1099 3558 1278 3602 noster
1323 3548 1635 3616 Capillutus,
1690 3552 1809 3606 licet

244 3634 429 3701 apices
458 3644 671 3689 vesrros
700 3634 857 3688 nobis
887 3650 989 3689 non
1012 3635 1261 3690 detulerit
1286 3637 1335 3689 in
1360 3639 1540 3691 charta
1572 3642 1809 3706 relegen-

242 3724 364 3787 dis,
412 3736 590 3779 tamen
637 3726 793 3779 totius
838 3725 999 3794 [torte
1050 3725 1237 3797 potius]
1281 3729 1517 3783 exhibuit
1555 3732 1605 3784 in
1642 3733 1807 3787 corde

242 3815 619 3882 conscriptos:
642 3814 782 3869 unde
804 3830 899 3869 eos
925 3831 1022 3872 nec
1048 3817 1131 3870 fur
1155 3817 1384 3881 auferre,
1423 3835 1520 3874 nec
1542 3823 1805 3876 violentus

238 3903 475 3971 eripere,
525 3918 625 3958 nec
652 3904 821 3960 imber
855 3907 1052 3973 eluere,
1100 3922 1199 3964 nec
1229 3919 1462 3964 vetustas
1491 3914 1655 3980 possit
1679 3915 1805 3968 abo-

242 3991 351 4048 lere
379 3993 508 4047 dum
541 3994 668 4046 mibi
700 3994 867 4048 fidelis
916 3996 1199 4052 admodum
1232 4000 1389 4053 vestri
1423 3982 1648 4067 pectoris
1678 4018 1803 4057 con-

239 4095 359 4137 sors
380 4092 434 4136 et
462 4081 826 4136 deditissimus
847 4083 1050 4136 delator
1075 4087 1268 4143 sapius
1315 4088 1557 4149 inculcat,
1598 4098 1650 4141 et
1686 4091 1802 4143 dul-

236 4172 374 4233 cius,
418 4171 648 4237 qualiter
688 4184 774 4223 me
808 4180 864 4223 et
893 4186 1050 4240 quam
1080 4174 1286 4227 assidua
1314 4174 1596 4229 dilectione
1626 4179 1691 4232 dc
1718 4196 1801 4235 me

238 4260 541 4313 ruminetis.
576 4259 689 4313 Non
717 4262 854 4327 qnod
886 4263 937 4315 in
976 4277 1061 4317 me
1086 4263 1160 4319 sit
1186 4264 1324 4319 unde
1352 4267 1586 4323 caritatis
1615 4283 1802 4327 vestrm

236 4362 461 4414 irascere
510 4349 723 4415 possitis
771 4351 1020 4416 esuriem,
1075 4354 1163 4423 qui
1215 4356 1415 4413 solidos
1445 4370 1498 4415 et
1537 4378 1799 4430 nunquam

237 4439 504 4505 perituros
534 4437 683 4491 cibos
711 4448 764 4493 et
804 4443 1044 4511 accipere
1081 4447 1223 4500 soliti
1258 4450 1386 4504 estis
1417 4460 1471 4506 et
1503 4452 1659 4518 dare;
1708 4456 1799 4508 sed

1942 582 2042 635 hoc
2072 591 2248 637 tamen
2274 584 2329 637 in
2361 596 2536 662 vestra
2564 589 2755 643 virtute
2789 592 3120 655 miraculum,
3166 605 3222 647 ut
3261 596 3490 666 diligatis

1939 681 2255 727 venerantes
2299 690 2430 741 vos,
2478 677 2566 744 qui
2615 677 2861 739 odientes
2898 694 3078 737 amare
3115 688 3483 743 consuevistis.

1937 758 2208 829 Siquidem
2256 772 2311 819 et
2354 767 2420 819 ad
2448 768 2739 835 augendam
2776 770 2913 824 circa
2959 785 3056 825 nos
3095 776 3367 830 caritatem
3395 794 3489 830 ve-

1934 864 2121 917 stram,
2143 853 2249 909 duo
2273 856 2468 911 lumina
2494 867 2674 911 nostra
2703 859 2973 924 detinetis,
2996 862 3338 920 Aurelianum
3366 868 3487 922 dico

1932 950 2090 1010 atque
2112 943 2387 998 Leontium
2421 963 2433 996 :
2467 962 2561 1015 pro
2582 962 2806 1016 quorum
2834 965 2929 1017 spe
2956 960 3010 1004 et
3031 956 3487 1011 consummatione

1931 1045 2060 1101 rogo
2083 1043 2139 1091 ut
2168 1035 2528 1090 indesinenter
2561 1038 2750 1092 divinat
2779 1041 3177 1105 misericordiae,
3223 1034 3359 1099 sicui
3384 1062 3481 1102 vos

1931 1124 2142 1191 confido
2181 1125 2376 1189 facere,
2425 1127 2753 1197 supplicetis,
2798 1138 2851 1185 et
2876 1145 3002 1200 cum,
3034 1133 3139 1187 illis
3168 1133 3359 1190 iterum
3388 1124 3482 1205 pro

1930 1214 2082 1268 nobis
2111 1230 2321 1284 semper
2355 1218 2548 1283 oretis;
2597 1220 2719 1287 quia
2763 1206 3294 1293 fiducialitercredo,
3340 1228 3480 1295 quod

1929 1304 2238 1371 profectioni
2271 1316 2482 1385 vestrm,
2531 1316 2587 1363 et
2630 1311 2839 1365 illorum
2883 1313 3217 1391 insipientia},
3250 1322 3345 1391 pro
3369 1318 3480 1386 ipsa

1928 1396 2101 1449 adhuc
2128 1398 2500 1464 teneritudine,
2544 1415 2575 1455 a
2604 1403 2861 1459 nutritore
2893 1406 3114 1460 Domino
3145 1407 3217 1461 ttil
3242 1416 3477 1477 negetur.

1927 1484 2163 1541 Salutem
2195 1488 2370 1555 itaque
2395 1489 2612 1545 uberem
2645 1492 2765 1547 dico
2790 1495 2968 1562 pietati
2996 1506 3204 1566 vestrae,
3227 1508 3480 1567 quantum

1925 1580 2100 1642 potest
2143 1590 2399 1642 promeret
2432 1580 2540 1632 oris
2586 1581 2827 1648 affectus,
2878 1573 2999 1658 non.
3022 1596 3275 1663 quantum
3304 1588 3480 1643 cordis

1926 1667 2093 1732 po$cit
2132 1667 2371 1735 allectus.
2404 1670 2469 1723 Et
2504 1687 2635 1743 rogo
2661 1683 2717 1727 ut
2758 1679 3002 1743 prmfatos
3032 1670 3363 1734 dulcissimos
3388 1682 3478 1734 sti‘

1924 1757 2093 1810 mulos
2125 1759 2357 1826 pectoris
2393 1761 2494 1833 mei
2520 1773 2705 1816 nostro
2734 1768 2951 1819 nomine
2994 1770 3300 1835 sospitetis;
3352 1786 3478 1824 nos-

1920 1867 2044 1920 que,
2092 1854 2512 1923 quotiescunque
2540 1873 2596 1911 se
2625 1860 2990 1926 Opportunitas
3036 1862 3330 1928 porrexerit
3360 1877 3477 1929 por-

1921 1942 2114 2007 titoris,
2140 1942 2527 1998 benedictionis
2554 1956 2744 2000 vestrae
2786 1947 3044 2001 imbribus
3087 1948 3334 2018 irrigetis.
3374 1950 3476 2005 0.a

1920 2046 2015 2099 pro
2044 2046 2147 2085 me.
2613 2088 2617 2091 _
3280 2044 3283 2045 ⁷

2516 2123 2729 2179 EPIST.
2770 2124 2879 2179 XL.
2910 2168 2917 2173 ,

2040 2209 2279 2263 Ruricius
2303 2212 2565 2282 episcOpus
2595 2223 2621 2250 α
2644 2216 2932 2281 Apollinari
2957 2214 2983 2253 ιι
3005 2233 3097 2270 suo
3121 2218 3368 2297 salutem.

1985 2318 2219 2374 Affectus
2265 2321 2833 2386 sublimitatisvestra:
2863 2327 2913 2393 in
2946 2328 3237 2383 visceribus
3281 2331 3476 2386 nostris

1916 2410 2183 2465 violentus
2236 2422 2454 2467 exactor
2499 2425 2617 2478 est,
2664 2423 2717 2469 et
2763 2418 2930 2470 amori
2962 2428 3139 2472 vestro
3186 2435 3269 2473 me
3302 2421 3474 2487 potius

1914 2516 2070 2567 quam
2103 2501 2287 2568 pudori
2322 2517 2440 2557 meo
2470 2505 2673 2559 servire
2702 2506 3002 2573 compellit;
3043 2507 3165 2560 dum
3212 2524 3313 2561 non
3344 2524 3475 2562 con-

1914 2589 2152 2655 siderat,
2182 2606 2289 2657 quo
2324 2606 2573 2647 sermone
2598 2634 2613 2658 ,
2654 2609 2754 2661 qua
2785 2597 3005 2663 pagina;
3050 2604 3247 2649 tantum
3282 2600 3470 2651 vestris

1914 2682 2151 2747 imperiis
2190 2682 2561 2751 obsequamur.
2594 2681 2795 2752 Cogitis
2836 2688 2976 2740 enim
3009 2702 3107 2740 nos
3136 2688 3350 2741 auribus
3377 2702 3471 2757 pe-
3562 2680 3574 2689 ’

1914 2770 2048 2821 ritia:
2078 2778 2268 2824 vestrae
2298 2772 2475 2825 verbis
2514 2774 2726 2827 rusticis
2773 2776 3019 2842 injuriatu
3062 2775 3363 2854 frequenter
3389 2778 3465 2830 in-

1915 2859 2052 2915 ferre
2077 2905 2090 2928 ,
2141 2864 2267 2915 dum
2317 2864 2492 2929 apices
2521 2873 2733 2918 nostros
2773 2867 2966 2932 smpius
2996 2866 3158 2920 vultis
3192 2868 3469 2934 accipere:

1912 2965 2074 3018 pareo
2105 2953 2358 3005 voluntati
2394 2964 2586 3007 vestrae
2610 2996 2625 3016 ,
2674 2969 2833 3022 pareo
2858 2955 3104 3021 jussioni.
3151 2955 3285 3009 Malo
3328 2956 3469 3010 enim

1912 3040 1978 3095 de
2009 3043 2210 3109 meipso
2239 3044 2329 3095 tibi
2363 3045 2528 3109 magis
2558 3058 2711 3108 quam
2757 3044 2885 3096 mihi
2927 3045 3164 3097 credere.
3197 3045 3325 3109 Quia
3362 3045 3471 3113 pie-

1916 3132 2054 3191 tatis,
2088 3146 2189 3182 non
2224 3133 2494 3196 potestatis
2524 3142 2622 3193 est,
2656 3131 2794 3198 quod
2822 3131 3041 3198 jubetis.
3075 3132 3136 3185 Et
3170 3132 3323 3195 ideo,
3355 3148 3472 3201 qum

1916 3221 2283 3286 displicuerint
2312 3222 2659 3276 emendabitis
2691 3225 2873 3290 procul
2913 3225 3075 3279 dubio
3114 3228 3290 3294 potius
3317 3241 3472 3294 quam

1914 3309 2164 3375 prodetis.
2196 3310 2463 3377 Siquidem
2493 3312 2623 3365 nihil
2652 3323 2729 3365 est
2752 3315 3083 3381 imperiosius
3110 3317 3355 3380 caritate;
3388 3316 3471 3372 cui

1910 3414 1975 3466 qu
2002 3414 2128 3463 sque
2174 3410 2281 3453 toto
2329 3402 2491 3455 corde
2536 3416 2593 3455 se
2635 3403 3142 3464 dederit,'lihenter
3184 3416 3237 3459 et
3264 3406 3468 3459 vincula

1911 3490 2049 3543 illius
2082 3493 2304 3557 impacta
2342 3493 2591 3559 patietur,
2622 3503 2673 3546 et
2702 3508 2859 3547 onera
2895 3495 3037 3548 illata
3067 3498 3313 3563 portabit,
3344 3496 3466 3551 dum

1909 3581 2256 3647 prmcipieutis
2304 3584 2581 3651 imperium
2625 3599 2726 3636 non
2778 3584 2969 3637 invitus
2998 3586 3224 3654 excipit,
3253 3587 3344 3639 sed
3377 3588 3468 3640 de-

1910 3683 2061 3725 votus
2115 3688 2342 3741 exercet.
2407 3674 2683 3727 Pt‘arstahit
2727 3675 2902 3742 itaque
2956 3677 3128 3730 divina
3174 3678 3466 3731 misericor-

1908 3761 1991 3814 dia
2033 3774 2086 3814 ut
2118 3763 2430 3817 tumultibus
2454 3764 2704 3829 temporis
2735 3764 2905 3832 hujus,
2934 3766 3015 3818 vel
3042 3768 3459 3834 necessitatibus,

1908 3862 1997 3905 aut
2041 3854 2217 3907 dilatis
2264 3855 2316 3906 in
2345 3864 2705 3923 perpetuum,
2734 3866 2821 3908 aut
2850 3871 3131 3925 parumper
3173 3860 3459 3926 oppressis,

1905 3944 2059 3996 citius
2087 3944 2285 3997 fructus
2320 3954 2341 3981 ο
2366 3960 2463 3999 nos
2492 3945 2646 3997 faciat
2675 3945 2741 3998 de
2772 3956 2947 3998 nostra
2978 3962 3194 4013 carpere
3234 3963 3463 4015 praesen-

1906 4034 1998 4097 tia,
2025 4043 2076 4085 ut
2098 4034 2513 4105 desideria,'qure
2540 4036 2822 4087 incitantur
2848 4037 3139 4100 affectibus,
3166 4039 3460 4105 aspectibus

1906 4123 2228 4188 ntitigentur.
2248 4123 2401 4174 Finit.

2489 4213 2698 4265 El’lST.
2745 4213 2874 4267 XLI.

1906 4299 2120 4351 Domino
2155 4300 2517 4353 devinctissimo
2558 4312 2602 4353 rt
2640 4304 2761 4354 mihi
2790 4304 2926 4355 omni
2962 4304 3149 4359 honore
3186 4294 3453 4363 venerabili

2321 4371 2465 4438 fratri
2495 4369 2517 4406 ἀ
2546 4370 2754 4424 Leontio
2786 4372 3041 4427 Ruricius.

1981 4458 2184 4531 Gratias
2213 4476 2329 4529 ago,
2350 4462 2483 4529 quod
2498 4474 2546 4515 et
2565 4465 2726 4517 nostri
2743 4478 2919 4517 curam
2935 4481 3138 4533 gerere,
3158 4474 3208 4521 et
3233 4470 3460 4524 novitate

234 4528 451 4595 quando
474 4527 661 4581 fortior
686 4544 807 4584 esca
834 4529 1078 4599 defuerit,
1106 4537 1419 4593 tenuitatem
1455 4552 1686 4595 nostram
1712 4561 1804 4612 pro
1837 4521 1885 4580 Ῐ)
1912 4550 2133 4612 olerum,
2166 4567 2282 4617 qure
2312 4554 2535 4605 libenter
2564 4553 2759 4607 habere
2787 4570 2883 4608 nos
2911 4556 3105 4620 nostis,
3132 4572 3228 4611 nos
3246 4559 3459 4614 reficere

235 4619 387 4675 lactis
435 4618 629 4691 poculo
674 4622 953 4689 sorbeatis,
985 4634 1045 4679 ut
1072 4627 1395 4684 desiderium
1439 4633 1509 4701 pii
1552 4636 1727 4690 cordis
1752 4648 1804 4692 et

304 4821 328 4883 Ρ
353 4813 813 4883 Ms.,Apolfouari.

305 4880 336 4920 θ
364 4887 435 4936 tte
465 4880 627 4936 eo'ad
654 4884 810 4948 epi-t.
838 4884 925 4938 25.

304 4959 327 5030 ξ
357 4951 639 5030 μεδεορῆ
660 4952 742 5004 vel
771 4969 860 5030 nos
888 4955 1045 5030 faciat
1067 4955 1129 5009 de
1153 4966 1333 5030 vestra:

302 5014 329 5052 ἀ
357 5014 477 5097 Fuit
508 5020 595 5099 i|_!e
620 5014 1224 5099 Leontius:Arelatensis
1266 5029 1575 5096 episcopus;
1611 5046 1800 5099 quam-

234 5100 311 5163 vis
342 5090 487 5163 enim
518 5088 585 5139 de
614 5094 778 5163 ipsius
800 5091 962 5163 obitu
996 5097 1217 5147 tacuerit
1259 5088 1499 5161 superius
1530 5088 1794 5163 Ruricius,

234 5158 283 5208 id
332 5157 502 5208 solum
554 5159 740 5220 probat
783 5158 919 5212 illius
974 5164 1223 5226 epistolas
1270 5157 1556 5219 secundum
1607 5157 1794 5222 seriem

233 5240 555 5301 temporum“
585 5240 690 5301 non
720 5240 863 5301 esse,
890 5228 1190 5301 dispositas.
1240 5234 1353 5286 Fuit
1405 5238 1611 5301 quidem
1663 5240 1796 5289 alter

235 5295 486 5347 Leontius
517 5291 897 5368 Forojulieusis
946 5291 1243 5368 episcopus,
1275 5306 1354 5353 cui
1387 5291 1602 5357 concilia
1632 5306 1792 5360 Galli-

234 5380 365 5441 rana
406 5362 846 5441 convocandiaius
867 5362 1141 5441 concessit
1184 5362 1290 5425 Leo
1320 5373 1552 5441 Magnus,
1582 5386 1639 5427 ut
1667 5378 1787 5429 Gal-

237 5432 405 5484 lorum
466 5432 675 5483 animos
720 5432 913 5485 llilario
960 5436 1253 5491 Art-latensi
1312 5432 1549 5497 :tddvicms
1591 5448 1791 5495 lucilius

236 5512 501 5577 uocaret.
550 5500 654 5553 Sed
686 5504 729 5551 is
758 5500 1002 5577 Leontius
1039 5505 1137 5577 fuit
1176 5509 1283 5575 jam
1332 5525 1593 5577 provectae
1624 5518 1792 5565 :etatis

230 5586 372 5623 anno
402 5571 524 5632 445,
569 5578 623 5619 υῑ
654 5579 873 5623 testatur
899 5573 1009 5639 ipse
1038 5571 1189 5627 Lcof
1210 5571 1354 5632 Hunc
1386 5580 1661 5635 Leontium
1703 5598 1789 5630 au-

233 5642 451 5716 tumavit
482 5640 1009 5716 [sigoniuseurndeut
1041 5660 1159 5697 esse
1181 5661 1241 5699 ac
1274 5649 1417 5701 illum
1448 5651 1528 5702 cui
1556 5652 1790 5716 cpistola:

232 5710 433 5765 Sidonii
464 5722 517 5765 et
562 5707 763 5764 Ruricii
802 5721 923 5765 sunt
955 5712 1199 5781 directas;
1242 5720 1329 5771 sed
1364 5722 1557 5775 obicrat
1592 5707 1787 5786 'procul

1908 4638 2036 4691 tanti
2066 4640 2348 4703 habuistis;
2385 4641 2521 4706 quod
2552 4652 2605 4694 et
2631 4644 2996 4698 consuetudini
3024 4648 3285 4711 praestatis
3312 4650 3457 4714 pari-

1908 4828 2471 4900 duhithorojuliensis
2498 4832 2743 4884 Leontius
2788 4844 2851 4886 eo
2899 4844 3131 4900 tempore
3158 4836 3359 4890 Sidonii
3440 4849 3457 4891 t

1909 4898 2136 4957 liuricii;
2180 4914 2384 4949 com-vus
2418 4914 2540 4971 vero
2590 4904 2683 4953 fuit
2729 4902 2973 4954 Leontius
3012 4898 3338 4957 ‘Art-latcnsis
3368 4910 3455 4971 qui

1910 4968 2139 5017 liawnio
2170 4978 2441 5019 successu.
2478 4970 2725 5022 Leontius
2773 4972 3143 5035 Forojulicnsis
3186 4978 3320 5027 circa
3362 4968 3457 5026 an-

1909 5052 2030 5086 num
2072 5035 2173 5108 44ίῖ
2209 5036 2362 5108 nbiit;
2402 5052 2503 5089 non
2552 5042 2593 5090 is
2639 5040 2793 5103 igitur
2820 5053 2937 5093 esse
2970 5052 3133 5105 potmt
3162 5044 3308 5108 cujus
3340 5047 3452 5095 cxi-

1910 5115 2016 5156 tum
2066 5104 2223 5154 deﬂet
2272 5105 2513 5159 liuricius
2558 5110 2832 5172 episcttpus
2880 5112 2943 5159 ab
2975 5124 3111 5163 anno
3146 5104 3267 5163 «270.
3304 5114 3452 5163 Errat

1908 5174 2179 5237 tripliriter
2211 5176 2406 5226 Savaro
2437 5178 2523 5239 qui
2558 5178 2827 5229 Leontium
2878 5178 3287 5243 Forojulicnscm
3330 5195 3447 5231 curn

1903 5256 2018 5291 esse
2051 5252 2253 5307 putaret
2279 5244 2359 5295 cui
2402 5246 2649 5298 Sidonius
2675 5288 2687 5303 ,
2736 5250 2855 5297 item
2891 5247 3108 5300 Faustus
3153 5250 3408 5310 scripsere
3436 5290 3449 5307 ,

1901 5314 2092 5383 quique
2126 5313 2435 5377 subscripsit
2463 5316 2697 5378 episio‘u:
2718 5316 2886 5365 Fausti
2908 5317 2969 5367 ad
3006 5319 3296 5368 Lthtitjr‘lllll
3326 5331 3441 5383 prc-

1902 5380 2190 5446 shytcrum,
2225 5384 2376 5448 quue:
2407 5386 2453 5435 itt
2500 5387 2721 5435 concilio
2754 5384 3103 5451 [ιιὶξιίιιιευιιςὶ.
3144 5386 3188 5434 l"
3220 5386 3263 5433 is
3294 5380 3445 5449 quem

1902 5449 2075 5500 laudat
2105 5450 2344 5513 Faustus,
2379 5453 2473 5503 fuit
2508 5449 2847 5513 Arelatensis,
2880 5456 2957 5505 t'lll
2987 5468 3294 5505 cotttttttssus
3328 5454 3443 5504 (ἰηι-

1900 5519 2085 5567 liartutt
2138 5522 2433 5572 γιιηλτιῖιιιιη
2477 5524 2530 5571 3?.”
2565 5522 2747 5573 Nescio
2777 5524 2896 5588 quid
2938 5524 3033 5573 sibi
3072 5521 3191 5571 tulit
3226 5524 3443 5585 Μυκη-(ι,

1902 5587 1984 5659 tibi
2016 5590 2169 5659 toties
2203 5587 2893 5659 Lttcilcrtttn.presbyterum
2928 5592 3168 5642 inruian
3209 5591 3317 5641 Non
3352 5594 3447 5644 fuit

1902 5654 2111 5706 Lucifer
2160 5660 2407 5709 IltiH’lSllS
2460 5654 2612 5723 quem
2654 5654 2749 5711 tela
2800 5676 2889 5709 sua
2934 5660 3155 5710 \iiilatll
3194 5660 3445 5723 Faustus;

1899 5724 1989 5779 sed
2024 5726 2245 5783 Lucidus
2272 5772 2284 5795 ,
2330 5728 2513 5793 injuria
2566 5732 2612 5783 in
2658 5730 2969 5785 Luciferum.
3008 5730 3269 5783 ltozttittcm
3302 5732 3443 5797 igne.
