3908 6432
581 369 678 424 IIS

1883 370 2129 426 RURICII
2172 371 2468 427 EPISCOPI

3685 382 3772 433 118

574 488 652 530 ter
677 491 730 531 et
755 479 940 531 amori.
989 478 1213 548 Ideoque
1261 478 1508 533 redeunto
1541 495 1701 547 puero
1728 491 1922 539 vestro,
1954 481 2117 533 reddo
2146 488 2190 540 Α
2222 495 2448 535 vestram
2509 484 2790 550 plurimum
2838 490 3174 554 sospitamus.
3231 491 3294 544 Et
3342 494 3462 561 quia
3499 494 3562 544 de
3603 508 3768 547 nostri

573 572 898 637 reciprocum
924 571 1281 638 sospitatiouis
1309 571 1570 634 officium;
1601 579 1656 623 et
1682 581 1737 623 ut
1761 571 1826 623 de
1856 583 2123 638 suscepto,

575 664 682 713 lien
711 662 957 728 ριόίίιίο,
989 663 1161 716 ofﬁcio
1189 663 1547 716 indesinenter
1575 663 1814 730 cogitetis
1842 664 2122 717 admoneo.

556 749 700 818 Quia
734 754 869 807 Deus
901 771 1003 806 non
1035 755 1237 806 initium
1267 755 1390 806 boni
1419 754 1617 820 operis,
1640 754 1732 806 sed
1765 755 1917 805 linem
1945 754 2122 822 requi-

570 859 686 897 rere
712 844 1101 907 comprobatur,
1129 845 1312 896 dicens
1334 861 1347 894 :
1371 842 1467 906 Qui
1494 843 1873 909 perseveraverit
1895 859 2044 910 usque
2070 845 2124 896 in

567 934 715 998 ﬁnem
737 974 755 998 ,
800 935 880 986 hic
921 934 1086 986 salvus
1127 933 1218 985 erit
1254 932 1466 999 (Matth.
1497 948 1551 995 ι,
1578 933 1694 997 ea).
1733 932 2036 998 Praestabit,
2067 943 2124 986 ut

566 1023 850 1082 credimus,
881 1021 1240 1075 misericordia
1264 1022 1447 1087 ipsius,
1473 1030 1528 1074 ut
1554 1022 1639 1090 qui
1664 1021 1950 1089 paenitendi
1975 1021 2121 1075 vobis

565 1116 798 1165 animum
845 1113 1102 1181 inspirare
1154 1113 1397 1182 dignatus
1444 1120 1566 1174 est,
1614 1112 1727 1178 ipse
1776 1113 1922 1164 vobis
1967 1121 2020 1164 et
2067 1112 2118 1162 in

565 1203 768 1267 agendo
795 1204 1038 1256 virtutem
1064 1242 1081 1267 ,
1130 1210 1184 1255 et
1211 1204 1260 1255 in
1290 1202 1743 1256 consummatione
1788 1201 1992 1268 plenam
2022 1200 2118 1252 tri-

566 1292 693 1343 buat
738 1307 834 1359 pro
880 1306 972 1344 sua
1020 1293 1360 1346 miseratione
1406 1291 1768 1345 remissionem
1796 1330 1811 1353 ,
1855 1290 1941 1357 qui
1974 1289 2118 1342 solus

567 1386 739 1444 potest
779 1387 832 1432 et
870 1394 1058 1434 sanare
1103 1388 1346 1447 corrupta
1368 1420 1382 1440 ,
1416 1391 1467 1434 et
1496 1393 1743 1449 reparare
1782 1379 2036 1444 eollapsa,
2067 1387 2120 1431 et

564 1466 740 1522 delere
782 1471 1059 1524 commissa
1085 1511 1101 1534 ,
1147 1478 1201 1524 et
1229 1469 1426 1522 abdere
1466 1469 1726 1534 pra'tet‘ita
1752 1507 1766 1530 ,
1799 1482 2118 1522 conservare

563 1560 861 1624 praesentia,
887 1568 942 1612 et
966 1560 1165 1612 donare
1189 1568 1429 1611 ventura.
1455 1558 1612 1610 Finit.

1131 1669 1343 1726 EPIST.
1384 1670 1537 1723 XLII.

847 1758 1085 1813 Ruricius
1108 1762 1175 1814 ad
1200 1761 1434 1813 domuum
1459 1759 1826 1817 Constantium.

2222 572 2454 640 dignaris
2499 588 2618 627 esse
2663 576 2830 628 salute
2873 579 3168 644 sollicitus,
3214 580 3368 646 juxta
3411 592 3530 633 vota
3575 583 3785 648 pietatis

2221 671 2412 716 vestra:
2441 676 2526 716 me
2565 664 2744 716 valere
2781 665 3022 732 signiﬁco
3042 706 3058 728 ,
3104 669 3367 736 simulque
3395 651 3660 738 deposco,
3689 675 3768 727 ubi

2222 761 2456 807 sanctum
2489 753 2680 818 pascha
2714 753 2900 808 facturi
2942 757 3056 809 silis
3081 797 3097 820 ,
3149 773 3233 810 me
3270 749 3666 816 recurrentibus
3700 763 3751 816 in

2219 839 2456 893 struatis.
2489 838 2650 893 Finit.

2788 951 3003 1005 EPIST.
3046 951 3199 1007 XLV.

2397 1037 2592 1092 Ruricii
2627 1039 2845 1104 episcopi
2873 1042 2941 1090 ad
2970 1044 3310 1109 presbyterum
3347 1044 3604 1103 Albinum.

2288 1124 2388 1179 Ubi
2415 1125 2482 1179 ad
2511 1141 2594 1179 me
2618 1129 2912 1180 communis
2957 1129 3129 1182 luctus
3160 1132 3326 1183 nuntii
3361 1148 3574 1188 rumore
3599 1151 3768 1204 perve.

2219 1215 2292 1266 nit
2321 1253 2337 1278 ,
2385 1216 2523 1282 quod
2558 1227 2731 1270 tamen
2762 1218 2986 1270 miratus
3014 1233 3131 1270 sum
3158 1259 3173 1281 ,
3205 1220 3343 1286 quod
3373 1237 3477 1275 non
3510 1225 3610 1278 lioc
3639 1233 3771 1293 prius

2219 1314 2280 1352 ex
2309 1303 2676 1369 germanitatis
2705 1315 2890 1356 vestra:
2919 1305 3172 1358 relatione
3195 1309 3440 1375 cognovi,
3460 1312 3572 1378 ipse
3596 1315 3660 1366 ad
3687 1331 3772 1370 vos

2218 1394 2563 1461 requirendos
2591 1395 2840 1448 continuo
2865 1395 3128 1450 venissem
3149 1437 3165 1460 ,
3192 1398 3294 1450 nisi
3337 1414 3420 1453 me
3445 1400 3652 1456 dierum
3686 1404 3774 1457 bo-

2217 1499 2332 1535 rum
2379 1485 2670 1538 reverentia
2719 1485 3059 1538 retardasset.
3103 1486 3212 1540 llas
3241 1491 3547 1556 transmisi,
3589 1494 3773 1559 quibus

2217 1587 2395 1640 spero,
2427 1583 2485 1627 ut
2509 1589 2594 1627 me
2622 1585 2926 1628 excusatum
2959 1576 3153 1629 habere
3180 1577 3493 1646 dignemini,
3528 1591 3584 1636 et
3615 1585 3768 1636 tiliam

2220 1675 2447 1716 nostram
2474 1707 2489 1728 ,
2519 1678 2676 1731 quam
2719 1665 2876 1718 audio
2903 1679 2961 1719 se
3001 1667 3346 1721 vehementer
3388 1669 3627 1740 afﬂigere
3649 1712 3665 1735 ,
3710 1675 3771 1724 ad

2217 1755 2385 1806 vicem
2414 1769 2608 1818 meam,
2637 1763 2744 1808 tam
2782 1770 2845 1809 ex
2893 1757 3095 1812 ratione
3119 1771 3272 1821 quam
3302 1774 3365 1813 ex
3395 1772 3570 1816 vestra
3595 1775 3772 1817 aucto-

628 1847 704 1903 οε
731 1850 934 1904 δεηθείς
965 1851 1283 1904 transmisi;
1309 1851 1499 1917 stum
1520 1864 1638 1918 ago,
1664 1860 1715 1902 ei
1759 1859 2007 1915 quantum
2035 1849 2113 1901 in.
2145 1818 2188 1876 Β
2217 1843 2368 1896 ritate
2408 1843 2751 1896 consolemini
2777 1883 2794 1906 ,
2841 1833 2980 1912 quod
3012 1846 3266 1901 Dominus
3309 1861 3489 1903 noster
3527 1853 3594 1907 de
3621 1868 3772 1908 servo

559 1933 809 1998 dicaam,
857 1945 1055 1989 tantum
1106 1952 1190 1992 me
1237 1948 1574 2004 utrarumque
1615 1938 1787 1988 avium
1817 1938 2111 2002 suscepisse

558 2028 826 2095 Bignlllco;
864 2028 1130 2094 slmulque
1170 2030 1323 2082 etiam
1368 2043 1463 2098 per
1493 2043 1684 2095 pueros
1713 2029 1874 2094 ipsos,
1903 2031 1992 2096 qui
2019 2045 2111 2081 no-

559 2117 639 2168 bis
669 2119 779 2173 bcc
806 2119 1109 2172 detulerunt
1133 2158 1149 2180 ,
1181 2127 1360 2187 tergus
1384 2133 1641 2185 aprunum
1674 2134 1758 2172 me
1789 2121 1968 2187 pietati
1997 2120 2110 2173 'ture

557 2206 732 2260 indico
759 2211 1145 2276 transmisim;
1186 2219 1238 2262 ut
1265 2210 1386 2262 dum
1412 2223 1508 2262 nos
1538 2209 1764 2262 volatilia
1795 2225 1910 2278 quae
1941 2220 2110 2264 trans-

557 2294 743 2348 misisti
789 2295 1116 2353 deliciamur.
1163 2303 1220 2349 tu
1262 2295 1450 2364 bipede
1495 2296 1562 2351 de
1604 2297 1944 2364 quadrupede
1975 2299 2110 2351 facto

556 2383 783 2435 satierts.
817 2384 978 2446 Cuius
1009 2391 1181 2438 tamen
1213 2386 1351 2439 malo
1371 2399 1550 2449 carne,
1573 2400 1730 2454 quam
1757 2387 1860 2439 vita
1883 2389 2108 2454 capiaris

556 2473 678 2541 quia
705 2472 792 2542 qui
837 2485 1046 2545 semper
1075 2473 1138 2528 de
1185 2474 1527 2531 sacularibus
1567 2477 1795 2542 Cogitat,
1838 2487 1891 2531 ct
1914 2477 2109 2546 iugiter

556 2568 763 2619 terrena
806 2563 1108 2624 meditatur,
1164 2562 1282 2614 huic
1316 2563 1570 2615 animanti
1618 2563 1884 2631 Scriptura
1930 2565 2104 2618 divina

556 2651 744 2703 merito
793 2661 1150 2718 comparatur.
1202 2653 1334 2716 Quia
1380 2653 1447 2706 de
1508 2654 1750 2707 omnibus
1796 2655 2107 2709 animalibus

553 2743 699 2795 solus
732 2743 886 2796 homo
929 2743 1171 2796 sublimis
1195 2753 1403 2799 creatus
1440 2754 1539 2806 est,
1584 2753 1637 2796 et
1664 2743 1901 2806 ell‘ectus.
1928 2755 2105 2808 utau-

552 2840 749 2885 ctorem
794 2846 944 2884 suum
994 2847 1202 2898 semper
1245 2834 1382 2886 coelo
1428 2835 1659 2887 intentus
1707 2835 1952 2901 aspiciat,
2000 2850 2104 2888 non

554 2920 816 2973 mundalia
841 2936 999 2988 opera
1041 2923 1157 2975 solo
1188 2921 1570 2976 incessabiliter
1611 2922 1815 2977 deﬁxus
1839 2933 2103 2978 exerceat.

1116 3032 1325 3088 EPIST.
1368 3034 1550 3088 XLIII.

551 3120 882 3218 Att-domuum
901 3123 1215 3174 Ambrosium
1234 3133 1258 3159 "
1271 3125 1559 3192 episcopum
1575 3125 1809 3179 Ruricius
1819 3127 2100 3194 episcopus.
2127 3157 2174 3218 ο

621 3209 918 3274 Aposmlica
967 3219 1221 3278 pmcepta
1259 3225 1356 3263 nos
1385 3226 1721 3266 commonent
1763 3227 1817 3267 ut
1853 3230 1886 3268 a
1913 3217 2102 3282 quibus

551 3298 725 3352 divina
758 3298 1091 3366 percipimus,
1124 3299 1200 3352 eis
1229 3311 1433 3355 terrena
1465 3304 1810 3370 praebeamus,
1840 3306 1976 3372 quod
2005 3319 2101 3359 nos

552 3388 635 3441 vel
667 3388 718 3441 in
750 3388 847 3441 hac
872 3389 1124 3442 duntaxat
1166 3398 1313 3457 parte
1341 3403 1647 3456 servantes,
1678 3406 1775 3459 pro
1803 3393 2121 3462 cmlestibus.

551 3478 742 3544 epulis,
772 3493 902 3545 quas
933 3479 1082 3532 nobis
1111 3490 1163 3534 et
1189 3493 1434 3533 sermone
1467 3483 1616 3546 vivo,
1648 3489 1702 3534 et
1747 3490 1949 3548 patrum
1998 3491 2104 3536 tra-

553 3567 782 3621 ctatibus
808 3568 1134 3631 ministratis,
1164 3571 1419 3636 legumina
1451 3573 1648 3653 maripa
1694 3573 2098 3630 tiansmisimns.

553 3656 654 3710 Per
691 3658 803 3709 haec
850 3659 919 3710 nil
971 3673 1066 3710 nos
1114 3660 1306 3714 habere
1352 3663 1619 3728 proprium
1663 3664 2098 3729 comprobantes;

552 3747 808 3814 siquidem
834 3755 888 3800 et
911 3761 938 3798 a
962 3748 1156 3801 divinis
1184 3748 1335 3802 bonis
1361 3764 1562 3814 sumus,
1591 3765 1706 3814 quae
1733 3765 1823 3802 vos
1855 3751 2100 3814 tribuitis,

555 3836 852 3904 peregrini,
896 3844 950 3888 et
995 3850 1090 3890 nos
1135 3837 1409 3904 peregrina
1453 3838 1872 3889 transmittimus.
1927 3839 2103 3904 Itaque

552 3929 671 3991 quia
700 3941 797 3979 nos
825 3943 853 3978 a
884 3929 1098 3980 marinis
1128 3928 1432 3981 caelestibus
1470 3929 1730 3989 exsulare,
1762 3939 1813 3980 et
1842 3929 1968 3981 solis
1998 3937 2101 3980 ter-

553 4017 698 4071 renis
724 4017 936 4071 sedibus
965 4019 1215 4072 incubare
1243 4018 1626 4086 cognoscimus,
1654 4034 1683 4071 a
1711 4018 1858 4072 vobis
1892 4021 2104 4086 specia-

554 4103 654 4159 lius
685 4108 1022 4175 postulamus,
1053 4117 1109 4161 ut
1138 4109 1250 4162 haec
1277 4108 1444 4161 aliena
1473 4123 1502 4161 a
1541 4109 1690 4161 nobis
1713 4108 1936 4163 libenter
1962 4110 2100 4162 acci-

555 4211 680 4261 pere
704 4236 721 4259 ,
766 4207 819 4251 et
867 4207 1037 4250 vestra
1069 4199 1221 4251 nobis
1262 4198 1545 4266 dignemini
1575 4198 1872 4264 frequenter
1901 4199 2101 4264 impen-

555 4284 702 4336 dere.
729 4285 859 4337 lllud
889 4287 954 4338 sit
980 4286 1271 4340 aﬂectionis
1295 4326 1312 4351 ,
1354 4288 1453 4340 hoc
1494 4288 1802 4359 ministerii;
1842 4288 1967 4340 illud
1999 4287 2098 4340 do-

556 4373 736 4428 ctrina:
764 4385 1062 4442 praestatur,
1091 4376 1189 4427 lioc
1216 4374 1417 4441 gratias.
1511 4372 1514 4375 ’

1109 4484 1316 4541 EPIST.
1366 4484 1545 4538 XLIV.

767 4573 847 4626 Ad
868 4573 1103 4626 domuum
1131 4573 1408 4643 Hispanum
1435 4573 1628 4627 Ruricil
1656 4575 1892 4643 episcopi.

621 4665 734 4732 Ago
755 4666 945 4732 gratias
963 4663 1104 4732 quod
1128 4665 1250 4717 dum
1274 4663 1424 4717 nobis
1444 4664 1578 4717 dona
1605 4666 1834 4729 nomine,
1854 4679 1912 4718 re
1937 4665 2101 4732 spolia

557 4754 906 4805 transmittitis
931 4793 946 4816 ,
989 4754 1237 4820 pietatem
1269 4761 1495 4804 vestram
1527 4769 1647 4821 erga
1681 4769 1764 4806 me
1805 4756 2098 4807 sincerissio

556 4857 694 4896 mam
738 4844 1129 4908 comprobatis,
1180 4858 1283 4911 qua
1325 4856 1424 4895 nos
1461 4844 1685 4910 amplius
1709 4859 1864 4912 quam
1895 4845 2099 4898 deliciis

553 4932 894 4985 delectamur.
937 4930 1204 4998 Siquidem
1252 4931 1373 4984 inde
1419 4931 1642 4983 esuriem
1687 4935 1919 4999 corporis
1948 4948 2096 4986 com-

554 5036 861 5089 pescemus,
915 5021 1034 5073 hinc
1079 5023 1256 5075 cordis
1299 5039 1312 5073 :
1356 5021 1478 5075 inde
1526 5021 1694 5075 ventri
1736 5024 2091 5076 transitoiium

555 5112 868 5179 porrigimus
927 5121 1129 5176 pastum
1174 5130 1186 5162 :
1230 5113 1352 5164 binc
1396 5124 1519 5162 vero
1572 5110 1746 5162 animo
1792 5127 2092 5166 mansurum

557 5201 850 5265 praebemus
895 5197 1159 5251 aﬂ'ectum.
1193 5199 1416 5251 Proinde
1445 5209 1547 5249 tam
1588 5199 1751 5250 amori
1793 5215 1946 5266 quam
1985 5216 2099 5252 mu-

557 5289 669 5342 neri
699 5298 874 5342 vestro
913 5288 1106 5356 gratias
1134 5296 1505 5352 repensantes,
1540 5286 1823 5354 reciprocis
1854 5292 2094 5353 pietatem

557 5415 664 5456 tum
689 5446 706 5472 ,
759 5412 1157 5458 transmutatns.
1187 5402 1240 5455 5'
1275 5400 1504 5472 Denique
1534 5398 1829 5472 Arelatensi
1860 5401 2096 5464 concilio,

554 5475 640 5525 cui
689 5468 892 5538 praefuit
940 5473 1217 5530 Leontius,
1262 5468 1884 5538 subsvripsit;abfuisse
1925 5482 2101 5521 autem

557 5535 760 5594 iidetur
787 5559 816 5597 a
842 5544 1060 5596 concilio
1093 5538 1422 5607 Lugdunensi
1448 5535 1477 5600 ,7
1512 5535 1649 5607 quod
1684 5538 1888 5607 unicum
1922 5547 2100 5589 tamen

556 5613 752 5666 indicat
778 5616 994 5662 Savaro.
1039 5605 1416 5662 Cum—Leontio
1451 5605 1744 5657 Arelatensi
1794 5620 1895 5656 non
1946 5608 2103 5658 modo

556 5678 813 5751 cliscopis
845 5677 1142 5743 Gallicanis,
1181 5677 1270 5732 sed
1305 5675 1461 5729 etiam
1499 5673 1694 5727 Hilario
1732 5675 1961 5740 pontiﬁci
1995 5673 2101 5728 [τρο

2215 1944 2331 1993 suo,
2373 1940 2429 1984 et
2468 1931 2676 1999 quando
2710 1933 2897 1997 voluit,
2929 1943 2981 1986 ct
3004 1935 3144 2000 quod
3174 1937 3359 1999 voluit,
3387 1939 3532 1993 fecit.
3563 1941 3626 1994 Et
3657 1943 3773 1995 ideo

2211 2033 2394 2076 contra
2427 2024 2749 2076 voluntatem
2785 2023 2987 2077 Domini
3019 2027 3199 2080 venire
3231 2026 3512 2095 videbitur,
3539 2036 3622 2084 cui
3665 2033 3771 2087 dis-

2212 2117 2372 2183 plicet
2401 2115 2576 2168 divina
2606 2115 3113 2185 praceptiomtique
3139 2118 3312 2170 divina
3337 2135 3352 2182 ;
3392 2121 3514 2189 quia
3542 2123 3769 2175 animam

2212 2212 2444 2256 nostram
2492 2204 2580 2255 ille
2624 2204 2800 2270 solus,
2826 2217 2946 2256 cum
2976 2205 3222 2272 voluerit,
3250 2221 3314 2260 ex
3341 2222 3565 2276 corpore
3596 2220 3768 2277 potest

2209 2294 2457 2355 educere,
2486 2292 2576 2359 qui
2605 2291 2738 2346 fudit
2765 2293 2818 2346 in
2861 2307 3103 2360 corpore.
3148 2296 3212 2349 Et
3243 2296 3442 2350 idcirco
3474 2297 3648 2352 luctus
3673 2301 3769 2354 ista

2210 2385 2440 2447 nimius,
2486 2385 2574 2450 qui
2610 2383 2817 2436 videtur
2859 2398 2976 2438 esse
3019 2386 3247 2451 pietatis,
3289 2387 3454 2455 magis
3478 2401 3542 2442 es
3570 2389 3764 2444 diaboli

2208 2475 2432 2528 consilio
2471 2489 2626 2542 quam
2659 2489 2722 2526 ex
2769 2474 2961 2540 pietate
2988 2474 3305 2538 descendit;
3347 2487 3403 2530 ut
3449 2493 3567 2531 cum
3615 2479 3767 2532 dolor

2207 2564 2580 2617 consolationis
2603 2563 2880 2631 impatiens
2905 2564 3135 2630 querelis
3159 2565 3264 2618 suis
3301 2564 3460 2620 Deum
3489 2569 3766 2634 impietatis

2206 2651 2507 2718 exprobrat,
2521 2651 2609 2718 qui
2637 2651 3088 2717 prmmisitFilit’tm
3111 2666 3203 2720 per
3219 2651 3500 2706 humanam
3514 2656 3769 2709 conditio.

2207 2757 2362 2805 nem,
2400 2757 2494 2809 per
2537 2742 2955 2795 incredulitatem
3003 2743 3231 2796 animam
3273 2743 3478 2812 perdat.
3515 2744 3766 2812 Plangaut

2159 2846 2165 2853 ·
2207 2831 2395 2884 mortui
2433 2840 2670 2884 mortuos
2710 2845 2865 2896 suos,
2902 2846 3036 2898 quos
3074 2844 3465 2888 resurrecturos
3502 2850 3621 2889 esse
3661 2849 3766 2888 non

2205 2917 2464 2984 credunt,
2502 2919 2589 2985 qui
2637 2920 2864 2974 animam
2899 2934 3016 2971 cum
3055 2934 3212 2973 carne
3231 2924 3498 2973 trstimant
3527 2924 3764 2987 interire,

2203 3006 2394 3076 quibus
2416 3008 2554 3062 nulla
2579 3007 2644 3064 de
2672 3009 2991 3062 beatitudine
3017 3011 3227 3069 animm,
3261 3010 3402 3063 nulla
3430 3011 3496 3063 de
3525 3014 3764 3078 corporis

2205 3099 2588 3154 restanratione
2635 3097 2820 3152 ﬁducia
2853 3107 2954 3153 est.
2975 3097 3080 3151 Nos
3115 3113 3264 3163 vero,
3293 3099 3382 3167 qui
3411 3113 3559 3168 spem
3589 3114 3762 3153 resur-

2206 3189 2452 3243 rectionis
2499 3189 2754 3242 habemus
2795 3190 2849 3241 in
2890 3189 3120 3254 Christo,
3151 3188 3240 3256 qui
3280 3189 3482 3240 animas
3526 3199 3760 3250 nostras,

2197 3281 2346 3346 juxta
2387 3278 2811 3345 pollicitationem
2862 3278 3026 3344 ipsius
3066 3277 3307 3340 Domini,
3357 3278 3409 3330 iii
3457 3286 3761 3331 sanctorum

2203 3369 2395 3421 limbus
2435 3369 2697 3421 credimus
2741 3367 3017 3430 collocari;
3061 3367 3126 3419 ad
3177 3369 3343 3435 ipsum
3385 3383 3480 3420 nos
3519 3368 3680 3421 corde
3709 3380 3764 3421 et

2202 3459 2526 3514 orationibus
2577 3461 2946 3522 conferamus;
2987 3470 3038 3511 et
3079 3459 3426 3512 consolationi
3481 3460 3548 3515 de
3595 3460 3758 3528 ipsius

2203 3549 2550 3618 promissione
2585 3550 2886 3615 capiamus,
2930 3547 3070 3615 quod
3099 3547 3375 3601 credentes
3405 3550 3455 3602 in
3485 3563 3544 3602 se
3577 3561 3757 3603 secum

2200 3638 2384 3693 vivere
2423 3638 2595 3692 laciat.
2637 3638 2742 3690 Nec
2767 3639 2902 3691 ullus
2927 3637 3062 3705 apud
3089 3652 3209 3692 eum
3239 3637 3338 3692 nisi
3364 3638 3590 3692 inlldelis
3616 3653 3757 3692 mor-

2203 3737 2325 3780 tuus
2360 3727 2643 3795 iudicetur.
2677 3727 2743 3779 Et
2776 3726 2845 3779 lta
2876 3727 3113 3793 planctus
3150 3737 3358 3779 nostros
3380 3767 3394 3789 ,
3435 3729 3571 3780 sicut
3609 3727 3760 3782 Scri-

2201 3833 2351 3882 pfura
2388 3831 2484 3868 nos
2523 3817 2744 3878 edocet,
2793 3825 3176 3882 temperemus,
3214 3816 3431 3868 dicens:
3463 3814 3651 3868 Luctus
3669 3833 3757 3868 sa-

2203 3905 2382 3970 pien!is
2427 3913 2613 3971 septem
2660 3902 2863 3965 diebus.
2909 3904 3053 3968 impii
3089 3919 3204 3954 ocra
3259 3919 3428 3954 omnes
3482 3902 3594 3955 dies
3645 3905 3758 3954 vita

2149 4013 2152 4022 ’
2199 4011 2308 4049 sua
2337 3994 2356 4062 (
2385 3994 2540 4046 Eccli.
2571 4008 2701 4058 χχιι,
2733 3992 2858 4063 15).
2899 3992 3048 4046 Sicut
3074 3995 3267 4046 scimus
3306 3993 3452 4046 illum
3493 4000 3756 4046 murtuum

2200 4100 2443 4154 corpore,
2467 4086 2640 4140 anima
2669 4098 2795 4138 vero
2833 4099 2927 4150 pro
2959 4083 3252 4138 innocentia
3281 4096 3374 4136 sua
3409 4082 3519 4138 Deo
3544 4083 3753 4145 vivere;

2200 4176 2271 4229 ita
2302 4190 2398 4229 nos
2429 4177 2666 4250 viventes
2695 4189 2941 4241 corpore,
2965 4177 3124 4228 corde
3152 4173 3456 4228 moriamur.
3483 4173 3643 4227 Finit.

2759 4303 2969 4356 EPIST.
3009 4303 3190 4356 XLVI.

2515 4391 2709 4446 Ruricii
2737 4394 2954 4461 episcopi
2981 4396 3048 4444 ad
3083 4394 3437 4450 Taurencium.

2128 4496 2182 4556 ι)
2274 4483 2386 4552 Ago
2410 4483 2603 4550 gratias
2632 4480 3033 4548 promptissima
3063 4480 3116 4533 in
3143 4480 3366 4533 Domino
3385 4481 3672 4546 devotioni,
3701 4493 3754 4538 et

2203 4572 2572 4628 sincerissima:
2616 4586 2736 4640 erga
2769 4585 2852 4624 me
2885 4570 3086 4624 caritati
3123 4566 3346 4634 vestraz‘,
3396 4585 3513 4638 quae
3561 4571 3754 4625 divina:

2203 4661 2452 4716 b‘onitatis
2482 4662 2762 4725 imitatrix;
2785 4659 2836 4714 id
2859 4659 2998 4728 quod
3029 4674 3114 4712 me
3141 4659 3241 4712 sibi
3274 4660 3529 4727 prospicit
3554 4661 3753 4727 suppli-

2200 4752 2443 4815 candum,
2460 4751 2758 4818 priusquam
2788 4761 3024 4817 rogetur,
3044 4757 3099 4802 et
3117 4757 3354 4800 nostrum
3383 4761 3753 4815 prmoccupare

2200 4840 2560 4894 benevolentia
2591 4854 2682 4891 sua
2726 4838 2937 4891 festinat
2977 4837 3240 4896 ofﬁcium;
3283 4837 3405 4890 dum
3437 4852 3539 4889 non
3579 4839 3751 4891 solum

2196 4928 2482 4994 custodire,
2503 4941 2685 4986 verum
2708 4925 2865 4980 etiam
2889 4941 3078 4991 angere
3099 4928 3149 4979 in
3173 4927 3327 4978 istum
3349 4926 3446 4979 sibi
3465 4928 3625 4994 gessit
3651 4927 3754 4999 [in-

2199 5017 2368 5088 gessit]
2394 5019 2659 5080 allectum,
2687 5032 2842 5086 quem
2890 5015 3086 5069 idcirco
3119 5018 3386 5071 beneficiis
3416 5015 3752 5085 auticipando

2202 5109 2429 5161 lzetilicat
2452 5146 2468 5170 ,
2495 5110 2613 5175 quia
2645 5107 2709 5159 ad
2753 5105 3014 5160 modicum
3043 5105 3356 5157 contristare
3384 5106 3652 5159 formidat.
3687 5106 3751 5158 Et

2202 5199 2322 5252 ideo
2351 5196 2548 5248 mavult
2572 5195 2763 5250 oﬂ‘erre
2796 5195 2988 5248 tacenti
3033 5195 3275 5262 gratiam,
3305 5209 3458 5261 quam
3499 5204 3750 5261 prmstare

2207 5287 2439 5356 poscenti
2462 5303 2475 5338 :
2497 5288 2670 5340 sciens
2699 5285 2881 5354 procul
2908 5285 3088 5347 dubio,
3112 5285 3230 5352 plus
3259 5285 3449 5340 essein
3481 5299 3546 5338 eo
3570 5284 3747 5339 meriti

2202 5412 2370 5466 quens
2416 5396 2513 5451 fuit
2555 5398 2847 5450 litterarum
2895 5397 3292 5450 commercium.
3342 5395 3611 5448 Habentur
3646 5395 3749 5448 illae

2202 5470 2438 5536 epistola:
2457 5467 2658 5536 Cnncil.
2690 5468 2725 5536 lg.
2754 5483 2824 5519 tv.
2849 5467 3003 5518 Bass.

2272 5545 2298 5571 ι
2323 5536 2395 5589 De
2441 5550 2504 5587 co
2533 5535 2782 5589 Sidonius
2827 5537 2864 5587 l.
2907 5550 2981 5599 ix,
3006 5547 3090 5598 ep.
3126 5531 3176 5584 6.
3208 5531 3515 5598 SuSpicatur
3552 5532 3747 5585 Savaro

2203 5606 2366 5656 fuisse
2413 5604 2556 5656 illum
2601 5604 2960 5658 Senonensem
3008 5602 3309 5670 episcopum
3370 5601 3452 5654 cui
3498 5600 3745 5656 successit

2175 5676 2181 5686 '
2206 5673 2479 5739 Agrmtius.
2508 5672 2661 5725 Bssn.
