3908 6370
300 378 397 458 tri

1511 398 1989 456 EPISTOLARUM
2030 400 2157 454 LIB.
2193 399 2255 453 II.

3376 412 3475 466 118

301 510 433 577 qum!
478 517 763 575 spontanee
824 507 1141 576 benignitate
1184 507 1443 569 defertur,
1487 522 1641 574 quam
1687 506 1823 572 quod
1856 511 1906 565 Α
1932 508 2168 559 morietur
2190 508 2387 575 recipiet
2417 509 2608 571 omnia,
2637 524 2789 572 neque
2817 510 2966 561 simul
2993 512 3249 564 descendet
3274 529 3384 564 cum
3411 530 3469 567 eo

277 596 539 663 .precibus
566 594 879 662 indulgetur.
902 593 1167 661 Siquidem
1196 594 1381 646 horum
1414 608 1572 647 unttm
1604 608 1705 645 non
1736 593 1833 645 nisi

302 685 613 737 necessitate
658 683 813 736 datur
873 681 1289 742 necessitudini;
1346 681 1483 733 aliud
1528 695 1655 733 vero
1698 695 1836 746 saepe

300 774 455 824 etiam
482 772 774 838 precatoris
806 771 999 824 sedula
1026 770 1306 823 dimittitur
1346 770 1660 836 improbitati
1688 769 1832 834 (Luc.

303 873 376 921 st,
393 860 467 927 8).
484 860 633 913 Unde
645 860 788 913 salve
806 860 1127 925 reciprocum
1141 857 1416 923 dicens,de
1428 858 1633 925 pietatis
1651 867 1837 912 vestra:

301 949 650 1013 promissione
711 960 961 1011 securus,
1028 947 1248 1012 puellam
1319 956 1546 998 vestram
1618 948 1668 997 in
1726 959 1834 997 rem

299 1034 516 1088 directis
559 1036 733 1103 pueris
781 1037 1006 1096 vestris,
1049 1037 1387 1102 consignasse
1426 1034 1662 1103 signiﬁco
1697 1052 1709 1085 :
1751 1035 1835 1087 cui

300 1126 508 1185 centldo
562 1125 699 1194 quod
759 1126 899 1194 juxta
951 1125 1375 1191 pollicitationem
1419 1136 1683 1190 vestram,
1734 1139 1837 1176 non

300 1217 471 1268 solum
503 1216 707 1269 veniam
733 1254 749 1278 ,
794 1215 886 1269 sed
910 1216 1068 1269 etiam
1095 1217 1317 1283 gratiam
1349 1228 1445 1283 pro
1471 1223 1645 1267 nostra
1674 1216 1836 1267 inter-

298 1302 536 1356 cessione
562 1302 820 1355 tribuatis.

844 1429 1056 1485 EPIST.
1094 1431 1297 1485 XLVII.

444 1538 683 1592 Ruricius
718 1540 921 1593 domino
950 1541 1215 1594 venerabili
1244 1544 1390 1611 fratri
1421 1550 1446 1578 ι
1473 1541 1679 1595 Joanni.

370 1648 399 1688 δ
430 1649 612 1703 Manus
638 1653 931 1706 communis
958 1662 1251 1720 susceptus,
1281 1652 1417 1720 quod
1446 1653 1736 1706 voluntarie
1761 1656 1835 1704 ta-

300 1753 425 1793 cere
450 1738 729 1804 debuerat,
760 1741 882 1793 fecit
912 1756 1048 1794 nunc
1076 1744 1384 1794 necessitate
1423 1742 1719 1808 compulsus
1737 1780 1751 1804 ,
1779 1749 1837 1793 ut

300 1827 367 1879 ad
394 1827 781 1879 venerationem
810 1834 947 1879 tuam
990 1828 1440 1881 commendatitias
1468 1828 1751 1895 ﬂagitaret,
1781 1838 1833 1881 et
1864 1832 1906 1889 Β

301 1927 362 1966 se
400 1915 578 1980 gratias
611 1923 741 1975 tuas,
784 1914 882 1967 etsi
928 1924 1141 1981 propter
1181 1916 1545 1983 negligentiam
1589 1930 1735 1969 suam
1776 1917 1842 1970 de

303 2000 573 2068 praeterito
602 2001 863 2067 ingratus,
897 2016 989 2069 per
1016 2003 1416 2058 insinuationem
1447 2014 1676 2058 nostram
1708 2019 1846 2058 nunc

303 2097 482 2141 tamen
517 2090 887 2156 gratificandus
931 2091 1207 2159 ingereret.
1252 2094 1410 2162 Cujus
1450 2094 1683 2155 petitioni
1728 2095 1845 2149 ideo

304 2180 597 2246 promptius
626 2182 893 2247 acquievi,
923 2182 1038 2248 quia
1069 2182 1299 2245 credidi,
1338 2184 1472 2235 sicut
1514 2195 1567 2235 et
1607 2183 1847 2247 confido,

302 2280 399 2319 vos
441 2267 681 2335 petitioni
727 2282 857 2321 meae.
899 2268 1124 2323 libenter
1162 2284 1410 2324 annuere.
1458 2271 1607 2326 Unde
1650 2272 1845 2323 saluta-

304 2354 447 2409 tione
472 2354 699 2424 depensa
732 2371 888 2424 spero
907 2396 922 2421 ,
952 2365 1008 2409 ut
1038 2359 1203 2425 ipsum
1230 2373 1327 2427 pro
1354 2360 1729 2414 intercessione
1752 2374 1845 2413 no-

304 2452 412 2495 stra
442 2444 678 2512 recipere
715 2447 845 2499 tanti
878 2446 1137 2500 habeatis.
1178 2450 1244 2501 Et
1275 2450 1391 2516 quia
1419 2450 1550 2515 hoc,
1587 2450 1724 2519 quod
1753 2449 1846 2503 de—

305 2530 448 2594 buit,
492 2532 750 2595 reddidit,
792 2548 974 2587 usuras
1006 2534 1081 2587 illi
1106 2534 1397 2588 solidorum
1434 2537 1695 2601 ipsorum,
1741 2553 1844 2590 non

305 2628 507 2672 tantum
540 2635 633 2687 pro
677 2622 919 2688 precibus
962 2622 1183 2685 nostris,
1230 2633 1479 2690 quantum
1527 2639 1619 2690 pro
1657 2625 1846 2677 divinis

307 2712 580 2776 praceptis
617 2708 817 2762 donare
858 2710 1107 2777 digneris.
1138 2709 1283 2773 Quod
1317 2726 1410 2777 pro
1448 2714 1847 2766 conversatione

304 2806 501 2859 vestra,
531 2812 629 2863 qua
652 2811 765 2860 vos,
791 2797 899 2849 Deo
920 2797 1163 2865 propitio,
1191 2812 1285 2866 per
1304 2800 1415 2851 dies
1437 2800 1669 2866 singulos
1690 2800 1845 2855 audio

305 2885 594 2953 proficere.
646 2886 762 2938 sine
788 2886 1114 2941 dubitatione
1144 2892 1421 2955 praestetls.
1452 2890 1583 2952 Quia
1613 2891 1725 2954 ipse
1754 2906 1847 2944 no-

303 2974 421 3038 stis,
451 2973 590 3041 quod
619 2973 708 3027 ille
732 2988 949 3040 regnum
973 2974 1064 3028 Dei
1089 2975 1266 3027 laetitia
1288 2985 1342 3029 et
1366 2976 1709 3044 gratulatione
1728 2993 1847 3046 per-

304 3061 497 3127 cipiet,
540 3069 592 3114 et
632 3062 682 3113 in
729 3070 957 3114 montem
988 3063 1188 3115 Domini
1229 3063 1543 3131 gloriﬁcatus
1569 3066 1842 3127 ascendet,

1934 594 2095 662 gloria
2118 596 2292 646 domus
2318 598 2423 661 eius
2446 593 2559 662 (Ps.
2583 610 2762 658 sum,
2786 597 2895 662 I7).
2922 597 2984 649 Et
3006 598 3190 650 iterum
3214 598 3470 650 :Dorntie-

1936 690 2052 732 runt
2076 696 2304 732 somnum
2332 697 2505 738 suum,
2533 692 2576 733 et
2605 683 2729 733 nihil
2752 684 3037 734 invenerunt
3072 701 3239 737 omnes
3274 686 3473 737 diuitia-

1935 786 2045 821 rum
2074 771 2296 822 manibus
2318 771 2420 822 suis
2446 770 2556 837 (Ps.
2584 786 2736 831 uxv,
2761 772 2836 836 ϐ).
2866 772 2962 835 Qui
2990 773 3031 824 si
3061 772 3269 840 benigni
3298 783 3472 826 essent

1935 861 2122 911 anima:
2140 873 2267 923 suae,
2292 860 2362 912 illi
2389 860 2559 925 potius
2587 861 2716 912 bona
2739 874 2826 911 sua
2854 860 3144 919 crederent,
3174 862 3257 926 qui
3280 870 3332 913 et
3360 862 3471 913 ido-

1936 964 2065 1004 neus
2095 950 2369 1017 lidejussor
2397 959 2475 1003 est
2505 964 2821 1016 pauperum,
2866 961 2915 1001 et
2945 950 3263 1015 largissimus
3294 949 3469 1009 reddi-

1937 1046 2019 1090 tor
2039 1052 2333 1090 usurarum.
2359 1036 2470 1089 Non
2498 1052 2621 1104 ergo
2642 1036 2857 1103 cupidus
2880 1038 2968 1097 sis,
3002 1036 3157 1089 frater
3176 1036 3469 1099 carissime,

1938 1141 2076 1178 nunc
2111 1127 2346 1192 recipere
2376 1126 2427 1177 in
2456 1124 2647 1192 duplo;
2687 1124 2824 1191 quod
2874 1124 3121 1177 Dominus
3151 1124 3469 1176 redditurum

1937 1228 1995 1267 se
2024 1212 2116 1266 tibi
2138 1212 2390 1280 promittit
2417 1213 2467 1265 itt
2498 1213 2818 1279 centuplum,
2851 1213 2986 1265 unde
3030 1225 3125 1264 nec
3151 1226 3181 1262 a
3219 1213 3351 1262 tinea
3381 1226 3473 1275 po—

1938 1300 2063 1354 teris
2085 1302 2452 1369 pertimescere
2476 1300 2864 1361 exterminium,
2885 1314 2981 1352 nec
3002 1313 3031 1351 a
3056 1299 3168 1351 fure
3191 1298 3473 1351 formidare

1937 1389 2263 1456 dispendium
2293 1387 2500 1456 (Matth.
2527 1400 2637 1452 xta,
2666 1386 2778 1455 29).
2812 1388 2941 1452 Quia
2968 1387 3077 1454 ipse
3109 1386 3354 1438 Dominus
3384 1401 3477 1436 no-

1937 1486 2047 1531 ster
2070 1491 2344 1531 munerum
2372 1489 2582 1528 suorum
2607 1485 2657 1529 et
2679 1475 2891 1543 largitor
2911 1483 2963 1528 et
2985 1484 3163 1527 custos
3188 1484 3287 1527 est.
3317 1472 3472 1526 Finit.

2470 1582 2683 1638 EPIST.
2722 1581 2947 1635 XLVIII.

2116 1674 2409 1740 Aprunculo
2443 1683 2463 1709 ε
2494 1675 2725 1739 episcopo
2763 1673 2995 1725 Ruricius
3024 1672 3297 1740 cpiscOpus;

2005 1782 2191 1852 Exegit
2228 1782 2391 1835 mutui
2430 1784 2622 1836 amoris
2661 1783 2881 1835 affectus
2910 1784 2972 1835 ad
3004 1783 3320 1835 individuam
3350 1785 3472 1836 mihi

1944 1870 2273 1925 sanctitatem
2299 1880 2526 1924 vestram
2557 1872 2665 1922 sola
2696 1885 2759 1923 ex
2785 1885 2939 1923 causa
2967 1871 3165 1923 litteras
3191 1873 3476 1936 destinare,

1944 1959 2147 2013 etiamsi
2184 1973 2287 2012 non
2318 1973 2377 2013 se
2405 1961 2607 2013 occasio
2642 1967 2932 2027 opportuna
2970 1960 3277 2025 porrexerit.
3334 1960 3483 2014 Unde

1945 2063 2038 2113 per
2077 2048 2339 2101 hominem
2386 2048 2475 2101 lilii
2506 2048 2607 2100 mei
2648 2048 2846 2101 Leontii
2894 2049 2987 2099 ltas
3028 2048 3091 2099 ad
3136 2049 3480 2115 apostolatum

1943 2144 2175 2189 vestrum
2199 2135 2338 2198 dedi,
2370 2135 2557 2201 quibus
2586 2137 2927 2201 sospitatione
2957 2137 3202 2203 prmlata,
3232 2151 3383 2203 quam
3415 2152 3482 2191 ex

1943 2224 2233 2285 sententia,
2266 2222 2374 2275 Deo
2411 2232 2641 2284 tavente,
2674 2224 2922 2289 valeatis,
2964 2226 3189 2291 inquiro.
3219 2226 3348 2290 Quia
3387 2227 3484 2293 ipsi

1943 2310 2110 2363 nostis
2132 2309 2541 2363 incolumitatem
2563 2320 2789 2364 vestram
2817 2318 3049 2363 nostram
3074 2326 3190 2363 esse
3218 2313 3481 2379 laetitiam;

1942 2412 2159 2467 sperans
2182 2406 2259 2463 ut,
2291 2397 2541 2452 redeunte
2562 2390 2801 2467 prazfato‘,
2832 2416 2927 2453 nos
2954 2401 3186 2454 reddatis
3206 2401 3269 2453 de
3293 2404 3482 2456 vestris

1942 2488 2164 2552 actibus,
2189 2488 2411 2555 propitia
2436 2487 2731 2552 Divinitate,
2756 2503 2989 2555 securos,
3012 2503 3145 2555 quos
3166 2491 3349 2544 videt's
3368 2506 3483 2545 esse

1943 2576 2009 2630 de
2037 2577 2381 2645 prosperitate
2407 2577 2677 2631 sollicitos.

2503 2687 2710 2743 EPIST.
2752 2688 2933 2742 XLIX.

2182 2775 2413 2828 Ruricius
2441 2778 2700 2844 episcopus
2730 2769 2988 2832 Ceraunia?
3018 2780 3246 2832 salutem.

2014 2862 2089 2917 De
2126 2864 2514 2930 sincerissima,
2560 2880 2658 2933 qua
2698 2881 2795 2919 nos
2835 2881 2927 2932 pro
2965 2868 3280 2936 benignitate
3321 2869 3483 2924 animi

1946 2953 2016 3005 tui
2037 2991 2052 3015 ,
2082 2967 2183 3005 non
2213 2966 2307 3020 pro
2332 2952 2523 3005 nostris
2552 2953 2752 3005 meritis
2772 2954 3002 3020 dignaris
3028 2956 3266 3009 excolere
3292 2959 3344 3007 in
3372 2956 3472 3010 Do-

1945 3042 2107 3103 mino,
2153 3042 2367 3094 caritate
2404 3040 2670 3095 conlidens
2689 3080 2703 3103 ,
2733 3055 2948 3094 securus
2975 3042 3067 3095 has
3093 3044 3155 3094 ad
3186 3044 3479 3097 veneratio-

304 3151 393 3216 φή
437 3152 671 3217 pecunia,
709 3164 816 3203 sua,
858 3165 1067 3203 usuram
1109 3167 1211 3203 ηοη
1239 3129 1292 3203 in
1324 3154 1563 3219 pmsemi
1595 3155 1786 3206 “cum
1813 3170 1841 3206 3
1869 3157 1915 3217 ο
1947 3146 2065 3219 nem
2103 3140 2240 3219 tuam
2282 3130 2484 3219 direxi,
2521 3130 2707 3196 quibus
2750 3129 2811 3219 in;
2834 3130 3050 3183 Domino
3076 3146 3137 3183 ac
3166 3131 3272 3184 Deo
3300 3142 3479 3186 nostro

305 3240 545 3307 proximo
570 3251 665 3291 suo
683 3242 934 3305 exegerit,
968 3239 1057 3291 sed
1083 3254 1111 3289 a
1141 3239 1358 3290 Domino
1378 3241 1755 3303 esspectaverit
1782 3241 1833 3293 in

307 3326 512 3389 futuro;
554 3340 651 3379 nec
681 3339 774 3393 per
800 3325 977 3378 dolosa
1008 3325 1259 3379 beneficia
1300 3328 1513 3393 laqueos
1554 3326 1836 3380 laboranti-

305 3413 403 3467 bus
431 3412 596 3482 injicit
628 3413 980 3466 insolubiliutn
1011 3414 1299 3468 debitorum
1321 3454 1336 3478 ,
1369 3414 1459 3467 sed
1489 3414 1626 3467 illius
1652 3424 1734 3467 est
1764 3415 1839 3469 fe-

306 3512 517 3555 nerator
542 3511 597 3556 et
622 3502 872 3567 creditor,
901 3504 988 3571 qui
1017 3504 1177 3557 dicit:
1202 3506 1341 3565 date.
1364 3515 1415 3558 et
1436 3504 1642 3557 dabitur
1667 3505 1834 3571 vobis,

306 3599 359 3642 et
394 3605 496 3657 qua
522 3606 764 3645 mensura
795 3592 963 3645 mensi
994 3591 1223 3658 fueritis,
1254 3608 1314 3647 ea
1343 3595 1645 3647 remetietur
1668 3596 1836 3648 vobis.

308 3674 537 3730 Inlidelis
576 3677 754 3746 utique
798 3689 850 3731 et
894 3678 1102 3747 iniquus
1146 3689 1227 3733 est
1269 3682 1423 3734 etiam
1454 3681 1585 3744 sibi,
1614 3683 1700 3750 qui
1741 3685 1843 3735 hoc

305 3768 441 3831 quod
466 3767 621 3835 elegit
646 3767 1139 3835 concupiscendum,
1172 3782 1276 3821 non
1298 3770 1409 3821 vult
1436 3770 1633 3823 habere
1654 3785 1842 3838 perpe-

306 3865 473 3907 tuum.
504 3855 752 3920 Quamvis
773 3856 911 3908 enim
934 3858 1227 3924 quicunque
1252 3858 1409 3910 multa
1435 3858 1647 3922 condat,
1680 3860 1840 3913 multa

304 3953 615 4012 coi.greget,
660 3952 715 3997 et
753 3944 954 3997 infinita
997 3945 1219 3999 diversis
1258 3946 1718 4001 nundinationibus
1755 3961 1842 4000 ac-

304 4035 510 4101 quirat,
554 4034 825 4086 meudicus
865 4034 931 4086 de
972 4033 1069 4085 hoc
1113 4034 1307 4086 mundo
1347 4034 1613 4098 discedet,
1645 4035 1741 4087 nisi
1770 4035 1838 4089 de

305 4122 460 4173 rebus
486 4121 593 4173 suis
617 4122 906 4186 portionem
928 4134 1073 4171 suam
1100 4120 1164 4171 ad
1189 4130 1441 4171 teternam
1467 4119 1835 4173 beatitudinem

304 4216 424 4260 ante
463 4207 808 4273 praemiserit,
840 4206 1045 4259 dicente
1088 4207 1305 4259 Domino
1346 4220 1437 4270 per
1485 4206 1787 4274 prophetam
1819 4223 1832 4257 :

310 4296 387 4347 Ne
412 4297 677 4347 timueritis
697 4334 711 4355 ,
744 4310 855 4345 cum
893 4296 1025 4346 diues
1052 4295 1215 4361 {actus
1257 4296 1403 4362 fuerit
1438 4294 1584 4347 homo
1603 4336 1616 4358 ,
1653 4304 1698 4348 et
1725 4311 1835 4348 cum

305 4384 631 4451 multiplicata
669 4382 817 4447 fuerit
862 4383 1023 4450 gloria
1058 4384 1231 4435 domus
1264 4384 1390 4452 ejus.
1435 4386 1561 4447 Quia
1591 4400 1689 4436 non
1722 4400 1835 4436 cum

1942 3218 2162 3270 salutem
2191 3218 2404 3269 uberem
2436 3216 2643 3282 dicens,
2676 3217 2969 3282 specialiter
3012 3233 3138 3287 rogo
3166 3226 3222 3269 ut
3262 3233 3326 3273 ea
3364 3235 3479 3288 quas

1942 3318 2035 3372 per
2062 3317 2268 3357 servum
2303 3312 2531 3355 vestrum
2572 3303 2861 3356 Amandum
2906 3305 3066 3357 verbo
3110 3304 3137 3341 ἀ
3168 3308 3392 3373 speravi,
3428 3296 3480 3361 'si

1944 3390 2190 3459 possibile
2211 3398 2311 3453 est,
2335 3389 2484 3442 nobis
2503 3389 2615 3442 sine
2634 3391 2882 3444 dilatione
2902 3406 3150 3459 prmsaare
3170 3395 3471 3462 dignemini.

1941 3479 2072 3545 Quia
2108 3480 2219 3531 haec
2243 3491 2326 3531 res
2355 3486 2407 3531 et
2434 3492 2527 3529 nos
2554 3478 2789 3531 relevare
2809 3490 2999 3545 petest,
3030 3488 3081 3532 et
3106 3480 3251 3534 vobis
3277 3483 3473 3535 nullum

1944 3576 2115 3635 potest
2144 3567 2330 3620 afferre
2375 3566 2735 3633 dispendium;
2778 3567 2917 3634 quod
2954 3582 3051 3635 ego
3090 3583 3183 3636 pro
3227 3569 3478 3623 beneﬂcio

1942 3656 2168 3709 maximo
2204 3658 2538 3722 computabo.
2584 3656 2775 3709 lterum
2820 3656 2875 3708 in
2920 3672 3023 3723 quo
3057 3657 3347 3724 iusseritis,
3395 3660 3478 3711 vel

1940 3762 2065 3799 usus
2093 3748 2357 3815 exegerit,
2388 3746 2553 3800 vicem
2592 3747 2874 3814 reciprocis
2907 3747 3168 3814 obsequiis
3198 3762 3479 3816 repensare

1940 3836 2270 3890 contendam.

2547 3921 2759 3976 EPIST.
2798 3921 2859 3975 L.

2028 4009 2263 4065 Ruricius
2291 4012 2551 4080 episcOpus
2581 4012 2819 4064 Censurio
2850 4020 2873 4048 ⁸
2900 4014 3133 4079 episcOpo
3158 4012 3385 4065 salutem.

2010 4118 2231 4171 Litteras
2259 4120 2548 4171 sanctitatis
2586 4129 2801 4183 vestrae,
2850 4120 2947 4170 etsi
2986 4134 3080 4185 per
3116 4120 3471 4183 occasionem,

1939 4206 2204 4272 accepisse
2232 4219 2319 4257 me
2351 4205 2600 4271 gtatulor.
2640 4206 2754 4257 Non
2781 4207 2919 4257 enim
2961 4207 3175 4259 interest
3202 4218 3373 4259 utrum
3408 4224 3472 4262 ex

1940 4294 2249 4347 necessitate
2274 4302 2362 4345 aut
2388 4309 2451 4346 ex
2479 4294 2761 4358 voluntate,
2794 4294 3075 4348 dummodo
3107 4297 3239 4349 inter
3259 4312 3313 4349 se
3344 4298 3476 4351 invi-

1940 4397 2052 4437 cem
2082 4384 2168 4450 qui
2196 4398 2252 4437 se
2273 4382 2492 4451 diligunt
2513 4384 2891 4452 colloquantur,
2918 4393 2971 4438 et
2994 4400 3123 4452 quos
3146 4399 3366 4454 corpore
3398 4388 3474 4440 ιο⁴

369 4549 395 4578 ι
426 4540 538 4594 Duo
568 4539 711 4593 fuere
740 4546 863 4592 tunc
886 4539 1136 4606 temporis
1162 4538 1211 4591 in
1239 4538 1420 4593 Galliis
1444 4539 1539 4592 viri
1566 4539 1833 4605 cognomi-
1863 4543 1912 4600 Ι)
1936 4547 2100 4591 matre
2121 4540 2359 4606 Arverna
2389 4538 2565 4590 itidem
2596 4546 2771 4589 natum
2801 4536 2931 4606 dixit
2954 4536 3202 4589 Baronius
3225 4506 3311 4590 an:
3343 4538 3471 4601 484,

300 4624 412 4670 nes,
441 4611 585 4677 prior
623 4608 885 4675 professor
915 4608 1008 4661 fuit
1032 4608 1426 4675 grammatices,
1468 4608 1598 4660 alter
1628 4621 1750 4677 vero
1780 4607 1833 4658 in

300 4674 601 4744 episcopum
625 4674 1021 4729 Cabilonethem
1042 4674 1079 4728 7a
1121 4677 1354 4728 Patiente
1380 4678 1595 4727 electus.
1630 4674 1833 4744 Iliciest

302 4748 359 4800 atl
389 4743 543 4813 quem
574 4744 755 4798 scribit
780 4744 1039 4807 Ruricius,
1072 4759 1327 4811 quemque
1358 4743 1825 4813 fratrem_appella-

305 4820 392 4865 vit.
409 4810 515 4865 'llic
542 4814 768 4866 Joannes
792 4816 1093 4863 humanitate
1114 4813 1343 4879 insignis,
1375 4812 1539 4877 inquit
1563 4810 1827 4879 Sidonius,

304 4883 463 4933 lector
490 4883 713 4946 primum
742 4880 909 4932 fuerat
930 4888 983 4931 et
1008 4896 1066 4933 ea
1092 4878 1289 4932 ratione
1311 4880 1547 4931 minister
1568 4879 1745 4928 altaris
1765 4878 1830 4927 ah

302 4949 533 4999 infantia.
573 4948 765 5000 Deinde
803 4948 1197 5000 archidiaconus
1236 4949 1418 5007 factus.
1444 4948 1492 4997 in
1524 4959 1586 4998 eo
1616 4959 1831 4995 munere

303 5016 551 5079 plurimm
582 5029 745 5065 annos
774 5016 840 5064 oh
868 5016 1170 5066 industriam
1210 5017 1447 5069 detentus
1482 5022 1589 5073 est;
1619 5012 1823 5065 tandem

300 5083 507 5133 secundi
540 5082 738 5133 ordinis
766 5083 1009 5133 sacerdos
1047 5082 1238 5143 factus,
1270 5098 1385 5134 cum
1424 5081 1652 5148 episcopi
1685 5081 1825 5133 laba-

301 5161 524 5201 ret-mem
559 5165 608 5200 tn
642 5150 867 5201 Ecclesia
904 5150 1227 5202 Cabilonensi
1266 5150 1588 5215 disciplinam
1627 5159 1825 5199 restau-

301 5232 413 5269 rare
442 5218 632 5269 vellent
653 5254 667 5274 .
696 5219 989 5283 episcopus,
1016 5219 1140 5270 nihil
1169 5219 1269 5271 tale
1296 5218 1547 5284 cttgitans,
1578 5226 1632 5269 ut
1658 5218 1821 5279 aiunt,

299 5288 493 5339 electus
517 5294 614 5336 est.
640 5284 792 5334 Bssn.

364 5353 391 5391 δ
424 5354 543 5405 ΙΙωε
577 5367 674 5403 νοτ
718 5355 784 5401 ita
827 5351 1010 5403 litteris
1042 5353 1084 5404 Μ
1116 5361 1174 5403 et
1207 5352 1249 5404 A
1278 5354 1517 5418 implexis
1560 5362 1824 5405 contracta

300 5433 374 5471 est
414 5432 468 5471 ut
512 5422 783 5485 desperem
825 5420 1027 5484 legere,
1072 5421 1401 5473 divinmdum
1452 5423 1622 5489 igitur.
1670 5421 1826 5474 Forte

300 5491 515 5539 Amicus.

369 5567 389 5593 ε
418 5555 619 5621 Szrpius
662 5553 724 5604 ad
767 5567 883 5605 eum
929 5554 1137 5620 scripsit
1178 5556 1444 5618 Ruricius,
1493 5565 1549 5608 ut
1591 5564 1731 5621 patet
1759 5571 1822 5609 ex

304 5625 533 5689 egistolis
565 5623 650 5684 5i,
682 5622 745 5674 55
784 5633 834 5674 et
874 5622 958 5675 56.
1004 5624 1076 5676 Ad
1119 5638 1234 5677 cum
1278 5626 1539 5691 pertinere
1587 5630 1819 5693 Aprum,

1938 4607 1973 4659 I.
2002 4622 2074 4669 vt,
2104 4605 2227 4657 427.
2268 4607 2347 4657 An
2380 4606 2635 4658 intellexit
2672 4605 2924 4656 annalists
2962 4608 3154 4669 Aprum
3184 4620 3299 4659 esse
3330 4621 3474 4659 eum-

1937 4676 2055 4726 dem
2084 4686 2143 4724 ac
2178 4673 2567 4735 Aprunculum,
2598 4672 2679 4724 vel
2720 4672 2879 4734 ipsius
2926 4672 3177 4723 fratrem?
3224 4673 3471 4727 Neutrum

1936 4756 2116 4794 verum
2146 4749 2245 4794 est.
2271 4742 2597 4805 Aprunculus
2619 4754 2720 4790 non
2751 4738 2844 4790 fuit
2867 4740 3149 4791 Arvernus.
3184 4740 3470 4807 Lingonum

1936 4809 1986 4860 in
2021 4807 2474 4873 Burgundionibus
2497 4809 2673 4859 sedem
2704 4808 2895 4867 tenuit,
2920 4807 3015 4858 sed
3049 4808 3358 4861 Arianorum
3390 4814 3471 4861 lu-

1934 4878 2079 4939 giens
2110 4876 2322 4926 insidias
2350 4876 2699 4927 Arvernorum
2740 4876 3016 4941 episcopus
3037 4913 3052 4935 ,
3086 4885 3201 4939 post
3249 4887 3467 4929 mortem

1934 4943 2131 4995 Sidonii
2174 4944 2270 4995 fuit
2308 4943 2526 4995 electus.
2575 4943 2652 4995 Ab
2688 4956 2749 4993 eo
2788 4952 2959 4993 autem
2993 4950 3101 4994 toto
3139 4945 3272 4996 caelo
3298 4945 3471 4998 differt

1933 5013 2072 5076 Aper
2092 5013 2201 5063 sive
2226 5014 2408 5076 Asper,
2433 5013 2516 5075 qui
2541 5025 2865 5077 nequaquam
2894 5010 2984 5060 fuit
3009 5012 3303 5077 episcopus.
3329 5013 3465 5064 Illius

1933 5088 2175 5147 parentes
2210 5079 2328 5130 vide
2357 5089 2689 5131 enumeratos
2726 5080 2861 5146 apud
2903 5077 3178 5132 Sidbnium
3208 5081 3243 5131 l.
3276 5096 3348 5143 tv,
3380 5096 3463 5147 ep.

1928 5150 2014 5209 Ἡ,
2043 5147 2144 5200 959
2169 5160 2255 5212 op.
2288 5146 2553 5199 Sirmond.
2582 5148 2737 5199 υλςιι.

1996 5214 2022 5251 ά
2055 5212 2208 5267 Forte
2236 5215 2529 5282 signiﬁcavi.

2002 5293 2024 5319 ο
2052 5282 2167 5335 Fuit
2209 5283 2292 5333 ille
2322 5283 2778 5335 Antissidioreosis
2827 5282 3133 5349 episcopus,
3181 5282 3467 5348 appellatur

1927 5365 1955 5401 a
1998 5351 2214 5404 Sidonio
2255 5350 2555 5416 Censorius,
2601 5361 2827 5402 attamen
2876 5354 3180 5417 presbyter,
3221 5352 3304 5413 qui
3352 5350 3464 5410 eius

1928 5419 2139 5469 nomine
2167 5420 2323 5485 vitam
2353 5418 2407 5472 S.
2442 5419 2686 5471 Germani
2716 5420 2999 5485 inscrip-it,
3032 5424 3104 5469 sic
3136 5418 3288 5467 habet
3318 5431 3330 5466 :
3364 5417 3467 5465 Do-

1927 5488 2060 5536 mino
2102 5482 2378 5537 beatisiimo
2421 5496 2467 5539 et
2506 5489 2625 5537 milii
2654 5482 2924 5553 apostolico
2972 5489 3155 5553 honore
3198 5485 3466 5553 uenerabili

1924 5554 2163 5671 (ἐθηευᾷἱο
2198 5570 2341 5620 papas
2368 5550 2694 5610 Constantius
2710 5566 2957 5621 peccator.
2987 5555 3073 5604 Sic
3106 5550 3345 5604 Ruricius
3372 5567 3465 5605 no-

1926 5636 2049 5671 ster.
2124 5636 2235 5671 ass.

1926 5636 2049 5674 Slef.
2085 5636 2235 5674 UASN.
