3930 6430
563 438 670 495 119

560 656 715 696 suum
746 640 1002 709 colloquia
1044 641 1142 694 lida
1172 642 1508 709 conjungaut.
1541 642 1669 709 Quia
1708 644 1808 696 lioc
1844 644 1997 713 nobis
2026 660 2119 713 ge-

560 732 742 786 nerale
762 730 848 785 vel
873 732 1154 785 maximum
1177 732 1342 786 virtus
1364 731 1456 791 diu
1476 733 1630 799 jactaa
1656 732 1862 798 pii-tatis
1882 732 2117 799 indulsit,

560 832 619 877 ut
648 821 738 887 qui
774 835 871 874 nos
898 830 1114 887 aspectu
1143 822 1341 875 carnali
1374 837 1478 874 non
1521 834 1797 889 possumus
1840 823 2115 889 contueri,

559 912 819 980 spirituali
862 925 1145 965 cernamus
1186 908 1394 965 obtutu.
1443 910 1603 967 Unde
1640 912 1893 967 redeunte
1938 915 2120 981 gerulo

557 1003 853 1056 litterarum
882 1002 977 1055 has
995 1041 1011 1065 ,
1037 1002 1173 1054 sicut
1198 1000 1527 1067 iujunxistis,
1560 1000 1781 1056 reddere
1808 1004 2116 1071 procuravi,

556 1102 617 1146 ut
654 1101 707 1146 et
736 1090 1075 1146 sollicitudini
1116 1098 1304 1144 vestrae
1348 1100 1401 1144 et
1442 1100 1635 1144 mutuae
1672 1091 1877 1145 caritati
1921 1092 2119 1160 pariter

558 1181 959 1247 responderem.
994 1178 1155 1235 Salve
1191 1178 1367 1246 itaque
1395 1178 1707 1246 apostolatui
1733 1187 1915 1232 vestro
1955 1178 2122 1247 pluri-

558 1283 702 1321 mum
731 1266 1004 1336 dependo,
1033 1276 1087 1319 et
1115 1267 1214 1319 hoc
1250 1264 1390 1330 quod
1428 1265 1666 1334 apicibus
1694 1280 1931 1319 mearum
1974 1266 2120 1319 testi-

558 1357 740 1412 monio
779 1357 1022 1411 voluistis
1071 1368 1395 1423 agnoscere,
1439 1364 1614 1407 utrum
1660 1353 1881 1410 Sindilla
1929 1368 2120 1423 porcos

558 1460 719 1511 suos,
761 1446 1019 1514 prudente
1061 1445 1332 1498 Fmdamio
1362 1442 1713 1511 perdidisset;
1751 1444 2000 1498 noveritis
2032 1460 2118 1499 me

558 1538 698 1605 apud
726 1536 967 1589 humines
987 1549 1166 1598 meos,
1193 1536 1283 1589 ubi
1312 1533 1525 1587 fuerunt
1546 1574 1561 1597 ,
1590 1533 1872 1602 diligenter
1901 1536 2115 1604 perqui-

558 1627 714 1682 sisse.
746 1624 849 1681 Sed
878 1628 1016 1678 sicut
1041 1614 1165 1677 ante
1191 1624 1297 1691 jam
1328 1636 1583 1701 noveram
1607 1624 1771 1692 magis
1804 1631 1857 1677 et
1888 1625 2014 1677 istos
2040 1624 2117 1677 la-

1889 440 2140 497 RURlCll
2181 440 2477 500 EPISCOPI

558 567 744 608 eorum
787 552 1059 608 intervalla
1108 551 1508 618 discriminant,
1556 554 1847 607 animorum
1892 570 1953 608 ac
2000 570 2122 611 sen-
2150 560 2199 619 Α

3684 446 3778 501 1ἳο

2824 556 3032 613 EPIST.
3073 556 3181 610 ιιι.

2399 646 2636 700 Ruricius
2663 650 2921 716 episcopus
2954 645 3205 708 Prmidio
3240 646 3353 713 ﬁlio
3374 646 3610 700 salutem.
3706 684 3712 691 .

2293 734 2608 802 Plerumque
2651 733 2932 807 [Plerique]
2978 736 3101 789 dum
3152 750 3239 788 me
3282 725 3421 802 apud
3459 733 3781 788 individuam

2221 822 2353 877 mihi
2395 823 2769 877 sublimitatem
2814 834 3043 877 vestram
3092 839 3195 877 non
3242 823 3366 876 vitae
3416 823 3643 887 merito,
3687 823 3778 878 sed

2220 912 2569 965 amicitiarum
2596 912 2868 985 privilegio
2894 914 3112 966 multum
3136 926 3293 980 posse
3320 910 3613 977 confidunt,
3637 925 3780 966 com-

2221 1002 2558 1057 mendatitias
2584 1019 2615 1058 a
2651 987 2803 1058 nobis
2829 1004 3018 1072 quibus
3054 1004 3206 1058 vobis
3234 1014 3575 1066 excuseutur,
3606 1003 3778 1071 inqui-

2219 1099 2343 1145 runt
2372 1108 2385 1143 :
2414 1105 2543 1160 quas
2580 1092 2658 1145 eis
2687 1106 2783 1160 pro
2818 1090 2976 1145 ofﬁcii
3018 1092 3187 1145 nostri
3234 1090 3551 1146 necessitate
3590 1105 3779 1159 negare

2220 1194 2325 1233 non
2356 1194 2665 1246 possumus;
2697 1194 2802 1234 non
2830 1181 3256 1248 praesumptionis
3290 1179 3540 1242 audacia,
3564 1178 3658 1233 sed
3685 1180 3779 1231 mi-

2220 1270 2424 1323 nisterii
2463 1268 2771 1336 disciplina,
2800 1269 2928 1322 dum
2958 1278 3009 1323 et
3040 1269 3145 1322 illis
3178 1270 3458 1337 praesentis
3484 1269 3607 1322 vita:
3634 1269 3776 1323 sola-
3836 1332 3839 1335 _
3928 1272 3930 1277 '

2219 1358 2349 1411 tium
2366 1396 2382 1423 ,
2409 1366 2464 1411 et
2493 1357 2644 1412 vobis
2669 1356 2948 1425 providere
2975 1356 3340 1411 desideramus
3368 1367 3604 1411 aeternae.
3637 1355 3706 1411 Ut
3728 1367 3776 1410 et

2218 1447 2295 1501 illi
2334 1462 2428 1516 per
2455 1446 2763 1514 patientiam
2793 1455 3019 1500 vestram
3050 1456 3390 1500 reserventur
3421 1446 3485 1498 ad
3519 1445 3775 1515 paeniten-

2218 1537 2376 1602 tiam;
2415 1545 2469 1591 et
2508 1550 2605 1589 vos
2640 1534 3193 1603 perrtnisericordiam
3232 1534 3555 1603 pervenistis
3595 1534 3660 1587 ad
3691 1549 3773 1587 ve-

2217 1632 2377 1694 niam,
2411 1628 2551 1682 sicut
2575 1628 2700 1682 dicit
2723 1627 2993 1695 Scriptura
3022 1643 3036 1683 :
3070 1626 3200 1690 Qum
3215 1626 3471 1696 judicium
3496 1625 3606 1679 sine
3632 1625 3773 1677 mise-

496 1712 505 1722 ’
558 1717 742 1771 berem
786 1715 1011 1771 faciente
1049 1722 1075 1750 ³
1116 1714 1232 1783 paci
1279 1712 1516 1769 Sindilla:
1558 1727 1837 1781 perpessos
1880 1727 2033 1779 esse,
2062 1723 2117 1767 et
2214 1721 2434 1773 ricordia
2456 1721 2548 1773 erit
2578 1720 2663 1787 qui
2684 1734 2785 1771 non
2806 1719 2977 1787 fecerit
2998 1718 3394 1771 misericordiam
3416 1715 3556 1783 (Jac.
3579 1730 3639 1779 ll,
3664 1715 3773 1780 l3).

560 1810 730 1876 ipsum
760 1820 952 1873 porcos
975 1819 1099 1860 suos
1127 1819 1221 1874 per
1252 1803 1646 1873 perversitatem
1673 1818 1852 1869 suam,
1892 1804 2018 1858 dum
2048 1804 2117 1858 de

2216 1812 2345 1876 Quia
2376 1810 2545 1865 dixit:
2572 1810 2838 1875 Dimittite,
2868 1819 2916 1862 et
2935 1808 3208 1861 dimittitur
3228 1808 3364 1860 vobis
3390 1806 3541 1876 (Luc.
3566 1821 3640 1867 vt,
3663 1805 3772 1871 '57).

558 1900 777 1952 adversa
808 1905 958 1965 parte
984 1910 1105 1949 esse
1135 1909 1193 1949 se
1214 1894 1439 1963 iactitat,
1468 1893 1708 1947 amisisse
1731 1893 1977 1962 cognovi.
2000 1891 2113 1946 Cu:-
2144 1894 2191 1953 B
2219 1898 2405 1953 Procul
2433 1898 2592 1951 dubio
2621 1912 2777 1966 quem
2807 1897 2997 1951 viderit
3032 1895 3116 1949 hic
3142 1896 3316 1951 facere
3343 1896 3482 1963 quod
3513 1893 3774 1962 praecipit,

559 1998 735 2053 terum
762 1985 1034 2054 praefatum
1058 1984 1384 2039 Foedamium
1415 1982 1487 2035 illi
1526 1982 1581 2034 in
1610 1982 1753 2035 nullo
1778 1981 2112 2048 culpabilem.

558 2077 689 2131 Nam
726 2076 866 2146 quod
898 2074 1143 2143 pertulit,
1176 2073 1303 2125 nulli
1333 2071 1434 2125 nisi
1471 2071 1629 2125 debet
1652 2080 1707 2124 et
1741 2070 1988 2129 omnibus
2012 2070 2115 2123 im-

560 2174 767 2235 putare.
805 2164 860 2218 In
900 2179 1005 2232 qua
1045 2176 1234 2227 causa,
1273 2170 1524 2231 quantum
1554 2176 1652 2228 ego
1690 2160 2116 2224 contemplationi

558 2256 751 2320 vestri,
784 2261 840 2307 ut
868 2252 1109 2307 homines
1136 2253 1298 2306 vestri
1321 2292 1336 2315 ,
1358 2258 1461 2304 ‘aut
1503 2266 1532 2305 a
1561 2250 1795 2304 custodia
1827 2251 2116 2305 liberaren-

558 2354 667 2409 tur,
693 2353 786 2397 aut
810 2332 997 2411 porcos
1026 2351 1229 2395 vestros
1252 2341 1569 2408 reciperent,
1594 2340 1963 2408 laboraverim,
1988 2340 2117 2407 ipsis

556 2434 665 2502 iam
694 2431 1081 2496 referentibus,
1114 2430 1319 2497 plenius
1348 2429 1591 2497 potuistis
1628 2443 1946 2497 agnoscere;
1976 2430 2115 2497 quod

558 2530 839 2591 propterea
866 2533 1085 2573 necesse
1114 2534 1217 2573 non
1249 2520 1347 2574 fuit
1376 2520 1564 2573 litteris
1594 2520 1845 2572 indicare.
1869 2518 2117 2575 Vestrum

557 2622 641 2666 est
682 2611 951 2663 hominem
982 2624 1163 2663 verum
1193 2610 1336 2677 juste
1377 2609 1444 2662 ab
1483 2608 1639 2675 hujus
1668 2608 1944 2663 calumnia:
1972 2608 2120 2675 obje-

558 2701 736 2754 ctione
765 2698 1071 2761 defendere,
1095 2713 1197 2766 qua
1220 2712 1394 2751 mcum
1420 2698 1615 2765 injuste
1635 2697 1845 2766 scriptis
1878 2698 2116 2766 agnosci-

559 2791 626 2843 tis
652 2788 933 2844 sustinere.

1174 2873 1383 2928 EPIST.
1424 2874 1508 2928 ιι.

744 2968 983 3022 Ruricius
1007 2966 1269 3037 episcopus
1296 2965 1555 3031 Stepuano
1583 2982 1675 3018 suo
1696 2966 1927 3017 salutem.

629 3055 703 3113 Ita
732 3072 818 3111 me
846 3056 1181 3126 paucissimis
1210 3055 1396 3108 diebus
1435 3056 1498 3107 ad
1528 3058 1726 3107 cultum
1770 3069 1920 3106 suum
1952 3054 2118 3121 pietas

559 3158 749 3203 vestrae
777 3148 1070 3201 sanctitatis
1096 3146 1295 3210 illexit,
1328 3155 1384 3197 ut
1409 3160 1528 3198 cum
1566 3159 1692 3208 vos,
1724 3144 1832 3197 Deo
1860 3145 2117 3212 propitio,

2220 1987 2273 2039 in
2302 1986 2477 2039 futuro
2506 1987 2552 2039 ei
2594 1986 2836 2039 restituet
2868 1984 3007 2052 quod
3039 1986 3302 2051 promisit.
3345 1984 3506 2038 Nobis
3545 1982 3688 2037 enim
3716 1981 3775 2035 il-

2218 2076 2320 2129 lius
2346 2074 2537 2130 veritas
2570 2082 2764 2143 praesto
2788 2081 2871 2131 est
2884 2062 2901 2136 ,
2930 2074 2974 2126 si
3004 2074 3079 2126 illi
3109 2073 3242 2128 fides
3273 2083 3589 2127 nostra-non
3617 2071 3774 2126 desit.

2220 2164 2369 2220 Unde
2388 2164 2817 2218 manifestissime
2841 2164 3060 2232 potestis
3086 2163 3364 2217 adverti-re
3388 2162 3776 2217 absolutionem

2218 2256 2530 2308 miserorum
2554 2262 2849 2325 vestrorum
2870 2267 2988 2307 esse
3008 2252 3382 2320 indulgentiam
3408 2262 3776 2319 peccatorum;

2217 2354 2269 2398 et
2300 2345 2401 2397 hoc
2432 2343 2623 2397 vestris
2651 2343 3030 2397 conferendum
3060 2342 3325 2409 precibus,
3354 2342 3491 2409 quod
3523 2355 3616 2393 vos
3647 2356 3777 2407 pra:-

2216 2434 2368 2487 statis
2394 2433 2613 2496 alienis,
2636 2433 2785 2498 juxta
2813 2433 2978 2500 ipsius
3016 2433 3068 2484 in
3105 2430 3387 2498 Evangelio
3419 2433 3775 2485 sententiam:

2221 2520 2336 2584 Qua
2341 2522 2540 2590 judicio
2570 2521 2940 2585 iudicaveritis,
2962 2520 3275 2589 judicabitur
3302 2525 3364 2571 de
3392 2519 3525 2571 vobis
3555 2516 3773 2588 (Matth.

2218 2626 2308 2677 vn,
2336 2612 2415 2679 ‘2).
2447 2612 2690 2680 Idemque
2718 2625 2810 2676 pro
2840 2610 2973 2663 Urso
2998 2621 3051 2663 et
3073 2609 3243 2676 Lupo,
3272 2609 3358 2677 qui
3380 2608 3446 2661 ad
3480 2622 3597 2671 me,
3627 2609 3776 2675 quasi

2216 2702 2365 2754 vobis
2410 2701 2751 2768 peculiarius,
2789 2699 2925 2753 sicut
2950 2700 3195 2766 superius
3220 2698 3361 2760 dixi,
3388 2696 3623 2750 caritatis
3659 2697 3777 2763 jure

2216 2791 2548 2854 devinctum,
2593 2805 2686 2859 pro
2716 2790 2997 2843 criminum
3027 2803 3241 2842 suorum
3274 2788 3655 2842 intercessione
3682 2801 3776 2839 ve-

2218 2890 2435 2942 nerunt,
2482 2887 2725 2947 precator
2765 2878 2995 2940 accedo;
3042 2890 3095 2930 ut
3145 2879 3370 2946 primum
3415 2877 3550 2941 Deo,
3583 2877 3778 2930 deinde

2219 2970 2371 3021 nobis
2397 2969 2519 3029 hoc,
2549 2967 2687 3034 quod
2716 2968 3099 3020 commiserunt
3118 3004 3132 3025 .
3162 2967 3361 3019 donare
3388 2965 3651 3033 digneris;
3681 2979 3779 3017 nec

2219 3071 2314 3108 nos
2336 3056 2405 3109 de
2432 3069 2615 3109 eorum
2639 3055 2979 3108 damnatione
3003 3053 3313 3115 conluudas,
3337 3052 3423 3120 qui
3452 3067 3508 3105 se
3531 3054 3638 3119 jam
3668 3060 3775 3105 tum

2217 3147 2489 3199 absolutos
2512 3160 2649 3210 esse,
2672 3146 2884 3210 quando
2907 3145 2970 3197 ad
2998 3144 3346 3197 humilitatem
3372 3157 3542 3197 meam
3564 3142 3777 3197 deducti

504 3308 507 3311 Ἴ
559 3238 723 3293 corde
762 3238 1067 3309 detineam,
1116 3247 1169 3291 et
1216 3238 1383 3290 oculis
1430 3238 1621 3289 mentis
1662 3236 1897 3301 intuear;
1944 3244 2118 3289 tamen
2148 3230 2192 3292 C
2222 3246 2362 3303 sunt,
2389 3238 2743 3291 crediderunt.

562 3341 772 3395 semper
814 3325 1003 3379 affectu
1051 3325 1332 3393 instigante
1382 3339 1703 3393 perquiram.
1744 3325 1877 3391 Quia
1916 3324 2123 3379 scilicet

566 3419 728 3471 breve
763 3414 971 3469 videtur
1012 3428 1169 3468 omne
1209 3412 1350 3482 quod
1386 3414 1541 3469 dulce
1566 3425 1677 3479 est;
1708 3416 1778 3468 ita
1806 3415 2120 3483 inexplebile

562 3516 645 3560 est
681 3520 872 3569 omne,
903 3503 1042 3572 quod
1080 3517 1245 3557 carne
1280 3502 1497 3574 [carum]
1536 3513 1637 3556 est.
1666 3502 1730 3558 Et
1772 3504 2118 3572 omnipotenti

558 3592 674 3669 Deo
696 3574 1072 3669 gratiassuper
1100 3601 1207 3646 tam
1238 3594 1532 3645 admirabili
1556 3593 1696 3646 dono
1722 3593 1855 3661 ejus,
1884 3593 2021 3662 quod
2050 3596 2118 3647 ita

562 3665 1091 3747 generaliterservis
1132 3683 1243 3736 suis
1284 3682 1517 3735 tribuere
1557 3681 1813 3752 iuetl'abili,
1848 3683 2122 3749 dispensa-

565 3781 710 3824 tione
736 3770 980 3835 dignatus
1016 3780 1129 3835 est,
1163 3781 1219 3823 ut
1256 3770 1308 3823 hi
1350 3772 1439 3839 qui
1478 3770 1815 3839 disparantur
1859 3786 2118 3841 corpore,

566 3860 756 3913 animis
782 3859 1159 3926 iungerentur;
1191 3873 1361 3926 neque
1392 3870 1533 3913 esset
1562 3860 1754 3928 aliquid
1786 3873 1889 3913 tam
1919 3862 2123 3928 longin-

565 3962 727 4016 quum
756 3945 970 3999 difﬁcile
998 3946 1136 4013 quod
1166 3947 1422 4000 mentium
1448 3947 1715 3999 obtutibus
1741 3947 1983 3999 obviarit.
2016 3948 2121 4001 Sed

564 4053 663 4105 per
687 4036 862 4091 cordis
886 4036 1127 4088 intuitum
1156 4035 1228 4089 ibi
1252 4051 1309 4089 se
1336 4036 1556 4088 invicem
1586 4036 1861 4104 diligentes
1888 4037 2122 4090 caritatis

564 4125 1011 4193 contemplatione
1055 4125 1457 4192 conspicerent,
1497 4126 1582 4179 ubi
1623 4128 1816 4179 caritas
1844 4128 1959 4195 ipsa
1993 4140 2122 4179 con-

565 4219 724 4271 sistit.
751 4217 867 4282 Quo
888 4217 943 4269 lit
970 4225 1028 4269 ut
1060 4216 1320 4270 devinctio
1349 4224 1552 4278 vestra,
1590 4232 1706 4285 quae
1744 4217 1795 4270 in
1828 4217 2121 4271 visceribus

566 4308 701 4359 meis
725 4306 832 4373 jugi
866 4304 1253 4365 recordatione,
1284 4305 1407 4356 dum
1434 4295 1667 4372 quotidie
1695 4316 1999 4369 renovatur,
2031 4319 2123 4357 au—

566 4404 739 4461 getur,
769 4398 965 4448 amoris
990 4394 1150 4447 vestri
1180 4393 1313 4446 mihi
1334 4393 1747 4447 vicissitudinem
1769 4396 2119 4461 repromittat,

566 4485 773 4536 animus
814 4495 966 4535 meus
996 4482 1125 4534 mihi
1171 4480 1463 4533 animorum
1507 4489 1804 4533 vestrorum
1847 4480 2125 4548 ﬂdejussor

567 4574 813 4637 assistat,
844 4572 968 4625 dum
1000 4579 1200 4623 tantum
1228 4569 1326 4623 sibi
1356 4569 1513 4623 audet
1546 4570 1613 4625 de
1639 4582 1811 4625 vestra
1838 4570 2121 4625 dilectione
2148 4561 2199 4619 D

569 4676 920 4730 praesumere,
948 4670 1201 4730 quantum
1247 4659 1394 4715 vobis
1426 4660 1750 4729 concupiscit
1794 4662 2115 4729 impendere.

566 4752 800 4805 Salutem
835 4751 1007 4819 itaque
1033 4748 1340 4804 beatitudini
1368 4759 1556 4803 vestrae
1585 4750 1861 4817 plurimam
1890 4751 2037 4814 dico,
2067 4759 2120 4803 et

567 4853 727 4905 rogo,
760 4841 1086 4892 incessanter
1114 4837 1380 4890 communi
1428 4837 1649 4890 Domino
1685 4838 2024 4906 supplicetis,
2068 4848 2123 4891 ut

566 4927 860 4980 secundum
897 4927 1107 4981 divitias
1146 4928 1392 4980 bonitatis
1427 4942 1537 4981 sum
1576 4936 1731 4996 atque
1760 4931 1998 4992 virtutis,
2036 4930 2121 4981 cui

566 5017 746 5069 omnia
782 5017 1052 5083 possibilia
1083 5018 1419 5095 conﬁtemur,
1443 5027 1497 5069 ut
1526 5017 1569 5070 si
1598 5019 1648 5070 iu
1681 5019 1779 5072 hoc
1802 5021 1993 5072 saeculo
2023 5033 2118 5072 nos

571 5115 786 5172 propter
816 5105 936 5158 vitae
968 5106 1116 5161 istius
1141 5106 1446 5160 turhedines
1472 5120 1531 5158 ac
1563 5107 1838 5175 procellas,
1866 5118 1921 5162 et
1949 5110 2121 5177 regio-

569 5211 694 5247 num
736 5195 1008 5247 intervalla
1040 5197 1233 5263 saepius
1262 5195 1439 5249 videre
1468 5210 1571 5249 non
1600 5211 1906 5263 possumus,
1944 5198 2028 5252 vel
2056 5197 2122 5251 ad

569 5285 713 5337 illam
760 5284 943 5337 urbem
974 5300 1091 5351 quae
1120 5285 1409 5337 aediﬁcatur
1443 5293 1501 5337 ut
1535 5286 1722 5339 civitas
1762 5286 1929 5357 (Prol.
1958 5304 2118 5352 cui,

569 5372 647 5439 ὃ).
680 5374 835 5427 faciat
864 5374 1184 5439 convenire,
1214 5373 1279 5425 ad
1307 5388 1463 5440 quam
1493 5389 1588 5427 nos
1628 5377 1982 5432 misericordia
2015 5377 2119 5431 Do-

573 5465 700 5517 mini
732 5465 926 5532 poterit
946 5462 1202 5531 perferre,
1228 5478 1321 5516 vos
1350 5464 1551 5517 merita.

648 5650 671 5697 ἱ
704 5662 871 5714 Locus
898 5673 1191 5727 corruptus.

648 5729 673 5769 δ
704 5734 771 5783 De
798 5746 859 5784 eo
891 5732 1131 5798 superius
1161 5728 1223 5783 ad
1258 5728 1413 5794 epist.
1445 5726 1526 5780 l9.

2806 3348 3015 3404 EPIST.
3057 3350 3183 3403 Llll.

2385 3440 2624 3493 Ruricius
2658 3442 2925 3508 episcopus
2958 3440 3163 3492 Rustico
3184 3439 3210 3476 δ
3238 3440 3344 3505 ﬁlio
3371 3439 3597 3491 salutem.

2292 3551 2459 3605 Extra
2484 3551 2732 3603 allectum
2763 3549 3285 3604 consuetudinarium
3320 3558 3371 3602 et
3399 3549 3677 3615 probatum
3725 3556 3778 3602 et

2226 3640 2604 3693 humanitatem
2648 3639 2802 3693 nobis
2832 3640 3064 3707 dignaris
3091 3639 3417 3707 impendere,
3442 3638 3565 3691 dum
3596 3638 3779 3692 usibus

2220 3732 2325 3783 tuis
2373 3730 2629 3793 detrahis,
2672 3730 2811 3798 quod
2842 3730 3035 3783 nostris
3067 3730 3306 3798 largiaris
3341 3730 3609 3797 expensis.
3645 3730 3778 3794 Quia

2222 3836 2384 3888 puero
2427 3834 2605 3875 vestro
2632 3821 2895 3874 referente
2922 3822 3163 3888 cognovi,
3195 3821 3335 3889 quod
3378 3820 3688 3887 piscatioiiis
3724 3822 3777 3871 in

2221 3912 2425 3962 viscera
2456 3924 2551 3975 pro
2578 3919 2724 3974 parte
2748 3909 2928 3961 Visera
2969 3909 3119 3961 nobis
3143 3910 3379 3975 jusseras
3424 3907 3641 3961 delicias
3680 3909 3780 3960 mi-

2223 4000 2467 4050 nistrare.
2488 3996 2637 4051 Unde
2657 3997 2974 4049 salutatione
3001 3998 3249 4062 depensa,
3275 3998 3469 4063 gratias
3492 4011 3589 4062 ago
3617 3995 3780 4061 pluri-

2222 4100 2363 4149 mas,
2386 4100 2612 4139 exorans
2642 4084 2872 4137 divinam
2914 4085 3328 4138 misericordiam
3360 4096 3413 4135 ut
3442 4100 3534 4150 pro
3576 4084 3779 4137 honore

2220 4193 2378 4245 quem
2408 4178 2559 4230 nobis
2588 4192 2681 4245 pro
2702 4175 2866 4244 ipsius
2896 4176 3083 4229 timore
3107 4176 3424 4241 dependiiis,
3458 4186 3512 4227 et
3539 4190 3742 4240 praesen
3761 4206 3777 4215 -

2222 4271 2348 4321 tium
2379 4284 2554 4322 rerum
2587 4268 2736 4321 vobis
2765 4267 3004 4321 cooferat
3042 4269 3377 4333 felicitatem,
3414 4276 3466 4322 et
3490 4268 3773 4322 beatitudi-

2221 4371 2342 4409 nem
2372 4356 2568 4409 tribuat
2596 4356 2907 4409 futurorum.
2937 4357 3096 4409 Finit.

2805 4465 3015 4518 EPlST.
3060 4468 3167 4519 LIV

2445 4555 2680 4608 Ruricius
2709 4555 2997 4622 Aprunculo
3031 4565 3051 4589 '-
3079 4555 3308 4622 episcopo
3330 4558 3558 4606 salutem.

2291 4666 2440 4720 Sicut
2466 4665 2668 4718 litteras
2694 4663 2986 4716 sanctitatis
3013 4672 3202 4717 vestrae
3233 4678 3323 4729 per
3352 4663 3519 4722 virum
3552 4677 3777 4716 venera-

2223 4756 2383 4809 bilem
2409 4755 2648 4824 Eloginm
2679 4767 2797 4807 cum
2825 4752 3171 4820 gratulatione
3190 4752 3415 4816 suscepi.
3447 4751 3515 4803 ita
3542 4754 3657 4815 luas,
3682 4768 3775 4806 eo~

2222 4846 2342 4899 dem
2386 4844 2661 4907 redeunte,
2713 4844 2937 4896 libenter
2990 4842 3160 4895 emisi.
3211 4841 3412 4906 Quibus
3459 4843 3775 4908 apostolatui

2224 4944 2399 4988 vestro
2419 4934 2650 4989 debitum
2678 4932 2990 4999 deponendo
3016 4929 3285 5002 [dependo]
3309 4931 3669 4998 sospitationis
3693 4936 3777 4985 of-

2228 5022 2424 5087 ﬁcium,
2450 5024 2708 5091 simulque
2748 5022 2977 5089 deposco
3021 5032 3075 5075 ut
3102 5036 3196 5088 pro
3224 5023 3370 5075 nobis
3404 5038 3557 5075 orare
3587 5025 3775 5090 digne-

2226 5113 2374 5175 mini,
2407 5123 2461 5166 et
2484 5114 2533 5165 id
2556 5129 2582 5165 a
2610 5114 2873 5167 communi
2903 5112 3123 5165 Domino
3146 5114 3457 5179 peculiarius
3485 5116 3775 5179 postulare.

2226 5210 2283 5253 ut
2311 5200 2419 5267 jam
2448 5201 2655 5255 tandem
2687 5200 2971 5268 aliquando
3000 5204 3051 5252 in
3082 5217 3237 5253 unum
3270 5202 3466 5265 venire,
3504 5212 3553 5253 et
3581 5217 3677 5254 nos
3702 5206 3779 5252 vi-

2225 5289 2354 5341 dere
2401 5303 2723 5353 mereamur;
2757 5299 2812 5347 ut
2847 5290 3069 5351 caritas,
3103 5305 3217 5355 qum
3246 5290 3530 5341 secundum
3560 5297 3777 5341 sentcn-

2225 5378 2347 5431 tiam
2374 5377 2689 5431 dominicam
2720 5381 2770 5432 in
2804 5378 3099 5444 pectoribus
3139 5382 3331 5431 nostris
3364 5394 3457 5444 per
3478 5378 3776 5429 absentiam

2223 5468 2360 5537 quod
2404 5468 2541 5536 peris
2586 5481 2665 5523 est
2719 5469 2876 5539 [forte
2923 5472 3055 5537 longi
3105 5466 3383 5536 temporis],
3438 5464 3643 5518 refrixit
3686 5482 3783 5535 per

2324 5666 2423 5718 ‘De
2452 5680 2514 5718 eo
2546 5665 2779 5733 superius
2818 5667 2877 5717 ad
2908 5667 3059 5732 epist.
3088 5668 3171 5719 48.
