3930 6408
162 98 297 129 -K'"

260 422 345 479 19.!

1501 363 1987 481 EPISTOLsnuu
2032 406 2157 460 LIB.
2198 405 2261 459 tt.

3396 400 3496 453 I22

255 522 593 592 praesentiam
634 523 823 577 iterum
867 525 921 578 in
961 523 1175 592 sospitis
1214 522 1481 576 cineribus
1510 524 1818 583 suscitetur,

1930 519 2100 558 meam
2130 506 2327 575 dignati
2354 508 2505 575 estis,
2538 523 2633 577 pro
2664 524 2724 563 ea
2747 511 3023 577 quaeinter
3054 522 3149 561 nos
3178 516 3275 565 cst.
3311 509 3483 573 propi-

254 624 309 668 et
327 614 461 670 viris
488 615 738 682 vocibus,
784 612 935 686 quasi
962 615 1115 669 nobis
1155 612 1364 669 ﬂatibus
1394 614 1593 669 veteris
1622 613 1823 667 amoris

253 705 555 761 redivivum
583 696 871 776 'reparetur
902 705 1204 760 incendium
1239 722 1253 758 :
1284 704 1424 774 quod
1453 708 1825 779 amoremque

256 794 455 851 virtute
494 797 631 866 ignis
675 797 839 859 illius,
886 810 1041 865 quem
1086 794 1339 849 Dominus
1371 792 1513 847 misit
1540 793 1592 846 in
1628 800 1821 846 terram

252 887 409 955 (Luc.
434 903 529 952 xit,
547 887 660 956 49),
689 898 742 943 et
770 889 949 955 spinas
970 887 1303 956 negligentia:
1327 894 1525 939 nostra:
1546 893 1703 953 atque
1730 884 1825 937 de-

251 977 426 1039 sidi't',
445 977 495 1031 vi
528 988 731 1031 natura:
762 976 993 1045 potentis
1011 986 1220 1041 exurat,
1246 974 1490 1030 tenebras
1512 972 1826 1028 dormientis

251 1066 432 1124 cordis
452 1066 736 1123 illuminat.

856 1156 1070 1211 EPIST.
1117 1155 1226 1210 LV.

482 1246 620 1300 Item
644 1246 749 1315 alia
774 1242 971 1299 Βατίεἱὶ
1000 1245 1069 1296 ad
1097 1246 1262 1315 ipsum
1292 1243 1599 1312 episcopum.

323 1337 629 1392 Assiduitas
654 1346 679 1375 ι
711 1336 1063 1403 supplicatum
1110 1336 1321 1402 supplet
1367 1334 1418 1385 in
1451 1332 1602 1385 nobis
1644 1330 1826 1398 gratiae

252 1426 555 1483 c0msnunis
600 1425 858 1491 ofﬁcium,
906 1433 964 1477 ut
1009 1423 1109 1477 hoc
1138 1422 1277 1488 quod
1320 1421 1494 1476 facere
1538 1420 1857 1473 debeamus

257 1533 423 1585 super
471 1526 671 1571 mutua:
697 1514 1001 1569 dilectionis
1040 1513 1311 1576 affectum,
1352 1514 1575 1567 facimus
1616 1522 1710 1578 per
1735 1524 1827 1561 ex-

253 1617 424 1662 terna:
454 1607 787 1662 necessitatis
819 1604 1098 1673 imperium
1124 1620 1138 1669 ;
1176 1603 1300 1657 dum
1332 1602 1518 1655 alienae
1547 1600 1825 1653 tribuimus

253 1699 519 1768 petitioni,
563 1697 703 1766 quod
729 1696 956 1765 praprize
979 1696 1174 1749 debere
1205 1708 1303 1748 nos
1338 1693 1706 1762 cognoscimus
1730 1705 1823 1743 ca-
1850 1712 1857 1717 -

256 1788 426 1842 ritati.
462 1787 532 1843 Ut
564 1786 992 1840 hrrclitterarum
1018 1782 1353 1837 necessitudo
1378 1790 1519 1835 esset
1544 1795 1607 1835 ex
1640 1781 1826 1834 volun-

1930 599 2003 651 tio
2031 600 2162 664 Deo,
2206 602 2449 668 caritate,
2496 604 2797 669 consulere,
2831 614 2884 657 et
2923 604 3076 656 nobis
3122 612 3297 655 uti-um
3347 601 3486 668 justa

1925 700 2070 744 esset
2097 699 2268 744 vestra
2299 692 2577 758 districtio,
2608 694 2740 746 meis
2770 693 3105 759 potissimum
3134 691 3371 759 apicibus
3410 690 3490 743 iu-

1927 780 2187 845 dicarem;
2217 782 2352 834 sciat
2379 782 2631 836 Dominus
2661 798 2841 842 noster
2866 782 3005 851 quod
3034 797 3133 850 ego
3178 782 3370 835 factum
3399 796 3491 834 ve-

1926 878 2094 923 strum
2124 880 2177 923 et
2203 871 2390 939 probo,
2417 882 2470 925 et
2492 871 2755 933 collaudo,
2788 882 2840 925 et
2868 872 3208 925 vehementer
3232 871 3483 923 admiror.

1926 958 2057 1023 Quia
2092 959 2215 1012 dum
2253 961 2339 1013 uni
2385 960 2711 1029 indisperato
2741 977 2835 1030 per
2872 961 3288 1014 admonitionem
3330 959 3485 1024 gladii

1926 1048 2164 1115 spiritale
2185 1048 2341 1119 [forte
2361 1049 2628 1120 spiritalis]
2653 1066 2746 1118 pro
2767 1049 3031 1105 reddenda
3053 1051 3220 1103 salute
3236 1048 3488 1102 intulistis

1925 1136 2189 1218 dolorem.
2220 1129 2403 1191 multis
2432 1140 2734 1193 contulistis
2784 1140 3146 1208 languentibus
3182 1127 3483 1191 sanitatem.

1928 1226 2074 1280 Multi
2097 1228 2294 1291 etenim
2328 1228 2647 1307 inEcclesia
2677 1230 2765 1301 qui
2791 1229 2966 1283 curari
3007 1238 3271 1298 nequeunt
3298 1230 3483 1291 verbo,

1925 1327 2182 1370 sanantur
2208 1316 2474 1383 exemplo.
2506 1318 2779 1385 Superest,
2823 1319 3161 1373 severitatem
3190 1317 3485 1371 misericor-

1926 1404 2011 1458 dia
2045 1418 2420 1471 consequatur,
2453 1416 2510 1461 ttt
2553 1408 2821 1475 recipiatis
2861 1408 3079 1469 lenitate
3122 1407 3485 1472 patris,quetn

1924 1495 2256 1563 corripuistis
2278 1497 2594 1549 auctoritate
2614 1496 2898 1565 pontificis.
2917 1496 2980 1548 Et
2997 1496 3143 1562 juxta
3163 1494 3306 1547 illum
3329 1506 3485 1548 evan-

1924 1585 2150 1652 gelicum
2174 1583 2324 1651 (Luc.
2356 1600 2440 1647 xv,
2463 1584 2574 1649 50),
2610 1584 2922 1651 invocantes
2950 1600 3103 1652 quem
3135 1597 3230 1635 nos
3261 1596 3352 1649 per
3376 1597 3489 1633 om-

1925 1674 2013 1743 nia
2041 1682 2095 1726 et
2119 1672 2268 1739 sequi
2298 1681 2351 1726 et
2375 1681 2585 1739 oportet
2612 1674 2832 1735 imitari,
2857 1674 2945 1740 qui
2972 1673 3079 1725 ﬁlio
3109 1664 3340 1740 paterna:
3358 1670 3487 1723 sub-

1925 1763 2134 1833 stantiae
2173 1762 2475 1827 decoctori,
2506 1769 2561 1815 et
2605 1762 2805 1813 facin‘us
2853 1763 3127 1814 conﬁtenti
3170 1772 3273 1812 non
3314 1759 3485 1813 solum

256 1888 366 1934 me
388 1873 1042 1943 necessitudinisjocunda
1067 1890 1198 1927 nova
1221 1874 1524 1929 caiamime
1544 1873 1826 1941 ἀεριοηη,
1856 1843 1901 1903 Β
1930 1852 2135 1905 veniam
2162 1852 2453 1905 clementer
2483 1851 2762 1917 impertiit,
2796 1866 2976 1902 Verum
3013 1850 3171 1901 etiam
3212 1850 3485 1915 pristinam

258 1969 327 2022 tis
351 1976 583 2021 extorta.
614 1965 811 2037 Tamen
842 1964 964 2031 quia
992 1971 1333 2032 spontaneatn
1360 1963 1621 2017 scribendi
1652 1964 1826 2030 negle-

255 2052 430 2124 gimus
476 2056 726 2127 gratiam,
773 2053 959 2107 saltem
990 2054 1532 2123 prmtermittere‘nbn
1571 2053 1825 2107 debemus

254 2150 539 2215 ingestam.
583 2143 815 2209 Ideoque
842 2158 937 2211 per
977 2143 1191 2196 fratrem
1239 2151 1294 2195 et
1338 2142 1823 2210 compreshyterum

256 2245 498 2290 nostrum
530 2232 872 2297 Maxentium,
916 2246 1072 2301 quem
1105 2230 1257 2285 nobis
1296 2228 1461 2283 frater
1486 2228 1516 2266 δ
1545 2231 1823 2297 episcopus

256 2326 425 2391 ipsius
471 2324 886 2395 commendavit,
922 2322 1067 2397 dedi,
1110 2322 1301 2390 quibus
1346 2320 1690 2388 sospitatione
1727 2320 1823 2374 dc-

260 2400 445 2484 pt-nsa,
468 2416 639 2485 ipsum
668 2412 985 2483 apostolatui
1012 2423 1206 2479 vestro,
1242 2410 1530 2467 secundum
1560 2411 1696 2477 quod
1734 2426 1825 2479 po-

258 2508 497 2571 stulavit,
525 2506 770 2575 insinuo;
798 2504 925 2575 quia
948 2504 1056 2558 illic
1086 2515 1242 2557 notos
1264 2512 1314 2555 et
1334 2503 1535 2556 amicos
1557 2502 1749 2554 habere
1766 2515 1825 2554 se

256 2585 411 2662 dicit,
441 2595 531 2665 qui
552 2609 675 2661 eum
704 2593 1015 2648 beatitudini
1047 2604 1237 2646 vestrm
1267 2580 1469 2660 possint
1498 2592 1550 2643 in
1580 2593 1822 2657 praesenti

258 2687 470 2756 plenius
508 2686 785 2750 intimare,
834 2699 1059 2753 quorum
1106 2683 1405 2737 testimonio
1434 2683 1600 2751 po~sit
1636 2684 1781 2739 credi
1808 2725 1823 2749 ,
1875 2739 1879 2741 .

258 2778 399 2845 quod
428 2776 714 2831 asscrtioni
744 2775 911 2843 ipsius
944 2774 1169 2828 fortasse
1192 2789 1294 2827 non
1322 2775 1573 2829 creditur.

796 2882 801 2887 '
843 2863 1060 2918 EPIST.
1107 2863 1235 2917 LVI.
1276 2886 1281 2890 ι

822 2956 953 3009 Item
978 2957 1044 3008 ad
1075 2956 1261 3024 ipsum.

326 3047 450 3104 Filii
479 3043 653 3103 nostri
678 3046 927 3105 Omacius
970 3046 1355 3113 etrEparchius
1386 3045 1451 3099 ad
1496 3060 1581 3099 me
1626 3045 1824 3098 litteras

259 3140 443 3207 plenas
474 3139 723 3205 lacrimis
760 3146 814 3190 et
838 3136 1202 3202 deploratione
1226 3136 1500 3197 miserunt,
1526 3134 1823 3202 Specialiter

259 3232 606 3296 deprecantes
635 3235 693 3277 ut
734 3227 872 3291 apud
905 3224 1238 3277 sanctitatem
1280 3231 1511 3275 vestram
1544 3238 1637 3290 pro
1675 3225 1821 3291 igno-

194 3322 197 3325 '
262 3318 448 3371 rantis:
472 3314 637 3381 ipsius
671 3312 761 3365 filii
793 3312 956 3365 nostri
983 3310 1229 3377 Eparchii
1272 3311 1589 3363 intercessor
1631 3310 1824 3362 existe-

263 3421 411 3470 retn;
456 3404 785 3482 conﬁdentes
808 3401 947 3469 quod
973 3416 1066 3467 pro
1096 3396 1274 3453 amore
1311 3412 1493 3453 mutuo
1520 3400 1648 3452 nihil
1673 3400 1822 3453 nobis

262 3509 456 3565 negare
501 3492 792 3549 deberetis.
862 3491 1109 3558 Idemque
1158 3488 1522 3558 presbyterum
1582 3498 1820 3543 nostrum

266 3568 607 3640 busebiolum
629 3584 690 3635 ad
714 3582 963 3651 pietatem
986 3592 1212 3635 vestram
1246 3581 1299 3633 in
1330 3580 1427 3634 hac
1454 3594 1611 3633 causa
1633 3580 1821 3633 direxi.

262 3676 362 3730 Per
389 3688 546 3742 quem
576 3674 745 3727 saluto
767 3672 1073 3741 plurimum,
1103 3680 1157 3725 et
1185 3686 1313 3739 rogo
1345 3680 1401 3725 ut
1423 3670 1662 3739 praefato,
1687 3672 1827 3724 sicut

263 3768 452 3839 dev‘et,
503 3762 829 3817 sufficienter
866 3760 1171 3824 admonito,
1224 3760 1606 3829 indulgentiam
1656 3761 1823 3813 errori

264 3858 405 3911 illius
433 3856 564 3909 dare
586 3848 681 3922 pro
703 3862 879 3906 nostra
914 3863 936 3891 ο
968 3853 1354 3920 supplicatione
1385 3853 1603 3905 minime
1628 3851 1821 3916 iniqua.

264 3950 413 4003 Sicut
456 3947 509 3999 in
552 3945 864 3999 defensione
904 3944 1103 4010 peccati
1142 3942 1301 3995 stulte
1348 3953 1504 4009 atque
1543 3942 1828 3995 inﬁdeliter

264 4036 754 4105 perduranticulpa,
776 4034 947 4087 donec
972 4044 1436 4101 agnoscatreatum
1453 4030 1477 4068 ἀ
1495 4032 1642 4101 (non)
1673 4033 1826 4084 debet

265 4128 514 4187 relaxari,
547 4127 618 4179 ita
652 4126 848 4193 agnitio
887 4124 1088 4191 peccati
1139 4123 1294 4175 debet
1338 4122 1579 4174 conferre
1618 4122 1825 4171 veniam

266 4218 560 4272 confitenti.
580 4206 893 4269 Remedium
921 4223 1005 4266 est
1024 4213 1163 4265 enim
1198 4211 1316 4263 mali
1340 4210 1602 4264 confessio
1626 4224 1727 4261 non
1752 4211 1826 4261 si—

269 4308 464 4361 uiolata
489 4305 665 4358 delicti
688 4319 702 4365 ;
729 4316 827 4354 nec
857 4301 1039 4353 ultioni
1070 4300 1290 4366 publica:
1317 4298 1632 4367 relinquitur
1658 4298 1825 4363 locos,

272 4396 355 4451 ubi
382 4410 509 4451 reus
529 4392 854 4448 conscientia
888 4400 1166 4457 torquente
1200 4391 1434 4458 punitur.

836 4483 1047 4536 EPIST.
1091 4482 1243 4534 LVII.

528 4627 549 4647 .
651 4572 780 4626 Item
808 4572 909 4624 alia
942 4571 1135 4623 Βατίείὶ
1167 4576 1229 4621 ad
1261 4572 1441 4639 ipsum.

335 4670 471 4724 Ante
501 4666 640 4721 dicm
667 4678 822 4733 quam
849 4666 1052 4715 litteras
1077 4672 1266 4714 vestrm
1296 4660 1588 4714 sanctitatis
1609 4670 1828 4727 accepe-

269 4748 391 4827 rim,
419 4756 908 4825 compresbyterum
934 4765 1130 4815 meum,
1150 4752 1283 4802 sicut
1308 4751 1421 4816 ipso
1452 4750 1713 4803 referente
1735 4766 1828 4816 po-

270 4852 438 4905 teritis
458 4861 765 4917 agnoscere,
797 4843 860 4895 ad
882 4840 1283 4911 germanitatem
1314 4848 1539 4892 vestram
1568 4839 1619 4891 in
1642 4842 1823 4892 eadem

269 4954 368 5005 qua
399 4938 526 4992 mihi
560 4935 847 5001 scripsistis
885 4944 1041 4983 causa
1072 4930 1395 4981 direxeram.
1436 4928 1505 4982 Et
1546 4930 1667 4996 quia
1701 4930 1827 4982 milii

271 5042 373 5083 non
404 5027 575 5078 solum
622 5025 733 5089 ipse
784 5020 919 5071 ﬁlius
967 5025 1147 5069 noster
1183 5017 1492 5084 Eparcliius,
1540 5018 1631 5070 sed
1664 5019 1823 5070 etiam

274 5123 571 5170 lratersuus
594 5110 835 5164 flebiliter
867 5123 957 5175 per
980 5108 1180 5159 litteras
1209 5094 1589 5174 supplicarunt,
1612 5118 1824 5172 aposto-

274 5206 393 5259 latui
442 5202 603 5257 vestri
636 5208 881 5265 precator
908 5197 1234 5248 accederem.
1277 5196 1374 5260 Qui
1404 5206 1464 5249 et
1492 5198 1826 5248 confessione

274 5298 476 5363 culpae,
518 5300 572 5344 et
612 5286 989 5354 deprecatione
1032 5288 1230 5345 veniae,
1274 5296 1325 5337 et
1353 5285 1827 5351 consanguinitatis
1889 5342 1893 5346 ἡ

273 5386 459 5439 atri-cm
483 5380 814 5444 compulsus,
862 5374 1071 5427 indulsi.
1102 5374 1231 5437 Quia
1264 5390 1353 5425 vos
1385 5375 1514 5427 inibi
1550 5391 1705 5440 super
1732 5376 1825 5425 hac

278 5494 329 5530 ie
353 5476 637 5541 scripturos
668 5480 785 5519 esse
816 5478 919 5516 non
951 5462 1169 5514 credidi.
1202 5464 1299 5515 Sed
1324 5466 1444 5529 quia
1477 5463 1822 5516 humilitatem

344 5621 364 5644 ³
396 5607 549 5661 Forte
572 5602 940 5668 supplicatuum
970 5597 1045 5649 vel
1074 5597 1485 5663 supplicantium.

342 5680 364 5716 ι’
402 5680 491 5728 Ms.
507 5714 519 5733 ,
537 5670 774 5735 epinpi.

348 5750 363 5774 '
394 5748 512 5805 Msa,
544 5738 951 5808 supplicatio.‘tcttt
982 5737 1187 5803 iuiquiu.

1928 1944 2149 2011 gratiam
2179 1942 2409 1996 libenter
2436 1940 2679 2005 indulsit;
2705 1950 2755 1993 et
2787 1954 2883 1994 nos
2913 1938 3287 1999 condoleamus
3318 1938 3484 2002 lapso,

1926 2031 2308 2086 subveniamus
2326 2032 2527 2095 attrito,
2544 2031 2927 2097 atnplectamur
2944 2042 3233 2089 reversum,
3247 2027 3488 2079 lartemur

1928 2124 2219 2176 inventum.
2259 2121 2407 2187 Quod
2448 2120 2883 2187 etapostolatum
2924 2128 3158 2172 vestrum
3210 2124 3485 2183 propterea

1926 2212 2115 2265 fecisse
2144 2221 2322 2264 certus
2366 2225 2504 2272 sum,
2550 2218 2608 2262 ut
2634 2208 2902 2276 paululum
2934 2207 3288 2261 inﬁrtnantem
3324 2206 3485 2259 lilium

1924 2302 2278 2356 excluderetis
2309 2317 2336 2353 a
2368 2310 2557 2381 matre,
2588 2308 2645 2354 ut
2688 2300 2945 2368 cumipsi
2972 2310 3091 2369 post
3114 2298 3377 2352 modicum
3404 2313 3489 2352 re-

1924 2393 2216 2447 stitueretis
2277 2387 2634 2453 incolumem;
2700 2400 2754 2443 et
2807 2405 2926 2443 eum
2983 2389 3369 2447 contriStaretis
3421 2388 3487 2441 ad

1925 2494 2155 2553 tempus,
2183 2482 2249 2536 de
2277 2497 2382 2550 quo
2404 2482 2631 2551 gaudere
2652 2479 3029 2545 concupiscitis
3057 2480 3409 2532 in'acternum.

2478 2569 2689 2624 EPIST.
2753 2566 2927 2622 LVIII.

2141 2663 2377 2723 Ruricius
2408 2663 2669 2727 episcopus
2698 2660 2805 2725 [ilio
2830 2658 3011 2713 Severo
3041 2657 3272 2711 salutem.

1996 2754 2375 2823 Negligentiain
2400 2762 2634 2806 nostram
2660 2760 2815 2817 atque
2845 2748 3103 2817 pigritiam
3128 2748 3249 2800 dum
3279 2761 3374 2801 vos
3394 2761 3485 2799 es-

1926 2848 2143 2911 cus'atis,
2176 2844 2429 2912 arguitis,
2480 2853 2533 2896 et
2578 2855 2675 2895 nos
2700 2840 2969 2893 beneflciis
2997 2847 3049 2891 et
3076 2838 3266 2891 officiis
3296 2837 3484 2888 vestris

1926 2936 2267 3005 agnoscimus
2291 2934 2580 2988 debitores.
2616 2932 2719 2986 Sed
2759 2932 2870 2984 scio
2892 2931 2989 2987 hoc
3036 2929 3248 2983 sincero
3283 2942 3481 2988 amore,

1928 3044 2030 3093 quo
2054 3040 2150 3080 nos
2174 3025 2412 3094 diligitis,
2456 3024 2629 3075 facere
2660 3033 2817 3091 atque
2846 3020 3113 3087 perfecto;
3147 3017 3263 3084 quia
3301 3031 3482 3083 parum

1928 3130 2009 3173 est
2037 3118 2245 3171 caritati
2272 3124 2483 3177 vestras,
2514 3112 2652 3181 quod
2684 3111 2834 3164 nobis
2867 3108 3125 3169 tribuitis,
3168 3109 3287 3157 dum
3344 3116 3482 3181 totos

1929 3224 2021 3262 vos
2054 3209 2205 3261 nobis
2232 3215 2286 3259 et
2314 3204 2546 3273 quotidie
2568 3200 2871 3267 impendere
2904 3196 3235 3250 desideratis.
3260 3196 3359 3247 Sed
3389 3210 3482 3246 no-

1928 3300 2008 3353 bis
2055 3297 2183 3352 satis
2230 3308 2493 3361 superque
2537 3291 2804 3346 sufﬁceret
2854 3288 3242 3347 benevolentia,
3274 3295 3297 3322 ο
3325 3276 3479 3352 quam

1928 3389 2152 3456 prompti
2196 3384 2357 3438 animi
2399 3392 2451 3437 et
2477 3381 2759 3435 assiduitas
2802 3378 3013 3438 deesset
3042 3375 3300 3441 obsequii.
3340 3375 3485 3426 l'nde

1924 3477 2237 3533 salutatione
2257 3474 2510 3540 depensa,
2534 3470 2729 3538 gratias
2752 3483 2848 3535 ago
2871 3466 3155 3519 uberrimae
3185 3464 3362 3529 pietati
3394 3477 3485 3513 ve-

1926 3564 2223 3631 str$,quod
2256 3576 2378 3628 erga
2402 3574 2485 3613 me
2527 3561 2678 3612 bonae
2710 3557 2978 3609 memoriae
3007 3555 3170 3621 patris
3198 3552 3355 3605 vestri
3377 3565 3483 3604 non

1926 3658 2096 3711 solum
2123 3652 2381 3717 retinetis,
2408 3651 2498 3704 sed
2527 3650 2685 3702 etiam
2720 3646 2921 3702 vicistis
2943 3644 3207 3697 affectum.

2511 3738 2720 3793 EPIST.
2764 3736 2895 3790 LIX.

2084 3836 2319 3889 Ruricius
2348 3835 2605 3901 cpismpus
2633 3832 2736 3897 ﬁlio
2761 3830 3064 3885 Stltorachio
3094 3829 3329 3880 salutem.

2000 3930 2111 3994 Ago
2150 3937 2306 3993 atque
2360 3926 2528 3977 habeo
2580 3923 2766 3974 ultores
2807 3924 3002 3987 gratias
3054 3918 3231 3985 pietati
3262 3924 3484 3977 vestrae,

1928 4018 2069 4085 quod
2110 4032 2206 4069 nos
2240 4010 2611 4081 negligentiam
2654 4012 2967 4062 famulorum
3009 4018 3305 4059 nostrorum
3350 4005 3485 4055 scire

1928 4106 2147 4165 fecistis,
2176 4103 2300 4154 dum
2346 4099 2739 4153 subvectionem
2788 4109 3094 4160 congruant,
3125 4106 3281 4158 quam
3333 4088 3484 4140 nobis

1928 4192 2147 4244 callidus
2180 4191 2516 4241 subtraxerat
2544 4185 2804 4245 inimicus,
2834 4183 3092 4247 benignus
3119 4177 3484 4229 subministra-

1929 4283 2005 4333 vit
2046 4280 2283 4332 aIlectus.
2332 4276 2494 4339 Quem
2551 4273 2748 4325 idcirco
2798 4270 2948 4322 nobis
2998 4263 3379 4320 υοιιιῐιιιιςίιοο
3419 4264 3482 4314 ad

1931 4380 2140 4437 tempus
2186 4362 2426 4433 permisit
2470 4362 2685 4425 inferre,
2729 4370 2783 4413 ut
2820 4368 2871 4411 et
2912 4367 3139 4409 nostram
3183 4353 3484 4420 patientiam

1934 4480 2024 4533 per
2051 4463 2317 4531 injuriam.
2342 4468 2394 4511 et
2418 4466 2651 4510 vestram
2677 4468 2797 4520 erga
2823 4468 2917 4504 nos
2939 4452 3210 4502 caritatem
3231 4460 3320 4514 per
3346 4459 3487 4497 com-

1849 4514 2234 4627 1)qriatientiatn
2268 4548 2657 4616 comprobaret,
2690 4560 2749 4596 ac
2780 4544 2894 4594 sine
2923 4539 3080 4593 dubio
3106 4536 3363 4590 facultatis
3395 4548 3483 4587 no.

1929 4661 2053 4703 stra:
2086 4646 2233 4699 vobis
2264 4644 2463 4697 lucrum
2489 4638 2664 4705 operis
2706 4650 2799 4702 per
2830 4632 3140 4685 beneﬁcium
3190 4626 3485 4681 dilectionis

1930 4743 2161 4796 afferret.

2523 4816 2733 4870 EPIST.
2778 4814 2885 4866 LX.

2212 4909 2447 4963 Ruricius
2476 4910 2735 4974 episcopus
2770 4904 2873 4966 ﬁlio
2906 4902 3205 4953 i'ittamcua.

2000 5007 2301 5065 Familiares
2327 5016 2420 5053 nos
2436 4997 2586 5051 vobis
2613 4998 2733 5046 facit
2754 5003 2926 5046 vestra
2949 4993 3199 5055 dignatio,
3221 4992 3340 5042 dum
3366 4986 3462 5037 hoc

1932 5099 2070 5169 quod
2100 5114 2128 5149 a
2162 5093 2311 5145 nobis
2345 5089 2565 5141 libenter
2600 5086 2837 5145 offertur,
2866 5099 2891 5135 a
2926 5084 3074 5133 vobis
3102 5090 3371 5147 gratanter
3400 5095 3485 5128 ac"

1932 5168 2143 5254 cipitur.
2169 5180 2441 5247 Siquidem
2490 5178 2615 5229 illud
2652 5188 2841 5226 munus
2872 5172 3196 5237 acccptabile
3238 5168 3482 5235 pt‘ttltnitlt'

1931 5252 2177 5333 etdulcc,
2208 5268 2345 5335 quod
2373 5282 2473 5317 non
2500 5263 2803 5331 magnitudo
2827 5259 3197 5316 insinuaverit,
3227 5252 3319 5314 sed
3347 5264 3489 5301 como

1935 5363 2193 5417 ineuiiarit
2216 5357 2441 5409 affectio.
2476 5358 2603 5417 Qum
2629 5368 2713 5405 res
2736 5351 2879 5413 facit,
2909 5358 2961 5401 ut
2990 5348 3054 5401 ad
3090 5340 3487 5413 pcrsolvendum

1936 5457 2087 5509 vobis
2118 5458 2425 5516 spontaueae
2448 5444 2745 5497 devotionis
2777 5438 3105 5507 obsequium,
3136 5436 3289 5485 etiam
3322 5428 3367 5479 id
3393 5430 3485 5475 ιιει..

2006 5584 2029 5621 ἀ
2058 5585 2175 5635 Ilzcr
2205 5596 2301 5633 vox
2328 5580 2477 5631 abest
2507 5580 2554 5631 in
2587 5592 2684 5629 nis.

2005 5664 2027 5691 ε
2060 5652 2287 5719 I‘t'ompti
2313 5651 2490 5711 animi,
2521 5660 2809 5715 quanquam
2832 5640 3123 5700 assiduitas,
3160 5645 3262 5690 etc.
