3930 6464
602 439 700 493 ωδ

1174 434 1589 492 RURIClORL‘M
1630 436 2091 499 EPISCOPORUM
2132 437 2259 493 CIV.
2303 434 2726 488 LEMOV'CiNlE
2769 435 3193 491 EPlTAi’iiIUM.

3668 439 3766 494 134

601 548 813 598 beamus
839 545 888 596 in
910 544 1064 603 votis.
1090 547 1225 610 quod
1248 561 1352 598 non
1373 546 1624 599 habemus
1649 548 1698 600 in
1725 549 1880 600 verba
1902 546 2127 620 [rerbis].
2158 552 2208 607 Α
2233 548 2458 615 pectoris
2476 546 2596 612 mei,
2615 546 2666 598 in
2684 561 2786 612 quo
2809 545 3052 599 atl'ectum
3075 548 3231 600 vestri
3256 546 3505 602 aviditate
3531 553 3760 618 suscepi,

602 636 777 701 Itaque
799 634 1107 685 salutatione
1136 634 1384 700 depensa,
1411 637 1527 702 quia
1571 647 1780 688 centum
1815 651 1938 703 pera
1978 635 2129 707 [pira]

562 724 563 727 “
599 722 903 775 sublimitati
938 732 1143 798 vestrae,
1174 723 1274 775 alia
1300 734 1510 776 centum
1537 724 1657 778 ﬂia:
1695 725 2133 798 measqdestinare

604 812 926 879 praesumpsi.
955 812 1079 876 Quae
1097 797 1148 864 si
1173 815 1393 866 fortasse
1415 814 1776 880 displicuerint
1810 816 2012 881 saporis
2039 825 2134 883 gn-

599 911 703 965 stu,
732 901 1025 968 placebunt,
1056 910 1112 954 ut
1135 902 1466 966 cnnfidimus,
1493 899 1894 959 transmittentis
1919 904 2129 962 affectu.

1176 1011 1382 1068 EPIST.
1421 1012 1550 1065 LXI.

845 1099 1077 1151 Ruricius
1117 1100 1376 1168 epist-Opus
1408 1102 1552 1168 fratri
1577 1109 1603 1137 ⁸
1633 1101 1892 1168 Ναηιασίο,

669 1187 849 1242 Saluto
876 1189 1178 1255 plurimum,
1214 1198 1268 1243 et
1289 1203 1443 1258 spero
1464 1201 1521 1243 ut
1547 1192 1590 1243 si
1631 1194 1861 1246 secundo
1902 1196 2130 1249 crastino

600 1292 703 1328 non
734 1277 982 1342 potueris,
1009 1277 1089 1329 vel
1117 1278 1265 1329 tertia
1298 1278 1426 1331 feria
1453 1279 1516 1331 ad
1551 1293 1644 1331 nos
1676 1281 1851 1332 venire
1879 1281 2128 1347 digneris.

597 1365 729 1427 Quia
751 1364 1010 1417 desiderio
1039 1373 1140 1418 tua:
1167 1367 1400 1420 caritatis
1447 1368 1673 1430 accensi,
1713 1377 1764 1420 et
1791 1383 1886 1421 nos
1909 1369 2132 1423 dicimus

597 1466 715 1501 cum
743 1451 1022 1516 propheta:
1051 1452 1230 1504 Anima
1250 1469 1358 1504 utea
1398 1455 1524 1505 sicut
1559 1464 1692 1507 terra
1720 1456 1827 1508 sine
1854 1471 1986 1524 aqua
2019 1459 2126 1512 tibi.

600 1538 795 1606 Deiecit
827 1542 1030 1609 spiritus
1059 1556 1216 1594 meus.
1260 1541 1342 1594 Ne
1363 1551 1555 1596 avertas
1583 1547 1763 1612 [aciem
1806 1545 2127 1614 tuam(Psal.

597 1643 758 1690 cxut,
777 1628 830 1693 6,
854 1629 928 1695 7).
953 1629 1028 1683 Ne
1054 1631 1276 1683 moreris
1293 1630 1590 1696 adventum,
1610 1644 1664 1686 ttt
1691 1635 1914 1701 pectoris
1940 1638 2126 1700 nostri,

598 1719 735 1784 quod
772 1719 912 1782 parvi
950 1721 1199 1786 temporis
1217 1721 1406 1775 solatio
1450 1724 1759 1792 suseitastis,
1786 1726 2130 1794 exstinguatis

598 1807 913 1862 incendium.
941 1808 1098 1863 Finit.

1169 1877 1372 1934 EPIST.
1402 1879 1557 1934 LXII.

873 1966 1106 2022 Ruricius
1126 1972 1386 2041 episcapus
1414 1973 1521 2038 ﬁlio
1551 1973 1849 2028 Vittameno.

665 2052 872 2108 Gratias
894 2070 992 2124 ago
1016 2057 1426 2125 dignantissimu:
1445 2075 1564 2127 erga
1587 2077 1672 2116 me
1702 2065 2008 2118 sublimitati
2041 2081 2129 2120 ve-

593 2151 738 2206 stris,
769 2143 906 2211 quod
935 2159 1028 2198 nos
1056 2145 1120 2198 de
1148 2147 1349 2200 actibus
1369 2159 1522 2217 atque
1553 2152 1912 2206 incolumitate
1933 2164 2123 2217 vestra,

591 2245 728 2296 quos
748 2232 933 2296 nostis,
967 2233 1072 2287 Deo
1100 2235 1346 2302 propitio,
1379 2252 1475 2303 pro
1509 2240 1855 2294 amicitiarum
1886 2242 2004 2310 jure
2024 2245 2125 2295 sol-

595 2321 763 2374 licitos
778 2365 793 2387 ,
825 2321 992 2373 facitis
1011 2322 1299 2376 litterarum
1323 2326 1602 2380 sedulitate
1618 2343 1851 2382 securos.
1876 2330 2025 2384 Unde
2045 2330 2126 2382 his

595 2409 920 2476 reciprocum
949 2409 1112 2462 reddo
1139 2411 1397 2465 nobilitati
1435 2427 1620 2468 reatrtn
1644 2417 1975 2471 salutationis
2013 2417 2128 2469 offi-

593 2499 760 2559 cium,
781 2506 834 2550 et
859 2513 943 2551 me
969 2498 1060 2551 has
1087 2498 1154 2552 de
1186 2499 1476 2555 Deesniaco
1515 2504 1577 2554 ad
1607 2519 1699 2556 vos
1725 2504 1940 2557 dedisse
1967 2506 2126 2573 signi-

598 2587 718 2649 fico,
739 2601 1012 2652 meamque
1035 2587 1182 2640 vobis
1210 2589 1386 2642 favore
1412 2591 1724 2654 divinitatis,
1746 2607 1898 2659 quam
1925 2591 1953 2630 δ
1980 2594 2127 2648 vobis

595 2673 808 2740 placere
831 2673 1059 2736 conﬁdo,
1088 2674 1321 2727 indicans
1360 2677 1682 2745 sospitatem.
1717 2679 1989 2733 Prmstabit
2027 2682 2126 2733 Do-

597 2760 770 2813 minus
797 2769 853 2811 ut
875 2760 1030 2812 citius
1053 2759 1179 2812 hinc
1216 2776 1484 2828 regressus
1510 2765 1693 2818 vestris
1733 2781 1937 2820 merear
1974 2768 2126 2821 obtu-

595 2847 733 2900 tibus
754 2848 1078 2914 praesentari.
1105 2847 1170 2901 Ut
1200 2849 1346 2916 cujus
1385 2853 1700 2920 benignitate
1727 2864 1898 2907 vestra
1943 2855 2126 2909 incita-

593 2936 690 2988 stia
716 2935 997 3004 desideria,
1023 2936 1227 2990 visione
1254 2939 1546 2991 sollicitetis
1566 2941 1830 2996 aﬂ‘eetum.

1147 3026 1356 3082 EPIST.
1397 3027 1571 3080 LXlll.
1752 3012 1755 3014 ’

799 3111 1036 3165 Ruricius
1060 3115 1319 3183 episcopus
1338 3115 1484 3183 fratri
1497 3116 1645 3168 Claro
1671 3117 1917 3184 episcopo.

660 3200 984 3267 Apostolatui
1014 3213 1188 3256 vestro
1219 3219 1311 3271 pro
1333 3220 1394 3257 ea
1414 3220 1570 3270 quam
1602 3206 1726 3258 mihi
1745 3220 1847 3259 non
1881 3219 1974 3272 pro
1991 3208 2123 3260 meis
2150 3228 2194 3288 ο

591 3287 826 3350 meritis,
864 3288 954 3340 sed
1003 3303 1097 3356 pro
1124 3290 1485 3363 benevolentia
1512 3293 1801 3345 animorum
1830 3304 2120 3347 vestrorum

592 3374 910 3440 impenditis,
941 3376 1159 3429 caritate
1179 3415 1194 3438 ,
1223 3392 1323 3431 non
1353 3378 1522 3432 dicam
1550 3381 1717 3432 vicem
1765 3395 1865 3433 non
1913 3395 2121 3448 possum

591 3477 872 3528 repensare
898 3463 1166 3529 beneﬁciis
1185 3506 1202 3529 ,
1229 3468 1320 3519 sed
1351 3483 1448 3521 nec
1475 3477 1646 3521 tantas
1685 3470 1878 3536 gratias
1904 3481 2124 3535 quantas

594 3552 885 3615 ueremini,
905 3555 1234 3607 sermonibus
1254 3557 1534 3621 explicare.
1566 3556 1810 3625 lmpendo
1837 3569 2008 3614 tamen
2031 3576 2125 3628 per

594 3635 792 3691 litteras
839 3639 1072 3695 debitum
1117 3643 1475 3711 sospitationis
1517 3645 1765 3714 officium,
1810 3657 2118 3716 partemque

659 3817 686 3878 9
711 3811 781 3864 De
801 3825 866 3864 eo
894 3812 956 3864 ad
985 3812 1207 3878 primum
1234 3813 1442 3868 librum.

659 3876 686 3914 ⁵
717 3879 838 3939 Με..
868 3896 974 3932 uos.

661 3954 684 3982 ο
719 3945 834 3998 Fuit
860 3947 1175 4016 Turonensis
1192 3951 1475 4016 episcopus
1492 3985 1510 4012 ,
1536 3949 1776 4016 Perpetui
1807 3961 2111 4011 successor,

591 4023 770 4080 postea
794 4029 826 4067 a
858 4014 1064 4084 Warige
1086 4014 1375 4069 Gothorum
1400 4031 1519 4083 rege
1555 4018 1605 4068 in
1642 4014 1946 4084 VIIiSpaniam
1981 4018 2087 4070 rele

2155 1891 2203 1949 Β

2236 635 2437 704 paginae
2475 635 2819 688 collocutione
2850 635 3177 697 transmitte;
3205 635 3466 703 simulque
3507 635 3763 705 deprecor

2233 737 2289 781 ut
2316 729 2579 781 communi
2624 728 2840 781 Domino
2881 728 3184 794 Supplicetis
3211 735 3269 780 ut
3295 727 3448 780 citius
3485 743 3582 782 nos
3611 727 3767 783 faciat

2232 817 2453 872 fructum
2494 817 2559 871 de
2605 825 2781 869 nostra
2804 831 2994 880 capere
3029 816 3334 883 praesentia;
3385 830 3622 882 quosque
3660 833 3766 871 sua

2233 906 2586 971 inspirationis
2613 905 2858 957 instinctu
2879 905 3182 970 connesuit,
3213 904 3449 956 vultuum
3473 904 3633 957 etiam
3656 921 3768 958 mu-

2235 1004 2319 1046 tua
2352 994 2549 1046 visione
2574 996 2879 1060 conjungat;
2920 1003 2976 1045 ut
3005 992 3318 1046 desiderium
3363 993 3414 1046 in
3445 993 3598 1046 nobis
3629 995 3766 1060 quod

2230 1083 2468 1137 accendit
2490 1083 2692 1142 athtns,
2708 1085 2988 1149 restinguat
3011 1083 3240 1135 obtutus.
3264 1083 3624 1159 Decolumnis
3647 1098 3767 1135 vero

2229 1173 2423 1236 gratias
2451 1187 2574 1238 ago;
2601 1181 2683 1230 et.
2729 1172 2862 1223 sicut
2902 1172 3167 1236 jussistis,
3207 1173 3328 1240 quia
3364 1171 3524 1230 modo
3558 1181 3768 1238 propter

2230 1262 2587 1313 imminentem
2610 1260 2847 1327 hyemem
2870 1260 3107 1312 vehicula
3147 1259 3237 1312 illo
3260 1260 3488 1327 dirigere
3517 1275 3622 1312 non
3647 1274 3768 1327 pos-

2233 1365 2371 1412 sum,
2398 1360 2516 1416 post
2546 1359 2778 1400 sanctum
2806 1348 3020 1408 Pascha,
3047 1348 3271 1415 prepitia
3290 1348 3572 1401 Divinitate
3601 1357 3767 1400 trans-

2230 1439 2448 1491 mittam.
2494 1439 2564 1491 De
2605 1437 2888 1490 minoribus
2922 1453 3044 1489 vero
3083 1439 3218 1490 sicut
3256 1437 3416 1490 verbo
3445 1436 3766 1496 mandaStis,

2229 1525 2272 1578 si
2304 1526 2518 1578 inveniri
2548 1537 2794 1589 possunt,
2822 1525 2951 1576 mihi
2981 1525 3057 1577 vel
3084 1525 3266 1577 decem
3295 1525 3623 1577 necessarias
3653 1538 3766 1575 esse

2231 1616 2485 1682 significo.
2512 1615 2613 1668 Sed
2648 1618 2686 1667 si
2736 1615 2984 1667 Dominus
3010 1628 3256 1680 prospera
3283 1613 3526 1668 universa
3555 1627 3768 1667 conces-

2229 1706 2384 1768 serit,
2412 1713 2687 1772 antequam
2731 1705 2966 1758 vehicnla
3004 1705 3224 1772 dirigam
3259 1704 3324 1757 ad
3367 1718 3462 1758 vos
3505 1703 3767 1757 hominem

2229 1792 2524 1847 destinabo.

2778 1881 2986 1934 EPIST.
3025 1881 3204 1936 LXIV.

2335 1968 2563 2021 Ruricius
2589 1968 2846 2037 episcopus
2878 1972 3020 2034 fratri
3052 1968 3329 2020 Volusiano
3360 1975 3385 2005 ο
3408 1967 3666 2032 episcopo.

2296 2057 2370 2111 ita
2395 2059 2531 2126 quod
2561 2059 2707 2123 pejus
2734 2067 2837 2117 est,
2859 2059 3131 2109 caritatem
3161 2058 3455 2124 antiquam,
3477 2065 3530 2109 et
3559 2056 3767 2109 insitam

2226 2145 2408 2209 nobis,
2438 2146 2622 2213 partim
2646 2145 2911 2214 (quoniam
2942 2144 3291 2198 confitendum
3319 2144 3423 2211 est)
3453 2142 3768 2211 negligentia

2228 2245 2424 2299 nostra,
2451 2236 2639 2304 partim
2664 2215 2984 2289 necessitate
3013 2235 3281 2300 temporis,
3309 2234 3499 2302 partim
3529 2231 3772 2300 corporis

2228 2325 2525 2378 infimitate
2552 2325 2796 2385 faciente.
2826 2325 2974 2392 longa
3007 2324 3200 2376 delebit
3229 2324 3446 2385 oblivio,
3478 2332 3534 2372 ut
3566 2322 3770 2387 penitus

2227 2404 2560 2464 immemores
2591 2411 2755 2463 nostri
2777 2410 2900 2464 facti
2935 2425 3037 2462 non
3065 2409 3233 2462 solum
3257 2422 3348 2461 vos
3376 2407 3532 2459 nullis
3559 2406 3768 2468 officiis,

2226 2500 2316 2554 sed
2342 2514 2437 2551 nec
2468 2498 2655 2553 litteris
2684 2499 3029 2566 requiramus.
3064 2497 3224 2549 Miror
3260 2494 3586 2547 nobilitatem
3629 2505 3767 2545 tuam

2226 2589 2372 2656 quasi
2413 2588 2574 2640 filium
2607 2588 2670 2639 ad
2712 2602 2798 2640 me
2825 2588 3026 2640 litteras
3048 2585 3347 2644 destinare,
3367 2598 3487 2635 cum
3518 2584 3634 2636 sine
3665 2584 3770 2635 nllo

2227 2688 2468 2744 respectu
2513 2676 2777 2743 religionis
2819 2684 2908 2727 aut
2960 2672 3363 2740 propinquitatis
3421 2671 3513 2724 tibi
3563 2671 3770 2736 injurite

2227 2776 2420 2818 nostra:
2448 2765 2523 2817 sic
2551 2768 2807 2832 placeant,
2835 2773 2891 2817 ut
2915 2777 3004 2817 eas
3028 2763 3294 2817 vindicare
3318 2776 3421 2814 non
3449 2760 3599 2813 velis.
3622 2759 3770 2812 Unde

2186 2852 2192 2856 ’
2226 2855 2325 2907 nisi
2355 2854 2798 2929 existimationem
2842 2866 3079 2918 personat
3107 2865 3268 2912 mere,
3299 2857 3389 2900 aut
3434 2847 3595 2899 officii
3621 2845 3768 2912 cogi-

2194 2949 2440 3010 tassem,
2472 2941 2776 3007 portitorem
2827 2939 3117 2990 litterarum
3161 2946 3363 2988 tuarum
3414 2935 3569 2986 talem
3618 2931 3686 2985 ad
3719 2944 3771 2984 te

2227 3030 2494 3095 miseram,
2523 3030 2704 3096 quales
2734 3027 2971 3079 homines
2997 3039 3143 3078 meos
3172 3040 3272 3078 non
3296 3031 3538 3076 matrona
3568 3030 3767 3078 vestra.

2226 3121 2316 3172 sed
2357 3118 2565 3172 domina
2602 3128 2793 3184 procax
2837 3125 2891 3170 et
2926 3114 3178 3168 effrenata
3227 3112 3445 3164 nimium
3491 3108 3767 3177 perduxit;

2225 3206 2373 3271 cuius
2401 3219 2572 3259 mores
2607 3203 2650 3257 si
2690 3213 2742 3257 tu
2779 3213 2924 3256 tanto
2950 3210 3185 3268 tempore
3221 3215 3340 3254 cum
3367 3198 3520 3250 fama
3550 3204 3659 3248 tua
3682 3194 3767 3247 di-

2228 3296 2543 3359 minutione,
2575 3303 2662 3347 aut
2681 3293 2972 3346 voluntarie
3001 3301 3090 3344 aut
3115 3291 3428 3343 necessitate
3457 3292 3766 3352 supponas,

2227 3385 2356 3438 alios
2372 3384 2574 3436 noveris
2597 3398 2691 3435 nec
2708 3383 2838 3434 velle
2859 3383 3013 3440 ferre,
3047 3394 3141 3432 nec
3166 3392 3282 3430 esse
3310 3383 3608 3456 contentos.
3632 3373 3764 3425 Nam

2227 3473 2363 3540 quod
2386 3473 2572 3524 scribis
2597 3511 2610 3532 ,
2646 3481 2696 3523 te
2723 3479 2864 3521 metu
2891 3467 3116 3519 hostium
3149 3465 3387 3518 hebetem
3417 3462 3610 3515 factum
3645 3475 3662 3512 :
3691 3461 3762 3511 ti-

2231 3575 2374 3612 mere
2400 3560 2602 3611 hostem
2634 3572 2735 3610 non
2760 3556 2912 3609 debet
2941 3563 3245 3608 extraneum
3271 3551 3361 3624 qui
3386 3547 3660 3603 consuevit
3679 3559 3767 3600 su-

2229 3649 2423 3702 stinere
2448 3644 2808 3700 domesticum.

2221 3829 2390 3886 gatus,
2421 3834 2484 3869 co
2508 3818 2642 3884 quod
2671 3819 2723 3870 in
2753 3816 3038 3886 Gothorum
3077 3815 3424 3886 suspicionem
3455 3808 3762 3886 incidisset:

2217 3877 2554 3937 autumabant
2587 3887 2788 3937 scilicet
2819 3899 2936 3934 cum
2970 3877 3183 3935 Franci;
3221 3883 3416 3933 favere.
3455 3880 3526 3930 De
3555 3893 3618 3929 eo
3645 3877 3763 3926 vide

2219 3955 2362 4018 plura
2390 3958 2522 4020 apud
2551 3954 2768 4020 Gri-gor.
2796 3951 2990 4004 Turon.
3027 3951 3073 4015 l,
3105 3951 3238 4011 22.6,
3264 3949 3354 4000 lib.
3381 3963 3413 4000 ι
3437 3991 3450 4011 ,
3483 3947 3570 3999 3|.
3602 3945 3760 3996 Basrt.

2270 4161 3760 4187 ___________________._.._———————————o

1832 4334 2520 4404 EPITAPHIUM

1491 4498 1801 4536 lURlCiOBUIl
1838 4497 2182 4536 EPISCOPOIUII
2219 4494 2471 4534 CIVITATIS
2506 4492 2846 4531 LEHOVICINE.

1650 4629 1740 4692 (Ex
1756 4629 1982 4678 Nenantfi
2003 4628 2248 4678 Fortunati
2266 4629 2352 4678 lib.
2373 4642 2435 4686 tv,
2455 4639 2597 4676 carm.
2623 4626 2692 4686 5.)

593 4782 766 4838 Invida
795 4793 935 4834 mors
952 4818 967 4842 ,
995 4777 1177 4845 rapido
1199 4773 1439 4845 quamvis
1465 4771 1726 4845 minitaris
1753 4772 1891 4824 hiatu
1911 4811 1926 4835 ,

660 4851 770 4902 Non
797 4839 964 4901 tamen
991 4846 1043 4899 in
1060 4839 1278 4898 sanctos
1296 4843 1412 4908 jura
1441 4849 1618 4908 tenere
1647 4839 1809 4893 Vales.

596 4917 722 4969 Nam
754 4928 1019 4982 postquam
1043 4905 1507 4982 remeans'domuit
1521 4905 1624 4982 fera
1641 4917 1829 4961 tartara
1856 4906 2117 4970 Christus,

660 4976 922 5036 iustorum
949 4982 1146 5033 meritis
1173 4979 1272 5030 sub
1293 4976 1426 5042 pede
1447 4977 1576 5026 victa
1605 4976 1766 5038 iaces.

599 5052 691 5104 llic
719 5064 866 5102 sacra
888 5050 1208 5114 pontificum,
1239 5053 1347 5097 toto
1373 5042 1623 5114 radiantia
1651 5043 1862 5103 mundo.

664 5109 1145 5180 Membra'sepnlcra
1169 5120 1349 5179 tegunt
1371 5126 1385 5171 ;
1416 5109 1626 5180 spiritus
1647 5120 1781 5162 astra
1808 5111 1955 5164 colit.

599 5187 789 5245 Ruricii
812 5177 1000 5248 gemini
1030 5179 1184 5234 flores
1211 5177 1774 5248 quibus_Annicio_rum,

661 5245 845 5307 Jnncta
876 5250 1121 5315 parentali
1145 5249 1368 5299 culmine
1398 5246 1558 5296 Roma
1581 5245 1694 5296 fuit.

599 5314 964 5376 Accumulante
992 5318 1179 5383 gradus
1201 5315 1541 5383 praenomine,
1564 5315 1808 5383 sanguine
1832 5314 1972 5382 nexi,

665 5389 930 5442 Exsultant
961 5380 1152 5453 pariter
1174 5383 1294 5437 hinc
1317 5397 1467 5445 anus,
1495 5380 1617 5435 inde
1636 5396 1816 5452 nepos.

2144 4775 2198 4832 Β
2225 4771 2482 4834 Tempore
2509 4769 2727 4834 quisque
2754 4781 2850 4820 suo
2879 4767 3104 4819 fundans
3131 4765 3212 4832 pia
3245 4767 3434 4834 templa
3457 4764 3683 4831 patroni.

2291 4838 2392 4891 Iste
2419 4837 2710 4900 Augustini,
2737 4836 2969 4888 condidit
2996 4836 3084 4886 ille
3111 4834 3270 4886 Petri.

2221 4907 2314 4960 ilic
2341 4907 2551 4968 probus,
2582 4906 2669 4958 ille
2699 4904 2848 4970 pius;
2881 4903 2964 4956 hic
2985 4904 3174 4959 serius,
3199 4903 3285 4956 itle
3315 4916 3552 4964 serenus,

2287 4971 2557 5025 Certantes
2586 4973 2778 5036 pariter
2805 4972 2921 5036 quis
2943 4971 3038 5024 sibi
3069 4971 3238 5037 major
3265 4972 3380 5022 erit.

2223 5040 2452 5092 Plurima
2477 5040 2789 5107 pauperibus
2820 5039 3106 5092 tribuentes
3138 5040 3296 5091 divite
3318 5054 3479 5092 censu
3505 5077 3521 5100 ,

2292 5109 2543 5160 Miserum
2564 5107 2755 5167 celos.
2783 5121 2912 5171 quas
2942 5115 3280 5169 sequerentur
3305 5122 3448 5165 Opes.

2217 5175 2359 5238 Quos
2384 5185 2655 5239 spargente
2683 5189 2834 5228 manu
2862 5175 3178 5226 redimentes
3202 5176 3419 5227 crimina
3447 5172 3647 5233 mundi,

2293 5242 2432 5298 Inter
2461 5243 2774 5308 apostolicos
2796 5243 3060 5308 credimus
3089 5257 3204 5294 esse
3232 5243 3440 5296 choros.

2220 5310 2421 5364 Felices
2443 5307 2526 5372 qui
2559 5313 2631 5361 sic
2654 5308 2719 5361 de
2741 5307 3011 5362 nobilizate
3041 5308 3206 5376 fugaci

2287 5377 2519 5442 Mercati,
2539 5378 2604 5436 ,in
2633 5377 2778 5432 ccelis
2798 5378 2912 5445 jura
2937 5390 3146 5432 senatus
3168 5379 3382 5432 habent.
