3930 6408
317 362 416 417 19-3
1368 358 1609 411 VICTUR
1652 355 1976 413 VITENSIS.
2012 352 2523 411 PRULECOWENA.
3446 352 3541 401 ηις

1500 576 1661 618 ANNO
1707 574 1931 617 DOMINI
1984 574 2258 617 CCCCLXX
2271 574 2332 613 XI
2348 600 2359 611 .

584 734 3241 1099 VICTORﬂTENSIS.

1314 1223 2455 1332 PROLEGOMENA
2476 1293 2515 1331 .

1137 1618 1749 1694 EPISTULA
1826 1615 2716 1695 DEDICATORIA.
2812 1576 2815 1579 λ

521 1774 828 1854 Iosephus
861 1773 1191 1835 Bertinelli
1212 1774 1451 1835 Joanni
1472 1770 1937 1849 archiepiscopo
1970 1740 2251 1833 Minotto
2297 1748 2647 1844 Othobono,
2678 1774 2964 1853 episcopo
3000 1776 3345 1879 Patavina;

380 1912 617 1974 Parum
641 1933 749 1993 ego
769 1915 1131 1993 prudenter.
1166 1933 1239 1974 ne
1273 1914 1472 1976 dicam
1500 1925 1715 1973 temere
1745 1914 1956 1991 fecisse
1986 1911 2198 1971 videar
2224 1929 2429 1970 rerum
2456 1911 2816 1990 quibusdam
2840 1930 2965 1971 non
2990 1914 3139 1975 satis
3157 1914 3351 1992 justis
3373 1916 3536 1974 (esti-

297 2012 672 2087 matoribus,
728 2016 839 2092 qui
881 2012 1419 2091 tibi,‘amplissime
1471 2012 1751 2079 antistes,
1790 2011 1929 2069 viro
1977 2010 2246 2068 omnium
2288 2007 2725 2070 humanissimo
2784 2029 3007 2086 ponam
3049 2022 3189 2070 ante
3229 2012 3437 2072 oculos
3482 2022 3536 2069 et

298 2120 762 2188 persecutorum
783 2111 1221 2171 humanitatem
1246 2126 1475 2168 omnem
1506 2108 1863 2167 exuentium
1894 2107 2135 2166 crudele
2154 2107 2589 2184 spectaculum,
2614 2116 2672 2167 et
2691 2110 3143 2172 immanissima
3162 2100 3559 2190 persecutio;

297 2210 401 2269 nis
437 2209 781 2286 imaginem.
804 2208 1055 2284 Refugit
1086 2208 1247 2267 enim
1279 2208 1518 2266 animus
1551 2220 1678 2262 non
1712 2202 1893 2262 modo
1920 2203 2177 2272 intueri,
2208 2202 2310 2261 sed
2339 2203 2518 2263 etiam
2548 2204 2911 2279 reformidat
2941 2207 3141 2268 dicere
3172 2227 3539 2287 quaecunque

300 2304 548 2366 exhibet
577 2306 867 2367 Historia
891 2315 1133 2375 nostra,
1161 2304 1694 2371 sanctissimorum
1728 2318 1936 2378 nempe
1967 2303 2162 2361 omnis
2196 2300 2397 2360 (etatis
2426 2320 2499 2361 ac
2524 2310 2725 2392 status
2751 2302 3060 2365 hominum
3092 2308 3537 2385 carniﬁcinam,

299 2401 575 2469 dolores,
604 2402 886 2473 vulnera,
922 2401 1227 2480 equuleos,
1262 2407 1592 2459 mortes.ac
1620 2398 1915 2457 mortium
1942 2414 2165 2476 genera
2193 2397 2651 2468 intolerabilia;
2684 2401 3052 2477 reformidat
3078 2403 3280 2464 dicere
3316 2404 3538 2464 barba-

297 2516 521 2559 rorum
546 2500 771 2579 ubique
795 2500 1174 2561 scvientium
1206 2497 1655 2565 crudelitatem,
1688 2499 2141 2575 episcoporum,
2184 2498 2593 2571 sacerdotum,
2630 2502 3012 2581 aliorumque
3047 2504 3362 2581 infinitum
3406 2523 3533 2561 nu-

295 2616 537 2659 merum
563 2596 653 2659 ita
675 2617 790 2677 pro
814 2600 1058 2659 nomine
1080 2599 1127 2657 J
1131 2616 1230 2657 esu
1253 2604 1605 2657 constanter
1622 2597 1998 2673 ﬁrmiterque
2023 2599 2414 2675 patientium,
2437 2609 2507 2659 ut
2537 2609 2746 2661 tortor
2771 2602 2897 2677 ipse
2922 2602 3100 2679 prius
3126 2620 3196 2661 ac
3226 2611 3529 2660 tormenta

297 2698 665 2758 viderentur
692 2697 947 2775 defessa,
976 2715 1158 2775 quam
1195 2699 1304 2776 qui
1331 2715 1401 2756 ea
1424 2697 1593 2773 passi
1627 2705 1807 2769 sunt,
1840 2696 1985 2759 licet
2018 2716 2083 2757 eo
2123 2716 2313 2777 usque
2350 2700 2616 2761 cruciati
2640 2702 2907 2778 fuerint,
2935 2709 3007 2761 ut
3042 2720 3159 2781 quo
3194 2703 3397 2761 minus
3432 2701 3537 2759 ha-

299 2796 515 2855 berent
544 2797 773 2857 virium
814 2795 895 2854 ad
920 2795 1348 2873 perferendum
1370 2838 1388 2867 ,
1425 2815 1491 2855 eo
1526 2797 1651 2855 vim
1681 2798 1877 2873 magis
1922 2802 2370 2858 tormentorum
2414 2808 2468 2857 et
2519 2802 2906 2861 cruciatuum
2934 2801 3319 2861 acerbitatem
3352 2802 3537 2861 senti-

296 2906 465 2957 rent.
505 2893 722 2955 Verum
749 2895 1107 2974 hujusmodi
1125 2896 1383 2955 athletas
1408 2896 1675 2970 Christi,
1706 2897 1856 2956 tales
1882 2914 1954 2956 ac
1977 2906 2185 2956 tantos
2208 2898 2535 2975 religionis
2559 2908 2787 2960 nostrae
2807 2908 3086 2961 auctores
3107 2909 3162 2959 et
3184 2904 3534 2976 magistros,

298 2996 486 3058 liceat
516 2995 630 3056 tibi
663 2996 1016 3076 pontiﬁcali
1045 2997 1421 3056 auctoritate
1451 2996 1815 3072 gravissimo
1845 2996 1900 3054 si
1935 3014 2063 3055 non
2094 2998 2293 3057 oculis
2319 3000 2615 3075 aspicere,
2640 3002 2840 3059 animo
2884 3006 3044 3059 certe
3072 3007 3129 3057 et
3160 3001 3537 3076 cogitatione

296 3095 625 3172 complecti
652 3114 670 3159 ;
697 3095 994 3171 liceatque
1020 3094 1169 3154 mihi
1202 3093 1533 3169 dignitatis
1558 3113 1631 3152 ac
1678 3096 1934 3155 virtutis
1971 3106 2089 3156 tum
2112 3098 2491 3173 praeconium
2514 3101 2713 3175 facere
2743 3098 3087 3173 meditanti,
3118 3118 3378 3180 quorum
3422 3120 3535 3162 no-

292 3197 470 3256 mina
494 3202 639 3255 sunt
664 3194 896 3271 scripta
926 3193 994 3253 in
1022 3192 1210 3262 calis,
1240 3207 1449 3250 eorum
1472 3191 1823 3251 memoriam
1851 3194 2170 3253 annalium
2212 3195 2626 3254 monumentis
2659 3197 3131 3257 commendatam
3158 3199 3396 3258 nomini
3425 3208 3531 3258 tuo

295 3310 679 3353 consecrare.
713 3291 881 3367 Quos
928 3292 1127 3367 igitur
1162 3307 1290 3350 non
1328 3290 1567 3359 vidisti,
1615 3290 1783 3349 vides
1814 3300 2008 3350 tamen
2051 3294 2161 3371 qui
2190 3300 2248 3352 et
2276 3296 2480 3372 quales
2516 3297 2831 3383 postulent
2858 3300 3280 3374 patrocinium
3310 3308 3526 3368 tuum;

291 3392 473 3451 vides
496 3410 679 3470 quam
712 3391 968 3469 dignum
991 3390 1071 3450 sit
1099 3404 1391 3467 generoso
1420 3389 1705 3467 principe
1725 3391 2046 3467 porrigere
2075 3391 2329 3470 afﬂictis
2359 3392 2693 3462 dexteram.
2724 3401 2905 3473 atque
2945 3398 3076 3471 opis
3111 3396 3531 3472 indigentibus

292 3489 612 3567 opitulari
626 3509 646 3556 ς
675 3503 855 3567 quam
872 3486 1125 3564 dignum
1156 3486 1387 3565 optimo
1419 3485 1705 3563 episcopo
1732 3488 2053 3565 episcopos
2074 3488 2192 3549 sibi
2217 3489 2468 3564 similes,
2490 3492 2836 3550 sacerdotes
2863 3493 3294 3572 ministrosque
3320 3512 3531 3553 sacros

288 3606 409 3669 pro
448 3587 679 3649 Christi
707 3586 825 3665 ﬁde
850 3602 1190 3663 perpessos,
1220 3585 1475 3663 benigne
1494 3587 1801 3663 suscipere
1827 3606 1847 3653 :
1882 3603 2061 3663 quam
2087 3587 2341 3665 dignum
2371 3588 2625 3667 denique
2653 3589 2914 3650 humano
2941 3600 3185 3669 pectore
3218 3594 3531 3653 miserabi-

288 3691 452 3750 lium
479 3688 755 3747 misereri
796 3685 1130 3755 hominum,
1162 3684 1587 3745 laborantibus
1626 3702 2010 3756 succurrere,
2050 3695 2106 3747 et
2138 3688 2493 3764 prazsidium
2518 3690 2862 3766 petentibus
2911 3690 3068 3751 nihil
3096 3709 3336 3769 negare.
3379 3693 3532 3750 Herc

292 3810 437 3854 cum
478 3787 687 3848 videas
718 3803 846 3845 non
883 3803 989 3862 ego
1040 3782 1248 3853 ccedes,
1295 3800 1424 3842 non
1473 3782 1744 3854 verbera,
1775 3801 1904 3843 non
1925 3803 2185 3855 secures,
2212 3805 2342 3845 non
2368 3787 2641 3861 vincula,
2668 3806 2795 3847 non
2817 3788 3054 3866 reliqua
3075 3790 3530 3865 suppliciorum

290 3907 522 3969 genera
545 3904 828 3967 propono
857 3884 1095 3953 oculis;
1129 3882 1233 3942 sed
1265 3901 1396 3959 quae
1420 3890 1645 3942 mutua:
1672 3884 1957 3944 caritatis
1990 3904 2060 3945 ac
2098 3885 2525 3946 benevolentiae
2549 3885 2820 3962 exempla
2850 3886 3027 3945 nobis
3051 3889 3278 3963 passim
3304 3905 3526 3947 occur-

288 3996 453 4051 runt
483 3990 551 4049 in
592 3987 705 4047 hac
738 3986 1073 4051 Historia;
1103 3990 1283 4060 atque
1317 4001 1380 4040 eo
1408 3998 1691 4057 propono
1730 3980 2042 4051 libentius,
2076 4000 2207 4040 non
2238 3992 2362 4041 tam
2396 3983 2563 4059 quod
2602 3986 2807 4042 omnia
2844 3993 2899 4045 te
2943 3984 3133 4061 digna
3163 3988 3312 4051 sint,
3343 4004 3523 4063 quam

288 4088 463 4171 quod
508 4089 798 4164 majorem
845 4100 1053 4142 eorum
1100 4092 1335 4158 partem
1390 4079 1662 4139 moribus
1726 4080 1850 4138 tuis
1903 4081 2245 4157 exprimere
2301 4080 2563 4139 videare.
2614 4082 2861 4141 Utinam
2899 4097 3038 4139 vero
3089 4082 3141 4139 is
3169 4099 3276 4156 ego
3312 4100 3519 4154 essem,

286 4197 389 4265 ut,
424 4199 497 4247 tu
526 4186 638 4263 qui
660 4185 745 4243 sis
780 4191 833 4241 et
864 4188 1133 4259 quantus
1165 4196 1393 4256 semper
1416 4178 1633 4256 fueris,
1663 4196 1797 4237 cum
1825 4178 1974 4237 satis
2004 4179 2240 4238 videam
2268 4176 2651 4255 admirerque
2677 4178 2963 4250 maxime,
2994 4176 3145 4236 satis
3179 4178 3359 4236 etiam
3390 4197 3523 4255 qua:

290 4298 402 4347 tua
443 4292 591 4343 sunt
617 4297 746 4340 non
786 4278 966 4338 modo
999 4277 1222 4347 dicere,
1268 4277 1372 4337 sed
1405 4277 1612 4355 dignis
1644 4275 1943 4335 celebrare
1984 4273 2269 4336 laudibus
2312 4273 2566 4334 dicendo
2594 4274 2881 4351 possem!
2922 4272 3044 4334 Sed
3084 4291 3213 4334 cum
3239 4276 3521 4351 persequi

289 4384 504 4444 omnia
532 4396 660 4439 non
689 4397 900 4458 queam
938 4378 957 4456 (
987 4379 1126 4457 quis
1175 4377 1334 4437 enim
1361 4378 1567 4437 omnia
1590 4384 1999 4454 persequatur
2033 4376 2163 4449 ejus
2201 4375 2308 4452 qui
2348 4392 2472 4434 non
2512 4373 2767 4435 honoris
2806 4392 3045 4448 nomen,
3090 4373 3193 4433 sed
3233 4375 3520 4434 honorem

287 4482 555 4559 adeptus
583 4479 669 4537 sit
698 4478 727 4537 ?
761 4477 807 4555 ),
836 4484 1047 4554 patere
1079 4493 1247 4554 aequo
1272 4476 1501 4547 animo,
1529 4494 1618 4533 me
1649 4474 1791 4534 bene
1822 4476 2017 4556 multa
2044 4477 2357 4551 praterire
2394 4475 2701 4543 consulto.
2733 4492 2864 4553 qua
2896 4475 2963 4535 in
2989 4474 3181 4534 medio
3213 4478 3419 4552 posita
3462 4487 3519 4536 et

287 4588 562 4643 cernunt
597 4572 799 4639 omnes
834 4586 887 4637 et
917 4578 1174 4653 mirifice
1201 4576 1481 4635 laudant.
1516 4576 1745 4635 Dicant
1773 4574 1885 4634 alii
1911 4573 2295 4634 nobilitatem
2324 4574 2585 4649 generis,
2621 4582 2974 4633 vetustatem
3001 4574 3272 4650 familia,
3298 4576 3520 4649 patria:

282 4682 543 4761 inclyta
566 4687 621 4739 et
661 4683 985 4756 parentum
1012 4674 1257 4743 decora,
1290 4675 1710 4749 cognationes,
1739 4674 2043 4750 majorum
2072 4671 2344 4739 nomina,
2374 4688 2621 4748 qumque
2652 4670 2723 4730 ab
2760 4671 2837 4730 iis
2861 4672 3325 4749 praclarissime
3350 4684 3518 4749 gesta

289 4792 440 4842 sunt
465 4801 486 4849 ;
509 4798 588 4837 ‘ea
611 4788 678 4836 tu
704 4774 979 4855 quamvis
1015 4780 1263 4829 tuorum
1295 4771 1422 4828 sint
1452 4779 1630 4848 atque
1659 4789 1906 4847 magna,
1929 4771 2167 4847 respuis
2191 4780 2383 4827 tamen
2407 4778 2694 4847 tanquam
2721 4770 2945 4836 aliena,
2975 4787 3163 4847 neque
3187 4770 3518 4848 quidquam

286 4892 468 4940 tuum
492 4882 682 4954 putas
711 4874 838 4931 nisi
876 4870 1039 4949 quod
1067 4870 1268 4929 virtus
1302 4870 1451 4945 fecit
1489 4878 1681 4928 tuum.
1717 4872 1949 4931 Dicant
1975 4872 2111 4945 alii,
2146 4879 2199 4928 te
2226 4866 2583 4927 Alexandro
2615 4869 2775 4929 VIII
2798 4869 3089 4943 pontiﬁci
3120 4871 3385 4929 maximo
3414 4892 3518 4932 ne-

279 4992 495 5064 potem
528 4993 675 5045 esse,
714 4982 768 5031 te
799 4972 986 5031 Petro
1019 4971 1343 5032 Othobono
1372 4972 1683 5032 cardinali
1711 4974 2081 5051 amplissimo
2118 4970 2571 5036 consobrinum.
2607 4978 2663 5030 te
2688 4990 2725 5029 a
2749 4972 3079 5031 Benedicto
3106 4974 3276 5033 XIII
3303 4979 3517 5051 ponti-

283 5087 395 5163 ﬁce
418 5078 661 5157 optimo
688 5073 1070 5151 designatum
1096 5074 1449 5151 episcopum
1471 5092 1492 5141 ;
1526 5090 1748 5149 magna
1768 5072 2006 5151 quidem
2031 5073 2151 5129 ista
2172 5077 2338 5136 sunt.
2369 5070 2713 5146 singularia
2733 5088 2947 5147 prope,
2972 5081 3149 5148 atque
3182 5073 3330 5132 adeo
3362 5086 3466 5133 tua
3491 5096 3510 5142 ;

281 5182 389 5243 sed
417 5196 549 5239 non
578 5195 645 5234 ea
672 5180 815 5232 sunt
852 5189 984 5250 qua
1012 5172 1139 5233 dici
1164 5191 1201 5230 a
1232 5174 1470 5230 nemine
1503 5172 1654 5233 satis
1689 5172 1953 5247 possint.
1990 5170 2175 5227 Dicat
2200 5184 2567 5243 quacunque
2599 5168 2753 5243 facis
2784 5166 3092 5228 Patavina
3133 5169 3510 5228 celeberrima

281 5282 537 5348 civitas,
561 5274 860 5335 bonarum
886 5272 1120 5329 artium
1144 5270 1307 5331 sedes
1338 5288 1409 5330 ac
1436 5272 1759 5347 magistra,
1787 5270 1888 5328 cui
1912 5284 2123 5343 pra-es,
2152 5265 2320 5325 dicat
2343 5266 2737 5324 seminarium
2772 5268 2940 5329 istud
2965 5269 3312 5327 litterarum
3338 5278 3509 5325 tuum

276 5377 599 5466 juventuti
626 5374 1017 5435 instituenda
1041 5376 1448 5453 aptissimum,
1478 5375 1639 5453 quod
1666 5383 1733 5432 tu
1762 5369 2073 5447 splendori
2104 5368 2375 5445 pristino
2406 5370 2849 5431 restituendum
2877 5372 3240 5447 suscepisti;
3272 5374 3505 5450 majora

283 5465 561 5558 equidem
596 5472 719 5533 ista
747 5490 1071 5543 censemus,
1105 5484 1162 5533 et
1196 5472 1533 5549 majoribus
1565 5472 1743 5529 etiam
1772 5468 1962 5542 digna
1990 5465 2274 5525 laudibus
2297 5486 2317 5534 ;
2341 5474 2420 5545 vat
2454 5485 2569 5527 nos
2601 5485 2708 5529 nec
2739 5469 3141 5546 quodcunque
3175 5468 3240 5525 in
3274 5474 3330 5522 te
3358 5482 3508 5523 tau—-

280 5575 488 5638 dabile
512 5579 599 5631 est
630 5580 976 5648 proponere
1004 5571 1182 5632 nobis
1207 5572 1512 5642 volumus,
1543 5585 1651 5627 nec
1686 5567 1825 5627 aliis
1849 5566 2263 5626 demonstrare
2302 5567 2428 5628 nisi
2453 5570 2756 5647 quidquid
2784 5577 2871 5629 est
2899 5569 3247 5625 maximum.
3285 5566 3510 5625 Mari-

282 5692 411 5733 mas
453 5678 651 5731 autem
690 5686 811 5727 esse
845 5667 1121 5729 ducimus
1161 5668 1502 5742 easdemque
1533 5663 1917 5725 admirabiles
1948 5664 2206 5724 virtutes
2250 5666 2463 5740 animi,
2513 5686 2642 5743 quae
2687 5667 2828 5727 sola?
2865 5676 2979 5724 tuo:
3011 5675 3177 5740 sunt,
3222 5684 3350 5743 qua:
3399 5667 3509 5727 tibi
