3908 6370
42 120 479 231 III-Ir

154 407 249 463 ης

1492 394 1851 450 PROLECO.“
1864 393 2009 447 ENA.

3263 394 3357 450 1ἳο

148 518 328 571 aulico
373 513 621 570 carnis-ia!
649 512 856 566 Sancta!
880 507 1148 564 Trinitatis
1179 519 1342 575 prope
1391 506 1692 567 Divionein,
1725 510 1775 563 Α
1800 503 2124 571 praecellens,
2155 500 2302 567 cujus
2325 501 2473 566 jussu
2508 500 2686 554 Victor
2713 515 2850 554 anno
2875 500 3067 555 Christi
3102 500 3200 555 A87
3232 516 3353 568 per-

149 605 224 659 slc
254 604 553 658 inscribitur
575 602 661 654 hic
693 602 859 654 liber:
894 598 1079 665 Incipit
1106 599 1228 650 liber
1260 594 1407 647 Fidei
1441 595 1702 663 catholica:

148 705 323 748 contra
352 693 659 758 Wandalos,
692 692 855 744 editus
880 708 910 742 a
937 690 1184 741 Januario
1213 688 1499 749 Zaterense,
1545 685 1700 736 Villa-

153 786 244 837 tirc
273 799 303 834 ι
326 781 467 835 Casia
510 781 783 842 Medianis,
812 780 1055 845 episcopis
1102 777 1393 838 Numidica;
1430 774 1702 841 Bonefacio

152 870 543 931 Foracianense,
573 879 618 921 et
648 869 919 935 Bonefacio
960 866 1271 928 Gazanense,
1320 862 1563 934 episcopis
1603 864 1703 930 By-

150 961 368 1013 zacenis.
402 959 596 1012 Verum
638 958 686 1009 bi
735 965 855 1009 sunt
893 958 1121 1023 episeopi
1162 971 1255 1023 per
1299 969 1432 1021 quos
1476 955 1705 1004 directus

152 1048 393 1105 estliber
422 1050 528 1109 ille,
552 1058 606 1099 ut
647 1048 695 1098 in
723 1046 837 1111 ejus
867 1045 968 1098 line
992 1053 1301 1106 annotatur;
1333 1058 1435 1095 non
1463 1057 1491 1094 a
1522 1043 1705 1108 quibus

163 1137 510 1203 conscriptus.
543 1134 633 1187 llis
668 1122 839 1198 itaque
870 1134 1052 1199 positis
1095 1131 1535 1190 existimaverim,
1571 1131 1707 1180 hunc

160 1228 347 1281 librum
374 1236 463 1279 aut
490 1226 557 1277 ab
598 1208 711 1291 ipso
752 1224 984 1291 Eugenio
1032 1221 1428 1289 Carthaginensi
1462 1221 1705 1287 primate,

157 1327 244 1368 aut
270 1317 384 1380 eius
408 1314 559 1382 jussu
590 1314 656 1365 ab
684 1313 890 1366 erudito
935 1311 1107 1378 aliquo
1146 1312 1304 1363 fuisse
1330 1310 1651 1363 elaboratum
1688 1324 1703 1361 :

156 1420 220 1459 ac
240 1403 468 1473 denique
487 1404 554 1457 ab
582 1403 825 1455 omnibus
847 1401 995 1470 regni
1023 1402 1284 1469 episcopis
1308 1403 1628 1467 recognitum
1658 1413 1708 1450 et

159 1492 474 1562 probatum:
508 1492 599 1545 sed
647 1501 818 1543 tamen
849 1503 877 1541 a
925 1505 1239 1557 quocunque
1299 1491 1505 1542 tandem
1555 1489 1710 1541 fuerit

158 1583 487 1650 witscriptus
507 1580 572 1633 ad
603 1579 827 1633 Victoris
857 1578 1139 1632 Historiam
1168 1579 1451 1645 pertinere.

764 1708 983 1761 CAPUT
1020 1707 1105 1759 ιγ.

240 1799 454 1868 Tempus
482 1799 778 1865 conscripta
811 1796 1048 1848 Historia:
1084 1812 1246 1847 annus
1280 1796 1465 1847 Christi
1497 1795 1619 1849 487.

228 1908 457 1973 Tempus
487 1920 591 1973 quo
634 1905 745 1957 haec
783 1904 1006 1957 Historia
1048 1906 1344 1973 conscripta
1390 1914 1471 1959 est
1512 1905 1708 1957 indica-

164 1998 233 2051 rit
256 2004 441 2050 auctor
470 1997 585 2061 ipso
616 1994 790 2061 operis
830 1995 997 2055 initio,
1030 1996 1389 2062 sexagesimum
1429 2012 1615 2046 annum
1644 2010 1706 2046 ex

165 2101 266 2155 quo
312 2085 531 2138 Vandali
580 2084 632 2136 in
682 2083 910 2136 Africam
964 2100 1025 2137 ex
1076 2084 1319 2151 Hispania
1369 2085 1697 2151 trajecerant

167 2175 328 2230 l‘orro
356 2175 438 2227 bic
468 2175 717 2226 transitus
744 2190 860 2225 cum
901 2189 929 2225 a
966 2174 1223 2239 Prospero
1253 2176 1301 2225 in
1330 2173 1590 2225 Chronico
1620 2187 1709 2223 no-

167 2276 297 2319 tetur
328 2264 505 2318 Hierio
534 2273 585 2317 et
612 2264 883 2316 Ardabure
912 2262 1233 2325 consulibus,
1288 2263 1385 2314 hoc
1423 2270 1535 2325 est,
1570 2276 1707 2313 anno

168 2369 283 2409 crae
336 2354 646 2407 Christiana:
698 2353 833 2417 427,
889 2353 954 2404 ad
1011 2352 1149 2404 hunc
1204 2367 1481 2403 nume-rum
1535 2352 1710 2403 addito

167 2444 539 2513 sexagenario,
581 2442 810 2512 prodibit
849 2442 1004 2496 huius
1049 2442 1223 2510 operis
1251 2440 1503 2494 elaborati
1544 2456 1709 2492 annus

168 2535 288 2588 487.

779 2619 1000 2675 CAPUT
1043 2620 1104 2672 V.

167 2713 262 2769 Cui
310 2720 629 2781 nuncupatus
676 2712 755 2763 hic
802 2712 964 2781 liber._
995 2710 1153 2781 .Etas
1198 2710 1446 2762 Diadochi
1494 2712 1712 2779 episc0pi

575 2779 806 2831 Photices
836 2781 888 2831 in
925 2779 1079 2848 Epiro
1122 2780 1301 2833 Veteri.

228 2912 328 2967 Cui
374 2911 510 2964 liber
553 2908 637 2963 hic
692 2917 1021 2975 nuncupatus
1072 2908 1224 2960 luerit
1284 2906 1547 2973 conjicere
1592 2906 1711 2957 licet

169 3017 229 3057 et
263 3002 489 3056 Victoris
515 2999 839 3071 praefatione.
868 2999 994 3050 Nam
1018 2998 1060 3050 is
1091 3000 1386 3064 quicunque
1414 3004 1527 3058 est,
1558 2995 1712 3045 histo-

168 3098 294 3147 riam
324 3103 488 3147 texere
524 3090 815 3158 cogitabat,
856 3092 939 3142 cui
973 3091 1267 3142 Africanam
1295 3090 1708 3155 persecutionem

1804 594 2088 663 secutionis
2115 590 2375 646 Africanae
2406 592 2687 643 llistorLaiu
2719 593 2949 657 scripsit.

2394 680 2612 732 CAPUT
2666 680 2751 731 Vl.

2203 771 2381 839 Operi:
2410 772 2462 821 in
2492 770 2522 821 5
2552 770 2697 821 libros
2731 770 2959 836 partitio;

1873 859 2019 923 Quod
2063 869 2265 923 Spectat
2303 858 2366 909 ad
2408 858 2713 909 divisionem
2759 857 2911 923 hujus
2959 857 3227 917 Historia},
3275 856 3355 908 in.

1806 959 2003 1003 certum
2045 960 2125 1002 est
2162 964 2227 1001 an
2269 964 2382 1001 eam
2414 948 2590 999 ViCtor
2632 948 2682 999 in
2726 948 2897 1012 plures
2947 946 3108 999 libros
3139 948 3356 1011 partitus

1806 1042 1891 1094 sit.
1941 1040 2047 1091 lmo
2076 1054 2193 1091 cum
2227 1038 2364 1088 nulla
2396 1048 2682 1103 appareant
2718 1037 2871 1101 hujus
2901 1036 3172 1086 divisionis
3200 1037 3357 1086 vesti-

1806 1130 1919 1196 gia,
1965 1129 2103 1179 nulla
2149 1128 2198 1178 in
2242 1128 2355 1193 ipso
2396 1136 2539 1177 textu
2584 1126 2805 1191 plurium
2853 1126 3102 1175 librorum
3136 1125 3355 1185 mentio,

1808 1219 1965 1270 nulla:
1998 1218 2355 1278 transitiones,
2403 1216 2559 1267 nulla}
2587 1225 2732 1267 extra
2765 1213 2921 1265 totius
2952 1214 3127 1279 aperis
3158 1213 3356 1279 princi-

1810 1312 1949 1374 pium
1974 1318 2023 1360 et
2049 1310 2201 1359 linem
2224 1306 2304 1358 vel
2326 1306 2681 1373 prologorum,
2707 1305 2786 1357 vel
2807 1304 3132 1370 epilogorum
3154 1303 3355 1364 formae,

1808 1396 2139 1449 verisimilius
2184 1404 2264 1447 est
2307 1410 2420 1447 eam
2468 1394 2748 1446 Historiam
2794 1407 2856 1444 ex
2906 1400 3078 1443 mente
3120 1389 3350 1442 auctoris

1810 1490 1888 1558 (nt
1929 1490 2036 1540 fere
2062 1488 2374 1538 vetustiores
2420 1486 2533 1536 alia:
2564 1484 2754 1550 solent)
2799 1497 2901 1535 uno
2946 1492 3127 1533 tenore
3166 1482 3353 1531 decur-

1809 1578 1942 1629 risse
1970 1594 1980 1625 :
2026 1575 2309 1626 divisiones
2342 1587 2498 1639 porro
2529 1571 2691 1624 laetas
2722 1586 2838 1623 esse
2880 1585 2905 1620 a
2949 1568 3356 1631 recentioribus,

1809 1679 1947 1717 nunc
1978 1666 2024 1715 in
2056 1665 2326 1731 pauciores
2356 1670 2549 1727 partes,
2583 1675 2718 1712 nunc
2749 1661 2798 1710 in
2830 1659 3024 1723 plures,
3072 1672 3164 1723 pro
3206 1659 3360 1723 genio

1809 1756 2061 1822 cujusque
2091 1761 2246 1818 atque
2277 1750 2511 1802 arbitrio.
2563 1747 2739 1814 Itaque
2772 1761 2889 1797 cum
2926 1746 3150 1811 vulgata:
3180 1743 3359 1795 editio-

1742 1842 1785 1899 B
1814 1860 1907 1899 nes
1938 1846 2202 1909 pleraeque
2231 1856 2337 1893 tres
2374 1842 2535 1893 libros
2565 1838 2867 1900 exhibeant,
2907 1850 2995 1888 sex
3032 1835 3248 1886 omnino
3276 1850 3360 1887 re-

1814 1934 2043 2001 perimus
2076 1933 2126 1983 in
2164 1930 2345 1983 codice
2375 1944 2472 1980 ms.
2503 1927 2745 1979 eartusize
2776 1926 3043 1977 Portarum
3074 1943 3085 1976 :
3130 1924 3219 1976 sed
3266 1926 3361 1976 hac

1812 2024 2016 2076 ratione
2038 2022 2333 2079 distinctos,
2354 2028 2409 2071 ut
2434 2020 2569 2071 idem
2594 2018 2660 2070 sit
2685 2016 2960 2085 utrobique
2986 2017 3114 2068 liber
3137 2016 3358 2083 primus;

1811 2121 1864 2164 at
1893 2113 2026 2164 liber
2054 2110 2315 2162 secundus
2342 2109 2582 2176 vulgatus
2625 2110 2673 2159 in
2716 2108 2878 2168 duos,
2928 2110 3110 2159 tertius
3156 2108 3207 2159 in
3253 2117 3361 2159 tres

1811 2200 2194 2254 subdividatur.
2233 2199 2309 2250 Ad
2341 2199 2492 2250 linem
2523 2197 2638 2249 libri
2670 2212 2721 2247 tv
2747 2206 2861 2263 post
2892 2197 2976 2247 illa
3008 2196 3197 2250 verba:
3232 2194 3363 2247 Duta

1811 2290 1901 2341 sub
1930 2290 2009 2341 die
2037 2296 2177 2340 sexto
2208 2287 2437 2339 calendas
2464 2286 2693 2350 Martius,
2728 2284 3041 2352 Carthagini,
3070 2296 3365 2352 sequuntur

1815 2378 1926 2431 hcce
1952 2391 2052 2430 n0n
2084 2376 2331 2437 auctoris,
2356 2374 2446 2427 sed
2471 2375 2778 2427 recentioris
2804 2375 2997 2425 librarii
3022 2386 3321 2426 assumenta
3349 2392 3360 2425 :

1818 2469 1941 2520 Ila'c
1967 2476 2038 2519 est
2069 2469 2175 2527 lex,
2221 2468 2310 2516 hoc
2338 2475 2635 2533 prwccptum
2667 2465 2966 2531 iniquissimi
2997 2466 3124 2529 regis
3168 2474 3213 2513 et
3255 2462 3363 2515 Deo

1814 2560 2016 2611 odibilis
2043 2558 2306 2618 llonorici,
2337 2557 2426 2623 ﬁlii
2449 2555 2705 2619 Ceiserici,
2732 2570 2878 2616 quam
2902 2554 3138 2604 adversus
3166 2554 3361 2616 piorum

1814 2659 2006 2716 gentem
2034 2648 2185 2698 veluti
2214 2646 2363 2696 draco
2400 2646 2510 2695 bino
2547 2660 2631 2695 ore
2658 2643 2860 2695 sibilans
2901 2642 3072 2693 edidit.
3120 2643 3221 2694 Sed
3246 2645 3361 2711 jam

1816 2748 2006 2803 tempus
2040 2724 2113 2787 est
2154 2744 2206 2785 ut
2244 2736 2294 2785 in
2322 2743 2497 2801 quarto
2540 2735 2631 2783 hoc
2668 2732 2833 2784 libello
2862 2732 3012 2797 linem
3055 2733 3359 2783 narrationis

1816 2827 1978 2891 facere
2014 2823 2316 2875 debeamus:
2356 2823 2472 2888 quia
2504 2822 2764 2889 indignum
2803 2829 2846 2871 et
2886 2819 3119 2870 indecens
3161 2829 3263 2885 est,
3310 2828 3361 2870 ut

1813 2915 1902 2967 sub
1951 2914 2216 2980 tyrannica
2261 2910 2592 2963 collocutione
2635 2924 2794 2960 sermo
2840 2910 3037 2959 divinus
3080 2908 3357 2976 subjaceat.

1816 3006 2057 3056 Auditum
2098 3019 2212 3070 ergo
2255 3003 2464 3067 petimus
2497 3000 2556 3049 ab
2588 2999 2899 3050 auditoribus
2932 2998 3360 3049 l'bcnteraccom-

1816 3094 2029 3151 modari,
2062 3108 2172 3140 cum
2205 3091 2503 3154 principium
2532 3087 2647 3139 libri
2672 3089 2830 3153 quinti
2861 3089 2908 3138 in
2936 3104 3108 3138 eorum
3141 3090 3363 3141 sonuerit

170 3183 391 3248 illigant
418 3197 432 3231 ι
464 3190 726 3245 tantaeque
764 3187 881 3229 erat
906 3178 987 3229 νει
1035 3177 1381 3239 aucwl’ilalis,
1422 3177 1501 3226 Vel
1547 3174 1708 3241 digni-
1741 3179 1785 3238 Ο
1816 3184 2055 3231 auribus:
2081 3180 2313 3244 quoniam
2345 3193 2522 3245 magna
2555 3189 2599 3227 et
2637 3176 2868 3228 ntiranda
2895 3188 3173 3245 martyrum
3198 3188 3363 3229 certa-

168 3274 304 3332 tatis,
351 3282 406 3323 ut
457 3269 571 3337 ejus
607 3267 827 3334 jubentis
869 3266 1105 3333 imperio,
1146 3264 1433 3317 obedientia
1478 3278 1711 3315 cemcem

166 3361 444 3412 submittere
470 3374 527 3411 se
560 3357 893 3425 proﬁteretur
924 3355 1202 3421 episcopus
1236 3354 1409 3405 Victor
1436 3370 1447 3403 :
1476 3354 1563 3419 qui
1595 3368 1711 3404 cum

166 3445 622 3512 Constantinopoli
682 3445 973 3505 scriberet,
1029 3441 1113 3493 vix
1170 3440 1301 3493 alius
1350 3441 1577 3494 occurrit
1630 3441 1712 3491 cui

171 3549 369 3591 tantum
398 3538 606 3590 delerre
638 3534 851 3587 honoris
896 3533 976 3587 vel
1024 3534 1277 3600 potuerit,
1312 3532 1394 3584 vel
1444 3532 1711 3591 debuerit,

167 3630 231 3679 ab
257 3627 448 3679 Acacio
477 3625 563 3692 qui
595 3634 700 3676 tum
734 3625 782 3674 in
818 3624 948 3675 vivis
970 3632 1113 3688 erat,
1144 3621 1435 3687 patriarcha
1465 3621 1717 3673 ConStan-

168 3716 537 3783 tlnopolitano.
579 3713 719 3765 lllam
760 3712 899 3765 enim
944 3710 1119 3763 sedem
1163 3712 1260 3763 iste
1300 3710 1525 3762 obtinuit
1565 3709 1715 3760 annis

166 3803 568 3872 septemdecim,
624 3815 686 3853 ex
731 3814 869 3851 anno
899 3799 1093 3851 Christi
1145 3800 1241 3850 471
1294 3799 1344 3849 in
1375 3798 1497 3859 488,
1531 3812 1717 3848 secun-

167 3895 288 3945 dam
313 3902 557 3944 auctores
584 3890 977 3957 probatissimos
1006 3888 1244 3939 Historia:
1274 3887 1587 3954 Byzantium.
1614 3886 1714 3937 Ad-

172 3983 249 4034 dit
281 3981 479 4046 Victor,
508 3981 645 4031 sicut
674 3978 982 4030 Timotheus
1013 3986 1065 4029 et
1094 3975 1261 4027 Lucas
1298 3975 1439 4026 Pauli
1471 3974 1713 4041 apostoii,

173 4072 249 4123 sic
278 4082 331 4124 et
362 4071 517 4121 istum
555 4069 689 4120 beati
732 4066 959 4132 episcopi
993 4064 1241 4116 Diadochi
1282 4065 1441 4116 fuisse
1485 4063 1716 4122 discipu-

169 4160 294 4212 lum.
332 4157 491 4209 Omne
529 4156 725 4222 inquit,
767 4155 943 4203 datum
986 4154 1224 4219 Optimum
1259 4159 1302 4202 ct
1342 4166 1485 4201 omne
1530 4150 1714 4199 donum

171 4247 439 4313 perfectum
482 4246 668 4295 ctrlitus
716 4242 947 4308 accepisti
979 4254 995 4291 :
1032 4241 1257 4291 eruditus
1300 4255 1331 4290 a
1378 4250 1513 4290 tanto
1552 4240 1716 4306 ponti-

172 4340 279 4402 ﬁce,
305 4348 505 4401 totoque
534 4334 696 4384 laudis
721 4346 896 4397 genere
919 4330 1242 4397 prwdicando
1269 4331 1407 4380 beato
1434 4329 1713 4391 Diadocho,

170 4429 312 4484 cuius
345 4434 396 4475 ut
434 4433 566 4475 astra
597 4422 813 4473 lucentia
859 4431 1048 4473 exstant
1079 4423 1449 4486 quamplurima
1483 4422 1712 4472 catholici

1813 3272 1948 3320 mina
1982 3285 2071 3319 nos
2112 3267 2410 3331 conﬁdimus
2441 3274 2757 3327 narraturos,
2799 3274 3066 3330 prtrstante
3105 3267 3211 3329 ipso
3236 3263 3361 3317 Ιεδκ

1812 3358 2012 3414 Christo
2056 3356 2291 3417 Domino,
2329 3357 2411 3419 qui
2450 3353 2635 3405 laureis
2673 3355 2881 3416 miriﬁce
2919 3365 3115 3404 sanctos
3156 3365 3360 3405 coronat

1814 3463 1951 3499 suos.
1990 3446 2208 3513 E.rplicit
2246 3444 2366 3495 liber
2392 3453 2618 3511 quartus.
2654 3439 2833 3509 Incipit
2870 3442 2994 3492 liber
3017 3443 3233 3507 quintus.
3282 3443 3358 3495 Ad

1818 3540 1970 3591 ﬁnem
2001 3552 2126 3590 vero
2158 3536 2273 3587 libri
2301 3535 2488 3602 quinti.
2523 3542 2638 3599 post
2669 3533 2753 3583 illa
2786 3534 2976 3584 verba:
3014 3531 3076 3583 Et
3107 3531 3360 3585 Maximus

1814 3627 2108 3687 monachus,
2142 3634 2187 3673 et
2220 3623 2477 3691 Septimus
2506 3621 2797 3687 monachus,
2830 3621 2941 3673 lure
2972 3622 3319 3687 subjiciuntur
3345 3642 3355 3671 ;

1817 3716 1921 3769 Sed
1952 3716 2061 3765 licet
2090 3713 2265 3763 horum
2294 3712 2769 3779 gloriosissimorum
2801 3721 3102 3777 martyrum,
3144 3711 3194 3761 in
3234 3727 3360 3777 pra:-

1815 3805 1941 3857 senti
1980 3820 2078 3853 non
2111 3802 2411 3866 quirerimus
2440 3800 2709 3869 explanare
2737 3799 3037 3849 admiranda
3066 3801 3359 3862 certamina,

1814 3902 2018 3960 propter
2040 3890 2255 3941 aliorum
2281 3889 2507 3941 videlicet
2532 3889 2969 3939 innumerabilium
2996 3890 3361 3941 multitudinem

1816 3995 2121 4064 martyrum;
2165 3981 2215 4031 in
2251 3980 2350 4044 ﬁne
2378 3989 2538 4030 tamen
2570 3977 2719 4046 hujus
2750 3978 2911 4045 operis
2952 3979 3107 4027 nostri
3151 3973 3360 4043 promit:-

1815 4063 1986 4129 timus,
2009 4066 2222 4118 Domino
2248 4068 2533 4133 adjurante,
2552 4082 2641 4117 nos
2663 4082 2717 4116 ea
2742 4075 3051 4115 narraturus.
3076 4063 3222 4115 Nunc
3240 4082 3362 4135 ergo

1816 4158 1966 4225 hujus
2016 4156 2170 4207 libelli
2212 4155 2372 4222 quinti
2419 4155 2720 4205 narrationis
2764 4166 2945 4204 nostra
2988 4156 3066 4205 hic
3110 4156 3223 4220 ﬁnis
3270 4158 3353 4209 sit.

1818 4246 2035 4312 Explicit
2082 4245 2203 4295 liber
2242 4244 2459 4311 quintus.
2512 4240 2697 4309 Incipit
2740 4243 2858 4293 liber
2894 4254 3082 4294 sextus.
3130 4242 3236 4314 [Ex
3270 4245 3360 4295 illo

1805 4341 1917 4405 jam
1960 4346 2179 4402 tempore
2218 4335 2469 4386 crudelius
2503 4328 2804 4385 Arianorum
2848 4336 3086 4402 episcOpi,
3125 4344 3225 4386 etc.
3278 4336 3356 4387 Ad

1818 4427 1972 4479 linem
2004 4426 2225 4492 denique
2252 4425 2368 4476 libri
2398 4424 2697 4488 sexti.‘post
2720 4424 2803 4476 illa
2828 4425 3003 4483 verba,
3028 4426 3178 4477 simili
3206 4436 3363 4477 morte

170 4513 420 4583 dogmatis
447 4512 747 4563 monimenta
776 4511 1044 4561 dictorum.
1078 4509 1140 4560 Et
1167 4520 1240 4561 sat
1270 4520 1340 4561 est
1370 4511 1455 4561 tibi
1484 4519 1533 4561 ut
1562 4512 1709 4576 arqui-

1820 4517 1996 4580 periit,
2040 4516 2108 4567 ita
2137 4514 2399 4566 concludit
2442 4512 2725 4565 librarius:
2762 4512 2983 4578 Explicit
3017 4514 3141 4565 liber
3171 4524 3359 4567 sextus.

172 4617 313 4669 pares
344 4604 623 4651 doctrinam
670 4599 917 4658 doctoris;
945 4600 1059 4661 quia
1097 4601 1217 4649 satis
1260 4609 1327 4649 est
1370 4601 1615 4666 discipulo
1658 4609 1711 4649 ut

173 4694 233 4743 sit
263 4691 512 4757 quomodo
557 4690 789 4756 magister
829 4690 957 4756 ejus.
992 4688 1110 4740 Fuit
1147 4689 1233 4742 hic
1279 4689 1569 4743 Diadochus
1598 4690 1711 4755 epi-

173 4799 361 4850 scopus
391 4782 634 4834 Photices
660 4783 710 4832 in
742 4782 897 4846 Epiro
927 4780 1129 4840 Veteri,
1158 4790 1212 4832 ut
1253 4789 1473 4833 testatur
1501 4781 1714 4832 Photius

176 4876 224 4924 in
263 4870 594 4939 Myriobiblo,
625 4868 803 4920 codice
844 4868 980 4926 201,
1018 4867 1105 4933 qui
1151 4877 1202 4920 et
1248 4884 1430 4920 rursus
1478 4870 1711 4933 ejusdem

175 4959 408 5011 meminit
450 4957 564 5009 cod.
597 4955 719 5009 231.
767 4956 1058 5008 Asceticum
1111 4958 1222 5022 ejus
1272 4958 1455 5009 librum
1504 4972 1712 5011 erutum

175 5048 395 5114 capitum
415 5085 429 5107 ,
456 5058 487 5096 a
519 5045 797 5096 Francisco
834 5043 1091 5097 Turriano
1122 5046 1302 5099 Latine
1334 5047 1589 5104 redditum
1624 5048 1714 5099 ha-

177 5139 255 5187 bet
289 5131 601 5187 Bibliotheca
633 5130 841 5183 Patrum
869 5149 880 5182 :
913 5148 1014 5200 quo
1043 5147 1105 5185 ex
1140 5150 1298 5200 opere
1327 5150 1475 5201 caput
1506 5138 1712 5202 aliquod

174 5226 295 5274 citat
343 5220 598 5273 Maximus
647 5220 966 5281 monachus,
1011 5220 1100 5287 qui
1148 5222 1381 5274 Heraclio
1428 5226 1714 5290 imperante

178 5314 376 5377 ﬂoruit,
412 5308 615 5362 Patrem
660 5306 975 5357 Diadochum
1018 5322 1171 5360 causa
1212 5311 1424 5363 honoris
1464 5326 1581 5362 eum
1624 5325 1715 5377 ap-

183 5403 395 5468 pellans.
430 5401 557 5451 Cum
606 5406 781 5448 autem
812 5396 1061 5449 hactenus
1090 5400 1310 5452 obscura
1343 5400 1496 5453 luerit
1530 5402 1713 5454 Μικύθ-

179 5489 260 5541 chi
287 5497 436 5545 telas,
464 5501 529 5539 ex
558 5486 655 5537 hoc
698 5493 839 5537 certe
867 5484 1091 5537 Victoris
1121 5485 1236 5537 loco
1268 5484 1537 5549 halternus,
1576 5491 1709 5540 circa

181 5580 401 5631 medium
432 5577 596 5644 quinti
629 5584 744 5643 post
768 5574 1029 5628 Christum
1055 5577 1231 5629 saeculi
1260 5576 1401 5631 illum
1431 5580 1709 5641 claruisse;

180 5678 235 5723 ut
258 5683 320 5723 eo
345 5667 592 5723 nimirum
623 5666 870 5733 magistro
896 5681 1019 5720 usus
1052 5665 1207 5721 fuerit
1244 5668 1322 5722 vir
1351 5669 1436 5723 ille
1462 5669 1712 5736 dignitate

1815 4605 2002 4668 Incipit
2031 4604 2202 4654 Passio
2231 4604 2533 4655 Sanctorum
2562 4602 2793 4667 superius
2827 4598 3089 4666 promissa,
3116 4604 3201 4667 qui
3226 4606 3362 4671 apud

1814 4695 2165 4763 Carthaginem
2191 4694 2324 4759 passi
2350 4690 2505 4759 sunt]
2541 4691 2910 4742 Pra'dc‘caturus
2935 4692 3231 4760 triumphos,
3256 4703 3360 4745 etc.

1817 4788 1874 4837 lli
1918 4794 2040 4836 sunt
2080 4801 2141 4835 ex
2186 4783 2367 4835 codice
2396 4784 2667 4835 Portarum
2700 4783 2945 4849 ἐπίλογοις
2997 4798 3098 4835 non
3132 4786 3361 4837 auctoris

1816 4875 2001 4940 ipsius,
2030 4872 2119 4925 sed
2149 4873 2568 4935 antiquarii,seu
2600 4871 2773 4923 medio
2796 4885 2908 4922 (evo
2936 4870 3359 4938 interpolatoris;

1800 4972 1945 5029 ‘quos
1974 4963 2145 5028 operis
2190 4962 2435 5026 partibus
2470 4975 2499 5013 a
2540 4976 2598 5013 se
2639 4961 2937 5013 constitutis
2978 4964 3124 5029 quasi
3171 4965 3361 5017 limites

1816 5052 2005 5118 posuit.
2043 5049 2164 5101 Mihi
2195 5051 2418 5114 partium
2450 5050 2865 5114 proportionem,
2896 5059 2948 5101 et
2977 5051 3182 5103 lectoris
3210 5067 3357 5106 eom-

1816 5140 2026 5192 modum
2059 5139 2343 5202 Spectanti,
2388 5139 2557 5190 media
2590 5138 2698 5191 fere
2727 5138 2805 5188 via
2850 5138 3093 5193 incedere
3136 5141 3356 5206 placuit,

1815 5244 2033 5294 eamque
2063 5227 2339 5279 llistmiam
2371 5227 2599 5296 quinque
2628 5216 2677 5279 in
2711 5228 2869 5279 libros
2900 5230 3107 5295 partiri;
3139 5246 3356 5295 quorum

1817 5318 1966 5385 primi
2009 5324 2366 5382 argumentum
2410 5317 2546 5369 erit:
2583 5315 2818 5366 Geiserici
2854 5315 3191 5367 Vandalorum
3232 5319 3356 5377 t‘t’qlt

1817 5408 2051 5475 Africana
2083 5405 2634 5469 persecutio;‘serundi
2654 5418 2664 5452 :
2684 5405 2837 5456 Initia
2868 5408 3218 5469 persecutionis
3246 5407 3351 5456 Hii.

1818 5495 1971 5547 nerici
1998 5492 2340 5544 Vandalorum
2371 5500 2530 5560 regis;
2563 5494 2732 5546 tertii:
2763 5493 3011 5558 Pro/essio
3042 5494 3159 5557 ﬁdei
3185 5496 3359 5548 catho-

1818 5583 2030 5634 licorum
2070 5584 2411 5648 episcoporum
2458 5582 2715 5634 llunerico
2758 5586 2857 5649 regi
2899 5582 3101 5641 oblata;
3147 5588 3361 5649 quarti:

1825 5670 2061 5722 Ilunerici
2102 5672 2230 5735 regis
2272 5672 2458 5723 strvitia
2503 5672 2553 5723 in
2594 5673 2844 5737 episcopos
2882 5672 3205 5739 orthodoxae,
3248 5688 3358 5725 cum
