3908 6446
382 476 471 532 151

1682 470 1920 525 VICTOR
1961 471 2276 527 VlTENSlS.

3463 485 3561 538 £52

381 595 556 645 horum
582 593 807 663 catalogo
824 609 842 656 ;
883 591 1075 661 quinti:
1106 589 1390 643 Crudelitas
1426 589 1557 658 regis
1586 587 1833 641 Bttner-iri
1872 587 1924 639 in
1952 592 1996 646 Α
2027 589 2139 654 ipse
2183 587 2236 641 in
2282 589 2667 658 Byzacenorum
2695 591 3059 660 episcoporum
3087 594 3226 650 serie
3254 596 3321 651 de
3345 611 3404 652 se
3431 605 3561 654 scri-

382 693 584 736 ra‘teros
620 684 912 735 catholicos.
963 670 1320 746 Subjicientur
1355 693 1451 747 per
1479 679 1690 732 modum
1726 691 1920 746 appen-

381 772 536 846 dicis,
578 781 689 823 acta
718 772 748 822 7
778 771 1152 823 monachorum
1184 777 1472 836 martyrum
1501 767 1781 834 Caspensis
1812 777 1917 818 ter-

382 860 564 920 ritorii,
582 873 802 926 quorum
824 868 1090 910 auctorem
1111 871 1321 924 quoque
1337 855 1598 909 Victorem
1617 856 1916 921 episcopum

380 947 498 1000 facit
523 949 686 999 codex
715 945 1010 1008 Portarum,
1027 953 1081 998 et
1106 945 1289 998 beatus
1307 943 1613 1008 Rhenanus,
1641 952 1918 994 accuratus

377 1035 624 1102 scriptor,
655 1035 741 1103 qui
778 1035 828 1086 in
861 1035 1013 1100 hujus
1043 1035 1219 1101 Operis
1249 1033 1499 1094 editione,
1528 1032 1594 1084 ad
1634 1032 1789 1083 ﬁnem
1825 1029 1918 1083 ho-

378 1141 493 1178 rum
524 1137 780 1188 actorum,
824 1125 1063 1179 Historiae
1091 1123 1312 1176 Victoris
1352 1121 1586 1188 episcOpi
1627 1121 1781 1173 linem
1822 1119 1917 1170 ad-

378 1216 596 1268 notavit.
640 1200 778 1267 Sane
809 1215 921 1265 haec
953 1226 1068 1265 aeta
1095 1227 1214 1264 cum
1245 1211 1296 1263 in
1327 1213 1570 1262 omnibus
1597 1223 1714 1277 qua:
1739 1209 1918 1262 videre

377 1304 529 1358 nobis
570 1303 716 1356 licuit
746 1301 969 1354 Victoris
995 1300 1412 1368 exemplaribus,
1457 1308 1566 1352 tum
1595 1301 1765 1362 ensis,
1809 1308 1913 1350 tum

378 1391 778 1456 manuscriptis,
824 1389 1102 1442 Historiam
1148 1388 1527 1455 persecutionis
1550 1385 1808 1439 Africana:
1849 1385 1916 1438 ab

377 1496 443 1534 eo
469 1480 815 1548 conscriptam
846 1479 1130 1543 excipiant,
1165 1479 1352 1530 frustra
1383 1478 1520 1530 alius
1546 1477 1799 1544 quaeritur
1825 1491 1917 1529 eo-

286 1615 289 1621 .
379 1583 492 1622 rum
523 1579 724 1634 auctor,
758 1570 842 1636 qui
880 1583 997 1621 cum
1041 1567 1224 1620 horum
1264 1578 1550 1635 martyrum
1592 1567 1644 1620 in
1686 1566 1916 1619 historia:

379 1675 536 1712 cursu
563 1660 744 1724 paucis
771 1658 945 1711 verbis
969 1657 1079 1725 jam
1107 1658 1456 1720 meminisset,
1491 1656 1656 1722 potuit
1684 1657 1748 1708 ad
1776 1656 1916 1722 ipso-

379 1765 491 1802 rum
529 1763 613 1802 res
648 1757 820 1816 gestas
847 1749 1009 1800 iusius
1049 1747 1372 1800 enarrandas
1398 1748 1629 1800 animum
1661 1746 1912 1813 adjicere,

379 1839 667 1905 prmsertim
699 1836 837 1904 quod
873 1836 925 1888 in
955 1851 1140 1890 eorum
1175 1837 1450 1890 tormentis
1489 1845 1543 1890 et
1581 1834 1786 1905 tyranni
1816 1849 1916 1887 sa:-

2022 678 2212 742 pserit;
2253 676 2423 730 Victor
2456 678 2683 746 Vilensis,
2714 697 2814 732 non
2853 684 3067 735 occurrit
3090 700 3108 736 :
3137 696 3284 740 certo
3313 689 3559 743 nimium

2021 765 2113 820 Dei
2141 767 2361 820 consilio
2398 780 2724 834 reservatus,
2776 770 2914 826 haud
2953 785 3106 827 secus
3146 790 3210 829 ae
3243 776 3560 846 Virgiliamts

2021 853 2132 917 ille,
2159 856 2362 908 cruenti
2391 856 2553 921 praelii

2082 941 2338 1001 Accipiens
2358 944 2563 992 sonitum
2585 945 2685 992 saxi
2709 945 2772 994 de
2796 946 2984 995 vertice
3007 956 3185 1008 pastor,

2017 1038 2074 1081 ut
2120 1029 2246 1081 dira:
2287 1029 2425 1083 illius
2469 1034 2850 1098 persecutionis
2901 1037 3176 1092 historiam
3220 1049 3549 1108 posterorum

2017 1119 2284 1172 memor-ite
2313 1121 2722 1177 commendaret.

2611 1211 2830 1267 CAPUT
2874 1215 3001 1269 VIII.

2087 1353 2104 1368 .
2431 1296 2646 1368 Scripsit
2675 1299 3137 1370 Constantinopoli.

2085 1383 2230 1437 lianc
2258 1399 2414 1454 porro
2442 1388 2672 1456 scripsit,
2699 1399 2753 1442 nt
2772 1405 2912 1455 reor,
2938 1394 3414 1468 Constantinopoli.
3441 1399 3554 1456 Non

2013 1476 2154 1528 enim
2182 1476 2270 1528 diu
2310 1477 2362 1530 in
2398 1478 2570 1532 Africa
2601 1481 2764 1536 latere
2794 1483 3080 1548 potuisset,
3119 1502 3180 1540 ac
3213 1501 3286 1541 tot
3313 1493 3558 1558 quaesito-

2012 1577 2128 1616 rum
2153 1564 2329 1632 lugere
2349 1566 2550 1631 oculos,
2581 1569 2670 1634 qui
2697 1569 2928 1624 latebras
2950 1587 3140 1628 omnes
3165 1579 3553 1644 scrutabantur,

2004 1662 2069 1704 -ttt
2089 1654 2489 1721 catholicorum,
2509 1670 2571 1708 ac
2593 1658 2884 1724 praesertim
2909 1659 3269 1728 episcoporum
3292 1667 3555 1722 neminem

2014 1742 2081 1794 ab
2121 1744 2312 1795 Ariana
2359 1747 2556 1798 saevitia
2609 1747 2894 1800 immunem
2932 1750 3310 1818 relinquerent.
3358 1755 3557 1820 Opinor

2013 1845 2137 1899 ergo
2155 1831 2308 1884 illum
2336 1841 2536 1885 mutato
2566 1834 2767 1897 habitu,
2794 1836 3296 1905 Constantinopolim
3326 1843 3556 1898 evasisse

379 1927 519 1987 vitia,
540 1938 591 1979 et
615 1936 901 1993 martyrum
924 1927 1166 1995 ingentes
1186 1927 1367 1986 animi,
1390 1935 1445 1980 et
1463 1925 1634 1978 divina
1656 1939 1776 1994 erga
1797 1924 1913 1978 illos
1941 1917 1989 1976 Β
2016 1918 2065 1970 in
2094 1919 2342 1973 comitatu
2371 1920 2552 1993 Uranii
2581 1924 2735 1992 legati
2763 1924 2988 1978 Zenonis
3019 1927 3372 1994 imperatoris,
3397 1947 3553 1998 quem

379 2015 704 2087 providentia
731 2017 886 2072 solito
910 2018 1102 2069 clarius
1127 2015 1419 2069 enituisset.

962 2104 1182 2158 CAPUT
1223 2103 1329 2157 νη.

729 2193 902 2247 Victor
929 2193 1023 2263 fuit
1045 2193 1308 2260 episcOpus
1336 2191 1565 2246 Vitensis.

450 2283 526 2337 De
549 2283 775 2338 Victoris
801 2285 1107 2350 episcopatu
1151 2282 1434 2334 multorum
1461 2280 1714 2334 hactenus
1743 2279 1919 2348 opinio

381 2371 508 2439 luit,
559 2370 856 2425 Uticensem
907 2370 1066 2423 fuisse
1111 2370 1163 2423 in
1209 2371 1476 2437 provincia
1522 2369 1913 2435 proconsulari;

381 2461 516 2530 quod
557 2474 655 2515 nos
696 2462 747 2514 in
785 2459 1056 2514 Ferrando
1085 2470 1268 2512 nostro
1313 2458 1450 2511 haud
1497 2457 1741 2527 inanibus
1767 2471 1920 2522 argu-

381 2551 572 2604 mentis
599 2550 1028 2617 improbavimus.
1078 2549 1200 2603 Scio
1238 2548 1466 2601 Victoris
1508 2546 1770 2599 Uticensis
1807 2545 1920 2613 epi-

380 2641 523 2709 scopi
552 2641 870 2693 mentionem
899 2652 1018 2692 esse
1060 2637 1114 2690 in
1156 2637 1439 2690 collatione
1463 2636 1628 2702 prima
1654 2635 1921 2702 Carthagi-

383 2730 573 2794 niensi,
593 2744 813 2782 numero
839 2727 956 2793 1'28,
991 2727 1051 2779 P.
1069 2723 1131 2779 C.
1151 2726 1390 2788 Varanis,
1413 2739 1550 2777 anno
1570 2724 1776 2777 Christo
1795 2725 1856 2776 Η
1870 2724 1916 2776 l.

386 2818 491 2873 Sed
537 2819 622 2872 hic
658 2816 788 2871 nibil
826 2817 1051 2884 pertinet
1090 2813 1158 2868 ad
1198 2815 1443 2868 Hunerici
1489 2813 1626 2882 regis
1664 2822 1918 2881 tempora.

385 2906 635 2962 Scribens
663 2916 835 2959 autem
868 2905 1042 2958 Victor
1065 2906 1343 2972 episcopus
1369 2904 1650 2956 Historiam
1680 2915 1921 2974 persecu-

384 2997 542 3052 tionis
568 2995 844 3060 Al'ricanaz,
874 3008 1012 3047 anno
1036 2994 1364 3061 sexagesimo
1393 2990 1458 3045 ex
1487 3007 1591 3059 quo
1616 2991 1667 3043 in
1691 2976 1918 3044 Africam

383 3085 601 3139 Vandali
627 3084 694 3138 de
725 3084 970 3152 Hispania
1001 3085 1337 3150 trajecerant,
1366 3080 1466 3134 hoc
1495 3090 1602 3143 est,
1635 3094 1774 3133 anno
1798 3093 1919 3133 tera:

383 3175 690 3228 Christiana;
720 3173 844 3237 487,
890 3174 940 3225 in
978 3172 1171 3225 Notitia
1212 3169 1493 3239 provincia:
1534 3168 1920 3237 proconsularis

2016 2006 2152 2061 libro
2177 2023 2207 2060 v
2235 2017 2419 2062 testem
2452 2015 2670 2076 prol‘ert,
2696 2015 3027 2068 crudelitatis
3048 2015 3361 2086 Carthagine
3390 2021 3443 2073 iu
3469 2038 3555 2074 or-

2018 2097 2277 2151 tltodoxos
2294 2109 2565 2166 spectante
2585 2102 2678 2157 illo
2698 2105 2968 2158 exercitat.
2999 2105 3104 2160 Sed
3127 2109 3339 2176 quihoc,
3366 2110 3552 2176 inquit,

2017 2185 2298 2249 fabulosum
2324 2196 2483 2256 putat,
2507 2187 2752 2244 Uranittm
2772 2191 2987 2246 Zenonis
3018 2195 3236 2266 legatum
3252 2199 3552 2267 interroget,

2017 2279 2162 2344 cujus
2198 2276 2250 2327 in
2286 2277 2550 2344 prementia
2588 2280 2833 2351 praecipue
2868 2292 3008 2353 gesta
3045 2296 3194 2349 sunt;
3234 2287 3324 2338 illa
3367 2287 3556 2340 scilicet

2015 2377 2190 2425 causa,
2219 2365 2336 2430 quia
2362 2366 2558 2418 veniens
2585 2365 2958 2437 Carthaginem,
2996 2387 3102 2424 sese
3139 2388 3228 2440 pro
3270 2375 3556 2441 defensione

2018 2445 2355 2503 Ecclesiarum
2382 2453 2742 2505 catholicarum
2766 2457 2956 2508 uertisse
2974 2458 3223 2526 jactabot.
3273 2459 3341 2513 Et
3384 2472 3436 2513 ut
3473 2464 3555 2515 illi

2017 2539 2291 2590 ostenderet
2335 2550 2574 2608 tyrannus
2614 2557 2667 2593 se
2711 2544 2960 2596 neminem
3001 2547 3304 2613 formidare,
3351 2549 3406 2601 in
3450 2551 3553 2603 illis

2019 2629 2194 2697 pluteis
2223 2628 2296 2681 vel
2325 2631 2443 2682 sicis
2473 2632 2640 2697 plures
2667 2641 2876 2688 tortores
2919 2645 2967 2686 et
3012 2637 3318 2691 crudeliores
3345 2643 3552 2705 statuit,

2017 2719 2071 2770 in
2099 2719 2275 2787 quibus
2304 2719 2481 2789 legatis
2512 2724 2661 2775 moris
2690 2732 2762 2775 est
2801 2725 3112 2779 ascendendo
3140 2729 3207 2779 ad
3234 2730 3474 2796 palatium
3505 2746 3556 2785 et

2019 2810 2360 2862 descendendo
2387 2813 2595 2863 transire
2617 2826 2636 2864 :
2677 2813 2742 2863 ad
2772 2813 3092 2882 opprobrium
3123 2816 3346 2870 videlicet
3383 2821 3553 2889 reipu-

2021 2898 2159 2950 chw
2195 2898 2374 2963 ipsius,
2420 2911 2464 2952 et
2493 2903 2648 2954 nostri
2668 2904 2779 2968 jam
2806 2903 3078 2969 deﬁcientis
3107 2908 3338 2975 temporis
3363 2909 3553 2978 facem.

2021 2985 2087 3037 Et
2127 2987 2278 3052 paulo
2316 2989 2579 3054 superius,
2611 3003 2730 3043 cum
2773 3006 2954 3044 eorum
2987 2995 3315 3050 meminisset
3341 2998 3426 3063 qui
3459 2999 3557 3052 litt-

2017 3078 2132 3144 gttis
2158 3078 2406 3134 radicitus
2433 3080 2701 3142 abscissis,
2729 3083 2972 3148 expedite
3000 3085 3343 3140 nihilominus
3375 3088 3556 3156 loque-

2020 3167 2229 3234 bantur,
2268 3171 2444 3224 subdit
2473 3187 2486 3224 :
2529 3171 2632 3225 Sed
2667 3173 2711 3225 si
2738 3175 2848 3242 quis
2874 3177 3156 3229 incredulus
3182 3194 3290 3230 esse
3317 3181 3556 3242 coluerit,

384 3264 623 3318 meminit
666 3264 951 3316 Florentini
982 3262 1238 3316 Uticensis
1263 3260 1532 3330 episcopi,
1582 3260 1749 3313 tribus
1788 3273 1915 3328 qua-
1943 3245 1988 3307 C
2019 3267 2190 3327 pergat
2219 3275 2352 3311 nunc
2380 3259 2902 3330 Constantinopolim;
2930 3275 2974 3317 et
2998 3265 3064 3318 ibi
3085 3269 3294 3334 reperiet
3321 3285 3474 3322 unum
3496 3273 3559 3322 de

385 3365 567 3409 tttorve
590 3365 712 3406 ante
737 3353 889 3406 annis
919 3353 984 3406 ab
1015 3349 1272 3407 llnuerico
1303 3366 1427 3420 rege
1455 3352 1507 3405 in
1537 3349 1805 3404 Corsicam
1835 3364 1918 3401 re-

387 3447 578 3513 legati:
630 3445 714 3497 ubi
741 3454 873 3497 .tum
923 3443 1262 3496 detinebatur.
1295 3457 1413 3494 cum
1445 3441 1580 3494 aliis
1624 3440 1688 3493 ad
1735 3454 1828 3493 sex
1867 3451 1920 3492 et

384 3534 718 3604 quadraginta
751 3534 1046 3586 extorribus
1076 3531 1358 3598 episcopis,
1389 3528 1601 3597 quando
1641 3527 1918 3580 Historiam

385 3625 519 3676 hanc
543 3639 688 3677 suam
715 3623 978 3675 scribebat
1001 3622 1210 3674 Victor:
1240 3635 1393 3686 quem
1415 3619 1461 3671 si
1481 3619 1597 3685 quis
1615 3614 1922 3670 Florentino

391 3711 617 3765 Uticensi
643 3710 749 3776 jam
777 3720 884 3761 tum
915 3709 1137 3762 fortasse
1159 3715 1364 3759 mortuo
1386 3705 1657 3758 suffectum
1679 3704 1919 3771 objiciat;

391 3815 474 3852 na:
503 3798 588 3851 ille
618 3813 793 3864 parem
829 3797 1060 3866 prudens
1087 3797 1372 3849 aestimator
1395 3796 1656 3848 videbitur
1683 3804 1787 3848 tam
1824 3794 1923 3847 ini-

387 3903 608 3947 quarunt
637 3895 948 3955 temporum,
975 3900 1067 3952 per
1087 3900 1203 3953 qua:
1227 3885 1478 3952 dispersis
1506 3898 1921 3953 quaquaversum
1958 3868 1972 3939 ’.

389 3979 736 4032 Ecciesiarum
765 3978 996 4030 omnium
1034 3976 1396 4030 Africanarum
1427 3976 1681 4039 ovilibus;
1731 3989 1794 4029 ac
1832 3989 1922 4028 eo-

387 4083 502 4120 rum
547 4067 628 4119 vel
675 4067 905 4119 enecatis
951 4064 1278 4133 pastoribus,
1321 4065 1403 4117 vel
1450 4065 1628 4133 procul
1678 4079 1706 4116 a
1753 4065 1937 4132 patria-

385 4155 697 4219 amandatis,
727 4155 810 4208 vix
839 4155 913 4208 eis
941 4155 1178 4223 spiritum
1210 4153 1423 4214 ducere,
1455 4153 1646 4206 nedum
1676 4153 1919 4222 gregibus

385 4246 494 4300 suis
524 4245 811 4311 invigilare,
843 4252 930 4295 aut
961 4243 1219 4310 episcopis
1249 4252 1419 4296 morte
1457 4241 1674 4294 sublatis
1712 4255 1919 4294 succes-

385 4347 533 4388 sores
571 4332 815 4385 ordinare
857 4331 1116 4398 integrum
1158 4330 1331 4384 fuerit.
1385 4329 1552 4393 Quam
1597 4342 1799 4381 certum
1837 4337 1919 4379 cst

386 4433 556 4474 autem
600 4434 862 4483 nunquam
911 4418 1212 4470 Uticensem
1258 4416 1424 4468 fuisse
1454 4417 1714 4472 Victorem
1759 4415 1917 4470 hunc.

387 4516 491 4558 tam
537 4514 617 4557 est
665 4504 1010 4556 indubitatum
1057 4501 1320 4554 Vitensem
1367 4501 1526 4553 fuisse
1572 4502 1915 4567 episcopum:

385 4608 502 4662 qua:
543 4591 821 4660 provincia:
850 4590 1138 4658 Byzacenm
1176 4589 1363 4642 civitas
1403 4603 1520 4641 cum
1566 4588 1739 4654 ignota
1780 4601 1918 4640 esset
1950 4576 1998 4632 Ι)

388 4683 764 4738 recentioribus
790 4680 1034 4744 librariis,
1059 4681 1132 4734 illi
1155 4681 1400 4733 mendum
1426 4680 1476 4732 in
1499 4677 1727 4746 antiquis
1751 4692 1921 4730 exem-

387 4775 616 4842 plarihus
646 4772 925 4840 suspicati,
965 4786 1027 4823 ac
1051 4786 1238 4823 vocum
1276 4770 1446 4824 delusi
1476 4769 1731 4823 al‘linitate
1750 4809 1765 4831 ,
1811 4766 1920 4820 liti-

385 4878 592 4916 censetn
627 4876 720 4931 pro
747 4861 943 4914 Vitensi
971 4870 1342 4926 reposuerunt.
1385 4859 1444 4912 ln
1472 4860 1652 4913 codice
1678 4857 1918 4911 cartusia:

385 4954 656 5008 Pnrtarum
688 4967 787 5005 ms.
817 4953 967 5006 bonae
1004 4962 1170 5017 notae,
1217 4952 1332 5018 ipso
1372 4952 1546 5018 cperis
1586 4950 1734 5003 initio
1778 4950 1913 5014 legi:

385 5043 570 5109 Incipit
619 5041 853 5111 proloyus
899 5042 949 5092 iu
994 5040 1225 5093 Historia
1269 5041 1622 5107 persecutionis
1663 5039 1917 5108 Africana:

387 5132 518 5182 edita
557 5147 588 5181 a
628 5138 799 5182 sancto
826 5128 1024 5182 Victore
1066 5128 1243 5194 patria:
1283 5127 1493 5180 Vitensis
1537 5129 1767 5196 episcopo
1791 5143 1810 5179 :
1857 5141 1917 5180 ac

387 5219 713 5285 postmodum
743 5218 900 5270 incidi
930 5217 981 5269 in
1014 5216 1166 5282 hujus
1195 5215 1436 5268 Historia)
1461 5217 1747 5269 editionem
1773 5215 1917 5267 Pari-

385 5311 610 5360 siensem
641 5308 760 5358 anui
793 5305 946 5370 1541,
979 5304 1114 5372 typis
1137 5304 1338 5357 Gaieoti
1369 5305 1666 5369 Pratensis,
1693 5319 1723 5357 a
1753 5306 1912 5357 Beato

387 5397 638 5447 ltitenano
665 5405 931 5457 curatam,
970 5393 1022 5445 in
1059 5406 1160 5459 qua
1192 5402 1308 5457 post
1335 5392 1714 5458 praefationem,
1747 5393 1917 5456 Quon-

388 5486 501 5534 dam
530 5493 728 5542 veteres,
759 5490 885 5544 etc.,
924 5479 1160 5545 sequitur
1193 5478 1503 5544 inscriptio:
1536 5481 1767 5533 Historia
1802 5495 1916 5548 per-

384 5573 646 5625 secutionis
674 5572 922 5638 Africanas
951 5570 1235 5634 provincire,
1267 5571 1561 5635 temporibus
1590 5569 1828 5624 Geiserici
1864 5577 1912 5619 et

391 5657 626 5712 lluneriei
663 5676 834 5728 regum
861 5657 1231 5719 Vandalorum,
1279 5671 1479 5710 auctore
1517 5671 1681 5712 sancto
1709 5659 1910 5712 Victore

390 5751 612 5809 epi.c0po
668 5747 872 5798 Vitensi.
925 5744 984 5798 Ut
1021 5743 1125 5810 jam
1169 5745 1381 5797 minime
1424 5747 1638 5800 dubium
1676 5749 1745 5802 sit
1787 5748 1912 5816 quin

2018 3349 2141 3411 illis,
2180 3350 2527 3402 subdiaconem
2559 3349 2898 3420 Reparatum,
2941 3371 3192 3408 sermones
3232 3357 3413 3422 politos
3449 3359 3557 3411 sine

2017 3440 2121 3491 ulla
2144 3438 2420 3503 o/ferrsione
2444 3441 2719 3504 loquentem
2744 3457 2760 3494 :
2790 3442 2849 3493 ob
2869 3458 3019 3509 quam
3040 3460 3242 3496 causam
3262 3446 3557 3499 venerabilis

2019 3528 2226 3577 nimium
2255 3528 2304 3576 in
2326 3528 2515 3593 palatio
2535 3527 2749 3581 Zenonis
2770 3530 3327 3596 imperatoris-habetur,
3359 3544 3406 3586 et
3428 3549 3558 3602 prte-

2019 3618 2162 3678 cipue
2209 3617 2380 3682 regina
2427 3617 2552 3666 mira
2600 3632 2714 3668 eum
2755 3621 3028 3676 reuerentia
3070 3631 3350 3676 veneratur.
3400 3623 3554 3688 Ecce,

2020 3701 2241 3753 lectores
2283 3715 2406 3754 suos
2450 3702 2667 3766 invitat,
2716 3704 2799 3757 vel
2852 3718 3162 3773 prasentes,
3214 3719 3268 3762 ut
3308 3709 3557 3765 Urauium

2022 3791 2247 3858 legatum
2275 3792 2727 3860 Constantinopoli
2773 3795 2824 3846 itt
2854 3797 2969 3848 auia
3001 3799 3336 3865 imperatoris
3365 3813 3553 3852 consu-

2022 3880 2156 3943 lant;
2190 3880 2268 3932 vei
2295 3880 2559 3945 absentes,
2592 3889 2650 3933 ut
2675 3882 3186 3952 Constantinopolim
3214 3897 3452 3954 pergant,
3485 3886 3557 3941 ibi

2022 3970 2400 4036 persecutionis
2429 3969 2690 4024 Alricanae
2730 3973 2920 4026 seriem
2967 3974 3265 4042 cognituri:
3310 3978 3424 4041 vix,
3469 3987 3559 4030 aut

2022 4060 2161 4112 nulla
2192 4061 2396 4112 ratione
2426 4058 2676 4122 facturus,
2707 4061 2748 4113 si
2779 4076 2884 4114 non
2911 4061 3026 4126 ipse
3053 4073 3160 4115 tum
3188 4065 3380 4118 ibidem
3411 4080 3559 4117 man-

2017 4150 2220 4204 sionem
2253 4149 2487 4203 haberet.
2536 4149 2665 4203 Cum
2704 4151 2861 4218 igitur
2887 4152 2952 4204 ad
2980 4153 3176 4206 calcem
3208 4155 3413 4208 Notitize
3448 4156 3559 4222 epi-

2017 4254 2295 4308 scoporum
2316 4240 2674 4296 Africanorum
2698 4243 2766 4296 ita
2787 4245 2982 4312 colligit
2998 4262 3009 4295 :
3026 4245 3223 4297 Corsica
3242 4247 3448 4316 relegati
3464 4247 3552 4309 46.

2020 4330 2118 4382 Hic
2145 4330 2352 4395 relegati
2379 4346 2581 4383 numero
2611 4332 2731 4396 502,
2761 4334 3020 4401 posterior
3049 4350 3300 4391 numerus
3327 4336 3394 4391 de
3421 4336 3557 4391 Con-

2017 4416 2406 4484 stantinOpolim
2435 4420 2685 4485 ablegatis
2711 4422 3048 4488 accipiendos
3075 4434 3182 4481 est.

2605 4506 2827 4560 CAPUT
2867 4509 2956 4562 iX.

2321 4590 2442 4644 Fuit
2468 4592 2650 4657 primas
2677 4595 2944 4663 provincia:
2966 4597 3255 4666 Byzacenos.

2094 4681 2241 4732 Hunc
2262 4681 2429 4749 ipsum
2454 4683 2712 4738 Victorem
2743 4687 3002 4740 Vitensem
3029 4686 3332 4755 episcopum
3376 4693 3556 4746 censui

2025 4769 2299 4835 primatem
2333 4773 2663 4838 postmodmn
2691 4773 2848 4827 fuisse
2890 4776 3170 4841 provincias
3199 4792 3307 4832 sua:
3333 4777 3556 4846 Byzace-

2023 4875 2132 4923 na»,
2166 4863 2311 4927 cujus
2337 4871 2416 4915 est
2455 4864 2648 4917 mentio
2677 4866 2728 4917 in
2761 4865 2873 4918 Vita
2902 4865 2958 4919 S.
2994 4865 3284 4931 Fulgentii,
3324 4871 3390 4922 ab
3410 4885 3474 4924 eo
3502 4873 3552 4923 in

2022 4949 2322 5016 episcopum
2353 4951 2675 5018 Ruspensem
2717 4955 2946 5006 ordinari
2981 4955 3134 5021 jussi.
3165 4955 3271 5009 Nec
3303 4959 3449 5010 vanis
3477 4959 3554 5010 itt-

2021 5037 2193 5090 diciis.
2216 5038 2344 5091 Nam
2368 5039 2386 5107 (
2406 5049 2457 5090 ut
2483 5040 2546 5093 ad
2572 5040 2892 5094 Fcrrandnm
2915 5043 3151 5110 pluribus
3178 5043 3553 5112 explicuimus)

2021 5126 2072 5177 in
2112 5125 2315 5187 Africa,
2355 5136 2506 5179 extra
2561 5131 2879 5195 provinciam
2931 5135 3353 5197 proconsularem
3403 5134 3552 5200 cujus

2020 5224 2177 5278 caput
2219 5213 2511 5280 Carthago,
2542 5232 2684 5283 vagae
2723 5227 2873 5270 erant
2918 5234 2978 5272 ac
3027 5221 3329 5274 desultoriaa
3372 5222 3551 5288 prima:

2020 5300 2207 5364 sedes,
2239 5309 2293 5354 et
2330 5302 2589 5356 seniorem
2637 5303 2887 5371 cujusque
2927 5308 3207 5374 provincia:
3247 5309 3548 5373 episcopum

2021 5390 2415 5456 sequebantur:
2447 5393 2732 5456 seniorem,
2772 5394 2979 5463 inquam
3003 5438 3018 5461 ,
3075 5414 3177 5450 non
3228 5405 3413 5460 aetate,
3457 5398 3550 5450 sed

2021 5479 2348 5544 promotione
2375 5480 2484 5534 sive
2509 5483 2867 5549 ordinatione;
2898 5487 2985 5552 qui
3033 5485 3227 5538 idcirco
3268 5486 3409 5538 senis
3459 5500 3551 5552 ap-

2017 5569 2300 5636 pellatione
2335 5570 2590 5638 designari
2623 5574 2854 5637 solebat;
2885 5575 3018 5628 adeo
3046 5584 3103 5628 ut
3145 5576 3438 5641 promiscue
3464 5584 3549 5624 aut

2017 5674 2182 5710 senex
2203 5699 2216 5721 ,
2248 5668 2336 5712 aut
2361 5673 2468 5712 snze
2500 5660 2782 5726 provincia:
2811 5663 3038 5728 primas,
3076 5672 3164 5714 aut
3203 5663 3387 5728 primae
3413 5660 3550 5711 sedis

2022 5745 2297 5813 cpiscopus
2337 5757 2740 5817 nuncuparetur.
2782 5746 2894 5804 Ja’m
2924 5752 2999 5803 sic
3029 5747 3547 5802 ratiocinor.:Notitia

3541 1301 3614 1312 .--·
