3930 6474
112 483 197 538 155

111 688 175 732 tat
200 694 211 726 :
235 673 519 728 Narensem
552 675 707 730 tertio
732 674 939 727 decimo
968 674 1105 736 loco,
1138 672 1394 725 Vitensem
1417 682 1567 725 sexto
1594 683 1649 726 et

110 765 539 835 quadragesimo,
589 765 759 831 primo
798 772 851 816 et
889 762 1179 815 centesimo
1228 759 1643 814 Gauvaritanum.

110 856 295 910 Christi
323 868 466 908 anno
488 854 617 918 487,
639 868 741 920 quo
768 851 1035 905 scribebat
1058 850 1237 904 Victor
1268 850 1495 904 Vitensis
1514 890 1528 913 ,
1559 850 1651 903 de-

110 960 212 999 cem
234 946 348 1013 jam
382 943 575 998 sublati
606 952 755 995 erant
783 957 848 993 ex
870 940 1133 1008 episcopis
1158 936 1475 1008 Byzacenis',
1507 938 1649 1007 iique

112 1038 199 1102 (ut
225 1032 616 1100 verosimilius)
646 1031 882 1083 seniores
909 1040 1069 1097 atque
1096 1027 1412 1081 inﬁrmiores
1441 1044 1455 1079 :
1485 1028 1574 1096 qui
1603 1026 1649 1079 si

110 1124 255 1191 primi
286 1123 471 1175 decem
513 1119 757 1183 fuerunt,
803 1131 936 1185 quos
964 1125 1206 1171 recenset
1244 1116 1464 1179 Notitia;
1494 1129 1557 1167 ex
1587 1128 1650 1167 eo

110 1210 282 1263 Victor
302 1208 554 1262 Narensis
576 1209 626 1260 in
652 1207 849 1273 reliqua
871 1204 1238 1272 episcoporum
1268 1205 1407 1257 serie
1438 1203 1650 1256 tertium

108 1303 304 1367 locum,
348 1298 581 1353 Vitensis
626 1297 947 1365 trigesimum
980 1303 1219 1360 sextum,
1269 1292 1653 1346 Gauvaritanus

110 1396 331 1459 primum
379 1402 432 1446 et
475 1389 872 1457 nonagesimum
903 1387 1149 1440 obtinuit.
1176 1385 1290 1439 Jam
1320 1398 1478 1445 vero,
1526 1383 1653 1435 satis

108 1489 331 1545 constat,
359 1477 585 1531 Victoris
612 1474 851 1544 primatis
877 1473 1128 1544 Byzaceni
1158 1471 1405 1524 mandato
1426 1469 1653 1537 Fulgen—

110 1575 229 1623 tium
254 1569 619 1636 Buspensibus
642 1566 940 1620 ordinatum
968 1563 1270 1631 episcopum
1298 1576 1438 1613 anno
1459 1559 1651 1613 Christi

108 1660 227 1723 507,
273 1658 527 1712 vicesimo
566 1671 706 1709 anno
744 1663 863 1723 post
880 1653 1003 1706 487.
1038 1651 1138 1705 Per
1165 1650 1261 1702 hos
1289 1649 1443 1716 igitur
1471 1648 1653 1716 viginti

107 1761 271 1801 annos
303 1747 458 1813 longe
485 1754 569 1799 est
605 1742 922 1813 probabilius
948 1740 1142 1792 obiisse
1170 1754 1231 1792 ex
1258 1738 1517 1805 episcopis
1548 1736 1653 1804 By-

108 1836 313 1890 zacenis
342 1838 576 1902 quinque
593 1840 649 1885 et
672 1829 883 1898 triginta
910 1828 995 1895 qui
1021 1828 1219 1881 Victori
1246 1826 1466 1889 Vitensi,
1495 1839 1651 1888 quam

1433 470 1921 528 PROLEGOMENA
1934 510 1947 525 .

111 590 363 659 Byzacena
393 593 505 640 tres
534 583 749 639 omnino
778 581 1015 636 Victores
1051 550 1331 649 episcopos
1357 594 1651 649 reprzesen—
1676 582 1753 640 A'

3195 483 3293 536 131

2353 584 2577 639 ΟΛΡΕΤ
2620 586 2700 642 XI.

1750 670 1995 724 Hunerici
2034 676 2384 747 persecutionis
2412 685 2636 741 tempus,
2667 679 2874 747 ejusque
2900 682 3174 735 edictorum
3199 684 3291 737 ad-

1817 756 1983 820 versus
2010 740 2313 820 catholicos;
2360 746 2487 796 inter
2514 740 2626 811 qua:
2654 740 2879 800 ominosa
2914 750 3036 804 solis
3083 753 3293 820 defectio

1816 810 1983 861 media
2005 810 2297 863 intercessit.

1822 936 2137 992 Hunericum
2189 950 2458 994 cruentam
2491 942 2708 997 bestiam
2761 946 2915 1000 docet
2967 963 3063 1002 nos
3118 950 3292 1004 Victor

1750 1022 1885 1077 libro
1916 1039 1951 1077 Il
1976 1027 2209 1080 saeviisse
2244 1043 2342 1095 qna
2365 1029 2419 1081 in
2444 1031 2777 1096 Manichacus,
2802 1049 2900 1098 qua
2924 1036 2975 1087 in
3000 1051 3121 1089 suos
3142 1040 3289 1090 Aria-

1752 1124 1851 1164 nos
1879 1128 1968 1179 per
2005 1113 2222 1181 quinque
2261 1131 2417 1167 annos
2446 1119 2521 1169 vel
2542 1120 2756 1187 amplius
2785 1136 2803 1171 :
2832 1122 2950 1174 inde
2977 1138 3131 1190 porro
3161 1140 3291 1179 con-

1752 1215 1963 1255 versum
2006 1204 2120 1271 ejus
2166 1203 2398 1259 furorem
2428 1210 2479 1260 in
2509 1210 2851 1263 orthodoxos.
2896 1213 3033 1274 Idem
3084 1215 3217 1268 libro
3260 1230 3293 1268 v

1752 1292 1928 1343 multis
1950 1291 2227 1364 describit
2253 1296 2441 1348 famem
2472 1311 2533 1349 ac
2563 1297 2700 1350 luem
2729 1314 2845 1367 qua:
2882 1300 3108 1353 Africam
3132 1302 3295 1370 depo-

1754 1378 1942 1442 pulata:
1968 1388 2106 1442 sunt,
2140 1381 2327 1434 saltem
2355 1384 2420 1434 ab
2444 1391 2628 1436 testate
2656 1387 2780 1436 anni
2810 1389 2977 1439 octavi
3022 1388 3289 1452 llunerici,

1752 1465 1949 1520 ChriSIi
1980 1468 2101 1522 484.
2135 1470 2245 1533 Qua
2276 1472 2527 1526 saeviente
2554 1474 2723 1547 clade,
2754 1478 2979 1529 cessavit
3004 1481 3294 1543 persecutio

1751 1557 2138 1612 catholicorum
2182 1561 2249 1613 ab
2300 1561 2536 1628 Arionis,
2589 1579 2721 1631 quos
2769 1565 2967 1617 fecerat
3007 1568 3296 1620 Communis

1752 1649 2025 1701 calamitas
2046 1649 2111 1702 de
2132 1665 2225 1702 sua
2254 1652 2487 1717 ipsorum
2509 1653 2680 1707 salute
2705 1654 2989 1719 sollicitos;
3014 1668 3133 1708 tunc
3154 1658 3294 1710 enim

1754 1750 1849 1789 rex
1878 1739 1989 1804 ipse
2020 1738 2312 1792 Hunericus
2340 1740 2437 1809 (θυι
2468 1744 2539 1793 ait
2567 1742 2802 1809 Victor),
2836 1748 2939 1797 suis
2958 1747 3223 1809 provinciis
3250 1755 3297 1799 et

1755 1826 1981 1877 domibus
2011 1826 2234 1894 singulos
2262 1829 2483 1879 revocari
2501 1831 2680 1895 jussit.
2708 1833 2836 1882 Cum
2887 1832 3045 1899 igitur
3076 1835 3301 1887 lluneri-

106 1927 234 1979 duos
263 1935 467 1977 tantum
498 1923 585 1990 qui
614 1920 834 1973 Narensi
862 1929 963 1983 aut
1006 1917 1224 1972 omnino
1253 1916 1535 1983 nonaginta
1564 1914 1652 1981 qui
1684 1904 1728 1961 Β
1755 1926 1848 1967 cus
1891 1929 2077 1968 octavo
2106 1917 2251 1982 regni
2289 1917 2369 1969 sui
2412 1932 2550 1970 anno
2579 1918 2641 1970 ad
2674 1921 2827 1971 linem
2856 1932 3103 1988 vergente
3129 1922 3297 1975 inter-

108 2015 304 2067 Victori
333 2013 689 2066 Gauvaritano
712 2008 971 2063 decedere
1008 2007 1321 2076 potuissent.
1353 2006 1464 2071 Qua
1492 2005 1654 2057 ratio-

106 2102 371 2171 cinatione
400 2099 926 2169 conjicio,.eumdem
964 2111 1082 2151 esse
1102 2096 1363 2149 Victorem
1390 2095 1654 2148 Vitensem

105 2192 411 2260 episcopum
451 2204 481 2243 a
529 2204 635 2257 quo
667 2186 1047 2257 persecutionis
1092 2185 1350 2237 Africanae
1393 2184 1655 2249 descripta

106 2289 185 2334 est
220 2278 491 2344 Historia,
536 2278 626 2347 qui
666 2284 723 2333 et
764 2275 946 2345 viginti
990 2282 1107 2343 post
1142 2273 1296 2328 annis
1326 2271 1425 2326 fuit
1462 2272 1657 2341 primas

106 2369 433 2439 Bysacenus.

722 2452 943 2509 CAPUT
980 2450 1047 2506 Χ.

107 2585 479 2655 Chronologica
508 2583 749 2638 Geiserici
772 2592 819 2637 et
845 2581 1085 2635 Hunerici
1111 2595 1375 2653 regnorum
1401 2578 1654 2648 periodus.

172 2717 494 2784 Carthagine
528 2715 737 2784 potitur
754 2714 1082 2777 Geisericus,
1112 2712 1412 2767 Theodosio
1440 2710 1576 2764 XVII
1604 2717 1660 2763 et

104 2804 263 2859 Festo
309 2817 451 2858 coss.
478 2818 545 2856 ex
580 2802 837 2869 Prospero
861 2811 915 2855 et
940 2801 1243 2854 Marcellino
1272 2800 1323 2853 in
1351 2800 1621 2853 Chronicis
1640 2838 1655 2859 ,

108 2894 207 2948 hoc
238 2903 357 2957 est,
387 2907 528 2946 anno
557 2890 898 2945 ChristHﬁS).
929 2890 1068 2945 Idem
1101 2890 1263 2943 refert
1306 2889 1495 2943 ldatius
1521 2903 1659 2941 anno

104 2982 329 3036 Placidii
359 2980 738 3042 Valentiniani,
769 2994 862 3033 seu
885 2979 1170 3033 Theodosii
1198 2980 1431 3033 Junioris
1450 2993 1660 3031 monar-

100 3070 233 3122 chia
269 3070 357 3123 i5.
388 3068 496 3123 Nec
521 3068 731 3121 aberrat
761 3066 1106 3134 fragmentum
1134 3069 1493 3135 Augustalium
1519 3066 1657 3134 quod

102 3160 269 3212 edidit
319 3160 583 3213 Henricus
622 3157 861 3211 Canisius
907 3168 1025 3227 post
1070 3159 1365 3211 Cbronicon
1414 3159 1653 3223 Tironis,

1759 2003 1897 2060 ierit.
1931 2005 2011 2058 vel
2038 2006 2161 2058 hinc
2189 2006 2312 2058 licet
2337 2006 2609 2073 colligere,
2644 2006 2755 2074 ejus
2785 2009 2837 2059 in
2868 2009 3153 2062 catholicos
3182 2025 3297 2076 pcr-

1756 2094 2080 2147 secutionem
2111 2093 2246 2147 haud
2274 2095 2493 2147 multum
2521 2109 2677 2162 supra
2722 2096 2853 2148 duos
2895 2111 3061 2150 annos
3106 2098 3300 2151 solidos

1761 2185 2021 2245 tenuisse;
2054 2197 2243 2250 nempe
2274 2192 2383 2235 toto
2409 2199 2548 2236 anno
2570 2184 2714 2251 regni
2741 2187 2986 2251 septimo,
3008 2201 3126 2241 eum
3154 2200 3300 2255 parte

1755 2269 1878 2321 anni
1920 2269 2076 2334 sexti,
2106 2278 2158 2323 et
2184 2280 2331 2337 parte
2358 2270 2550 2323 octavi.
2578 2272 2726 2324 Nunc
2756 2272 3019 2327 reddenda
3047 2283 3169 2326 sunt
3190 2276 3301 2329 suis

1754 2361 2077 2427 temporibus
2115 2363 2220 2413 duo
2261 2360 2376 2427 ejus
2414 2362 2618 2423 edicta.
2668 2377 2889 2431 quorum
2933 2366 3076 2430 prius
3102 2364 3198 2418 fuit
3233 2365 3300 2419 de

1754 2451 2003 2503 omnibus
2028 2449 2219 2503 Africa:
2248 2452 2508 2518 episcopis
2540 2449 2909 2520 Carthaginem
2956 2454 3299 2506 convocandis

1758 2538 1823 2591 ad
1844 2539 2091 2592 Calendas
2114 2538 2427 2591 Februarias
2447 2539 2569 2591 anni
2590 2539 2623 2592 8
2649 2539 2892 2592 Hunerici
2922 2542 3079 2608 regis,
3105 2530 3298 2593 Christi

1760 2625 1885 2681 181.
1918 2626 2184 2681 Posterius
2206 2628 2278 2681 'de
2313 2628 2619 2682 claudendis
2657 2630 2929 2693 ecclesiis,
2976 2631 3151 2683 datum
3198 2630 3297 2684 Fe-

1758 2715 1973 2769 bruario
1998 2717 2119 2769 anni
2149 2717 2382 2782 ejusdem
2414 2718 2541 2771 481.
2572 2717 2722 2771 Prius
2750 2719 2957 2786 quidem
2986 2733 3123 2771 anno
3151 2719 3297 2787 regni

1758 2802 2005 2857 Ilnnerici
2049 2805 2081 2857 8
2102 2844 2116 2867 ,
2162 2805 2355 2859 Christi
2396 2806 2524 2872 483,
2551 2805 2637 2860 die
2663 2808 2998 2860 Ascensionis
3024 2808 3297 2861 dominicas

1761 2894 2144 2962 promulgatum
2178 2902 2290 2957 est.
2331 2910 2399 2947 ex
2442 2895 2579 2949 libro
2624 2896 2875 2949 secundo.
2909 2897 2985 2949 Ex
3015 2897 3098 2950 die
3123 2908 3296 2950 autem

1760 2985 2192 3053 promnlgationis
2220 2986 2543 3040 emendanda
2565 2988 2775 3041 estdies
2791 2986 2963 3040 edicto
2978 2988 3295 3055 subscripta,

1761 3091 1850 3128 xm
1881 3076 2130 3129 calendas
2168 3075 2380 3138 Junias,
2412 3075 2509 3129 hoc
2538 3085 2647 3139 est,
2677 3075 2795 3128 Maii
2829 3076 3023 3128 mensis
3047 3075 3134 3128 ΞΟ.
3167 3076 3299 3129 Nam

1759 3177 1825 3215 eo
1852 3178 1992 3215 anno
2019 3163 2202 3216 incidit
2230 3162 2427 3215 Pascha
2457 3163 2507 3215 in
2532 3163 2597 3215 10
2626 3163 2849 3230 Aprilis.
2876 3165 3125 3217 Ascensio
3150 3166 3202 3219 in
3230 3165 3295 3218 19

102 3256 248 3299 tonio
287 3246 327 3296 V
354 3246 507 3299 Lect.
529 3244 777 3313 antiquae,
801 3259 918 3312 pag.
946 3245 1066 3307 161,
1093 3254 1399 3311 occupatam
1421 3260 1449 3296 a
1478 3243 1657 3299 Geise-
1682 3227 1725 3286 ο
1758 3252 1896 3303 Maii.
1927 3250 2198 3316 Quomodo
2234 3264 2361 3315 ergo
2408 3250 2615 3317 publice
2660 3227 2714 3303 in
2754 3252 2978 3303 ecclesia
3003 3252 3189 3305 lectum
3216 3263 3296 3306 est

100 3338 210 3388 rieo
238 3333 623 3402 Carthaginem
668 3343 883 3397 notans,
917 3333 971 3385 P.
1000 3329 1060 3386 Ο.
1097 3333 1375 3386 Theodosii
1418 3334 1557 3388 XVII
1602 3344 1658 3389 et

98 3423 242 3476 Festi
294 3439 310 3475 :
361 3438 483 3476 cum
533 3422 648 3476 haec
699 3421 920 3475 formula
971 3421 1273 3475 enuntiandi
1324 3425 1654 3489 consulatus,

99 3517 352 3571 eumdem
396 3531 612 3569 sensum
659 3515 849 3569 habeat
893 3528 1011 3568 cum
1054 3514 1142 3567 illa
1189 3514 1395 3583 vulgata
1432 3531 1531 3584 qua
1574 3517 1658 3570 usi

95 3614 222 3657 sunt
250 3604 494 3669 Prosper
521 3613 578 3655 et
607 3602 961 3665 Marcellinus,
988 3603 1061 3654 uti
1089 3602 1412 3657 ostendimus
1441 3606 1490 3655 in
1513 3605 1660 3657 Notis

96 3692 299 3744 nostris
354 3690 426 3742 ad
478 3692 635 3743 vitam
668 3691 724 3745 S.
770 3689 1058 3759 Fulgentii,
1105 3702 1319 3747 auctore
1370 3691 1657 3747 Ferrando.

94 3780 244 3844 Quod
290 3793 432 3848 ergo
455 3778 595 3846 apud
626 3778 887 3832 Victorem
918 3780 1130 3846 legitur,
1149 3780 1241 3835 lib.
1274 3796 1287 3832 I
1317 3780 1384 3834 de
1408 3780 1660 3835 Persecu-

96 3870 238 3921 tione
262 3868 560 3929 Africana,
606 3876 812 3934 captam
855 3881 884 3918 a
928 3864 1195 3920 Geiserico
1220 3867 1466 3933 Romam,
1512 3870 1658 3936 regni

91 3955 209 4021 ejus
250 3969 407 4008 anno
438 3955 539 4015 15,
565 3954 633 4006 de
659 3954 813 4006 annis
852 3954 1127 4019 completis
1155 3955 1511 4022 accipiendum
1555 3965 1655 4010 est.

93 4043 323 4097 Romam
357 4046 511 4098 enim
538 4044 809 4110 occupavit
835 4042 1135 4096 Geisericus
1163 4043 1522 4097 Valentiniano
1551 4045 1659 4098 VIll

92 4140 144 4184 et
186 4131 498 4186 Anthemio
526 4144 699 4193 coss.,
744 4130 845 4182 hoc
884 4138 996 4191 est,
1036 4145 1174 4182 anno
1203 4130 1396 4182 Christi
1424 4129 1554 4192 465,
1592 4144 1656 4182 ex

92 4220 393 4287 Prospero,
428 4218 735 4271 ﬂareellino
760 4225 811 4267 et
836 4216 951 4267 aliis
976 4214 1388 4283 chronographis
1410 4230 1425 4267 :
1449 4226 1503 4269 et
1541 4216 1657 4284 qni-

90 4310 209 4362 dem
239 4309 394 4360 haud
432 4305 601 4358 multo
626 4312 744 4372 post
769 4304 1047 4357 Maximum
1092 4306 1257 4371 pridie
1283 4307 1396 4359 idus
1420 4305 1601 4360 iunias
1627 4323 1657 4361 a

92 4398 200 4448 suis
227 4394 510 4448 occisum.
541 4392 636 4463 Iiic
661 4399 777 4446 erat
801 4407 969 4447 annos
997 4394 1141 4460 regni
1168 4393 1418 4448 Geiserici
1446 4396 1659 4463 quintus

91 4486 336 4539 decimus
365 4491 566 4538 esactu

1758 3339 1985 3391 edictum
2017 3337 2082 3390 l9
2100 3375 2116 3401 ,
2148 3338 2193 3389 si
2218 3345 2417 3389 tantum
2444 3337 2698 3403 postridie
2717 3375 2733 3401 ,
2758 3352 2948 3404 nempe
2974 3340 3059 3391 die
3088 3339 3203 3391 Maii
3227 3340 3304 3393 20

1756 3426 1931 3478 datum
1958 3425 2359 3492 confectumque
2379 3423 2495 3477 est?
2517 3424 2764 3476 Putamus
2794 3424 2952 3491 igitur
2974 3410 3151 3478 datum
3182 3425 3294 3492 ipsa

1757 3515 1843 3569 die
1869 3514 2223 3579 Ascensiunis,
2254 3528 2336 3565 stv
2357 3512 2601 3565 calendas
2625 3512 2829 3579 Junias,
2860 3514 2941 3564 vel
2965 3522 3107 3566 certe
3136 3514 3293 3568 biduo

1757 3586 1918 3666 ante,
1957 3603 2057 3655 hoc
2097 3609 2180 3656 est
2222 3615 2316 3654 xvr
2344 3601 2625 3663 calendas;
2673 3609 2731 3653 ut
2777 3615 3028 3654 numerus
3066 3617 3156 3655 xm
3196 3618 3303 3670 pro!

1758 3706 1845 3743 xrv
1875 3690 1957 3744 vel
1994 3705 2079 3742 xv:
2121 3690 2420 3755 irrepserit,
2454 3688 2592 3741 facili
2634 3698 2771 3742 nota:
2803 3704 2833 3740 v
2873 3688 2925 3741 in
2968 3703 3002 3741 ιι
3036 3697 3305 3741 transmu-

1760 3779 1979 3833 tatione.
2006 3779 2085 3831 Ab
2107 3793 2172 3831 eo
2197 3792 2323 3831 vero
2352 3786 2586 3845 tempore
2612 3777 2677 3831 ad
2704 3778 2949 3831 calendas
2980 3778 3301 3831 Februarias

1759 3871 1879 3921 anni
1918 3871 2023 3922 481
2050 3869 2310 3921 ﬂuxerunt
2349 3882 2536 3920 novem
2570 3866 2680 3920 fere
2708 3865 2864 3922 solidi
2891 3882 3117 3921 menses.
3148 3868 3303 3922 Unde

1758 3971 1857 4009 vos
1890 3971 2060 4008 novem
2097 3971 2161 4008 ex
2190 3955 2423 4009 editione
2440 3954 2764 4019 Coloniensi,
2790 3966 2844 4009 et
2870 3971 2934 4009 ex
2960 3956 3141 4009 codice
3168 3958 3299 4010 Por-

1760 4051 1927 4095 tarum
1973 4058 2003 4095 a
2043 4042 2193 4095 nobis
2222 4042 2357 4095 haud
2388 4043 2568 4097 timide
2612 4045 2855 4098 restituta
2899 4054 2982 4097 est
3023 4044 3077 4097 in
3120 4044 3297 4097 locum

1758 4130 1915 4181 edicti
1947 4129 2285 4195 posterioris,
2330 4128 2580 4181 hactenus
2608 4131 2661 4180 in
2700 4132 2922 4195 vulgatis
2956 4140 3294 4197 corruptum,

1759 4214 1847 4281 qui
1873 4214 1947 4266 sic
1971 4228 2028 4267 se
2050 4214 2207 4266 habet
2236 4233 2246 4262 :
2282 4213 2613 4266 Postmodum
2641 4218 2895 4267 universos
2921 4225 3113 4269 constat
3136 4220 3301 4287 fuisse

1759 4302 2079 4354 commonitos
2097 4338 2112 4362 ,
2159 4303 2323 4365 spatio
2364 4303 2596 4367 temporis
2621 4312 2903 4371 prwrogato
2932 4307 3171 4359 mensium
3197 4290 3313 4359 no;

1757 4406 1863 4443 vent
1892 4406 2123 4458 novaeque
2143 4392 2474 4442 contentionis
2512 4390 2583 4457 (si
2611 4392 2734 4459 quid
2754 4392 2820 4443 ad
2843 4407 3011 4445 eorum
3032 4399 3290 4462 proposita

671 4490 726 4535 et
767 4482 948 4559 labens
993 4455 1226 4537 decimus
1269 4455 1478 4538 sextus:
1512 4485 1656 4539 Diem
1761 4490 1923 4547 posset
1952 4455 2164 4548 aptari),
2199 4490 2251 4530 ut
2277 4482 2345 4531 ad
2382 4455 2951 4537 calendas'Februarias
2988 4455 3293 4538 anui-octavi

88 4579 241 4629 etiam
273 4584 462 4643 capta
488 4556 818 4641 Carthaginis
845 4556 1145 4639 exprimunt
1174 4575 1363 4639 iidem,
1410 4574 1655 4643 Prosper,
1687 4556 1738 4614 Ῐ)
1761 4571 1899 4639 regni
1917 4572 2071 4623 nostri
2091 4613 2106 4635 ,
2144 4572 2253 4622 sine
2286 4581 2420 4623 metu
2447 4572 2615 4637 aliqua
2642 4576 2974 4625 convenirent.
3002 4574 3183 4627 Datum
3211 4586 3295 4629 est

87 4664 317 4728 ldatius,
344 4672 406 4717 et
435 4672 625 4715 auctor
645 4661 921 4729 fragmenti
950 4665 1269 4730 Augustani,
1298 4678 1387 4716 nv
1412 4664 1660 4719 calendas

85 4754 449 4817 Novembris;
484 4763 543 4805 ut
567 4752 738 4804 mendi
769 4751 997 4815 suspicio
1016 4751 1081 4803 sit
1110 4752 1245 4817 apud
1276 4751 1655 4817 Marcellinum,

85 4850 170 4900 ubi
222 4849 439 4917 legitur
466 4861 503 4899 ι
532 4842 801 4897 calendas.
826 4841 903 4894 Ex
931 4856 990 4895 ea
1021 4842 1109 4896 die
1136 4842 1313 4896 Victor
1346 4842 1569 4897 Vitensis
1592 4842 1658 4895 ad

84 4938 241 4990 tinctu
292 4936 437 4989 libri
490 4948 509 4987 ι
557 4939 799 4984 numerat
839 4930 983 4997 regni
1022 4930 1274 4985 Geiserici
1316 4946 1481 4985 annos
1512 4935 1577 4985 57
1606 4942 1661 4986 et

83 5038 298 5079 menses
332 5033 492 5084 tres;
516 5018 705 5086 quibus
732 5018 784 5070 in
812 5017 1103 5091 fragmento
1130 5020 1433 5090 Augustam,
1460 5022 1657 5075 add“.

86 5122 166 5164 tur
195 5112 318 5164 dies
360 5122 495 5162 sex.
520 5107 577 5161 Si
606 5120 637 5158 ιι
660 5106 727 5159 19
750 5104 991 5160 Octobris
1017 5108 1139 5160 anni
1170 5110 1272 5164 459
1300 5123 1547 5163 numeres
1568 5124 1659 5162 an-

88 5214 200 5266 nos,
217 5201 291 5251 57
317 5208 554 5251 me
576 5201 685 5246 tres
706 5194 1035 5253 tricenarios.
1062 5203 1116 5247 et
1137 5195 1248 5251 dies
1274 5210 1389 5262 sex,
1412 5199 1659 5265 conjieics

87 5284 346 5339 Geiserici
379 5280 600 5337 obitum
626 5280 682 5333 in
708 5292 900 5333 annum
930 5276 1054 5342 177,
1083 5281 1221 5336 diem
1253 5285 1449 5337 mensis
1466 5284 1657 5338 Janua-

87 5376 148 5428 rii
176 5378 264 5429 15.
295 5373 451 5428 Hinc
501 5383 661 5438 porro
690 5368 823 5422 adde
851 5382 970 5422 cum
1011 5369 1219 5425 Victore
1246 5372 1443 5427 Vitensi
1464 5413 1479 5437 ,
1512 5374 1655 5443 regni

90 5462 341 5515 llunerics’
369 5471 561 5513 annos
586 5458 639 5522 7,
669 5470 878 5511 menses
912 5454 978 5509 10
1007 5458 1341 5523 tricenarios,
1371 5469 1422 5513 et
1449 5462 1659 5529 Insuper

90 5563 150 5600 ει
188 5550 513 5616 hagmento
552 5547 856 5613 Augustano
882 5541 995 5597 dies
1024 5545 1119 5610 48;
1148 5548 1352 5601 videbis
1393 5548 1540 5603 illum
1580 5551 1657 5603 in-

92 5645 291 5694 terrisse
321 5632 656 5702 anno'regni
673 5636 753 5687 sui
778 5643 961 5689 octavo
985 5648 1117 5703 pene
1142 5641 1406 5707 completo
1457 5637 1655 5694 Christi

91 5731 211 5801 184,
238 5731 329 5786 die
359 5728 397 5783 6
420 5725 760 5781 Decembris.

1759 4669 1933 4711 autem
1985 4658 2210 4710 edictum
2266 4658 2366 4709 hoc
2412 4661 2673 4725 posterius
2725 4660 2866 4727 quod
2928 4659 3061 4713 libro
3091 4675 3296 4729 quarto

1758 4745 2076 4810 continetur,
2108 4759 2156 4796 Vl
2189 4744 2437 4797 calendas
2462 4746 2695 4809 Martias,
2725 4744 2961 4813 adeoque
2986 4747 3099 4813 ipso
3129 4750 3293 4802 inter-

1759 4832 1918 4884 calari
1958 4832 2044 4885 die
2081 4833 2204 4884 anni
2240 4834 2346 4888 484
2392 4832 2718 4895 bissextilis;
2763 4835 2913 4900 cujus
2962 4835 3064 4889 diei
3114 4837 3291 4891 infelix
3362 4874 3365 4877 -

1760 4936 1878 4975 esse
1905 4935 2059 4976 omen
2098 4923 2354 4989 majorum
2390 4924 2569 4992 opinio
2608 4924 2733 4985 fuit,
2783 4927 2864 4976 vel
2897 4932 3032 4977 teste
3063 4924 3293 4980 Valenti-

1760 5010 1943 5073 niano,
1989 5008 2075 5075 qui
2114 5023 2255 5061 anno
2291 5010 2395 5064 561
2438 5011 2677 5077 proximo
2706 5019 2823 5077 post
2859 5011 3179 5066 bissenihnn
3206 5017 3291 5068 die

1757 5101 1893 5168 apud
1936 5100 2163 5155 Nicaeam
2199 5101 2497 5167 imperator
2528 5102 2740 5155 levatus
2767 5112 2877 5167 est,
2907 5118 3024 5156 cum
3054 5105 3291 5158 bissexti-

1759 5191 1859 5242 lem
1914 5190 2081 5256 ipsum
2125 5192 2273 5256 quasi
2311 5192 2605 5245 oniinosum
2634 5190 2985 5260 declinasset,
3018 5204 3073 5245 ut
3110 5196 3291 5247 scribit

1758 5279 2063 5333 Ammianus
2091 5278 2224 5330 libro
2252 5293 2403 5332 xm.

1827 5368 1929 5423 Sed
1959 5379 2009 5422 et
2037 5383 2129 5435 per
2165 5385 2227 5422 ea
2258 5380 2492 5437 tempora
2536 5369 2830 5424 ominosum
2860 5373 2985 5425 solis
3007 5372 3287 5438 deliquium
3350 5407 3356 5413 ο

1759 5466 2019 5511 memorat
2063 5453 2348 5524 Gregorius
2386 5458 2713 5511 Turonensis
2742 5459 2833 5513 lib.
2867 5474 2901 5511 ιι
2940 5457 3071 5511 llist.
3100 5458 3288 5513 Franc.

1757 5561 1874 5612 cap.
1906 5545 1939 5598 5
1972 5560 1984 5595 :
2012 5542 2170 5610 Tunc,
2200 5546 2383 5613 inquit,
2410 5554 2456 5597 et
2482 5547 2559 5598 sol
2588 5555 2709 5599 teter
2736 5547 2990 5609 apparuit,
3022 5545 3089 5597 ita
3120 5554 3177 5600 ut
3206 5548 3290 5602 vix

1757 5637 1825 5688 ab
1861 5650 1925 5687 eo
1975 5649 2096 5701 pars
2139 5637 2218 5687 vel
2250 5637 2399 5689 tertia
2444 5637 2696 5689 eluceret.
2728 5636 2895 5689 Credo
2944 5648 3168 5703 namque
3196 5653 3290 5703 pro

1761 5723 1917 5777 tantis
1955 5723 2240 5778 sceleribus
2282 5735 2336 5776 et
2382 5723 2636 5779 effusione
2680 5716 2943 5790 sanguinis
2974 5724 3288 5781 innocentis.
