3930 6444
128 374 222 429 137

1468 346 1989 404 PROLEGOMENA.

3254 352 3354 411 188

134 486 337 544 brachia
378 480 627 552 appensis
662 477 866 547 pueris,
917 475 967 527 in
1014 487 1196 527 eorum
1243 478 1389 522 nates
1440 468 1681 533 inﬂigere
1709 466 1760 523 Λ
1787 463 1893 552 tius
1918 476 2074 530 quam
2106 475 2333 529 unquam
2367 472 2519 516 ante)
2550 463 2690 532 quod
2726 465 2923 519 vellent
2949 466 3344 536 eloquerentur.

130 574 365 633 verbera.
398 570 593 627 Nititur
623 570 735 626 hcc
761 564 1022 619 sententia
1052 561 1261 615 duobus
1287 556 1689 627 Martyrologiu-

130 678 233 721 rum
274 660 433 728 locis,
463 669 651 729 nempe
682 657 744 710 15
770 653 902 721 junii
927 662 982 704 et
1016 651 1082 703 ts
1120 648 1455 708 Novembris,
1486 645 1573 698 ubi
1600 641 1691 711 qui

134 760 340 811 catomo
362 752 442 805 vel
470 750 692 805 calamis
733 746 858 800 caesi
896 758 991 797 seu
1019 741 1261 809 suspensi
1304 742 1691 803 memorantur,

138 842 285 896 Vitas
324 850 381 895 et
407 840 623 903 Barula,
651 834 801 905 pueri
840 841 985 887 sunt.
1027 829 1288 899 Numquid
1332 836 1387 882 et
1432 827 1483 880 in
1513 824 1694 894 pueris

137 929 437 985 censebitur
461 926 692 980 Thomas
719 922 810 976 ille
839 920 1120 990 episcopus
1153 917 1263 987 jam
1308 915 1458 971 senio
1495 913 1692 983 gravis,

132 1030 190 1073 et
227 1016 428 1072 Eulalia
470 1010 816 1068 Emeritensis
842 1018 1070 1079 martyr,
1116 1006 1238 1076 quia
1276 1002 1559 1067 eatomati,
1601 1014 1697 1055 seu

130 1118 346 1163 calamo
373 1102 496 1159 cesi
541 1102 819 1171 leguntur?
848 1098 1149 1162 Gravioris,
1189 1096 1426 1165 inquies,
1468 1090 1695 1161 ignomi-

135 1198 239 1252 niae
269 1197 370 1249 hoc
398 1194 522 1256 luit,
556 1204 713 1245 senes
742 1186 1011 1243 interdum
1030 1226 1048 1250 ,
1076 1197 1167 1239 aut
1194 1185 1247 1238 in
1276 1182 1532 1253 dignitate
1562 1194 1695 1235 con-

141 1288 352 1341 stitutos
398 1284 572 1345 viros,
615 1291 707 1333 aut
753 1280 915 1333 etiam
960 1277 1180 1332 feminas
1221 1287 1504 1344 puerorum
1551 1283 1700 1325 more

143 1373 427 1429 verberari.
457 1370 591 1437 Quid
619 1368 1073 1435 porroAdrianus
1109 1363 1437 1435 imperator?
1474 1372 1598 1417 tune
1639 1360 1704 1414 il-

142 1465 248 1518 lum
294 1462 545 1516 sanxisse
590 1459 820 1525 dixeris,
864 1466 924 1512 ut
958 1457 1324 1517 decocmribus
1362 1454 1432 1509 de
1476 1453 1700 1507 aliorum

146 1552 378 1611 humeris
408 1567 503 1620 per
544 1563 737 1603 manus
779 1547 1003 1617 pedesve
1043 1546 1336 1615 suspensis,
1376 1544 1431 1597 in
1473 1544 1701 1606 theatro,

145 1645 195 1697 in
239 1643 477 1696 omnium
528 1638 698 1693 oculis
739 1637 958 1691 verbera
998 1636 1066 1689 ad
1113 1646 1264 1689 nates
1307 1630 1704 1701 inﬂigerenturl

140 1732 267 1786 llmc
296 1744 396 1798 ego
420 1728 611 1782 adduci
641 1740 745 1780 non
774 1739 985 1794 possum
1018 1732 1076 1777 ut
1112 1723 1360 1784 credam,
1390 1726 1591 1789 absque
1617 1732 1706 1793 so-

1792 551 1902 621 Ego
1931 566 2072 614 vero,
2104 551 2303 618 inquit,
2361 552 2600 619 putabam
2623 553 2738 620 ﬁeri
2772 571 2873 607 non
2901 572 3047 624 posse
3084 567 3137 609 ut
3168 560 3349 614 tibicen
3384 610 3385 615 η

1792 658 1965 695 carens
1990 642 2122 695 tibiis
2162 645 2285 695 artis
2327 659 2432 695 sua:
2463 644 2707 712 specimen
2738 646 2905 698 ullum
2932 649 3110 713 duret;
3137 650 3354 721 itemque

1790 731 2095 784 cititartedus
2153 732 2421 784 destitutus
2483 733 2680 784 cithara
2739 735 2982 787 musicam
3032 746 3195 790 artem
3239 755 3354 792 eam

1789 812 2059 876 exerceret.
2091 824 2153 875 At
2183 838 2365 875 novum
2382 822 2479 875 hoc
2503 826 2842 887 spectaculum
2871 822 3005 896 cogit
3046 843 3126 880 nte
3154 842 3356 883 senten-

1794 915 1915 966 tiam
1944 914 2086 966 illam
2113 924 2309 966 mutare
2326 953 2340 977 ,
2370 924 2477 968 etc.
2509 912 2626 984 Ipse
2656 932 2747 985 ego
2776 932 2863 969 vos
2880 918 3016 972 viros
3042 919 3177 986 nidi,
3204 931 3253 973 et
3276 923 3355 974 lo-

1794 1014 1997 1072 quentes
2017 1003 2215 1068 auditti;
2234 1012 2283 1055 et
2302 1019 2471 1056 vocem
2487 1006 2612 1058 adeo
2624 1007 2947 1059 articulatam
2965 1024 3070 1063 esse
3089 1026 3233 1077 posse
3254 1014 3356 1065 nti-

1794 1101 1937 1147 ratus
1960 1107 2105 1145 sunt.
2122 1089 2523 1146 Instrumentum
2561 1096 2695 1148 vocis
2721 1096 3053 1164 inquirebant,
3080 1108 3127 1152 et
3149 1104 3360 1156 auribus

1796 1196 1897 1235 non
1917 1183 2145 1247 credens,
2173 1182 2333 1235 oculis
2362 1183 2631 1252 iudicandi
2655 1202 2840 1239 munus
2866 1190 3065 1253 remisi;
3092 1200 3245 1261 atque
3272 1209 3360 1246 ore

1798 1288 2007 1341 aperto,
2036 1272 2265 1343 linguam
2301 1284 2455 1327 totam
2482 1276 2729 1330 radicitus
2757 1279 2955 1332 vulsum
2980 1284 3103 1335 vidi.
3130 1284 3358 1340 Eosdem

1800 1375 1831 1414 a
1849 1377 1907 1415 se
1933 1363 2078 1417 visos
2101 1362 2335 1433 Byzantii
2360 1405 2375 1429 ,
2407 1375 2565 1434 atque
2585 1367 2793 1422 auditos
2821 1377 3046 1425 testatur
3074 1373 3363 1444 Proc0pius

1800 1450 1893 1506 lib.
1911 1467 1929 1505 ι
1948 1452 2018 1506 de
2038 1452 2183 1507 Bello
2202 1451 2507 1509 Vandalico.
2532 1455 2869 1513 Marcellinus
2884 1476 3093 1531 quoque
3114 1464 3167 1517 in
3190 1463 3363 1519 Chro-

1802 1545 1922 1599 nico
1952 1587 1967 1611 ,
1999 1546 2329 1601 Theoderico
2375 1556 2432 1601 et
2463 1548 2722 1604 Venantio
2764 1565 2906 1606 coss.
2944 1553 3069 1625 (hoc
3113 1565 3196 1610 est
3222 1573 3365 1611 anno

1802 1649 1924 1688 mra:
1949 1634 2263 1689 Christianae
2291 1635 2416 1706 484)
2446 1654 2462 1690 :
2494 1638 2741 1706 Denique,
2772 1642 2878 1708 ait,
2903 1658 2968 1695 ea;
2993 1644 3089 1697 hoc
3131 1647 3357 1713 ﬁdelium

1803 1726 2123 1779 contubernio
2149 1726 2438 1795 aliquantos
2470 1724 2572 1794 ego
2611 1729 3014 1800 religiosissimos
3036 1735 3169 1788 viros
3186 1774 3205 1801 ,
3233 1754 3366 1805 prc-

147 1821 248 1872 lido
290 1830 349 1873 et
394 1816 675 1871 manifesto
715 1813 1041 1882 antiquitatis
1093 1812 1427 1877 testimonio,
1479 1826 1599 1865 cum
1636 1811 1704 1866 ad
1733 1810 1782 1871 Β
1808 1813 1925 1870 cisis
1944 1812 2160 1883 linguis,
2197 1814 2430 1867 manibus
2456 1818 2729 1883 truncatis,
2761 1820 2901 1886 apud
2919 1819 3221 1889 Byzantium
3246 1828 3368 1880 iure.

144 1926 357 1965 manum
384 1909 456 1963 sit
492 1908 679 1961 harum
703 1920 892 1991 vocum
920 1918 1075 1991 quem
1114 1919 1273 1973 supra
1316 1903 1467 1972 posui
1506 1902 1699 1972 planis-
1806 1922 1899 1974 gra
1916 1921 2035 1958 noce
2059 1908 2294 1975 conspexi
2307 1905 2921 1975 loquentes.Justinianus
2944 1912 3058 1980 ipse
3079 1915 3367 1986 imperator

145 2006 310 2056 simus
336 2013 548 2064 sensus,
577 2008 686 2051 tum
715 2011 781 2051 ex
815 2005 1012 2067 etymo,
1051 2005 1161 2050 tum
1198 2010 1262 2049 ex
1307 1995 1538 2048 omnium
1577 2008 1710 2063 gen-
1808 2000 1862 2054 in
1900 2000 2280 2054 constitutione
2320 2001 2389 2055 de
2416 2001 2589 2057 olllcio
2620 2002 2853 2070 praefecti
2891 2008 3139 2073 praetorio
3176 2009 3369 2063 Africa:

144 2096 273 2147 tium
306 2107 437 2159 usu;
479 2098 538 2145 ut
580 2087 827 2143 nimirum
874 2088 979 2141 hoc
1020 2088 1092 2141 sit
1137 2087 1362 2141 catomis
1405 2085 1566 2151 cadi,
1611 2099 1707 2139 seu
1808 2088 2142 2155 (lib.tCod.,
2162 2089 2244 2142 tit.
2266 2088 2391 2158 27):
2417 2089 2664 2157 Vidimus,
2692 2092 3367 2165 inquit,venerabilesairos,

146 2181 434 2243 catomari,
464 2188 557 2234 aut
586 2177 951 2241 catomidiari,
990 2176 1130 2246 quod
1175 2175 1413 2229 humeris
1452 2189 1546 2229 seu
1589 2188 1709 2228 sca-
1805 2178 1896 2247 qui
1922 2177 2153 2230 abscissis
2184 2178 2430 2230 radicitus
2451 2178 2638 2248 linguis
2668 2196 2841 2248 plenas
2875 2198 2994 2237 suas
3019 2185 3372 2239 miserabiliter

145 2274 282 2341 pnus
308 2271 527 2325 verba,
552 2269 824 2336 excipere.
852 2264 953 2333 Qui
983 2278 1144 2334 porro
1168 2265 1246 2318 sic
1268 2263 1505 2318 caedendi
1533 2273 1704 2327 erant,
1807 2266 2161 2335 loquebantur.
2184 2266 2242 2323 S.
2267 2266 2557 2336 Gregorius
2577 2268 2798 2338 Magnus
2818 2271 2910 2325 lib.
2931 2288 2986 2326 nt
3008 2274 3368 2345 Dialogorum,

147 2377 263 2415 cum
309 2359 547 2428 alligati,
594 2358 755 2413 levati
803 2366 895 2411 aut
938 2354 1182 2425 suspensi
1232 2356 1393 2409 luisse
1439 2355 1708 2423 leguntur,
1808 2370 1926 2425 cap.
1957 2355 2046 2421 32,
2079 2358 2200 2411 illos
2228 2371 2292 2411 ex
2315 2357 2488 2412 Africa
2518 2358 2787 2431 profugos,
2811 2361 2880 2415 ad
2908 2362 3373 2434 Constantinopoli-

147 2465 279 2504 cave
310 2450 398 2504 hic
430 2448 655 2515 alicujus
686 2447 934 2501 humeros
957 2447 1160 2515 cogites
1187 2447 1252 2499 ad
1278 2459 1412 2514 quos
1442 2444 1519 2499 llli
1545 2443 1714 2498 mani-
1816 2453 1987 2499 tunam
2005 2445 2177 2500 urbem
2199 2446 2407 2502 venisse
2427 2448 2635 2513 asserit,
2664 2457 2720 2503 et
2734 2447 2802 2503 de
2822 2450 3081 2505 miraculo
3101 2454 3374 2521 accepisse

147 2541 243 2593 hus
271 2549 366 2591 aut
393 2537 615 2606 pedibus
658 2533 1087 2605 appenderentur
1114 2534 1279 2604 (quod
1308 2534 1619 2603 quibusdam
1657 2534 1713 2588 in
1813 2538 1881 2592 ab
1908 2538 2129 2593 oculatis
2158 2538 2287 2607 ipsis
2317 2538 2539 2593 testibus
2568 2552 2687 2592 cum
2718 2538 2770 2593 in
2808 2553 2925 2593 eam
2954 2538 3239 2595 Orientalis
3266 2542 3372 2596 im-

147 2630 278 2682 locis
324 2627 392 2681 ad
441 2640 725 2696 puerorum
770 2623 1170 2693 castigationem
1223 2622 1338 2677 ﬁeri
1381 2622 1571 2693 8018!);
1617 2623 1713 2679 sed
1814 2628 1947 2698 perii
1987 2628 2321 2697 metrop‘olim
2361 2629 2556 2682 missus
2601 2637 2747 2683 esset
2778 2628 3189 2697 apocrisiarius,
3233 2633 3375 2699 quod

144 2719 452 2771 columnam
480 2714 674 2785 cogita,
701 2722 758 2768 ιιι
785 2714 836 2767 in
864 2712 1065 2769 Christi
1093 2711 1485 2782 ﬂacellatione:
1512 2721 1603 2767 ιιιι
1630 2728 1717 2783 pa-
1813 2720 1879 2773 ad
1906 2734 2100 2773 annum
2128 2717 2233 2772 585
2260 2716 2423 2772 relert
2448 2718 2704 2771 Baronius
2726 2732 2948 2771 numero
2968 2717 3055 2771 12.
3074 2718 3252 2773 Victor
3270 2720 3377 2774 Tu-

148 2806 371 2883 ιίυυιυυι
407 2818 503 2858 se“
544 2805 746 2881 ξηδοω
789 2803 1046 2873 ιίεηεειιι.
1089 2811 1149 2857 ιιι
1194 2803 1252 2857 in
1290 2804 1574 2857 Αιιιοηίηω
1603 2803 1716 2857 Vi!"
1817 2815 2073 2868 nunensis
2108 2812 2162 2866 in
2201 2810 2497 2875 Chronico,
2528 2810 2747 2865 Zenone
2768 2811 2903 2879 Aug.
2933 2813 3153 2865 consule
3180 2810 3377 2877 (alieno

148 2896 285 2963 ginis
332 2893 613 2963 martyrio,
660 2906 818 2961 quam
853 2890 1024 2963 (apud
1081 2890 1531 2963 Metaphrastem)
1560 2894 1718 2961 jussit

1823 2904 1942 2966 licet
1961 2903 2097 2972 loco)
2128 2918 2140 2954 :
2178 2901 2315 2968 Quos
2334 2903 2665 2969 confessores,
2703 2901 2894 2967 inquit,
2922 2902 3061 2969 quod
3084 2901 3270 2971 linguis
3288 2903 3377 2953 ab.

149 2984 337 3039 Festus
361 2984 604 3055 suspendi
629 2992 677 3037 et
704 2983 975 3037 uerberari.
1006 2980 1229 3052 Cumque
1255 2999 1282 3036 e
1309 2983 1449 3054 ligno
1478 2993 1603 3038 esset
1632 2985 1718 3038 de-

1823 2992 1987 3047 scissis
2011 2995 2228 3061 perfecte
2268 2990 2335 3041 ad
2364 2990 2513 3057 ﬁnem
2542 3004 2697 3055 usque
2716 2989 2871 3040 locuti
2912 2997 3057 3051 sunt,
3088 2988 3205 3042 urbs
3238 2993 3380 3058 regia

148 3078 338 3143 posita,
368 3086 475 3129 etc.
504 3074 755 3127 Miramur
774 3080 951 3127 autem
976 3073 1171 3141 pderos
1198 3073 1488 3140 castigandi
1514 3088 1717 3128 morem
1751 3132 1791 3147 η
1820 3082 2083 3135 attestatur
2106 3122 2120 3147 ,
2151 3081 2235 3132 ubi
2268 3094 2440 3131 eorum
2484 3093 2697 3146 corpora
2715 3078 2908 3145 jaccnl.
2941 3078 3073 3130 Tum
3108 3077 3173 3130 ad
3218 3078 3377 3133 linem

152 3178 285 3228 pene
327 3169 794 3223 momentaneum,
829 3161 1115 3227 paucisque
1161 3158 1213 3213 in
1253 3160 1383 3213 locis
1430 3175 1525 3213 usu
1564 3176 1716 3214 rece-

1823 3169 2092 3235 Chronici,
2122 3181 2261 3222 anno
2288 3166 2358 3220 40
2385 3167 2586 3233 nnperii
2610 3165 2892 3219 Jnstiniani
2916 3181 2931 3220 :
2962 3165 3259 3219 Theodorus
3287 3167 3383 3222 Cc-

152 3264 329 3321 ptum,
359 3266 394 3303 a
423 3250 553 3303 viris
579 3248 801 3303 eruditis
831 3248 883 3301 in
911 3249 1057 3301 orbis
1097 3246 1319 3301 Romani
1358 3249 1601 3315 praetoria
1638 3250 1718 3301 in-

1823 3261 2163 3313 barsusitanus
2207 3257 2468 3325 episcopus
2492 3296 2507 3319 ,
2547 3259 2783 3325 defensor
2817 3262 2969 3309 trium
3005 3258 3379 3326 capitulorum,

148 3344 299 3408 duci;
326 3344 417 3396 ubi
444 3354 725 3410 martyres,
755 3349 1097 3408 tyrannorum
1126 3347 1181 3392 et
1206 3336 1512 3391 carniﬁcum
1542 3338 1718 3393 lurore
1818 3351 2073 3404 causam
2084 3351 2254 3402 urbem
2267 3347 2474 3417 regiam,
2490 3361 2548 3398 eo
2568 3362 2735 3399 mense
2754 3357 2800 3398 et
2820 3348 2902 3398 die
2922 3362 3024 3415 quo
3050 3346 3379 3403 Justiniauu

154 3435 337 3487 tandiu
391 3444 605 3501 tamque
642 3431 893 3485 atrociter
935 3429 1098 3498 virgis
1140 3445 1203 3483 ac
1255 3428 1432 3497 ﬂagris
1472 3430 1718 3483 concide-

149 3530 385 3594 bantur,
434 3540 491 3580 ut
539 3538 910 3593 nonnunquam
956 3525 1117 3591 (licet
1156 3524 1410 3577 adversus
1456 3521 1721 3574 Romanas

154 3620 319 3687 leges)
347 3618 585 3670 animam
614 3628 735 3669 cum
764 3616 1021 3683 sanguine
1053 3613 1105 3666 in
1127 3627 1192 3667 eo
1215 3622 1476 3667 tormento
1504 3610 1721 3681 proluu-

152 3710 363 3763 tierent.

759 3795 979 3852 CAPUT
1016 3794 1127 3849 XV.

157 3915 231 3968 De
256 3913 637 3984 confessoribus
671 3912 852 3984 quibus
900 3909 1148 3984 Hunerici
1191 3912 1335 3984 iussu
1379 3925 1496 3984 cum
1537 3909 1725 3984 lingua:

220 3978 475 4037 radiantis
499 3978 693 4035 exciam
703 3981 933 4050 fuissent,
954 3980 1182 4047 expedite
1202 3978 1527 4045 nihilominus
1554 3978 1725 4044 loque-

222 4059 439 4106 bantur.

228 4165 414 4218 Victor
446 4162 586 4215 libro
628 4173 679 4212 tv
704 4174 720 4212 :
750 4156 864 4210 Rex
902 4154 1215 4218 Hunerictts,
1250 4152 1450 4222 inquit,
1479 4151 1724 4206 Comitem

157 4254 427 4321 quemdam
456 4262 575 4301 cum
597 4244 863 4298 iracundia
888 4243 1141 4311 dirigens,
1172 4244 1408 4311 praceth
1447 4250 1503 4292 ut
1539 4242 1593 4293 in
1623 4256 1726 4293 me-

160 4342 238 4393 dio
276 4342 416 4408 (oro,
453 4342 759 4405 congregata
794 4331 919 4385 illuc
947 4332 1082 4385 omni
1125 4334 1399 4400 provincia,
1432 4332 1628 4399 linguas
1655 4330 1725 4383 eis

160 4441 202 4481 et
253 4443 441 4481 manus
496 4426 702 4477 dextras
745 4423 989 4476 radicitus
1039 4421 1353 4474 abscidisset.
1413 4421 1563 4487 Quod
1610 4436 1725 4473 cum

163 4519 348 4585 factum
376 4518 589 4586 fuisset,
612 4512 816 4581 Spiritu
838 4522 1008 4566 sancto
1032 4520 1321 4582 pratstante,
1344 4513 1415 4564 ita
1435 4512 1588 4564 locuti
1612 4522 1730 4564 sunt

163 4620 204 4659 et
234 4610 544 4678 loquuntur,
572 4604 820 4668 quomodo
847 4611 994 4656 antea
1022 4604 1371 4671 loquebantur.
1405 4602 1510 4657 Sed
1536 4603 1580 4655 si
1619 4604 1731 4670 quis

164 4701 456 4754 incredulus
497 4710 604 4750 esse
636 4694 878 4757 voluerit,
926 4708 1099 4762 pergat
1144 4709 1275 4745 nunc
1304 4692 1731 4763 Constantinopo-

167 4789 268 4851 lim,
295 4799 344 4842 et
384 4789 459 4841 ibi
492 4785 707 4854 reperiet
742 4798 897 4835 unum
922 4782 985 4834 de
1020 4783 1143 4847 illis,
1174 4782 1534 4833 subdiaconem
1567 4783 1734 4849 Repa.

166 4889 349 4939 ratum,
379 4890 646 4929 sermones
670 4874 850 4940 politos
868 4874 976 4924 sine
999 4873 1105 4924 ulla
1124 4873 1399 4937 offensione
1423 4874 1733 4940 loquentem;

168 4968 222 5017 ob
249 4982 408 5033 quam
439 4978 655 5018 causam
675 4962 971 5015 venerabilis
998 4963 1209 5015 nimium
1234 4963 1286 5015 in
1305 4964 1497 5032 palatio
1520 4962 1736 5017 Zenonis

169 5058 493 5127 imperatoris
522 5054 759 5117 habetur,
780 5061 824 5106 et
849 5054 1099 5123 pracipue
1127 5055 1302 5127 regina
1323 5055 1450 5106 mira
1477 5071 1590 5107 eum
1612 5071 1740 5108 reve-

170 5149 327 5200 renda
351 5154 651 5198 veneratur.
679 5143 786 5197 Hos
807 5143 1140 5198 conlessores
1162 5144 1321 5198 luisse
1347 5159 1570 5198 numero
1592 5162 1740 5199 sesa-

172 5238 305 5305 ginta
340 5232 528 5289 Graeci
564 5228 803 5286 referunt
824 5231 875 5283 in
905 5246 1001 5287 suo
1028 5233 1321 5302 Menologio
1344 5243 1399 5287 et
1424 5232 1478 5287 in
1505 5234 1736 5288 Mensis.

174 5339 278 5388 non
305 5335 476 5387 fuisse
516 5336 697 5383 autem
727 5342 913 5381 omnes
946 5329 1223 5397 episcopos
1251 5330 1483 5383 ostendit
1512 5328 1691 5382 Victor
1716 5368 1734 5395 ,

177 5424 498 5491 lleparatum
544 5416 929 5472 subdiaconum
972 5416 1023 5469 in
1054 5431 1237 5471 eorum
1274 5418 1411 5471 serie
1450 5421 1736 5485 reponens.

178 5511 367 5565 tineas
412 5510 646 5563 Gaurus
675 5505 729 5558 in
762 5505 1129 5572 Theophrasto
1154 5545 1169 5569 ,
1202 5508 1356 5561 tertia
1388 5514 1507 5575 post
1533 5508 1738 5573 suppli-

179 5601 309 5654 cium
327 5600 421 5653 die
455 5598 510 5651 id
538 5594 646 5647 illis
672 5593 913 5647 beneﬁcii
941 5593 1189 5647 divinitus
1216 5595 1466 5648 collatum
1496 5594 1601 5647 ait.
1635 5609 1737 5646 non

182 5700 232 5742 ut
262 5692 471 5758 linguas
502 5686 823 5749 reciperent,
848 5681 938 5735 sed
960 5691 1015 5733 ut
1042 5690 1236 5751 absque
1261 5685 1467 5753 linguis,
1496 5686 1741 5749 articula-

544 5782 810 5839 l’s'rnon.
860 5777 1068 5835 ωἰη.

1819 3441 2068 3503 moritur;
2097 3448 2142 3492 et
2159 3442 2313 3509 juxta
2335 3437 2642 3504 confessores
2669 3430 2845 3493 quibus
2871 3435 3147 3505 Ugnericus
3172 3436 3381 3490 Vanda-

1821 3533 1985 3585 lorum
2014 3544 2105 3583 rea:
2143 3530 2343 3597 linguas
2385 3527 2972 3596 absciderat,sepelitur.
2993 3526 3144 3592 Quod
3169 3543 3297 3597 ergo
3322 3530 3381 3583 in

1820 3620 2035 3675 Menaeis
2068 3628 2119 3674 et
2146 3619 2199 3673 in
2240 3617 2535 3693 Menologio
2565 3617 2617 3670 hi
2650 3618 2896 3687 leguntur
2920 3656 2936 3682 ,
2964 3633 3059 3685 per
3082 3632 3269 3673 omnes
3302 3620 3386 3673 di-

1823 3712 1984 3766 tionis
2027 3711 2280 3764 Romanm
2318 3723 2439 3762 oras
2484 3707 2647 3761 fuisse
2690 3708 2949 3775 dispersi,
2981 3707 3066 3761 vel
3096 3708 3279 3777 accipe
3315 3709 3385 3762 de

1824 3804 2068 3867 transitu,
2090 3817 2211 3855 cum
2242 3812 2420 3855 essent
2450 3801 2501 3854 in
2531 3800 2722 3854 itinere
2749 3814 2842 3853 seu
2861 3800 3124 3859 terrestri.
3142 3815 3237 3854 seu
3266 3814 3383 3853 ma-

1824 3893 2003 3946 ritimo
2030 3891 2335 3960 priusquam
2367 3888 2878 3957 Constantinopolim
2909 3890 3268 3956 pervenirent;
3298 3890 3386 3943 vel

1824 3981 2053 4036 fortasse
2075 3980 2142 4034 de
2157 3992 2341 4034 eorum
2364 3978 2630 4032 nonnullis
2657 3979 2745 4045 qni
2775 3978 3086 4030 miraculum
3107 3993 3259 4031 suum
3283 3980 3387 4032 cir-

1825 4069 2184 4123 cumtulerint.
2224 4067 2354 4119 Nam
2397 4080 2464 4119 ex
2500 4066 2564 4118 iis
2609 4065 2890 4133 plerosque
2929 4066 3387 4133 Constantinopoli
3421 4064 3427 4069 ’

1824 4158 2033 4227 degisse
2056 4196 2072 4221 ,
2104 4158 2371 4229 vitamque
2407 4154 2601 4208 ibidem
2652 4154 2890 4223 exegisse
2910 4194 2926 4220 ,
2954 4170 3060 4208 non
3083 4156 3264 4209 sinunt
3282 4156 3387 4211 du-

1825 4248 1995 4303 bitare
2021 4254 2265 4299 auctores
2292 4244 2459 4297 citati.

1898 4335 1977 4391 Ex
2035 4335 2117 4389 his
2162 4333 2436 4403 sexaginta
2489 4329 2882 4386 confessoribus
2926 4330 3093 4385 luisse
3139 4315 3387 4401 Vigilium

1831 4426 2157 4495 Tapsensem
2201 4439 2295 4478 seu
2338 4423 2679 4491 Tapsitanum
2730 4421 3035 4489 episcopum
3083 4423 3391 4489 conjectura

1832 4526 1945 4578 est,
1971 4515 2110 4585 quod
2140 4526 2193 4567 et
2239 4524 2563 4571 memoretur
2590 4512 2777 4565 ultimo
2802 4513 2921 4565 loco
2950 4511 3091 4565 inter
3110 4512 3393 4581 episcopos

1836 4609 2121 4680 provinciae
2159 4607 2476 4675 Byzacente,
2501 4604 2587 4670 qui
2617 4601 2989 4667 Carthaginem
3023 4602 3090 4654 ab
3131 4601 3393 4656 Hunerieo

1836 4698 2037 4753 evocati
2059 4703 2419 4749 convenerunt
2440 4710 2453 4757 ;
2477 4703 2531 4747 et
2550 4691 3313 4760 scripseritConstantinopoli.
3333 4705 3393 4745 ut

1839 4807 1868 4844 a
1890 4790 2041 4843 nobis
2079 4786 2359 4855 probatum
2387 4794 2500 4851 est;
2535 4793 2712 4852 totque
2731 4792 2787 4839 et
2813 4782 2947 4835 tales
2977 4782 3138 4835 libros
3159 4782 3392 4851 scripse-

1839 4882 1929 4949 rit,
1951 4894 2045 4935 seu
2063 4876 2358 4941 dictaverit,
2381 4882 2575 4945 quotet
2590 4872 2770 4942 quales
2790 4886 2945 4926 nemo
2960 4871 3125 4940 (quod
3136 4873 3389 4939 sciamus)

1839 4985 1903 5023 ex
1932 4966 2075 5020 omni
2104 4965 2218 5034 ejus
2245 4964 2571 5033 collegarum
2600 4976 2843 5016 numero.
2892 4960 3045 5015 Unde
3081 4963 3276 5031 oppido
3302 4980 3396 5017 ve-

1840 5057 2059 5113 risimile
2080 5065 2162 5109 est
2191 5053 2354 5107 fuisse
2381 5053 2528 5107 illum
2554 5056 2607 5107 ix
2624 5060 2723 5106 τῶν
2747 5053 3065 5122 λογιωτάτων
3092 5054 3174 5119 (ιιι
3201 5052 3399 5106 habent

1840 5145 2058 5213 Menma)
2088 5143 2177 5211 qui
2205 5142 2270 5196 ad
2297 5143 2349 5195 id
2373 5142 2621 5210 supplicii
2642 5148 2767 5194 sunt
2791 5140 3013 5207 delecti,
3037 5153 3095 5194 ut
3115 5142 3309 5209 linguis
3333 5156 3398 5193 ac

1843 5234 2043 5289 dextris
2062 5233 2435 5296 multarentur,
2468 5246 2536 5285 ne
2558 5230 2725 5283 verbo
2744 5229 3009 5297 scriptove
3037 5230 3280 5283 haeresim
3302 5245 3401 5295 op-

1846 5334 2153 5397 pugnarent.
2188 5322 2382 5378 Verum
2411 5324 2544 5387 haec,
2576 5330 2630 5375 ut
2655 5321 2783 5384 dixi,
2813 5321 3111 5387 conjectura
3141 5328 3245 5380 est,
3275 5336 3397 5373 cum

1847 5422 1897 5470 iu
1926 5427 2071 5469 tanto
2106 5418 2422 5481 scriptorum
2446 5414 2657 5467 silentio
2693 5414 2779 5480 qui
2830 5413 3040 5464 nomina
3072 5410 3399 5475 singulorum

1847 5523 1948 5561 non
1994 5515 2409 5572 expresserunt,
2464 5516 2622 5570 supra
2676 5503 3031 5564 conjecturam
3082 5498 3212 5550 nihil
3272 5504 3399 5552 mini

1846 5595 2111 5650 alinlaeat.

1918 5687 1990 5740 Ex
2020 5687 2097 5740 his
2128 5685 2397 5752 sexaginta
2424 5682 2812 5737 coulessoribus
2836 5688 2968 5728 unus
2985 5672 3080 5727 fuit
3106 5675 3187 5745 (ut
3207 5679 3402 5732 habent

2974 5760 3011 5819 5
