3908 6418
455 339 557 394 ’39

1749 334 1990 407 νιετοῐι
2033 335 2347 392 \‘lTENSlS.

3550 333 3653 391 μυ

458 474 572 512 cum
607 455 896 524 Menulugiu
937 455 1114 510 Menea
1136 499 1149 524 ,
1179 463 1230 510 et
1277 455 1557 523 Gregorius
1597 453 1812 522 Magnus
1841 455 2001 506 citato
2030 462 2075 512 Α
2105 453 2304 504 ritanite
2339 451 2550 504 civitatis
2589 451 2846 518 episcopus
2881 452 3082 521 scripsit
3129 453 3390 506 adversum
3437 452 3650 503 Arianae

474 549 595 612 o'co)
629 538 718 612 qui
751 545 1025 613 prolapsus
1057 545 1106 598 in
1128 545 1300 600 carnis
1327 545 1600 614 ﬂagitium,
1627 544 1858 598 divinam
1887 557 1914 594 a
1946 557 2004 596 se

457 629 673 699 gratiam
697 627 908 700 repulit,
924 643 978 686 ut
1003 647 1104 687 non
1127 644 1302 702 posset
1323 635 1512 688 exinde
1531 633 1812 701 quidquam
1838 631 2000 699 loqui.

458 725 773 778 De'duobus
813 719 1036 792 idipsum
1080 735 1258 777 narrat
1295 720 1618 792 Proc0pius,
1647 723 1781 775 haud
1807 723 2005 789 alisque

456 810 651 866 erroris
686 823 775 865 aut
812 813 1071 866 mendacii
1117 813 1434 879 saspicimre.
1476 812 1737 865 Caeterum
1768 811 1852 865 vel
1883 812 2004 863 hinc

457 899 717 954 :esiimare
747 902 868 954 licet
907 917 1063 969 quam
1095 904 1254 953 ardua
1282 903 1352 953 sit
1370 902 1534 953 virtus
1557 899 1808 964 castitas;
1835 908 1890 952 et
1914 899 2002 952 illa

457 989 724 1058 Cypriani,
751 991 864 1042 sive
885 990 1129 1057 Urigenis
1157 990 1314 1043 verba
1341 990 1594 1057 replicare
1623 988 1756 1043 libuo
1787 988 1854 1041 de
1879 987 2000 1042 Sin-

457 1078 731 1144 gulat‘itale
752 1077 1090 1142 clericorum,
1111 1078 1245 1131 haud
1271 1079 1422 1146 longe
1451 1077 1522 1131 ab
1545 1077 1690 1132 initio
1715 1095 1726 1128 :
1755 1076 1892 1130 Mors
1917 1092 2004 1145 per

459 1172 696 1234 fent'nant
723 1170 886 1222 adhuc
914 1186 1067 1238 usque
1089 1182 1368 1237 grauatur.
1404 1168 1619 1222 Mentior
1636 1209 1653 1237 ,
1683 1171 1728 1222 si
1749 1185 1846 1222 non
1871 1170 2006 1222 vide-

460 1272 567 1308 mus
598 1259 1020 1312 mind/interitus
1038 1258 1388 1325 plurimorum.
1413 1261 1602 1324 Quanti
1630 1271 1672 1314 et
1695 1261 1866 1328 quales
1892 1261 2002 1328 epi-

461 1346 621 1410 scopi,
653 1356 694 1396 et
721 1345 888 1398 clerici
908 1347 1124 1399 simulet
1150 1348 1287 1404 laici.
1315 1355 1424 1414 post
1453 1349 1823 1417 confessionum
1849 1351 2005 1402 ricta-

462 1436 745 1499 riarumque
795 1433 987 1485 calcata
1013 1435 1283 1487 certamina
1306 1475 1321 1499 ,
1354 1444 1462 1500 post
1505 1436 1754 1502 magnalia
1790 1445 1834 1487 et
1863 1437 2006 1504 signa

464 1523 538 1573 cel
565 1523 813 1574 mirabilia
851 1539 1198 1591 usqurquaque
1233 1533 1542 1589 monstrata,
1582 1533 1854 1576 noscuntur
1892 1539 2004 1575 cunt

465 1611 541 1664 bis
589 1612 815 1663 omnibus
859 1613 1212 1680 naufragasse,
1258 1629 1372 1664 cum
1399 1612 1571 1664 uolunt
1605 1613 1656 1664 in
1693 1613 1807 1664 navi
1837 1612 2005 1681 fragili

465 1703 733 1770 navigare!
766 1703 992 1764 (tuentes
1034 1703 1197 1756 leones
1227 1702 1418 1755 domuit
1449 1718 1552 1754 una
1576 1702 1828 1755 muliebris
1857 1702 2007 1768 inﬁr-

2103 541 2284 593 librum
2311 555 2466 592 unum
2498 551 2544 592 et
2583 542 2785 609 longum
2803 580 2818 604 ,
2846 556 2990 610 quem
3015 539 3279 593 Genserico
3300 540 3404 610 regi
3438 539 3646 592 Vanda-

2102 629 2268 681 lorum
2315 645 2401 696 per
2445 646 2560 683 suos
2591 631 2898 683 audiendum
2944 631 3141 694 obtulit,
3165 632 3292 683 sicut
3321 646 3382 682 ea:
3408 630 3648 696 promis

2103 719 2215 770 libri
2245 719 2400 787 ipsius
2441 715 2613 772 didici.
2662 719 2876 785 Scripsit
2921 730 2966 771 et
3013 721 3074 772 de
3119 722 3404 784 pcenitentia
3448 721 3650 786 publica

2103 807 2306 873 librum,
2345 810 2397 861 in
2439 825 2536 876 quo
2560 818 2608 861 et
2646 812 2869 877 regulam
2895 812 3089 865 vivendi
3127 812 3468 879 penitentibus
3505 813 3649 873 iuxta

2103 899 2482 967 Scripturarum
2527 901 2874 954 auctoritatem
2920 903 3094 954 statuit
3141 916 3160 953 :
3202 908 3249 952 et
3293 902 3359 953 ad
3402 898 3650 952 Basiliunr

2101 992 2361 1054 quemdam
2382 1004 2532 1056 super
2554 999 2758 1042 mortem
2782 991 2875 1056 ﬁlii
2888 991 3274 1042 consolatoriam
3292 988 3540 1054 libellum,
3560 1003 3649 1055 spe

2103 1080 2474 1131 resurrectionis
2493 1078 2714 1148 perfecta
2745 1080 3070 1132 instructions
3099 1080 3364 1132 munitum.
3397 1078 3650 1132 Homilias

2102 1168 2252 1220 etiam
2269 1169 2544 1237 composuit
2561 1169 2762 1234 multas,
2792 1185 2958 1238 quasa
2980 1170 3216 1236 fratribus
3234 1170 3412 1223 salutis
3434 1169 3651 1237 propria

2102 1259 2349 1322 sollicitis,
2363 1259 2414 1311 in
2435 1259 2573 1311 libris
2594 1259 2808 1326 digestas
2829 1261 3012 1312 servari
3041 1261 3266 1329 cognoui.
3297 1261 3417 1313 Hac
3439 1259 3650 1313 Genna-

2104 1347 2238 1400 dius.
2267 1346 2414 1413 Quod
2431 1361 2554 1420 vero
2570 1349 2750 1400 Petrus
2767 1347 3036 1415 Equilinus
3057 1348 3120 1400 ad
3139 1364 3207 1400 xu
3228 1349 3473 1402 calendas
3493 1348 3651 1401 Maias

2104 1437 2428 1503 ejusobitum
2447 1437 2738 1501 adnotavit,
2763 1437 2934 1490 hausit
2963 1437 3184 1492 iortasse
3208 1453 3273 1491 ex
3297 1439 3487 1492 tabulis
3499 1437 3653 1492 Cala-

2105 1528 2307 1594 ritanis,
2325 1543 2439 1596 quae
2456 1542 2518 1579 ea
2545 1528 2652 1593 ipsa
2674 1527 2758 1580 die
2775 1527 3039 1579 Victorem
3057 1527 3336 1594 quemdam
3357 1536 3655 1583 memorant

2096 1615 2177 1669 ibi
2206 1616 2519 1683 depositum.
2567 1616 2642 1668 Ex
2669 1616 2769 1670 hoc
2802 1615 2944 1669 fonte
2967 1616 3174 1670 turbido
3201 1615 3385 1684 (Petri,
3412 1617 3650 1685 inquam,

2106 1705 2330 1773 Equilini
2363 1704 2684 1773 testimonio)
2716 1705 2987 1771 multiplex
3017 1705 3068 1757 in
3110 1706 3435 1758 recentiores
3469 1718 3655 1757 mana~

467 1796 610 1845 mitas
638 1792 889 1857 delicata;
926 1809 1037 1862 qua
1065 1808 1181 1846 cum
1199 1795 1262 1848 sit
1282 1794 1392 1846 vilis
1425 1804 1470 1846 et
1498 1794 1702 1857 misera,
1722 1795 1783 1845 de
1809 1793 2004 1862 magnis
2033 1794 2080 1852 B
2107 1793 2180 1846 vit
2205 1795 2526 1847 allucinatio.
2563 1794 2766 1846 Etenim
2798 1793 3114 1847 Maurolicus
3140 1792 3307 1851 abbas
3335 1793 3542 1847 Siculus
3571 1806 3655 1846 ea-

466 1882 607 1950 rfﬁcit
629 1882 854 1951 prax’am
868 1882 888 1934 .'

1038 1969 1258 2023 CAPUT
1299 1969 1432 2022 XVI.

573 2058 744 2109 Victor
767 2059 1022 2124 episcOpus
1052 2055 1266 2110 Vitensis
1295 2075 1360 2110 an
1386 2069 1590 2110 sanctus
1627 2058 1921 2111 vindicatus.

540 2147 722 2200 Restat
749 2146 971 2212 quaestio
1002 2146 1137 2199 haud
1187 2147 1318 2199 levis
1348 2148 1629 2213 momenti,
1679 2147 1746 2201 de
1793 2147 2016 2202 Victoris

470 2238 634 2290 nostri
658 2225 965 2304 apotheosi;
997 2238 1063 2291 de
1089 2252 1186 2302 qua
1219 2237 1317 2291 hoc
1345 2246 1544 2290 tantum
1575 2238 1694 2293 dico
1721 2277 1737 2302 ,
1759 2237 1903 2291 nullo
1931 2253 2015 2292 me

471 2335 552 2378 sat
587 2326 736 2379 lirmo
776 2326 1100 2393 antiquitatis
1128 2325 1427 2378 testimonio
1457 2326 1643 2380 fulcire
1670 2328 1808 2380 illam
1840 2342 2014 2396 posse.

470 2416 592 2469 Scio
617 2417 666 2468 in
695 2416 920 2481 antiquis
947 2414 1147 2488 aliquot
1175 2414 1444 2468 codicibus
1475 2415 1631 2468 tribui
1662 2429 1793 2481 opus
1817 2415 1883 2467 de
1910 2430 2020 2481 per-

469 2505 736 2559 secutione
775 2504 1020 2557 Africana
1065 2513 1247 2564 sancto
1278 2503 1470 2556 Victori
1506 2504 1786 2570 episcopo;
1812 2502 1902 2555 sed
1937 2503 2018 2564 hic

471 2596 652 2649 titulus
677 2613 702 2645 a
725 2595 1064 2657 librariisest,
1095 2606 1253 2658 penes
1281 2606 1410 2660 quos
1438 2592 1579 2644 nulla
1598 2599 1680 2645 est
1709 2591 2014 2658 auctoritas,

470 2696 770 2736 Sanctorum
811 2683 998 2734 canoni
1037 2695 1349 2749 quemquam
1380 2679 1717 2736 inscribendi.
1755 2680 1865 2734 Mea
1903 2681 2018 2748 qui-

472 2773 590 2825 dem
637 2773 935 2837 conjectura
977 2778 1091 2831 est,
1121 2769 1264 2822 illum
1292 2769 1451 2821 vitam
1481 2777 1659 2822 sancte
1704 2770 1940 2837 exegisse
1966 2769 2016 2822 in

473 2861 735 2921 Sardinia,
759 2875 876 2912 cum
899 2865 1040 2912 esset
1061 2857 1255 2925 primas
1284 2858 1618 2926 Byzacenus;
1644 2865 1802 2924 atque
1825 2858 2016 2910 ibidem

472 2952 732 3018 sepultum
753 2965 871 3002 esse
892 2950 1027 3002 inter
1049 2957 1126 3000 tot
1146 2949 1274 3001 alios
1307 2949 1517 3010 heroes,
1541 2936 1620 3000 vel
1651 2949 1908 3010 advenas,
1935 2949 2018 3001 vel

475 3041 761 3108 indigenas,
812 3039 876 3090 de
907 3037 1094 3104 quibus
1131 3041 1292 3088 multa
1324 3037 1536 3102 collegit
1578 3036 1808 3090 Iacobus
1839 3036 2019 3088 Pintus

2113 1881 2233 1934 dem
2263 1882 2347 1935 die
2377 1882 2569 1947 Aprilis
2594 1881 2842 1948 vigesima
2863 1881 2940 1933 sic
2961 1881 3117 1935 habet
3142 1881 3194 1935 in
3221 1896 3318 1934 suo
3347 1879 3655 1949 martyroio-

2113 1973 2198 2041 gio
2227 1989 2240 2026 :
2264 1971 2393 2026 Item
2423 1973 2634 2026 Victoris
2659 1972 3063 2043 Carthaginensis
3089 1975 3329 2042 episcOpi,
3353 1975 3446 2026 viri
3467 1975 3655 2027 doctis-

2111 2063 2245 2122 simi,
2275 2073 2492 2130 tempore
2514 2063 2763 2114 Anastasii
2791 2063 3120 2129 imperatoris.
3147 2062 3332 2116 Petrus
3360 2061 3658 2116 Galesinius

2113 2148 2376 2205 Victorem
2405 2151 2541 2204 hunc
2573 2167 2634 2204 ex
2667 2150 3059 2217 Carthaginensi
3096 2151 3392 2205 Uticensem
3424 2151 3523 2204 sibi
3555 2152 3658 2204 lin-

2113 2239 2221 2302 xit;
2248 2240 2322 2291 sic
2346 2239 2484 2292 enim
2518 2239 2582 2291 ait
2605 2239 2670 2291 ad
2690 2239 2934 2292 eamdem
2954 2239 3091 2292 diem
3123 2240 3317 2306 Aprilis
3341 2239 3408 2292 90
3437 2255 3451 2292 :
3504 2239 3659 2293 Utic¢

2113 2327 2164 2378 in
2197 2327 2385 2392 Africa,
2421 2327 2478 2380 S.
2521 2327 2736 2380 Victoris
2766 2328 2983 2393 episcopi
3011 2339 3056 2380 et
3086 2330 3405 2396 confessoris.
3440 2329 3660 2382 Dubita-

2116 2415 2189 2464 vit
2216 2414 2482 2481 Philippus
2514 2415 2786 2468 Ferrarius
2815 2429 2968 2481 quam
2995 2428 3053 2467 se
3094 2415 3145 2467 in
3174 2426 3374 2481 partem
3398 2425 3658 2478 verteret;

2117 2509 2395 2569 utrumque
2420 2503 2554 2554 enim
2587 2501 2723 2554 hunc
2743 2511 3008 2556 auctorem
3040 2490 3209 2556 citans
3230 2505 3280 2556 in
3311 2503 3549 2572 catalogo
3573 2519 3658 2571 ge-

2118 2589 2281 2642 nerali
2319 2599 2618 2644 sanctorum
2650 2592 2734 2659 qui
2775 2607 2879 2644 non
2904 2599 3024 2645 sunt
3066 2592 3117 2644 in
3160 2593 3532 2662 Martyrologio
3557 2592 3660 2645 Ro-

2118 2693 2292 2742 mano,
2325 2679 2585 2734 Victorem
2622 2695 2794 2748 neque
2820 2681 3286 2748 Carthaginiensem
3308 2674 3426 2733 dum
3457 2681 3662 2734 Mauro-

2119 2767 2253 2833 lico,
2296 2782 2462 2834 neque
2486 2782 2606 2820 cum
2646 2768 2910 2822 Galesinio
2939 2768 3261 2833 Uticensem,
3296 2769 3388 2824 sed
3414 2771 3464 2823 in
3487 2769 3661 2825 Africa

2117 2856 2418 2924 episcopum
2446 2856 2610 2920 dixit;
2639 2858 2845 2922 utrique
2869 2872 3091 2912 concors
3111 2897 3126 2922 ,
3149 2867 3200 2912 et
3232 2859 3468 2926 neutrius
3492 2861 3660 2913 errori

2118 2946 2472 2999 subscribens.
2498 2945 2560 2998 In
2583 2947 2756 3015 Africa
2783 2947 2973 3015 (inquit
3005 2948 3090 3000 die
3115 2948 3184 3000 20
3205 2947 3421 3016 Aprilis)
3444 2949 3506 3002 S.
3545 2947 3650 3001 γε.)

2120 3035 2241 3086 toris
2287 3035 2525 3103 episcopi.
2556 3034 2624 3087 At
2669 3035 2929 3089 Baronius
2971 3035 3106 3089 hanc
3137 3036 3366 3105 Scyllam
3395 3037 3664 3091 declinare

472 3129 525 3178 in
552 3143 712 3192 opere
738 3128 802 3178 de
824 3127 1032 3178 Christo
1063 3126 1333 3190 cruciﬁxo,
1359 3126 1450 3178 lib.
1479 3141 1560 3188 ιιι,
1592 3127 1670 3178 tit.
1695 3126 1727 3176 4
1746 3163 1760 3187 ,
1783 3125 1899 3177 loco
1933 3125 2014 3178 12.
2044 3113 2086 3171 C
2120 3126 2285 3188 nisus,
2308 3123 2446 3176 haud
2473 3125 2599 3177 satis
2625 3125 2808 3178 vitavit
2831 3117 3180 3194 Charybdim;
3209 3126 3272 3179 ad
3302 3126 3440 3179 diem
3467 3127 3663 3180 mensis

477 3215 670 3268 Verum
712 3229 802 3278 per
843 3214 985 3265 initia
1031 3215 1200 3265 oetavi
1248 3224 1363 3280 post
1402 3214 1665 3266 Christum
1711 3213 1923 3273 smculi,
1969 3223 2023 3266 et

476 3321 613 3356 anno
653 3303 846 3354 Christi
895 3302 993 3355 790
1031 3303 1109 3371 (ut
1158 3305 1420 3355 existimat
1463 3303 1686 3370 Piutus),
1727 3303 2018 3356 Sardiniam

475 3393 865 3446 devastantibus
894 3393 1222 3454 Sarraceuis,
1253 3392 1322 3443 ita
1356 3392 1544 3443 turbati
1566 3401 1687 3443 sunt
1716 3403 1789 3443 tot
1815 3403 2021 3442 sancto-

475 3498 586 3536 rum
614 3483 829 3544 tumuli,
862 3491 918 3533 ut
945 3481 1185 3532 maximae
1214 3480 1420 3530 illorum
1472 3479 1632 3542 partis
1665 3480 1802 3530 nulla
1827 3489 2022 3531 restent

473 3581 614 3625 certa
648 3571 862 3635 vestigia
886 3607 902 3630 ,
935 3568 1168 3632 adeoque
1218 3581 1318 3618 nec
1355 3566 1582 3618 Victoris
1615 3568 1880 3630 Vitensis;
1929 3585 2023 3623 nec

476 3661 577 3712 ulla
628 3671 748 3709 sunt
802 3656 962 3724 (quod
1009 3654 1193 3720 sciam)
1237 3665 1470 3708 veterum
1516 3657 1904 3724 Martyrologia,
1936 3669 2025 3712 aut

479 3749 831 3800 Ecclesiarum
872 3746 1098 3810 antiqua:
1139 3745 1327 3798 tabulae
1353 3761 1468 3813 quae
1496 3745 1562 3799 de
1609 3746 1697 3798 illo
1724 3757 2022 3801 sanctorum

475 3836 622 3889 lastis
649 3839 875 3901 ascripto
914 3834 1066 3886 [idem
1097 3834 1306 3888 iaciant.
1341 3835 1525 3888 Petrus
1552 3835 1831 3903 episc0pus
1863 3838 2022 3902 Equi-

477 3927 612 3977 lintts
646 3925 694 3974 in
726 3924 963 3990 catalogo
986 3933 1283 3976 sanctorum
1317 3924 1406 3976 lib.
1437 3939 1518 3986 tv,
1543 3939 1659 3988 cap.
1693 3926 1786 3987 70,
1823 3924 2019 3991 Victor,

475 4016 677 4081 inquit,
735 4013 1196 4082 Cartltaginensium
1259 4014 1516 4080 episcOpus
1579 4015 1751 4082 ﬂoruit
1809 4025 2024 4084 tempore

474 4103 727 4153 Anastasii
777 4102 1089 4169 imperatoris
1137 4117 1154 4153 :
1205 4101 1290 4168 qui
1336 4101 1609 4167 praeclarus
1656 4103 1923 4154 virtutibus
1975 4111 2022 4154 et

475 4192 697 4243 doctrina
719 4192 832 4256 fuit.
858 4190 1333 4242 AdversusArianos
1355 4192 1631 4255 composuit
1646 4190 1826 4241 librum
1845 4207 2018 4240 unum.

473 4279 548 4331 De
584 4279 866 4344 paenitentia
912 4280 1093 4330 librum
1131 4293 1321 4339 unum,
1369 4278 1419 4327 in
1446 4292 1546 4343 quo
1584 4279 1776 4328 vivendi
1801 4279 2021 4344 regulam

478 4367 991 4433 pmnitentibusjuxta
1018 4362 1392 4430 Scripturarum
1413 4365 1760 4414 auctoritatem
1781 4365 2018 4415 instituit.

2122 3208 2336 3278 Augusti
2379 3211 2447 3266 25
2474 3231 2486 3264 :
2526 3212 2686 3266 Uticte
2714 3213 2765 3265 in
2797 3214 2969 3280 Africa
2991 3251 3008 3277 ,
3037 3215 3236 3279 inquit,
3293 3215 3420 3267 beati
3448 3213 3663 3266 Victoris

2121 3304 2368 3368 episwpi;
2397 3319 2424 3356 a
2462 3318 2567 3369 quo
2595 3313 2648 3356 et
2683 3304 3029 3370 conscriptam
3062 3303 3341 3358 Historiam
3366 3304 3665 3358 Vandalicas

2123 3393 2172 3444 in
2229 3392 2401 3443 Attica
2455 3392 2838 3458 persecutionis
2889 3391 3116 3459 affirmat
3152 3393 3203 3445 in
3253 3393 3426 3453 notis:
3456 3391 3521 3444 de
3556 3406 3663 3460 quo

2124 3489 2293 3532 tamen
2329 3481 2538 3532 Victore
2570 3482 2760 3533 mirum
2797 3490 2880 3534 est
2920 3495 3019 3535 nec
3057 3481 3273 3535 verbum
3314 3481 3426 3534 ﬁeri
3457 3481 3660 3549 uspiam

2123 3570 2257 3636 apud
2290 3571 2479 3623 Bedam
2506 3613 2520 3636 ,
2553 3569 2849 3624 Usuardum
2877 3610 2891 3634 ,
2920 3571 3155 3626 Adonem
3182 3611 3197 3633 ,
3229 3571 3498 3626 Rabanum
3523 3571 3663 3625 Mau-

2125 3674 2261 3722 rum,
2307 3660 2541 3726 aliosque
2571 3660 2829 3726 antiquos.
2879 3660 3100 3713 Tantum
3145 3660 3196 3714 in
3238 3660 3478 3716 Usuardo
3523 3662 3664 3716 edito

2123 3745 2352 3799 Colonia:
2378 3745 2440 3797 ad
2464 3760 2657 3798 annum
2674 3747 2828 3810 1521,
2847 3760 2911 3800 ea
2941 3747 3025 3802 die
3047 3748 3263 3816 Augusti
3291 3749 3387 3814 2'5,
3413 3751 3490 3803 sic
3511 3750 3661 3818 lego:

2123 3834 2417 3886 Cenomanis
2457 3834 2662 3888 Victoris
2679 3837 2894 3904 episcopi
2915 3845 2959 3887 et
2987 3839 3287 3906 confessoris
3303 3855 3323 3903 ;
3343 3853 3463 3894 cum
3485 3847 3662 3894 tamen

2125 3923 2346 3975 Victoris
2396 3937 2487 3976 seu
2517 3923 2734 3977 Victorii
2761 3923 3170 3979 Cenomanensis
3197 3927 3532 3981 meminerint
3563 3928 3663 3981 alia

2123 4015 2487 4084 Martyrologia
2529 4015 2591 4066 ad
2640 4014 2886 4069 calendas
2925 4015 3270 4084 Septembris.
3300 4016 3355 4070 ln
3383 4016 3483 4071 hoc
3509 4018 3664 4085 igitur

2123 4107 2279 4158 totius
2308 4106 2630 4173 antiquitatis
2677 4105 2892 4159 silentio
2913 4147 2927 4171 ,
2961 4119 3126 4160 sacrae
3146 4105 3358 4160 ltituum
3381 4119 3666 4174 congrega-

2123 4193 2249 4243 tioni
2304 4193 2706 4258 expendendum
2747 4193 3121 4260 relinquimus,
3170 4209 3294 4248 num
3344 4195 3520 4250 Victor
3572 4209 3666 4249 seu

2123 4279 2379 4340 Vitenais,
2411 4281 2524 4333 sive
2565 4280 2822 4334 Uticensis
2847 4285 3124 4350 episcopus
3143 4322 3158 4347 ,
3193 4294 3375 4339 auctor
3399 4284 3573 4352 operis
3601 4284 3668 4338 de

2126 4365 2491 4417 Persecutione
2512 4365 2754 4419 Africana
2767 4368 2864 4421 sub
2885 4368 3150 4426 Geiserico
3169 4381 3222 4426 et
3245 4372 3507 4428 llunerico
3522 4372 3665 4425 Vatu-

477 4457 557 4507 Ad
587 4454 835 4506 Basiliam
877 4454 1137 4520 quemdam
1185 4467 1333 4518 super
1381 4461 1587 4503 mortem
1631 4452 2020 4503 consolatoriam
2048 4433 2098 4490 Β
2125 4451 2359 4504 dalorum
2385 4452 2613 4519 regibuS,
2638 4453 3067 4523 ritevindicatus,
3098 4466 3154 4512 et
3178 4459 3230 4513 in
3256 4467 3557 4514 sanctorum
3577 4472 3664 4513 ca-

479 4545 661 4596 librum
684 4559 837 4594 unum
860 4582 873 4603 ,
904 4557 990 4607 spe
1016 4540 1390 4592 resurrectionis
1418 4539 1709 4606 perfectum,
1734 4549 1778 4590 et
1806 4540 2022 4592 instruc-

477 4635 610 4684 tions
654 4632 915 4682 munitum.
947 4628 1198 4680 Homilias
1229 4629 1377 4678 etiam
1397 4643 1506 4689 qum
1529 4646 1558 4679 a
1581 4629 1815 4696 fratribus
1845 4629 2021 4681 salutis

470 4725 692 4792 propria:
719 4721 969 4784 sollicitis,
999 4722 1049 4771 in
1076 4720 1212 4770 libris
1237 4704 1439 4785 digesta?
1462 4729 1741 4771 servantur.
1767 4721 1865 4782 Qui
1885 4729 1930 4771 et
1948 4734 2017 4772 xu

476 4806 710 4861 calendas
728 4809 854 4860 Maii
879 4809 1038 4859 carnis
1063 4807 1279 4858 debitum
1297 4809 1458 4858 solvit.
1487 4808 1677 4860 [tetulit
1705 4809 1799 4859 ista
1833 4808 2017 4860 Petrus

460 4917 536 4964 ,ex
568 4899 857 4964 Gennadin,
908 4913 1023 4964 cap.
1078 4899 1142 4949 77
1173 4936 1187 4960 ,
1246 4899 1338 4949 scd
1391 4913 1570 4964 parum
1619 4899 1853 4960 sincere;
1899 4912 2016 4949 nam

479 4990 742 5042 Victorem
800 5003 892 5054 pro
941 4987 1279 5041 Cartennensi
1330 4989 1647 5041 Mauritania:
1683 4989 2017 5043 Cresariensis

476 5079 724 5142 episcopo
755 5075 962 5141 scripsit
991 5072 1508 5141 Carthaginensem;
1539 5087 1589 5129 et
1620 5078 1860 5131 ﬂoruisse
1890 5079 2022 5130 ditit

472 5173 714 5231 tempore
766 5165 1024 5216 Anastasii
1070 5165 1436 5231 imperatoris,
1483 5181 1599 5218 cum
1643 5169 1707 5219 ad
1747 5168 2019 5235 superiora

479 5256 733 5309 Geiserici
752 5255 1098 5308 Vandalorum
1129 5257 1265 5313 regis
1286 5266 1515 5323 tempora
1531 5267 1669 5311 esset
1694 5260 2014 5313 referendus.

477 5336 801 5399 Geunadium
831 5341 997 5413 ipsum
1027 5343 1144 5396 audi
1179 5360 1192 5395 :
1223 5343 1407 5408 Victor,
1441 5347 1540 5410 ait,
1584 5345 1842 5401 Cartcnna:
1869 5349 2017 5401 Slau-

2126 4555 2314 4594 noncm
2344 4542 2535 4594 relatus
2564 4543 2767 4597 censeri
2795 4545 2978 4612 possit.

2680 4693 2898 4749 CAPUT
2935 4694 3095 4749 XVII.

2132 4820 2394 4873 Variantcs
2416 4821 2606 4887 aliquot
2620 4823 2850 4876 lectiOnes
2870 4839 2932 4875 ea:
2952 4825 3122 4877 codice
3144 4841 3238 4877 ms.
3257 4827 3522 4880 cartltusia:
3539 4826 3664 4880 Por-

2195 4901 2389 4962 tarum,
2419 4890 2484 4962 ad
2517 4889 2733 4962 Victoris
2763 4891 2976 4946 Vitensis
3001 4896 3218 4962 episc0pi
3246 4910 3369 4960 opus
3397 4897 3458 4948 de
3490 4895 3663 4950 Perse-

2195 4959 2388 5010 cutione
2415 4959 2672 5026 Africana.

2189 5090 2204 5145 l
2221 5088 2260 5136 li
2266 5100 2352 5135 anc
2368 5091 2625 5151 variantum
2639 5090 2894 5138 lectionum
2911 5091 3282 5151 descriptionem
3297 5095 3513 5142 consulto
3529 5097 3663 5141 omit-

2123 5150 2267 5213 gmiis
2306 5155 2470 5213 utpote
2516 5148 2684 5213 lectori
2723 5152 2917 5198 minime
2961 5148 3344 5213 desiderabilem,
3384 5156 3455 5202 cui
3481 5162 3662 5200 textum

2121 5207 2442 5255 Ruinartianas
2485 5208 2703 5258 editionis
2745 5213 3177 5261 emendatissimum
3200 5215 3247 5261 in
3274 5207 3361 5262 hac
3384 5218 3538 5263 nostra
3564 5213 3666 5260 sdi-

2123 5271 2253 5316 tioue
2278 5267 2624 5316 exhibebimus.
2661 5269 2794 5318 Eorr.
2816 5270 2832 5331 )

1763 5533 2962 5559 ἔν’-ΨΜ
