  <div class='ocr_page' id='page_1' title='image "/cluster/home/n/w/nwhite01/storage/ocr_20150623/58-59/uc1.31175013991289/078.png"; bbox 0 0 3908 6386; ppageno 0'>
   <div class='ocr_carea' id='block_1_1' title="bbox 197 426 283 481">
    <p class='ocr_par' dir='ltr' id='par_1_1' title="bbox 197 426 283 481">
     <span class='ocr_line' id='line_1_1' title="bbox 197 426 283 481; baseline -0.023 0"><span class='ocrx_word' id='word_1_1' title='bbox 197 426 283 481; x_wconf 79' lang='grc'><strong>111</strong></span> 
     </span>
    </p>
   </div>
   <div class='ocr_carea' id='block_1_2' title="bbox 1524 420 2036 476">
    <p class='ocr_par' dir='ltr' id='par_1_2' title="bbox 1524 420 2036 476">
     <span class='ocr_line' id='line_1_2' title="bbox 1524 420 2036 476; baseline -0.008 -1"><span class='ocrx_word' id='word_1_2' title='bbox 1524 420 2036 476; x_wconf 72' lang='grc' dir='ltr'><strong>ΡῐὶΟιΕῦΟΜΕΝΛ.</strong></span> 
     </span>
    </p>
   </div>
   <div class='ocr_carea' id='block_1_3' title="bbox 3288 420 3387 474">
    <p class='ocr_par' dir='ltr' id='par_1_3' title="bbox 3288 420 3387 474">
     <span class='ocr_line' id='line_1_3' title="bbox 3288 420 3387 474; baseline -0.01 0"><span class='ocrx_word' id='word_1_3' title='bbox 3288 420 3387 474; x_wconf 69' lang='grc'><strong>142</strong></span> 
     </span>
    </p>
   </div>
   <div class='ocr_carea' id='block_1_4' title="bbox 206 546 3388 574">
    <p class='ocr_par' dir='ltr' id='par_1_4' title="bbox 206 546 3388 574">
     <span class='ocr_line' id='line_1_4' title="bbox 206 546 3388 574; baseline 0.004 -14"><span class='ocrx_word' id='word_1_4' title='bbox 206 546 3388 574; x_wconf 50' lang='lat' dir='ltr'>ww</span> 
     </span>
    </p>
   </div>
   <div class='ocr_carea' id='block_1_5' title="bbox 1154 652 2393 738">
    <p class='ocr_par' dir='ltr' id='par_1_5' title="bbox 1154 652 2393 738">
     <span class='ocr_line' id='line_1_5' title="bbox 1154 652 2393 738; baseline -0.004 0"><span class='ocrx_word' id='word_1_5' title='bbox 1154 652 1750 738; x_wconf 65' lang='lat' dir='ltr'><strong>PREFATIO</strong></span> <span class='ocrx_word' id='word_1_6' title='bbox 1823 655 2393 737; x_wconf 80' lang='lat' dir='ltr'><strong>SIRMONDI</strong></span> 
     </span>
    </p>
   </div>
   <div class='ocr_carea' id='block_1_6' title="bbox 1086 810 2461 889">
    <p class='ocr_par' dir='ltr' id='par_1_6' title="bbox 1086 810 2461 889">
     <span class='ocr_line' id='line_1_6' title="bbox 1086 810 2461 889; baseline -0.003 -14"><span class='ocrx_word' id='word_1_7' title='bbox 1086 816 1167 875; x_wconf 80' lang='lat' dir='ltr'><strong>In</strong></span> <span class='ocrx_word' id='word_1_8' title='bbox 1214 813 1535 889; x_wconf 70' lang='lat' dir='ltr'><strong>historiam</strong></span> <span class='ocrx_word' id='word_1_9' title='bbox 1599 810 1949 873; x_wconf 75' lang='lat' dir='ltr'><strong>Vandalicas</strong></span> <span class='ocrx_word' id='word_1_10' title='bbox 1994 812 2461 889; x_wconf 72' lang='lat' dir='ltr'><strong>persecutionis.</strong></span> 
     </span>
    </p>
   </div>
   <div class='ocr_carea' id='block_1_7' title="bbox 252 1056 3383 1131">
    <p class='ocr_par' dir='ltr' id='par_1_7' title="bbox 252 1056 3383 1131">
     <span class='ocr_line' id='line_1_7' title="bbox 252 1056 3383 1131; baseline 0.003 -18"><span class='ocrx_word' id='word_1_11' title='bbox 252 1062 291 1115; x_wconf 92' lang='lat' dir='ltr'><strong>l.</strong></span> <span class='ocrx_word' id='word_1_12' title='bbox 346 1060 487 1131; x_wconf 74' lang='lat' dir='ltr'><strong>inter</strong></span> <span class='ocrx_word' id='word_1_13' title='bbox 516 1062 821 1115; x_wconf 84' lang='lat' dir='ltr'><strong>innumeras</strong></span> <span class='ocrx_word' id='word_1_14' title='bbox 864 1059 976 1114; x_wconf 88' lang='lat' dir='ltr'><strong>fere</strong></span> <span class='ocrx_word' id='word_1_15' title='bbox 1022 1059 1272 1113; x_wconf 87' lang='lat' dir='ltr'><strong>barbaras</strong></span> <span class='ocrx_word' id='word_1_16' title='bbox 1323 1061 1567 1113; x_wconf 86' lang='lat' dir='ltr'><strong>nationes</strong></span> <span class='ocrx_word' id='word_1_17' title='bbox 1616 1070 1733 1125; x_wconf 59' lang='lat' dir='ltr'><strong>qua</strong></span> <span class='ocrx_word' id='word_1_18' title='bbox 1760 1058 1809 1115; x_wconf 80' lang='grc' dir='ltr'><strong>Α</strong></span> <span class='ocrx_word' id='word_1_19' title='bbox 1840 1064 1923 1107; x_wconf 91' lang='lat' dir='ltr'><strong>est</strong></span> <span class='ocrx_word' id='word_1_20' title='bbox 1948 1069 2048 1123; x_wconf 91' lang='lat' dir='ltr'><strong>pro</strong></span> <span class='ocrx_word' id='word_1_21' title='bbox 2068 1056 2160 1110; x_wconf 83' lang='lat' dir='ltr'><strong>Dei</strong></span> <span class='ocrx_word' id='word_1_22' title='bbox 2206 1071 2363 1110; x_wconf 88' lang='lat' dir='ltr'><strong>causa</strong></span> <span class='ocrx_word' id='word_1_23' title='bbox 2390 1059 2685 1127; x_wconf 72' lang='lat' dir='ltr'><strong>decertare,</strong></span> <span class='ocrx_word' id='word_1_24' title='bbox 2717 1070 2805 1115; x_wconf 84' lang='lat' dir='ltr'><strong>aut</strong></span> <span class='ocrx_word' id='word_1_25' title='bbox 2838 1078 2931 1131; x_wconf 87' lang='lat' dir='ltr'><strong>pro</strong></span> <span class='ocrx_word' id='word_1_26' title='bbox 2958 1080 3094 1121; x_wconf 64' lang='lat' dir='ltr'><strong>vers</strong></span> <span class='ocrx_word' id='word_1_27' title='bbox 3130 1067 3249 1125; x_wconf 86' lang='lat' dir='ltr'><strong>fidei</strong></span> <span class='ocrx_word' id='word_1_28' title='bbox 3290 1070 3383 1127; x_wconf 80' lang='lat' dir='ltr'><strong>de-</strong></span> 
     </span>
    </p>
   </div>
   <div class='ocr_carea' id='block_1_8' title="bbox 187 1121 1735 1219">
    <p class='ocr_par' dir='ltr' id='par_1_8' title="bbox 187 1121 1735 1219">
     <span class='ocr_line' id='line_1_8' title="bbox 187 1121 1735 1219; baseline -0.003 -16"><span class='ocrx_word' id='word_1_29' title='bbox 187 1121 387 1204; x_wconf 72' lang='lat' dir='ltr'><strong>labeer</strong></span> <span class='ocrx_word' id='word_1_30' title='bbox 412 1151 613 1205; x_wconf 72' lang='lat' dir='ltr'><strong>smculo</strong></span> <span class='ocrx_word' id='word_1_31' title='bbox 641 1159 831 1219; x_wconf 88' lang='lat' dir='ltr'><strong>quarto</strong></span> <span class='ocrx_word' id='word_1_32' title='bbox 855 1158 947 1203; x_wconf 84' lang='lat' dir='ltr'><strong>aut</strong></span> <span class='ocrx_word' id='word_1_33' title='bbox 973 1151 1160 1219; x_wconf 83' lang='lat' dir='ltr'><strong>quinto</strong></span> <span class='ocrx_word' id='word_1_34' title='bbox 1186 1151 1421 1214; x_wconf 78' lang='lat' dir='ltr'><strong>ineunte,</strong></span> <span class='ocrx_word' id='word_1_35' title='bbox 1455 1150 1506 1202; x_wconf 89' lang='lat' dir='ltr'><strong>in</strong></span> <span class='ocrx_word' id='word_1_36' title='bbox 1543 1121 1735 1202; x_wconf 81' lang='lat' dir='ltr'><strong>Roma-</strong></span> 
     </span>
    </p>
   </div>
   <div class='ocr_carea' id='block_1_9' title="bbox 189 1238 1733 1307">
    <p class='ocr_par' dir='ltr' id='par_1_9' title="bbox 189 1238 1733 1307">
     <span class='ocr_line' id='line_1_9' title="bbox 189 1238 1733 1307; baseline -0.001 -16"><span class='ocrx_word' id='word_1_37' title='bbox 189 1253 305 1292; x_wconf 87' lang='lat' dir='ltr'><strong>num</strong></span> <span class='ocrx_word' id='word_1_38' title='bbox 343 1239 556 1306; x_wconf 88' lang='lat' dir='ltr'><strong>orbem,</strong></span> <span class='ocrx_word' id='word_1_39' title='bbox 589 1254 651 1292; x_wconf 90' lang='lat' dir='ltr'><strong>ac</strong></span> <span class='ocrx_word' id='word_1_40' title='bbox 681 1238 1014 1305; x_wconf 89' lang='lat' dir='ltr'><strong>potissimum</strong></span> <span class='ocrx_word' id='word_1_41' title='bbox 1042 1241 1094 1292; x_wconf 85' lang='lat' dir='ltr'><strong>in</strong></span> <span class='ocrx_word' id='word_1_42' title='bbox 1123 1239 1334 1307; x_wconf 89' lang='lat' dir='ltr'><strong>imperii</strong></span> <span class='ocrx_word' id='word_1_43' title='bbox 1381 1238 1733 1293; x_wconf 84' lang='lat' dir='ltr'><strong>Occidentalis</strong></span> 
     </span>
    </p>
   </div>
   <div class='ocr_carea' id='block_1_10' title="bbox 190 1328 1735 1396">
    <p class='ocr_par' dir='ltr' id='par_1_10' title="bbox 190 1328 1735 1396">
     <span class='ocr_line' id='line_1_10' title="bbox 190 1328 1735 1396; baseline 0.001 -18"><span class='ocrx_word' id='word_1_44' title='bbox 190 1328 482 1394; x_wconf 77' lang='lat' dir='ltr'><strong>provincias</strong></span> <span class='ocrx_word' id='word_1_45' title='bbox 508 1328 852 1392; x_wconf 88' lang='lat' dir='ltr'><strong>inundarunt,</strong></span> <span class='ocrx_word' id='word_1_46' title='bbox 888 1330 1027 1381; x_wconf 88' lang='lat' dir='ltr'><strong>nulla</strong></span> <span class='ocrx_word' id='word_1_47' title='bbox 1067 1344 1197 1383; x_wconf 83' lang='lat' dir='ltr'><strong>sane</strong></span> <span class='ocrx_word' id='word_1_48' title='bbox 1224 1329 1581 1382; x_wconf 83' lang='lat' dir='ltr'><strong>Vandaiorum</strong></span> <span class='ocrx_word' id='word_1_49' title='bbox 1609 1342 1735 1396; x_wconf 87' lang='lat' dir='ltr'><strong>gen-</strong></span> 
     </span>
    </p>
   </div>
   <div class='ocr_carea' id='block_1_11' title="bbox 189 1417 1736 1488">
    <p class='ocr_par' dir='ltr' id='par_1_11' title="bbox 189 1417 1736 1488">
     <span class='ocr_line' id='line_1_11' title="bbox 189 1417 1736 1488; baseline 0 -17"><span class='ocrx_word' id='word_1_50' title='bbox 189 1427 286 1471; x_wconf 86' lang='lat' dir='ltr'><strong>tem</strong></span> <span class='ocrx_word' id='word_1_51' title='bbox 317 1418 522 1470; x_wconf 65' lang='lat' dir='ltr'><strong>stevitia</strong></span> <span class='ocrx_word' id='word_1_52' title='bbox 546 1427 600 1471; x_wconf 90' lang='lat' dir='ltr'><strong>et</strong></span> <span class='ocrx_word' id='word_1_53' title='bbox 628 1417 1013 1472; x_wconf 85' lang='lat' dir='ltr'><strong>inhumanitate</strong></span> <span class='ocrx_word' id='word_1_54' title='bbox 1034 1418 1317 1488; x_wconf 73' lang='lat' dir='ltr'><strong>superavit.</strong></span> <span class='ocrx_word' id='word_1_55' title='bbox 1356 1417 1408 1472; x_wconf 91' lang='lat' dir='ltr'><strong>ld</strong></span> <span class='ocrx_word' id='word_1_56' title='bbox 1448 1418 1736 1486; x_wconf 61' lang='lat' dir='ltr'><strong>praedicant</strong></span> 
     </span>
    </p>
   </div>
   <div class='ocr_carea' id='block_1_12' title="bbox 188 1511 1737 1591">
    <p class='ocr_par' dir='ltr' id='par_1_12' title="bbox 188 1511 1737 1591">
     <span class='ocr_line' id='line_1_12' title="bbox 188 1511 1737 1591; baseline 0.001 -30"><span class='ocrx_word' id='word_1_57' title='bbox 188 1520 355 1565; x_wconf 83' lang='lat' dir='ltr'><strong>vetera</strong></span> <span class='ocrx_word' id='word_1_58' title='bbox 395 1526 627 1579; x_wconf 69' lang='lat' dir='ltr'><strong>quaeque</strong></span> <span class='ocrx_word' id='word_1_59' title='bbox 681 1511 897 1565; x_wconf 83' lang='lat' dir='ltr'><strong>istorum</strong></span> <span class='ocrx_word' id='word_1_60' title='bbox 948 1522 1239 1579; x_wconf 86' lang='lat' dir='ltr'><strong>temporum</strong></span> <span class='ocrx_word' id='word_1_61' title='bbox 1292 1527 1409 1591; x_wconf 70' lang='lat' dir='ltr'><strong>qua:</strong></span> <span class='ocrx_word' id='word_1_62' title='bbox 1456 1519 1737 1579; x_wconf 82' lang='lat' dir='ltr'><strong>supersunt</strong></span> 
     </span>
    </p>
   </div>
   <div class='ocr_carea' id='block_1_13' title="bbox 189 1601 1737 1673">
    <p class='ocr_par' dir='ltr' id='par_1_13' title="bbox 189 1601 1737 1673">
     <span class='ocr_line' id='line_1_13' title="bbox 189 1601 1737 1673; baseline -0.001 -18"><span class='ocrx_word' id='word_1_63' title='bbox 189 1613 551 1665; x_wconf 86' lang='lat' dir='ltr'><strong>monumenta,</strong></span> <span class='ocrx_word' id='word_1_64' title='bbox 592 1610 773 1671; x_wconf 89' lang='lat' dir='ltr'><strong>atque,</strong></span> <span class='ocrx_word' id='word_1_65' title='bbox 804 1614 862 1656; x_wconf 91' lang='lat' dir='ltr'><strong>ut</strong></span> <span class='ocrx_word' id='word_1_66' title='bbox 903 1603 969 1657; x_wconf 88' lang='lat' dir='ltr'><strong>de</strong></span> <span class='ocrx_word' id='word_1_67' title='bbox 1012 1604 1171 1658; x_wconf 83' lang='lat' dir='ltr'><strong>rebus</strong></span> <span class='ocrx_word' id='word_1_68' title='bbox 1199 1604 1529 1673; x_wconf 88' lang='lat' dir='ltr'><strong>potissimum</strong></span> <span class='ocrx_word' id='word_1_69' title='bbox 1574 1601 1737 1654; x_wconf 86' lang='lat' dir='ltr'><strong>eccle-</strong></span> 
     </span>
    </p>
   </div>
   <div class='ocr_carea' id='block_1_14' title="bbox 185 1690 1735 1761">
    <p class='ocr_par' dir='ltr' id='par_1_14' title="bbox 185 1690 1735 1761">
     <span class='ocr_line' id='line_1_14' title="bbox 185 1690 1735 1761; baseline 0.001 -17"><span class='ocrx_word' id='word_1_70' title='bbox 185 1692 407 1745; x_wconf 78' lang='lat' dir='ltr'><strong>siasticis</strong></span> <span class='ocrx_word' id='word_1_71' title='bbox 434 1691 649 1761; x_wconf 88' lang='lat' dir='ltr'><strong>loquar,</strong></span> <span class='ocrx_word' id='word_1_72' title='bbox 697 1693 835 1747; x_wconf 84' lang='lat' dir='ltr'><strong>Fasti</strong></span> <span class='ocrx_word' id='word_1_73' title='bbox 866 1694 1023 1756; x_wconf 83' lang='lat' dir='ltr'><strong>sacri,</strong></span> <span class='ocrx_word' id='word_1_74' title='bbox 1048 1694 1135 1760; x_wconf 89' lang='lat' dir='ltr'><strong>qui</strong></span> <span class='ocrx_word' id='word_1_75' title='bbox 1173 1690 1291 1747; x_wconf 83' lang='lat' dir='ltr'><strong>cum</strong></span> <span class='ocrx_word' id='word_1_76' title='bbox 1322 1693 1405 1745; x_wconf 81' lang='lat' dir='ltr'><strong>vix</strong></span> <span class='ocrx_word' id='word_1_77' title='bbox 1450 1706 1608 1745; x_wconf 90' lang='lat' dir='ltr'><strong>unum</strong></span> <span class='ocrx_word' id='word_1_78' title='bbox 1644 1701 1735 1745; x_wconf 88' lang='lat' dir='ltr'><strong>aut</strong></span> 
     </span>
    </p>
   </div>
   <div class='ocr_carea' id='block_1_15' title="bbox 183 1781 1733 1852">
    <p class='ocr_par' dir='ltr' id='par_1_15' title="bbox 183 1781 1733 1852">
     <span class='ocr_line' id='line_1_15' title="bbox 183 1781 1733 1852; baseline 0 -19"><span class='ocrx_word' id='word_1_79' title='bbox 183 1781 398 1835; x_wconf 84' lang='lat' dir='ltr'><strong>alterum</strong></span> <span class='ocrx_word' id='word_1_80' title='bbox 432 1791 723 1852; x_wconf 82' lang='lat' dir='ltr'><strong>martyrem</strong></span> <span class='ocrx_word' id='word_1_81' title='bbox 753 1784 853 1838; x_wconf 85' lang='lat' dir='ltr'><strong>sub</strong></span> <span class='ocrx_word' id='word_1_82' title='bbox 896 1782 1013 1837; x_wconf 87' lang='lat' dir='ltr'><strong>aliis</strong></span> <span class='ocrx_word' id='word_1_83' title='bbox 1042 1782 1285 1837; x_wconf 85' lang='lat' dir='ltr'><strong>Barbaris</strong></span> <span class='ocrx_word' id='word_1_84' title='bbox 1326 1796 1536 1849; x_wconf 89' lang='lat' dir='ltr'><strong>passum</strong></span> <span class='ocrx_word' id='word_1_85' title='bbox 1589 1796 1733 1833; x_wconf 89' lang='lat' dir='ltr'><strong>com-</strong></span> 
     </span>
    </p>
   </div>
   <div class='ocr_carea' id='block_1_16' title="bbox 186 1871 1729 1946">
    <p class='ocr_par' dir='ltr' id='par_1_16' title="bbox 186 1871 1729 1946">
     <span class='ocr_line' id='line_1_16' title="bbox 186 1871 1729 1946; baseline 0.001 -25"><span class='ocrx_word' id='word_1_86' title='bbox 186 1881 504 1941; x_wconf 76' lang='lat' dir='ltr'><strong>memorent,</strong></span> <span class='ocrx_word' id='word_1_87' title='bbox 537 1872 835 1939; x_wconf 87' lang='lat' dir='ltr'><strong>complures</strong></span> <span class='ocrx_word' id='word_1_88' title='bbox 861 1872 1047 1946; x_wconf 70' lang='lat' dir='ltr'><strong>simul,</strong></span> <span class='ocrx_word' id='word_1_89' title='bbox 1070 1881 1122 1933; x_wconf 78' lang='lat' dir='ltr'><strong>et</strong></span> <span class='ocrx_word' id='word_1_90' title='bbox 1168 1871 1377 1937; x_wconf 84' lang='lat' dir='ltr'><strong>quidem</strong></span> <span class='ocrx_word' id='word_1_91' title='bbox 1408 1871 1729 1936; x_wconf 85' lang='lat' dir='ltr'><strong>frequenter,</strong></span> 
     </span>
    </p>
   </div>
   <div class='ocr_carea' id='block_1_17' title="bbox 186 1957 1731 2028">
    <p class='ocr_par' dir='ltr' id='par_1_17' title="bbox 186 1957 1731 2028">
     <span class='ocr_line' id='line_1_17' title="bbox 186 1957 1731 2028; baseline 0.001 -20"><span class='ocrx_word' id='word_1_92' title='bbox 186 1958 280 2009; x_wconf 86' lang='lat' dir='ltr'><strong>sub</strong></span> <span class='ocrx_word' id='word_1_93' title='bbox 311 1957 671 2012; x_wconf 82' lang='lat' dir='ltr'><strong>Vandalorum</strong></span> <span class='ocrx_word' id='word_1_94' title='bbox 715 1959 1040 2027; x_wconf 74' lang='lat' dir='ltr'><strong>gravissimis</strong></span> <span class='ocrx_word' id='word_1_95' title='bbox 1081 1958 1532 2028; x_wconf 80' lang='lat' dir='ltr'><strong>persecutionibhs</strong></span> <span class='ocrx_word' id='word_1_96' title='bbox 1575 1972 1731 2011; x_wconf 82' lang='lat' dir='ltr'><strong>occu-</strong></span> 
     </span>
    </p>
   </div>
   <div class='ocr_carea' id='block_1_18' title="bbox 186 2053 1729 2123">
    <p class='ocr_par' dir='ltr' id='par_1_18' title="bbox 186 2053 1729 2123">
     <span class='ocr_line' id='line_1_18' title="bbox 186 2053 1729 2123; baseline 0.001 -18"><span class='ocrx_word' id='word_1_97' title='bbox 186 2053 358 2108; x_wconf 81' lang='lat' dir='ltr'><strong>buisse</strong></span> <span class='ocrx_word' id='word_1_98' title='bbox 384 2055 898 2122; x_wconf 61' lang='lat' dir='ltr'><strong>passim&#39;testantur.</strong></span> <span class='ocrx_word' id='word_1_99' title='bbox 945 2055 1000 2108; x_wconf 86' lang='lat' dir='ltr'><strong>In</strong></span> <span class='ocrx_word' id='word_1_100' title='bbox 1045 2055 1293 2109; x_wconf 84' lang='lat' dir='ltr'><strong>Vandaiis</strong></span> <span class='ocrx_word' id='word_1_101' title='bbox 1318 2055 1512 2123; x_wconf 89' lang='lat' dir='ltr'><strong>quippe</strong></span> <span class='ocrx_word' id='word_1_102' title='bbox 1558 2053 1729 2107; x_wconf 88' lang='lat' dir='ltr'><strong>nativa</strong></span> 
     </span>
    </p>
   </div>
   <div class='ocr_carea' id='block_1_19' title="bbox 190 2139 1729 2212">
    <p class='ocr_par' dir='ltr' id='par_1_19' title="bbox 190 2139 1729 2212">
     <span class='ocr_line' id='line_1_19' title="bbox 190 2139 1729 2212; baseline 0.001 -20"><span class='ocrx_word' id='word_1_103' title='bbox 190 2139 385 2206; x_wconf 84' lang='lat' dir='ltr'><strong>feritas,</strong></span> <span class='ocrx_word' id='word_1_104' title='bbox 416 2141 687 2197; x_wconf 66' lang='lat' dir='ltr'><strong>haereseos</strong></span> <span class='ocrx_word' id='word_1_105' title='bbox 718 2144 935 2212; x_wconf 86' lang='lat' dir='ltr'><strong>perfidia</strong></span> <span class='ocrx_word' id='word_1_106' title='bbox 960 2144 1231 2211; x_wconf 75' lang='lat' dir='ltr'><strong>gentilium</strong></span> <span class='ocrx_word' id='word_1_107' title='bbox 1272 2143 1729 2209; x_wconf 79' lang='lat' dir='ltr'><strong>superstitionibus</strong></span> 
     </span>
    </p>
   </div>
   <div class='ocr_carea' id='block_1_20' title="bbox 182 2230 1726 2301">
    <p class='ocr_par' dir='ltr' id='par_1_20' title="bbox 182 2230 1726 2301">
     <span class='ocr_line' id='line_1_20' title="bbox 182 2230 1726 2301; baseline -0.003 -15"><span class='ocrx_word' id='word_1_108' title='bbox 182 2233 454 2296; x_wconf 79' lang='lat' dir='ltr'><strong>permista,</strong></span> <span class='ocrx_word' id='word_1_109' title='bbox 508 2233 821 2288; x_wconf 77' lang='lat' dir='ltr'><strong>insatiabilis</strong></span> <span class='ocrx_word' id='word_1_110' title='bbox 870 2233 1171 2301; x_wconf 81' lang='lat' dir='ltr'><strong>rapacitas,</strong></span> <span class='ocrx_word' id='word_1_111' title='bbox 1216 2233 1421 2301; x_wconf 89' lang='lat' dir='ltr'><strong>aliaque</strong></span> <span class='ocrx_word' id='word_1_112' title='bbox 1471 2230 1726 2298; x_wconf 88' lang='lat' dir='ltr'><strong>ejusmodi</strong></span> 
     </span>
    </p>
   </div>
   <div class='ocr_carea' id='block_1_21' title="bbox 188 2321 1728 2389">
    <p class='ocr_par' dir='ltr' id='par_1_21' title="bbox 188 2321 1728 2389">
     <span class='ocr_line' id='line_1_21' title="bbox 188 2321 1728 2389; baseline -0.001 -19"><span class='ocrx_word' id='word_1_113' title='bbox 188 2322 301 2373; x_wconf 77' lang='lat' dir='ltr'><strong>vitia</strong></span> <span class='ocrx_word' id='word_1_114' title='bbox 335 2323 404 2373; x_wconf 90' lang='lat' dir='ltr'><strong>ita</strong></span> <span class='ocrx_word' id='word_1_115' title='bbox 439 2322 848 2385; x_wconf 86' lang='lat' dir='ltr'><strong>concurrebant,</strong></span> <span class='ocrx_word' id='word_1_116' title='bbox 881 2331 938 2375; x_wconf 92' lang='lat' dir='ltr'><strong>ut</strong></span> <span class='ocrx_word' id='word_1_117' title='bbox 979 2321 1119 2374; x_wconf 92' lang='lat' dir='ltr'><strong>nulla</strong></span> <span class='ocrx_word' id='word_1_118' title='bbox 1145 2321 1279 2389; x_wconf 81' lang='lat' dir='ltr'><strong>apud</strong></span> <span class='ocrx_word' id='word_1_119' title='bbox 1327 2335 1418 2373; x_wconf 89' lang='lat' dir='ltr'><strong>eos</strong></span> <span class='ocrx_word' id='word_1_120' title='bbox 1462 2327 1601 2373; x_wconf 83' lang='lat' dir='ltr'><strong>esset</strong></span> <span class='ocrx_word' id='word_1_121' title='bbox 1639 2326 1728 2369; x_wconf 91' lang='lat' dir='ltr'><strong>aut</strong></span> 
     </span>
    </p>
   </div>
   <div class='ocr_carea' id='block_1_22' title="bbox 1838 1142 3383 1222">
    <p class='ocr_par' dir='ltr' id='par_1_22' title="bbox 1838 1142 3383 1222">
     <span class='ocr_line' id='line_1_22' title="bbox 1838 1142 3383 1222; baseline 0.013 -27"><span class='ocrx_word' id='word_1_122' title='bbox 1838 1142 2080 1199; x_wconf 85' lang='lat' dir='ltr'><strong>feusione</strong></span> <span class='ocrx_word' id='word_1_123' title='bbox 2116 1158 2432 1214; x_wconf 76' lang='lat' dir='ltr'><strong>pugnantem</strong></span> <span class='ocrx_word' id='word_1_124' title='bbox 2460 1149 2669 1205; x_wconf 89' lang='lat' dir='ltr'><strong>fortiter</strong></span> <span class='ocrx_word' id='word_1_125' title='bbox 2690 1155 3004 1209; x_wconf 87' lang='lat' dir='ltr'><strong>occumbere</strong></span> <span class='ocrx_word' id='word_1_126' title='bbox 3036 1173 3050 1222; x_wconf 92' lang='lat'><strong>;</strong></span> <span class='ocrx_word' id='word_1_127' title='bbox 3082 1172 3178 1213; x_wconf 87' lang='lat' dir='ltr'><strong>nec</strong></span> <span class='ocrx_word' id='word_1_128' title='bbox 3205 1160 3383 1216; x_wconf 83' lang='lat' dir='ltr'><strong>feren-</strong></span> 
     </span>
    </p>
   </div>
   <div class='ocr_carea' id='block_1_23' title="bbox 1834 1231 3384 1318">
    <p class='ocr_par' dir='ltr' id='par_1_23' title="bbox 1834 1231 3384 1318">
     <span class='ocr_line' id='line_1_23' title="bbox 1834 1231 3384 1318; baseline 0.014 -35"><span class='ocrx_word' id='word_1_129' title='bbox 1834 1231 1957 1284; x_wconf 88' lang='lat' dir='ltr'><strong>dum</strong></span> <span class='ocrx_word' id='word_1_130' title='bbox 1997 1243 2079 1287; x_wconf 90' lang='lat' dir='ltr'><strong>est</strong></span> <span class='ocrx_word' id='word_1_131' title='bbox 2118 1244 2174 1288; x_wconf 90' lang='lat' dir='ltr'><strong>ut</strong></span> <span class='ocrx_word' id='word_1_132' title='bbox 2200 1236 2389 1290; x_wconf 92' lang='lat' dir='ltr'><strong>minori</strong></span> <span class='ocrx_word' id='word_1_133' title='bbox 2424 1238 2542 1292; x_wconf 91' lang='lat' dir='ltr'><strong>loco</strong></span> <span class='ocrx_word' id='word_1_134' title='bbox 2585 1241 2723 1308; x_wconf 88' lang='lat' dir='ltr'><strong>apud</strong></span> <span class='ocrx_word' id='word_1_135' title='bbox 2759 1241 3106 1310; x_wconf 85' lang='lat' dir='ltr'><strong>Christianos,</strong></span> <span class='ocrx_word' id='word_1_136' title='bbox 3156 1249 3245 1315; x_wconf 88' lang='lat' dir='ltr'><strong>qui</strong></span> <span class='ocrx_word' id='word_1_137' title='bbox 3286 1266 3384 1318; x_wconf 88' lang='lat' dir='ltr'><strong>pro</strong></span> 
     </span>
    </p>
   </div>
   <div class='ocr_carea' id='block_1_24' title="bbox 1834 1322 3381 1403">
    <p class='ocr_par' dir='ltr' id='par_1_24' title="bbox 1834 1322 3381 1403">
     <span class='ocr_line' id='line_1_24' title="bbox 1834 1322 3381 1403; baseline 0.011 -28"><span class='ocrx_word' id='word_1_138' title='bbox 1834 1322 2026 1377; x_wconf 84' lang='lat' dir='ltr'><strong>Christi</strong></span> <span class='ocrx_word' id='word_1_139' title='bbox 2072 1325 2173 1379; x_wconf 85' lang='lat' dir='ltr'><strong>fide</strong></span> <span class='ocrx_word' id='word_1_140' title='bbox 2232 1329 2608 1396; x_wconf 87' lang='lat' dir='ltr'><strong>propugnanda</strong></span> <span class='ocrx_word' id='word_1_141' title='bbox 2661 1331 2999 1387; x_wconf 74' lang='lat' dir='ltr'><strong>decertarent</strong></span> <span class='ocrx_word' id='word_1_142' title='bbox 3044 1336 3381 1403; x_wconf 84' lang='lat' dir='ltr'><strong>habeantur,</strong></span> 
     </span>
    </p>
   </div>
   <div class='ocr_carea' id='block_1_25' title="bbox 1835 1414 3385 1494">
    <p class='ocr_par' dir='ltr' id='par_1_25' title="bbox 1835 1414 3385 1494">
     <span class='ocr_line' id='line_1_25' title="bbox 1835 1414 3385 1494; baseline 0.012 -31"><span class='ocrx_word' id='word_1_143' title='bbox 1835 1426 1990 1478; x_wconf 87' lang='lat' dir='ltr'><strong>quam</strong></span> <span class='ocrx_word' id='word_1_144' title='bbox 2028 1414 2116 1483; x_wconf 88' lang='lat' dir='ltr'><strong>qui</strong></span> <span class='ocrx_word' id='word_1_145' title='bbox 2146 1429 2242 1483; x_wconf 91' lang='lat' dir='ltr'><strong>pro</strong></span> <span class='ocrx_word' id='word_1_146' title='bbox 2271 1426 2477 1472; x_wconf 89' lang='lat' dir='ltr'><strong>terreno</strong></span> <span class='ocrx_word' id='word_1_147' title='bbox 2504 1434 2685 1487; x_wconf 85' lang='lat' dir='ltr'><strong>regno,</strong></span> <span class='ocrx_word' id='word_1_148' title='bbox 2730 1431 2822 1475; x_wconf 89' lang='lat' dir='ltr'><strong>aut</strong></span> <span class='ocrx_word' id='word_1_149' title='bbox 2882 1424 3243 1494; x_wconf 81' lang='lat' dir='ltr'><strong>adipiscendo,</strong></span> <span class='ocrx_word' id='word_1_150' title='bbox 3291 1437 3385 1481; x_wconf 84' lang='lat' dir='ltr'><strong>aut</strong></span> 
     </span>
    </p>
   </div>
   <div class='ocr_carea' id='block_1_26' title="bbox 1836 1503 2928 1578">
    <p class='ocr_par' dir='ltr' id='par_1_26' title="bbox 1836 1503 2928 1578">
     <span class='ocr_line' id='line_1_26' title="bbox 1836 1503 2928 1578; baseline 0.011 -24"><span class='ocrx_word' id='word_1_151' title='bbox 1836 1503 2051 1566; x_wconf 91' lang='lat' dir='ltr'><strong>tuendo,</strong></span> <span class='ocrx_word' id='word_1_152' title='bbox 2090 1520 2242 1559; x_wconf 88' lang='lat' dir='ltr'><strong>curas</strong></span> <span class='ocrx_word' id='word_1_153' title='bbox 2281 1521 2404 1561; x_wconf 90' lang='lat' dir='ltr'><strong>suas</strong></span> <span class='ocrx_word' id='word_1_154' title='bbox 2433 1522 2616 1563; x_wconf 88' lang='lat' dir='ltr'><strong>omnes</strong></span> <span class='ocrx_word' id='word_1_155' title='bbox 2644 1513 2928 1578; x_wconf 83' lang='lat' dir='ltr'><strong>posuerint.</strong></span> 
     </span>
    </p>
   </div>
   <div class='ocr_carea' id='block_1_27' title="bbox 1904 1592 3379 1671">
    <p class='ocr_par' dir='ltr' id='par_1_27' title="bbox 1904 1592 3379 1671">
     <span class='ocr_line' id='line_1_27' title="bbox 1904 1592 3379 1671; baseline 0.012 -27"><span class='ocrx_word' id='word_1_156' title='bbox 1904 1592 1964 1645; x_wconf 93' lang='lat' dir='ltr'><strong>ll.</strong></span> <span class='ocrx_word' id='word_1_157' title='bbox 1990 1594 2147 1647; x_wconf 87' lang='lat' dir='ltr'><strong>Nobis</strong></span> <span class='ocrx_word' id='word_1_158' title='bbox 2171 1596 2344 1663; x_wconf 86' lang='lat' dir='ltr'><strong>itaque</strong></span> <span class='ocrx_word' id='word_1_159' title='bbox 2374 1597 2424 1649; x_wconf 93' lang='lat' dir='ltr'><strong>in</strong></span> <span class='ocrx_word' id='word_1_160' title='bbox 2449 1598 2550 1653; x_wconf 89' lang='lat' dir='ltr'><strong>hoc</strong></span> <span class='ocrx_word' id='word_1_161' title='bbox 2574 1601 2825 1667; x_wconf 83' lang='lat' dir='ltr'><strong>apusculo</strong></span> <span class='ocrx_word' id='word_1_162' title='bbox 2856 1606 3177 1671; x_wconf 80' lang='lat' dir='ltr'><strong>propositum</strong></span> <span class='ocrx_word' id='word_1_163' title='bbox 3208 1608 3379 1661; x_wconf 81' lang='lat' dir='ltr'><strong>estde</strong></span> 
     </span>
    </p>
   </div>
   <div class='ocr_carea' id='block_1_28' title="bbox 1833 1682 3381 1761">
    <p class='ocr_par' dir='ltr' id='par_1_28' title="bbox 1833 1682 3381 1761">
     <span class='ocr_line' id='line_1_28' title="bbox 1833 1682 3381 1761; baseline 0.013 -29"><span class='ocrx_word' id='word_1_164' title='bbox 1833 1682 2099 1748; x_wconf 74' lang='lat' dir='ltr'><strong>prrcclaris</strong></span> <span class='ocrx_word' id='word_1_165' title='bbox 2126 1684 2230 1736; x_wconf 85' lang='lat' dir='ltr'><strong>illis</strong></span> <span class='ocrx_word' id='word_1_166' title='bbox 2245 1684 2370 1737; x_wconf 88' lang='lat' dir='ltr'><strong>viris</strong></span> <span class='ocrx_word' id='word_1_167' title='bbox 2395 1687 2726 1754; x_wconf 85' lang='lat' dir='ltr'><strong>potissimum</strong></span> <span class='ocrx_word' id='word_1_168' title='bbox 2745 1705 2902 1759; x_wconf 82' lang='lat' dir='ltr'><strong>agere</strong></span> <span class='ocrx_word' id='word_1_169' title='bbox 2929 1693 3019 1761; x_wconf 89' lang='lat' dir='ltr'><strong>qui</strong></span> <span class='ocrx_word' id='word_1_170' title='bbox 3046 1695 3099 1749; x_wconf 89' lang='lat' dir='ltr'><strong>in</strong></span> <span class='ocrx_word' id='word_1_171' title='bbox 3117 1696 3381 1751; x_wconf 79' lang='lat' dir='ltr'><strong>Vandalu-</strong></span> 
     </span>
    </p>
   </div>
   <div class='ocr_carea' id='block_1_29' title="bbox 1832 1773 3379 1851">
    <p class='ocr_par' dir='ltr' id='par_1_29' title="bbox 1832 1773 3379 1851">
     <span class='ocr_line' id='line_1_29' title="bbox 1832 1773 3379 1851; baseline 0.01 -28"><span class='ocrx_word' id='word_1_172' title='bbox 1832 1786 1968 1833; x_wconf 89' lang='lat' dir='ltr'><strong>rum,</strong></span> <span class='ocrx_word' id='word_1_173' title='bbox 1984 1773 2153 1838; x_wconf 90' lang='lat' dir='ltr'><strong>gentis</strong></span> <span class='ocrx_word' id='word_1_174' title='bbox 2170 1773 2482 1826; x_wconf 84' lang='lat' dir='ltr'><strong>Arianorum</strong></span> <span class='ocrx_word' id='word_1_175' title='bbox 2496 1778 2761 1831; x_wconf 81' lang='lat' dir='ltr'><strong>erroribus</strong></span> <span class='ocrx_word' id='word_1_176' title='bbox 2782 1780 3175 1847; x_wconf 69' lang='lat' dir='ltr'><strong>addictissimte,</strong></span> <span class='ocrx_word' id='word_1_177' title='bbox 3202 1780 3379 1851; x_wconf 83' lang='lat' dir='ltr'><strong>perse-</strong></span> 
     </span>
    </p>
   </div>
   <div class='ocr_carea' id='block_1_30' title="bbox 1831 1860 3375 1941">
    <p class='ocr_par' dir='ltr' id='par_1_30' title="bbox 1831 1860 3375 1941">
     <span class='ocr_line' id='line_1_30' title="bbox 1831 1860 3375 1941; baseline 0.013 -32"><span class='ocrx_word' id='word_1_178' title='bbox 1831 1860 2131 1913; x_wconf 87' lang='lat' dir='ltr'><strong>cutionibus</strong></span> <span class='ocrx_word' id='word_1_179' title='bbox 2158 1861 2429 1930; x_wconf 74' lang='lat' dir='ltr'><strong>exagitati,</strong></span> <span class='ocrx_word' id='word_1_180' title='bbox 2460 1864 2727 1919; x_wconf 79' lang='lat' dir='ltr'><strong>autefl’uso</strong></span> <span class='ocrx_word' id='word_1_181' title='bbox 2747 1870 2999 1936; x_wconf 78' lang='lat' dir='ltr'><strong>sanguine</strong></span> <span class='ocrx_word' id='word_1_182' title='bbox 3027 1874 3259 1941; x_wconf 83' lang='lat' dir='ltr'><strong>martyrii</strong></span> <span class='ocrx_word' id='word_1_183' title='bbox 3284 1890 3375 1928; x_wconf 89' lang='lat' dir='ltr'><strong>co-</strong></span> 
     </span>
    </p>
   </div>
   <div class='ocr_carea' id='block_1_31' title="bbox 1830 1950 3377 2034">
    <p class='ocr_par' dir='ltr' id='par_1_31' title="bbox 1830 1950 3377 2034">
     <span class='ocr_line' id='line_1_31' title="bbox 1830 1950 3377 2034; baseline 0.01 -33"><span class='ocrx_word' id='word_1_184' title='bbox 1830 1962 2012 2001; x_wconf 88' lang='lat' dir='ltr'><strong>ronam</strong></span> <span class='ocrx_word' id='word_1_185' title='bbox 2043 1950 2217 2019; x_wconf 86' lang='lat' dir='ltr'><strong>adepti</strong></span> <span class='ocrx_word' id='word_1_186' title='bbox 2245 1961 2388 2019; x_wconf 91' lang='lat' dir='ltr'><strong>sunt,</strong></span> <span class='ocrx_word' id='word_1_187' title='bbox 2414 1964 2504 2007; x_wconf 89' lang='lat' dir='ltr'><strong>aut</strong></span> <span class='ocrx_word' id='word_1_188' title='bbox 2526 1955 2710 2009; x_wconf 87' lang='lat' dir='ltr'><strong>saltem</strong></span> <span class='ocrx_word' id='word_1_189' title='bbox 2730 1958 2894 2026; x_wconf 83' lang='lat' dir='ltr'><strong>gloria</strong></span> <span class='ocrx_word' id='word_1_190' title='bbox 2910 1962 3257 2017; x_wconf 77' lang='lat' dir='ltr'><strong>confessionis</strong></span> <span class='ocrx_word' id='word_1_191' title='bbox 3280 1981 3377 2034; x_wconf 84' lang='lat' dir='ltr'><strong>pru</strong></span> 
     </span>
    </p>
   </div>
   <div class='ocr_carea' id='block_1_32' title="bbox 1831 2038 3375 2107">
    <p class='ocr_par' dir='ltr' id='par_1_32' title="bbox 1831 2038 3375 2107">
     <span class='ocr_line' id='line_1_32' title="bbox 1831 2038 3375 2107; baseline 0.013 -20"><span class='ocrx_word' id='word_1_192' title='bbox 1831 2038 2019 2089; x_wconf 85' lang='lat' dir='ltr'><strong>tuenda</strong></span> <span class='ocrx_word' id='word_1_193' title='bbox 2051 2038 2247 2092; x_wconf 87' lang='lat' dir='ltr'><strong>Christi</strong></span> <span class='ocrx_word' id='word_1_194' title='bbox 2290 2040 2496 2094; x_wconf 90' lang='lat' dir='ltr'><strong>Domini</strong></span> <span class='ocrx_word' id='word_1_195' title='bbox 2534 2042 2804 2099; x_wconf 83' lang='lat' dir='ltr'><strong>divinitate</strong></span> <span class='ocrx_word' id='word_1_196' title='bbox 2831 2048 3150 2103; x_wconf 83' lang='lat' dir='ltr'><strong>claruerunt.</strong></span> <span class='ocrx_word' id='word_1_197' title='bbox 3184 2053 3375 2107; x_wconf 76' lang='lat' dir='ltr'><strong>Verum</strong></span> 
     </span>
    </p>
   </div>
   <div class='ocr_carea' id='block_1_33' title="bbox 1828 2127 3375 2197">
    <p class='ocr_par' dir='ltr' id='par_1_33' title="bbox 1828 2127 3375 2197">
     <span class='ocr_line' id='line_1_33' title="bbox 1828 2127 3375 2197; baseline 0.012 -20"><span class='ocrx_word' id='word_1_198' title='bbox 1828 2140 1945 2177; x_wconf 93' lang='lat' dir='ltr'><strong>cum</strong></span> <span class='ocrx_word' id='word_1_199' title='bbox 1977 2127 2143 2180; x_wconf 86' lang='lat' dir='ltr'><strong>civilis</strong></span> <span class='ocrx_word' id='word_1_200' title='bbox 2173 2137 2224 2181; x_wconf 91' lang='lat' dir='ltr'><strong>et</strong></span> <span class='ocrx_word' id='word_1_201' title='bbox 2254 2129 2608 2185; x_wconf 88' lang='lat' dir='ltr'><strong>ecclesiastica</strong></span> <span class='ocrx_word' id='word_1_202' title='bbox 2646 2133 2864 2189; x_wconf 90' lang='lat' dir='ltr'><strong>historia</strong></span> <span class='ocrx_word' id='word_1_203' title='bbox 2892 2136 2962 2190; x_wconf 87' lang='lat' dir='ltr'><strong>ita</strong></span> <span class='ocrx_word' id='word_1_204' title='bbox 3008 2152 3126 2193; x_wconf 88' lang='lat' dir='ltr'><strong>sese</strong></span> <span class='ocrx_word' id='word_1_205' title='bbox 3155 2140 3375 2197; x_wconf 83' lang='lat' dir='ltr'><strong>invicem</strong></span> 
     </span>
    </p>
   </div>
   <div class='ocr_carea' id='block_1_34' title="bbox 1828 2214 3377 2290">
    <p class='ocr_par' dir='ltr' id='par_1_34' title="bbox 1828 2214 3377 2290">
     <span class='ocr_line' id='line_1_34' title="bbox 1828 2214 3377 2290; baseline 0.014 -26"><span class='ocrx_word' id='word_1_206' title='bbox 1828 2214 2092 2281; x_wconf 80' lang='lat' dir='ltr'><strong>adjuvent,</strong></span> <span class='ocrx_word' id='word_1_207' title='bbox 2123 2227 2181 2268; x_wconf 89' lang='lat' dir='ltr'><strong>ut</strong></span> <span class='ocrx_word' id='word_1_208' title='bbox 2204 2218 2289 2269; x_wconf 77' lang='lat' dir='ltr'><strong>vix</strong></span> <span class='ocrx_word' id='word_1_209' title='bbox 2312 2219 2377 2271; x_wconf 93' lang='lat' dir='ltr'><strong>de</strong></span> <span class='ocrx_word' id='word_1_210' title='bbox 2418 2235 2516 2274; x_wconf 85' lang='lat' dir='ltr'><strong>una</strong></span> <span class='ocrx_word' id='word_1_211' title='bbox 2547 2222 2739 2290; x_wconf 88' lang='lat' dir='ltr'><strong>aliquid</strong></span> <span class='ocrx_word' id='word_1_212' title='bbox 2763 2226 2879 2280; x_wconf 89' lang='lat' dir='ltr'><strong>sine</strong></span> <span class='ocrx_word' id='word_1_213' title='bbox 2899 2227 3117 2284; x_wconf 82' lang='lat' dir='ltr'><strong>alterius</strong></span> <span class='ocrx_word' id='word_1_214' title='bbox 3141 2232 3377 2289; x_wconf 73' lang='lat' dir='ltr'><strong>subsidio</strong></span> 
     </span>
    </p>
   </div>
   <div class='ocr_carea' id='block_1_35' title="bbox 1827 2303 3374 2376">
    <p class='ocr_par' dir='ltr' id='par_1_35' title="bbox 1827 2303 3374 2376">
     <span class='ocr_line' id='line_1_35' title="bbox 1827 2303 3374 2376; baseline 0.015 -22"><span class='ocrx_word' id='word_1_215' title='bbox 1827 2303 1927 2356; x_wconf 90' lang='lat' dir='ltr'><strong>dici</strong></span> <span class='ocrx_word' id='word_1_216' title='bbox 1959 2306 2139 2371; x_wconf 86' lang='lat' dir='ltr'><strong>possit,</strong></span> <span class='ocrx_word' id='word_1_217' title='bbox 2174 2307 2327 2359; x_wconf 87' lang='lat' dir='ltr'><strong>nobis</strong></span> <span class='ocrx_word' id='word_1_218' title='bbox 2353 2308 2577 2364; x_wconf 86' lang='lat' dir='ltr'><strong>subinde</strong></span> <span class='ocrx_word' id='word_1_219' title='bbox 2601 2315 2887 2367; x_wconf 88' lang='lat' dir='ltr'><strong>necessitas</strong></span> <span class='ocrx_word' id='word_1_220' title='bbox 2911 2317 3247 2375; x_wconf 88' lang='lat' dir='ltr'><strong>incumbitde</strong></span> <span class='ocrx_word' id='word_1_221' title='bbox 3274 2323 3374 2376; x_wconf 92' lang='lat' dir='ltr'><strong>lm-</strong></span> 
     </span>
    </p>
   </div>
   <div class='ocr_carea' id='block_1_36' title="bbox 186 2393 1726 2479">
    <p class='ocr_par' dir='ltr' id='par_1_36' title="bbox 186 2407 1726 2474">
     <span class='ocr_line' id='line_1_36' title="bbox 186 2407 1726 2474; baseline -0.002 -12"><span class='ocrx_word' id='word_1_222' title='bbox 186 2423 333 2463; x_wconf 78' lang='lat' dir='ltr'><strong>sexus</strong></span> <span class='ocrx_word' id='word_1_223' title='bbox 360 2409 694 2474; x_wconf 84' lang='lat' dir='ltr'><strong>infirmioris,</strong></span> <span class='ocrx_word' id='word_1_224' title='bbox 726 2421 816 2465; x_wconf 87' lang='lat' dir='ltr'><strong>aut</strong></span> <span class='ocrx_word' id='word_1_225' title='bbox 852 2410 1211 2465; x_wconf 86' lang='lat' dir='ltr'><strong>imbecillioris</strong></span> <span class='ocrx_word' id='word_1_226' title='bbox 1253 2410 1422 2462; x_wconf 67' lang='lat' dir='ltr'><strong>aetatis</strong></span> <span class='ocrx_word' id='word_1_227' title='bbox 1452 2407 1726 2468; x_wconf 82' lang='lat' dir='ltr'><strong>commisc-</strong></span> 
     </span>
    </p>
   </div>
   <div class='ocr_carea' id='block_1_37' title="bbox 1827 2393 3371 2479">
    <p class='ocr_par' dir='ltr' id='par_1_37' title="bbox 1830 2393 3371 2479">
     <span class='ocr_line' id='line_1_37' title="bbox 1830 2393 3371 2479; baseline 0.015 -34"><span class='ocrx_word' id='word_1_228' title='bbox 1830 2393 1961 2459; x_wconf 88' lang='lat' dir='ltr'><strong>perii</strong></span> <span class='ocrx_word' id='word_1_229' title='bbox 2002 2394 2443 2452; x_wconf 84' lang='lat' dir='ltr'><strong>vicissitudinibus</strong></span> <span class='ocrx_word' id='word_1_230' title='bbox 2470 2414 2530 2453; x_wconf 90' lang='lat' dir='ltr'><strong>ac</strong></span> <span class='ocrx_word' id='word_1_231' title='bbox 2555 2401 2621 2455; x_wconf 92' lang='lat' dir='ltr'><strong>de</strong></span> <span class='ocrx_word' id='word_1_232' title='bbox 2654 2403 2755 2457; x_wconf 89' lang='lat' dir='ltr'><strong>illis</strong></span> <span class='ocrx_word' id='word_1_233' title='bbox 2781 2406 3102 2475; x_wconf 88' lang='lat' dir='ltr'><strong>principibus</strong></span> <span class='ocrx_word' id='word_1_234' title='bbox 3130 2414 3217 2479; x_wconf 90' lang='lat' dir='ltr'><strong>qui</strong></span> <span class='ocrx_word' id='word_1_235' title='bbox 3250 2422 3371 2469; x_wconf 90' lang='lat' dir='ltr'><strong>tunc</strong></span> 
     </span>
    </p>
   </div>
   <div class='ocr_carea' id='block_1_38' title="bbox 188 2497 1726 2568">
    <p class='ocr_par' dir='ltr' id='par_1_38' title="bbox 188 2497 1726 2568">
     <span class='ocr_line' id='line_1_38' title="bbox 188 2497 1726 2568; baseline -0.001 -19"><span class='ocrx_word' id='word_1_236' title='bbox 188 2502 337 2563; x_wconf 85' lang='lat' dir='ltr'><strong>ratio,</strong></span> <span class='ocrx_word' id='word_1_237' title='bbox 391 2500 541 2553; x_wconf 72' lang='lat' dir='ltr'><strong>nulla</strong></span> <span class='ocrx_word' id='word_1_238' title='bbox 592 2514 715 2568; x_wconf 88' lang='lat' dir='ltr'><strong>erga</strong></span> <span class='ocrx_word' id='word_1_239' title='bbox 745 2515 832 2553; x_wconf 88' lang='lat' dir='ltr'><strong>res</strong></span> <span class='ocrx_word' id='word_1_240' title='bbox 883 2507 975 2553; x_wconf 87' lang='lat' dir='ltr'><strong>aut</strong></span> <span class='ocrx_word' id='word_1_241' title='bbox 1013 2514 1267 2566; x_wconf 86' lang='lat' dir='ltr'><strong>personas</strong></span> <span class='ocrx_word' id='word_1_242' title='bbox 1317 2511 1495 2551; x_wconf 88' lang='lat' dir='ltr'><strong>sacras</strong></span> <span class='ocrx_word' id='word_1_243' title='bbox 1524 2497 1726 2562; x_wconf 74' lang='lat' dir='ltr'><strong>religio.</strong></span> 
     </span>
    </p>
   </div>
   <div class='ocr_carea' id='block_1_39' title="bbox 186 2588 1731 2656">
    <p class='ocr_par' dir='ltr' id='par_1_39' title="bbox 186 2588 1731 2656">
     <span class='ocr_line' id='line_1_39' title="bbox 186 2588 1731 2656; baseline 0.002 -20"><span class='ocrx_word' id='word_1_244' title='bbox 186 2588 370 2641; x_wconf 76' lang='lat' dir='ltr'><strong>\‘ernm</strong></span> <span class='ocrx_word' id='word_1_245' title='bbox 416 2588 727 2641; x_wconf 80' lang='lat' dir='ltr'><strong>barbaricus</strong></span> <span class='ocrx_word' id='word_1_246' title='bbox 772 2589 871 2640; x_wconf 89' lang='lat' dir='ltr'><strong>iste</strong></span> <span class='ocrx_word' id='word_1_247' title='bbox 906 2588 1071 2651; x_wconf 88' lang='lat' dir='ltr'><strong>furor,</strong></span> <span class='ocrx_word' id='word_1_248' title='bbox 1102 2588 1189 2656; x_wconf 92' lang='lat' dir='ltr'><strong>qui</strong></span> <span class='ocrx_word' id='word_1_249' title='bbox 1234 2588 1427 2640; x_wconf 83' lang='lat' dir='ltr'><strong>multos</strong></span> <span class='ocrx_word' id='word_1_250' title='bbox 1474 2596 1731 2655; x_wconf 84' lang='lat' dir='ltr'><strong>martyres</strong></span> 
     </span>
    </p>
   </div>
   <div class='ocr_carea' id='block_1_40' title="bbox 182 2677 1797 2745">
    <p class='ocr_par' dir='ltr' id='par_1_40' title="bbox 182 2677 1797 2745">
     <span class='ocr_line' id='line_1_40' title="bbox 182 2677 1797 2745; baseline -0.001 -15"><span class='ocrx_word' id='word_1_251' title='bbox 182 2680 307 2732; x_wconf 65' lang='lat' dir='ltr'><strong>coelo</strong></span> <span class='ocrx_word' id='word_1_252' title='bbox 334 2679 539 2742; x_wconf 82' lang='lat' dir='ltr'><strong>intulit,</strong></span> <span class='ocrx_word' id='word_1_253' title='bbox 571 2679 706 2731; x_wconf 91' lang='lat' dir='ltr'><strong>idem</strong></span> <span class='ocrx_word' id='word_1_254' title='bbox 740 2678 851 2745; x_wconf 86' lang='lat' dir='ltr'><strong>ipse</strong></span> <span class='ocrx_word' id='word_1_255' title='bbox 882 2678 933 2730; x_wconf 90' lang='lat' dir='ltr'><strong>in</strong></span> <span class='ocrx_word' id='word_1_256' title='bbox 962 2692 1116 2732; x_wconf 85' lang='lat' dir='ltr'><strong>causa</strong></span> <span class='ocrx_word' id='word_1_257' title='bbox 1158 2687 1237 2731; x_wconf 87' lang='lat' dir='ltr'><strong>est</strong></span> <span class='ocrx_word' id='word_1_258' title='bbox 1260 2693 1353 2730; x_wconf 87' lang='lat' dir='ltr'><strong>cur</strong></span> <span class='ocrx_word' id='word_1_259' title='bbox 1382 2677 1508 2730; x_wconf 86' lang='lat' dir='ltr'><strong>nihil</strong></span> <span class='ocrx_word' id='word_1_260' title='bbox 1543 2677 1729 2729; x_wconf 89' lang='lat' dir='ltr'><strong>ferede</strong></span> <span class='ocrx_word' id='word_1_261' title='bbox 1782 2696 1797 2705; x_wconf 61' lang='grc' dir='ltr'><strong>ν</strong></span> 
     </span>
    </p>
   </div>
   <div class='ocr_carea' id='block_1_41' title="bbox 183 2765 1727 2834">
    <p class='ocr_par' dir='ltr' id='par_1_41' title="bbox 183 2765 1727 2834">
     <span class='ocr_line' id='line_1_41' title="bbox 183 2765 1727 2834; baseline 0 -19"><span class='ocrx_word' id='word_1_262' title='bbox 183 2766 357 2833; x_wconf 79' lang='lat' dir='ltr'><strong>iisdem</strong></span> <span class='ocrx_word' id='word_1_263' title='bbox 386 2765 711 2834; x_wconf 81' lang='lat' dir='ltr'><strong>martyribus</strong></span> <span class='ocrx_word' id='word_1_264' title='bbox 756 2776 959 2818; x_wconf 88' lang='lat' dir='ltr'><strong>certum</strong></span> <span class='ocrx_word' id='word_1_265' title='bbox 1010 2765 1334 2828; x_wconf 84' lang='lat' dir='ltr'><strong>habeamus;</strong></span> <span class='ocrx_word' id='word_1_266' title='bbox 1376 2766 1566 2832; x_wconf 88' lang='lat' dir='ltr'><strong>quippe</strong></span> <span class='ocrx_word' id='word_1_267' title='bbox 1610 2779 1727 2817; x_wconf 82' lang='lat' dir='ltr'><strong>cum</strong></span> 
     </span>
    </p>
   </div>
   <div class='ocr_carea' id='block_1_42' title="bbox 182 2850 1727 2925">
    <p class='ocr_par' dir='ltr' id='par_1_42' title="bbox 182 2850 1727 2925">
     <span class='ocr_line' id='line_1_42' title="bbox 182 2850 1727 2925; baseline 0.001 -21"><span class='ocrx_word' id='word_1_268' title='bbox 182 2853 335 2919; x_wconf 78' lang='lat' dir='ltr'><strong>ferro,</strong></span> <span class='ocrx_word' id='word_1_269' title='bbox 368 2855 583 2925; x_wconf 62' lang='lat' dir='ltr'><strong>flamma</strong></span> <span class='ocrx_word' id='word_1_270' title='bbox 614 2864 771 2921; x_wconf 84' lang='lat' dir='ltr'><strong>atque</strong></span> <span class='ocrx_word' id='word_1_271' title='bbox 792 2850 988 2921; x_wconf 69' lang='lat' dir='ltr'><strong>rapinis</strong></span> <span class='ocrx_word' id='word_1_272' title='bbox 1014 2854 1187 2907; x_wconf 89' lang='lat' dir='ltr'><strong>omnia</strong></span> <span class='ocrx_word' id='word_1_273' title='bbox 1219 2862 1501 2917; x_wconf 74' lang='lat' dir='ltr'><strong>vasurent,</strong></span> <span class='ocrx_word' id='word_1_274' title='bbox 1533 2853 1727 2906; x_wconf 85' lang='lat' dir='ltr'><strong>nullam</strong></span> 
     </span>
    </p>
   </div>
   <div class='ocr_carea' id='block_1_43' title="bbox 179 2944 1726 3013">
    <p class='ocr_par' dir='ltr' id='par_1_43' title="bbox 179 2944 1726 3013">
     <span class='ocr_line' id='line_1_43' title="bbox 179 2944 1726 3013; baseline 0 -16"><span class='ocrx_word' id='word_1_275' title='bbox 179 2944 242 2997; x_wconf 87' lang='lat' dir='ltr'><strong>de</strong></span> <span class='ocrx_word' id='word_1_276' title='bbox 270 2947 431 2999; x_wconf 87' lang='lat' dir='ltr'><strong>rebus</strong></span> <span class='ocrx_word' id='word_1_277' title='bbox 468 2946 579 2999; x_wconf 88' lang='lat' dir='ltr'><strong>suis</strong></span> <span class='ocrx_word' id='word_1_278' title='bbox 617 2944 902 3010; x_wconf 88' lang='lat' dir='ltr'><strong>scribendi,</strong></span> <span class='ocrx_word' id='word_1_279' title='bbox 935 2946 1040 2999; x_wconf 89' lang='lat' dir='ltr'><strong>imo</strong></span> <span class='ocrx_word' id='word_1_280' title='bbox 1078 2961 1145 2999; x_wconf 91' lang='lat' dir='ltr'><strong>ne</strong></span> <span class='ocrx_word' id='word_1_281' title='bbox 1190 2944 1480 3013; x_wconf 87' lang='lat' dir='ltr'><strong>respirandi</strong></span> <span class='ocrx_word' id='word_1_282' title='bbox 1519 2945 1726 3013; x_wconf 88' lang='lat' dir='ltr'><strong>quidem</strong></span> 
     </span>
    </p>
   </div>
   <div class='ocr_carea' id='block_1_44' title="bbox 183 3034 1727 3104">
    <p class='ocr_par' dir='ltr' id='par_1_44' title="bbox 183 3034 1727 3104">
     <span class='ocr_line' id='line_1_44' title="bbox 183 3034 1727 3104; baseline 0.001 -19"><span class='ocrx_word' id='word_1_283' title='bbox 183 3036 480 3090; x_wconf 82' lang='lat' dir='ltr'><strong>facultatem</strong></span> <span class='ocrx_word' id='word_1_284' title='bbox 510 3034 876 3103; x_wconf 88' lang='lat' dir='ltr'><strong>relinquebant</strong></span> <span class='ocrx_word' id='word_1_285' title='bbox 896 3036 961 3088; x_wconf 91' lang='lat' dir='ltr'><strong>iis</strong></span> <span class='ocrx_word' id='word_1_286' title='bbox 988 3034 1079 3104; x_wconf 87' lang='lat' dir='ltr'><strong>qui</strong></span> <span class='ocrx_word' id='word_1_287' title='bbox 1110 3049 1175 3089; x_wconf 78' lang='lat' dir='ltr'><strong>ex</strong></span> <span class='ocrx_word' id='word_1_288' title='bbox 1229 3036 1332 3087; x_wconf 89' lang='lat' dir='ltr'><strong>illis</strong></span> <span class='ocrx_word' id='word_1_289' title='bbox 1358 3034 1602 3101; x_wconf 88' lang='lat' dir='ltr'><strong>procellis</strong></span> <span class='ocrx_word' id='word_1_290' title='bbox 1646 3050 1727 3087; x_wconf 85' lang='lat' dir='ltr'><strong>re-</strong></span> 
     </span>
    </p>
   </div>
   <div class='ocr_carea' id='block_1_45' title="bbox 184 3122 1725 3190">
    <p class='ocr_par' dir='ltr' id='par_1_45' title="bbox 184 3122 1725 3190">
     <span class='ocr_line' id='line_1_45' title="bbox 184 3122 1725 3190; baseline -0.001 -16"><span class='ocrx_word' id='word_1_291' title='bbox 184 3123 297 3189; x_wconf 84' lang='lat' dir='ltr'><strong>liqui</strong></span> <span class='ocrx_word' id='word_1_292' title='bbox 326 3131 506 3176; x_wconf 83' lang='lat' dir='ltr'><strong>erant.</strong></span> <span class='ocrx_word' id='word_1_293' title='bbox 539 3122 641 3175; x_wconf 88' lang='lat' dir='ltr'><strong>Sed</strong></span> <span class='ocrx_word' id='word_1_294' title='bbox 672 3123 773 3175; x_wconf 82' lang='lat' dir='ltr'><strong>etsi</strong></span> <span class='ocrx_word' id='word_1_295' title='bbox 795 3124 883 3189; x_wconf 90' lang='lat' dir='ltr'><strong>qui</strong></span> <span class='ocrx_word' id='word_1_296' title='bbox 902 3122 1036 3175; x_wconf 89' lang='lat' dir='ltr'><strong>forte</strong></span> <span class='ocrx_word' id='word_1_297' title='bbox 1063 3122 1233 3190; x_wconf 89' lang='lat' dir='ltr'><strong>aliqua</strong></span> <span class='ocrx_word' id='word_1_298' title='bbox 1272 3125 1321 3176; x_wconf 81' lang='lat' dir='ltr'><strong>in</strong></span> <span class='ocrx_word' id='word_1_299' title='bbox 1352 3123 1552 3175; x_wconf 87' lang='lat' dir='ltr'><strong>litteras</strong></span> <span class='ocrx_word' id='word_1_300' title='bbox 1582 3131 1725 3175; x_wconf 87' lang='lat' dir='ltr'><strong>retu-</strong></span> 
     </span>
    </p>
   </div>
   <div class='ocr_carea' id='block_1_46' title="bbox 182 3209 1723 3277">
    <p class='ocr_par' dir='ltr' id='par_1_46' title="bbox 182 3209 1723 3277">
     <span class='ocr_line' id='line_1_46' title="bbox 182 3209 1723 3277; baseline -0.001 -14"><span class='ocrx_word' id='word_1_301' title='bbox 182 3209 348 3275; x_wconf 80' lang='lat' dir='ltr'><strong>lerint,</strong></span> <span class='ocrx_word' id='word_1_302' title='bbox 380 3214 496 3263; x_wconf 66' lang='lat' dir='ltr'><strong>haec</strong></span> <span class='ocrx_word' id='word_1_303' title='bbox 514 3210 690 3262; x_wconf 86' lang='lat' dir='ltr'><strong>omnia</strong></span> <span class='ocrx_word' id='word_1_304' title='bbox 717 3210 769 3261; x_wconf 89' lang='lat' dir='ltr'><strong>in</strong></span> <span class='ocrx_word' id='word_1_305' title='bbox 797 3210 911 3262; x_wconf 88' lang='lat' dir='ltr'><strong>istis</strong></span> <span class='ocrx_word' id='word_1_306' title='bbox 942 3212 1267 3275; x_wconf 89' lang='lat' dir='ltr'><strong>tumultibus,</strong></span> <span class='ocrx_word' id='word_1_307' title='bbox 1300 3221 1350 3264; x_wconf 91' lang='lat' dir='ltr'><strong>et</strong></span> <span class='ocrx_word' id='word_1_308' title='bbox 1380 3210 1585 3263; x_wconf 87' lang='lat' dir='ltr'><strong>urbium</strong></span> <span class='ocrx_word' id='word_1_309' title='bbox 1610 3226 1723 3277; x_wconf 86' lang='lat' dir='ltr'><strong>pro-</strong></span> 
     </span>
    </p>
   </div>
   <div class='ocr_carea' id='block_1_47' title="bbox 182 3296 1723 3365">
    <p class='ocr_par' dir='ltr' id='par_1_47' title="bbox 182 3296 1723 3365">
     <span class='ocr_line' id='line_1_47' title="bbox 182 3296 1723 3365; baseline 0.002 -17"><span class='ocrx_word' id='word_1_310' title='bbox 182 3300 572 3364; x_wconf 83' lang='lat' dir='ltr'><strong>vinciarumque</strong></span> <span class='ocrx_word' id='word_1_311' title='bbox 611 3296 971 3365; x_wconf 88' lang='lat' dir='ltr'><strong>frequentibus</strong></span> <span class='ocrx_word' id='word_1_312' title='bbox 1015 3299 1239 3351; x_wconf 82' lang='lat' dir='ltr'><strong>excidiis</strong></span> <span class='ocrx_word' id='word_1_313' title='bbox 1300 3301 1585 3365; x_wconf 89' lang='lat' dir='ltr'><strong>perierunt.</strong></span> <span class='ocrx_word' id='word_1_314' title='bbox 1625 3299 1723 3364; x_wconf 86' lang='lat' dir='ltr'><strong>Qui</strong></span> 
     </span>
    </p>
   </div>
   <div class='ocr_carea' id='block_1_48' title="bbox 182 3385 1719 3455">
    <p class='ocr_par' dir='ltr' id='par_1_48' title="bbox 182 3385 1719 3455">
     <span class='ocr_line' id='line_1_48' title="bbox 182 3385 1719 3455; baseline 0.002 -19"><span class='ocrx_word' id='word_1_315' title='bbox 182 3400 300 3439; x_wconf 87' lang='lat' dir='ltr'><strong>vero</strong></span> <span class='ocrx_word' id='word_1_316' title='bbox 328 3394 513 3455; x_wconf 88' lang='lat' dir='ltr'><strong>postea</strong></span> <span class='ocrx_word' id='word_1_317' title='bbox 539 3386 605 3439; x_wconf 90' lang='lat' dir='ltr'><strong>de</strong></span> <span class='ocrx_word' id='word_1_318' title='bbox 635 3386 793 3439; x_wconf 90' lang='lat' dir='ltr'><strong>rebus</strong></span> <span class='ocrx_word' id='word_1_319' title='bbox 829 3385 944 3439; x_wconf 89' lang='lat' dir='ltr'><strong>istis</strong></span> <span class='ocrx_word' id='word_1_320' title='bbox 978 3388 1385 3439; x_wconf 87' lang='lat' dir='ltr'><strong>commentarios</strong></span> <span class='ocrx_word' id='word_1_321' title='bbox 1425 3386 1719 3451; x_wconf 90' lang='lat' dir='ltr'><strong>ediderunt,</strong></span> 
     </span>
    </p>
   </div>
   <div class='ocr_carea' id='block_1_49' title="bbox 182 3475 1723 3543">
    <p class='ocr_par' dir='ltr' id='par_1_49' title="bbox 182 3475 1723 3543">
     <span class='ocr_line' id='line_1_49' title="bbox 182 3475 1723 3543; baseline -0.001 -15"><span class='ocrx_word' id='word_1_322' title='bbox 182 3478 383 3543; x_wconf 73' lang='lat' dir='ltr'><strong>twgotia</strong></span> <span class='ocrx_word' id='word_1_323' title='bbox 432 3475 609 3529; x_wconf 80' lang='lat' dir='ltr'><strong>civilia</strong></span> <span class='ocrx_word' id='word_1_324' title='bbox 658 3482 909 3539; x_wconf 85' lang='lat' dir='ltr'><strong>tractare,</strong></span> <span class='ocrx_word' id='word_1_325' title='bbox 959 3484 1047 3527; x_wconf 89' lang='lat' dir='ltr'><strong>aut</strong></span> <span class='ocrx_word' id='word_1_326' title='bbox 1074 3476 1432 3543; x_wconf 80' lang='lat' dir='ltr'><strong>expeditiones</strong></span> <span class='ocrx_word' id='word_1_327' title='bbox 1472 3476 1723 3529; x_wconf 88' lang='lat' dir='ltr'><strong>militares</strong></span> 
     </span>
    </p>
   </div>
   <div class='ocr_carea' id='block_1_50' title="bbox 182 3562 1721 3633">
    <p class='ocr_par' dir='ltr' id='par_1_50' title="bbox 182 3562 1721 3633">
     <span class='ocr_line' id='line_1_50' title="bbox 182 3562 1721 3633; baseline 0.004 -21"><span class='ocrx_word' id='word_1_328' title='bbox 182 3562 572 3627; x_wconf 75' lang='lat' dir='ltr'><strong>rommendare,</strong></span> <span class='ocrx_word' id='word_1_329' title='bbox 637 3577 794 3629; x_wconf 91' lang='lat' dir='ltr'><strong>quam</strong></span> <span class='ocrx_word' id='word_1_330' title='bbox 829 3563 895 3616; x_wconf 88' lang='lat' dir='ltr'><strong>de</strong></span> <span class='ocrx_word' id='word_1_331' title='bbox 946 3564 1228 3632; x_wconf 79' lang='lat' dir='ltr'><strong>Martyrum</strong></span> <span class='ocrx_word' id='word_1_332' title='bbox 1274 3564 1552 3633; x_wconf 86' lang='lat' dir='ltr'><strong>triumphis</strong></span> <span class='ocrx_word' id='word_1_333' title='bbox 1603 3567 1721 3619; x_wconf 88' lang='lat' dir='ltr'><strong>data</strong></span> 
     </span>
    </p>
   </div>
   <div class='ocr_carea' id='block_1_51' title="bbox 186 3654 1723 3725">
    <p class='ocr_par' dir='ltr' id='par_1_51' title="bbox 186 3654 1723 3725">
     <span class='ocr_line' id='line_1_51' title="bbox 186 3654 1723 3725; baseline 0.004 -21"><span class='ocrx_word' id='word_1_334' title='bbox 186 3668 335 3719; x_wconf 75' lang='lat' dir='ltr'><strong>opera</strong></span> <span class='ocrx_word' id='word_1_335' title='bbox 365 3655 634 3708; x_wconf 80' lang='lat' dir='ltr'><strong>disserere</strong></span> <span class='ocrx_word' id='word_1_336' title='bbox 665 3656 984 3716; x_wconf 85' lang='lat' dir='ltr'><strong>maluerunt,</strong></span> <span class='ocrx_word' id='word_1_337' title='bbox 1014 3656 1089 3707; x_wconf 89' lang='lat' dir='ltr'><strong>uti</strong></span> <span class='ocrx_word' id='word_1_338' title='bbox 1126 3654 1191 3708; x_wconf 90' lang='lat' dir='ltr'><strong>de</strong></span> <span class='ocrx_word' id='word_1_339' title='bbox 1214 3655 1467 3725; x_wconf 83' lang='lat' dir='ltr'><strong>Proc0pio</strong></span> <span class='ocrx_word' id='word_1_340' title='bbox 1506 3656 1723 3725; x_wconf 88' lang='lat' dir='ltr'><strong>aliisque</strong></span> 
     </span>
    </p>
   </div>
   <div class='ocr_carea' id='block_1_52' title="bbox 1829 2484 3371 2563">
    <p class='ocr_par' dir='ltr' id='par_1_52' title="bbox 1829 2484 3371 2563">
     <span class='ocr_line' id='line_1_52' title="bbox 1829 2484 3371 2563; baseline 0.014 -28"><span class='ocrx_word' id='word_1_341' title='bbox 1829 2484 2079 2550; x_wconf 87' lang='lat' dir='ltr'><strong>temporis</strong></span> <span class='ocrx_word' id='word_1_342' title='bbox 2109 2487 2451 2555; x_wconf 86' lang='lat' dir='ltr'><strong>imperarunt,</strong></span> <span class='ocrx_word' id='word_1_343' title='bbox 2482 2490 2566 2544; x_wconf 87' lang='lat' dir='ltr'><strong>vel</strong></span> <span class='ocrx_word' id='word_1_344' title='bbox 2590 2492 2820 2548; x_wconf 85' lang='lat' dir='ltr'><strong>breviter</strong></span> <span class='ocrx_word' id='word_1_345' title='bbox 2848 2510 3042 2563; x_wconf 84' lang='lat' dir='ltr'><strong>agere:</strong></span> <span class='ocrx_word' id='word_1_346' title='bbox 3070 2508 3177 2553; x_wconf 91' lang='lat' dir='ltr'><strong>tum</strong></span> <span class='ocrx_word' id='word_1_347' title='bbox 3195 2510 3253 2555; x_wconf 91' lang='lat' dir='ltr'><strong>ut</strong></span> <span class='ocrx_word' id='word_1_348' title='bbox 3273 2518 3371 2558; x_wconf 83' lang='lat' dir='ltr'><strong>una</strong></span> 
     </span>
    </p>
   </div>
   <div class='ocr_carea' id='block_1_53' title="bbox 1829 2577 3370 2661">
    <p class='ocr_par' dir='ltr' id='par_1_53' title="bbox 1829 2577 3370 2661">
     <span class='ocr_line' id='line_1_53' title="bbox 1829 2577 3370 2661; baseline 0.015 -36"><span class='ocrx_word' id='word_1_349' title='bbox 1829 2587 2048 2641; x_wconf 65' lang='lat' dir='ltr'><strong>quaeque</strong></span> <span class='ocrx_word' id='word_1_350' title='bbox 2069 2590 2156 2629; x_wconf 77' lang='lat' dir='ltr'><strong>res</strong></span> <span class='ocrx_word' id='word_1_351' title='bbox 2187 2591 2285 2630; x_wconf 72' lang='lat' dir='ltr'><strong>suo</strong></span> <span class='ocrx_word' id='word_1_352' title='bbox 2311 2577 2431 2631; x_wconf 89' lang='lat' dir='ltr'><strong>loco</strong></span> <span class='ocrx_word' id='word_1_353' title='bbox 2471 2594 2535 2634; x_wconf 93' lang='lat' dir='ltr'><strong>ac</strong></span> <span class='ocrx_word' id='word_1_354' title='bbox 2576 2591 2813 2651; x_wconf 90' lang='lat' dir='ltr'><strong>tempore</strong></span> <span class='ocrx_word' id='word_1_355' title='bbox 2857 2586 3078 2655; x_wconf 79' lang='lat' dir='ltr'><strong>dicatur,</strong></span> <span class='ocrx_word' id='word_1_356' title='bbox 3113 2600 3218 2644; x_wconf 89' lang='lat' dir='ltr'><strong>tum</strong></span> <span class='ocrx_word' id='word_1_357' title='bbox 3249 2598 3370 2661; x_wconf 84' lang='lat' dir='ltr'><strong>quia</strong></span> 
     </span>
    </p>
   </div>
   <div class='ocr_carea' id='block_1_54' title="bbox 1827 2930 3367 3013">
    <p class='ocr_par' dir='ltr' id='par_1_54' title="bbox 1827 2930 3367 3013">
     <span class='ocr_line' id='line_1_54' title="bbox 1827 2930 3367 3013; baseline 0.016 -31"><span class='ocrx_word' id='word_1_358' title='bbox 1827 2930 2023 2985; x_wconf 90' lang='lat' dir='ltr'><strong>bendas</strong></span> <span class='ocrx_word' id='word_1_359' title='bbox 2052 2942 2105 2986; x_wconf 91' lang='lat' dir='ltr'><strong>et</strong></span> <span class='ocrx_word' id='word_1_360' title='bbox 2129 2947 2224 3001; x_wconf 90' lang='lat' dir='ltr'><strong>pro</strong></span> <span class='ocrx_word' id='word_1_361' title='bbox 2244 2934 2454 2990; x_wconf 91' lang='lat' dir='ltr'><strong>modulo</strong></span> <span class='ocrx_word' id='word_1_362' title='bbox 2470 2938 2799 2998; x_wconf 85' lang='lat' dir='ltr'><strong>ilhtstrandas</strong></span> <span class='ocrx_word' id='word_1_363' title='bbox 2816 2948 3165 3013; x_wconf 85' lang='lat' dir='ltr'><strong>aggredimur.</strong></span> <span class='ocrx_word' id='word_1_364' title='bbox 3205 2952 3367 3005; x_wconf 91' lang='lat' dir='ltr'><strong>Com-</strong></span> 
     </span>
    </p>
   </div>
   <div class='ocr_carea' id='block_1_55' title="bbox 1828 3019 3367 3109">
    <p class='ocr_par' dir='ltr' id='par_1_55' title="bbox 1828 3019 3367 3109">
     <span class='ocr_line' id='line_1_55' title="bbox 1828 3019 3367 3109; baseline 0.016 -41"><span class='ocrx_word' id='word_1_365' title='bbox 1828 3019 2073 3085; x_wconf 84' lang='lat' dir='ltr'><strong>plectitur</strong></span> <span class='ocrx_word' id='word_1_366' title='bbox 2119 3031 2293 3077; x_wconf 83' lang='lat' dir='ltr'><strong>autem</strong></span> <span class='ocrx_word' id='word_1_367' title='bbox 2348 3024 2461 3078; x_wconf 63' lang='lat' dir='ltr'><strong>haec</strong></span> <span class='ocrx_word' id='word_1_368' title='bbox 2516 3028 2737 3082; x_wconf 87' lang='lat' dir='ltr'><strong>Historia</strong></span> <span class='ocrx_word' id='word_1_369' title='bbox 2783 3040 2947 3085; x_wconf 91' lang='lat' dir='ltr'><strong>totum</strong></span> <span class='ocrx_word' id='word_1_370' title='bbox 2992 3035 3118 3089; x_wconf 89' lang='lat' dir='ltr'><strong>illud</strong></span> <span class='ocrx_word' id='word_1_371' title='bbox 3162 3048 3367 3109; x_wconf 80' lang='lat' dir='ltr'><strong>tempus</strong></span> 
     </span>
    </p>
   </div>
   <div class='ocr_carea' id='block_1_56' title="bbox 1826 3108 3365 3189">
    <p class='ocr_par' dir='ltr' id='par_1_56' title="bbox 1826 3108 3365 3189">
     <span class='ocr_line' id='line_1_56' title="bbox 1826 3108 3365 3189; baseline 0.015 -31"><span class='ocrx_word' id='word_1_372' title='bbox 1826 3108 1963 3173; x_wconf 92' lang='lat' dir='ltr'><strong>quod</strong></span> <span class='ocrx_word' id='word_1_373' title='bbox 1986 3123 2016 3161; x_wconf 92' lang='lat' dir='ltr'><strong>a</strong></span> <span class='ocrx_word' id='word_1_374' title='bbox 2040 3109 2209 3176; x_wconf 89' lang='lat' dir='ltr'><strong>prima</strong></span> <span class='ocrx_word' id='word_1_375' title='bbox 2225 3110 2577 3167; x_wconf 83' lang='lat' dir='ltr'><strong>Vandalorum</strong></span> <span class='ocrx_word' id='word_1_376' title='bbox 2606 3116 2658 3168; x_wconf 88' lang='lat' dir='ltr'><strong>in</strong></span> <span class='ocrx_word' id='word_1_377' title='bbox 2687 3117 2882 3171; x_wconf 87' lang='lat' dir='ltr'><strong>Gallias</strong></span> <span class='ocrx_word' id='word_1_378' title='bbox 2912 3108 3365 3189; x_wconf 15' lang='lat' dir='ltr'><strong>impressioneief-</strong></span> 
     </span>
    </p>
   </div>
   <div class='ocr_carea' id='block_1_57' title="bbox 1828 3197 3367 3285">
    <p class='ocr_par' dir='ltr' id='par_1_57' title="bbox 1828 3197 3367 3285">
     <span class='ocr_line' id='line_1_57' title="bbox 1828 3197 3367 3285; baseline 0.016 -37"><span class='ocrx_word' id='word_1_379' title='bbox 1828 3197 1991 3261; x_wconf 79' lang='lat' dir='ltr'><strong>fluxit,</strong></span> <span class='ocrx_word' id='word_1_380' title='bbox 2026 3214 2189 3266; x_wconf 87' lang='lat' dir='ltr'><strong>usque</strong></span> <span class='ocrx_word' id='word_1_381' title='bbox 2231 3200 2295 3253; x_wconf 83' lang='lat' dir='ltr'><strong>ad</strong></span> <span class='ocrx_word' id='word_1_382' title='bbox 2323 3204 2641 3259; x_wconf 82' lang='lat' dir='ltr'><strong>exstinctum</strong></span> <span class='ocrx_word' id='word_1_383' title='bbox 2665 3221 2848 3261; x_wconf 88' lang='lat' dir='ltr'><strong>eorum</strong></span> <span class='ocrx_word' id='word_1_384' title='bbox 2890 3210 2943 3263; x_wconf 91' lang='lat' dir='ltr'><strong>in</strong></span> <span class='ocrx_word' id='word_1_385' title='bbox 2982 3213 3155 3268; x_wconf 82' lang='lat' dir='ltr'><strong>Africa</strong></span> <span class='ocrx_word' id='word_1_386' title='bbox 3201 3218 3367 3285; x_wconf 86' lang='lat' dir='ltr'><strong>impe-</strong></span> 
     </span>
    </p>
   </div>
   <div class='ocr_carea' id='block_1_58' title="bbox 1824 3288 3359 3370">
    <p class='ocr_par' dir='ltr' id='par_1_58' title="bbox 1824 3288 3359 3370">
     <span class='ocr_line' id='line_1_58' title="bbox 1824 3288 3359 3370; baseline 0.016 -34"><span class='ocrx_word' id='word_1_387' title='bbox 1824 3288 1978 3350; x_wconf 89' lang='lat' dir='ltr'><strong>rium,</strong></span> <span class='ocrx_word' id='word_1_388' title='bbox 2009 3288 2059 3337; x_wconf 86' lang='lat' dir='ltr'><strong>id</strong></span> <span class='ocrx_word' id='word_1_389' title='bbox 2088 3298 2166 3339; x_wconf 86' lang='lat' dir='ltr'><strong>est</strong></span> <span class='ocrx_word' id='word_1_390' title='bbox 2202 3304 2369 3342; x_wconf 88' lang='lat' dir='ltr'><strong>annos</strong></span> <span class='ocrx_word' id='word_1_391' title='bbox 2397 3290 2604 3346; x_wconf 84' lang='lat' dir='ltr'><strong>circiter</strong></span> <span class='ocrx_word' id='word_1_392' title='bbox 2647 3308 2853 3350; x_wconf 87' lang='lat' dir='ltr'><strong>centum</strong></span> <span class='ocrx_word' id='word_1_393' title='bbox 2887 3300 3065 3369; x_wconf 87' lang='lat' dir='ltr'><strong>viginti</strong></span> <span class='ocrx_word' id='word_1_394' title='bbox 3112 3313 3168 3358; x_wconf 87' lang='lat' dir='ltr'><strong>et</strong></span> <span class='ocrx_word' id='word_1_395' title='bbox 3202 3317 3359 3370; x_wconf 86' lang='lat' dir='ltr'><strong>octo;</strong></span> 
     </span>
    </p>
   </div>
   <div class='ocr_carea' id='block_1_59' title="bbox 1822 3374 3365 3463">
    <p class='ocr_par' dir='ltr' id='par_1_59' title="bbox 1822 3374 3365 3463">
     <span class='ocr_line' id='line_1_59' title="bbox 1822 3374 3365 3463; baseline 0.016 -37"><span class='ocrx_word' id='word_1_396' title='bbox 1822 3374 2079 3441; x_wconf 83' lang='lat' dir='ltr'><strong>siquidem</strong></span> <span class='ocrx_word' id='word_1_397' title='bbox 2110 3392 2246 3429; x_wconf 87' lang='lat' dir='ltr'><strong>anno</strong></span> <span class='ocrx_word' id='word_1_398' title='bbox 2271 3377 2370 3431; x_wconf 74' lang='grc'><strong>406</strong></span> <span class='ocrx_word' id='word_1_399' title='bbox 2394 3381 2606 3434; x_wconf 86' lang='lat' dir='ltr'><strong>Vandali</strong></span> <span class='ocrx_word' id='word_1_400' title='bbox 2636 3398 2704 3436; x_wconf 81' lang='lat' dir='ltr'><strong>ex</strong></span> <span class='ocrx_word' id='word_1_401' title='bbox 2737 3391 2897 3451; x_wconf 88' lang='lat' dir='ltr'><strong>patria</strong></span> <span class='ocrx_word' id='word_1_402' title='bbox 2928 3405 3018 3442; x_wconf 84' lang='lat' dir='ltr'><strong>sua</strong></span> <span class='ocrx_word' id='word_1_403' title='bbox 3046 3393 3213 3456; x_wconf 78' lang='lat' dir='ltr'><strong>effusi,</strong></span> <span class='ocrx_word' id='word_1_404' title='bbox 3248 3410 3365 3463; x_wconf 87' lang='lat' dir='ltr'><strong>post</strong></span> 
     </span>
    </p>
   </div>
   <div class='ocr_carea' id='block_1_60' title="bbox 1824 3467 3361 3539">
    <p class='ocr_par' dir='ltr' id='par_1_60' title="bbox 1824 3467 3361 3539">
     <span class='ocr_line' id='line_1_60' title="bbox 1824 3467 3361 3539; baseline 0.016 -24"><span class='ocrx_word' id='word_1_405' title='bbox 1824 3467 1994 3519; x_wconf 86' lang='lat' dir='ltr'><strong>varias</strong></span> <span class='ocrx_word' id='word_1_406' title='bbox 2022 3467 2253 3520; x_wconf 81' lang='lat' dir='ltr'><strong>fortunas</strong></span> <span class='ocrx_word' id='word_1_407' title='bbox 2289 3485 2451 3536; x_wconf 85' lang='lat' dir='ltr'><strong>usque</strong></span> <span class='ocrx_word' id='word_1_408' title='bbox 2480 3474 2543 3523; x_wconf 90' lang='lat' dir='ltr'><strong>ad</strong></span> <span class='ocrx_word' id='word_1_409' title='bbox 2573 3486 2767 3525; x_wconf 89' lang='lat' dir='ltr'><strong>annum</strong></span> <span class='ocrx_word' id='word_1_410' title='bbox 2796 3477 2984 3530; x_wconf 87' lang='lat' dir='ltr'><strong>Christi</strong></span> <span class='ocrx_word' id='word_1_411' title='bbox 3004 3481 3106 3533; x_wconf 66' lang='grc'><strong>554</strong></span> <span class='ocrx_word' id='word_1_412' title='bbox 3132 3484 3361 3539; x_wconf 79' lang='lat' dir='ltr'><strong>Africam</strong></span> 
     </span>
    </p>
   </div>
   <div class='ocr_carea' id='block_1_61' title="bbox 1823 3560 3363 3641">
    <p class='ocr_par' dir='ltr' id='par_1_61' title="bbox 1823 3560 3363 3641">
     <span class='ocr_line' id='line_1_61' title="bbox 1823 3560 3363 3641; baseline 0.012 -32"><span class='ocrx_word' id='word_1_413' title='bbox 1823 3560 2116 3622; x_wconf 87' lang='lat' dir='ltr'><strong>obtinuere,</strong></span> <span class='ocrx_word' id='word_1_414' title='bbox 2149 3576 2251 3627; x_wconf 86' lang='lat' dir='ltr'><strong>quo</strong></span> <span class='ocrx_word' id='word_1_415' title='bbox 2282 3562 2489 3614; x_wconf 85' lang='lat' dir='ltr'><strong>tandem</strong></span> <span class='ocrx_word' id='word_1_416' title='bbox 2526 3578 2660 3616; x_wconf 88' lang='lat' dir='ltr'><strong>anno</strong></span> <span class='ocrx_word' id='word_1_417' title='bbox 2686 3566 2781 3618; x_wconf 87' lang='lat' dir='ltr'><strong>sub</strong></span> <span class='ocrx_word' id='word_1_418' title='bbox 2809 3566 3101 3622; x_wconf 85' lang='lat' dir='ltr'><strong>Justiniano</strong></span> <span class='ocrx_word' id='word_1_419' title='bbox 3130 3572 3363 3641; x_wconf 82' lang='lat' dir='ltr'><strong>Augusto</strong></span> 
     </span>
    </p>
   </div>
   <div class='ocr_carea' id='block_1_62' title="bbox 1826 3647 3362 3727">
    <p class='ocr_par' dir='ltr' id='par_1_62' title="bbox 1826 3647 3362 3727">
     <span class='ocr_line' id='line_1_62' title="bbox 1826 3647 3362 3727; baseline 0.012 -28"><span class='ocrx_word' id='word_1_420' title='bbox 1826 3647 2075 3700; x_wconf 84' lang='lat' dir='ltr'><strong>Belisario</strong></span> <span class='ocrx_word' id='word_1_421' title='bbox 2104 3651 2236 3703; x_wconf 88' lang='lat' dir='ltr'><strong>duce</strong></span> <span class='ocrx_word' id='word_1_422' title='bbox 2279 3652 2409 3717; x_wconf 76' lang='lat' dir='ltr'><strong>pulsi</strong></span> <span class='ocrx_word' id='word_1_423' title='bbox 2442 3662 2580 3703; x_wconf 90' lang='lat' dir='ltr'><strong>sunt.</strong></span> <span class='ocrx_word' id='word_1_424' title='bbox 2619 3655 2753 3706; x_wconf 87' lang='lat' dir='ltr'><strong>Duas</strong></span> <span class='ocrx_word' id='word_1_425' title='bbox 2784 3666 2956 3711; x_wconf 84' lang='lat' dir='ltr'><strong>autem</strong></span> <span class='ocrx_word' id='word_1_426' title='bbox 2994 3660 3043 3711; x_wconf 93' lang='lat' dir='ltr'><strong>in</strong></span> <span class='ocrx_word' id='word_1_427' title='bbox 3078 3673 3248 3727; x_wconf 88' lang='lat' dir='ltr'><strong>partes</strong></span> <span class='ocrx_word' id='word_1_428' title='bbox 3284 3675 3362 3717; x_wconf 86' lang='lat' dir='ltr'><strong>to-</strong></span> 
     </span>
    </p>
   </div>
   <div class='ocr_carea' id='block_1_63' title="bbox 184 3720 3364 3809">
    <p class='ocr_par' dir='ltr' id='par_1_63' title="bbox 184 3720 3364 3809">
     <span class='ocr_line' id='line_1_63' title="bbox 184 3720 3364 3809; baseline 0.009 -30"><span class='ocrx_word' id='word_1_429' title='bbox 184 3741 447 3794; x_wconf 65' lang='grc' dir='ltr'><strong>ιιοηηυηίδ</strong></span> <span class='ocrx_word' id='word_1_430' title='bbox 471 3741 772 3793; x_wconf 60' lang='lat' dir='ltr'><strong>auctoribus</strong></span> <span class='ocrx_word' id='word_1_431' title='bbox 802 3749 963 3808; x_wconf 64' lang='lat' dir='ltr'><strong>patet,</strong></span> <span class='ocrx_word' id='word_1_432' title='bbox 995 3756 1215 3808; x_wconf 75' lang='lat' dir='ltr'><strong>quorum</strong></span> <span class='ocrx_word' id='word_1_433' title='bbox 1244 3720 1400 3809; x_wconf 65' lang='lat' dir='ltr'><strong>open;</strong></span> <span class='ocrx_word' id='word_1_434' title='bbox 1426 3742 1490 3795; x_wconf 75' lang='lat' dir='ltr'><strong>ad</strong></span> <span class='ocrx_word' id='word_1_435' title='bbox 1517 3759 1613 3796; x_wconf 78' lang='lat' dir='ltr'><strong>nos</strong></span> <span class='ocrx_word' id='word_1_436' title='bbox 1639 3720 1722 3796; x_wconf 51' lang='lat' dir='ltr'><strong>i15-</strong></span> <span class='ocrx_word' id='word_1_437' title='bbox 1749 3720 1793 3779; x_wconf 79' lang='lat' dir='ltr'>C</span> <span class='ocrx_word' id='word_1_438' title='bbox 1828 3745 1932 3788; x_wconf 85' lang='lat' dir='ltr'><strong>lllm</strong></span> <span class='ocrx_word' id='word_1_439' title='bbox 1962 3738 2098 3789; x_wconf 87' lang='lat' dir='ltr'><strong>hunc</strong></span> <span class='ocrx_word' id='word_1_440' title='bbox 2129 3739 2357 3791; x_wconf 87' lang='lat' dir='ltr'><strong>libellum</strong></span> <span class='ocrx_word' id='word_1_441' title='bbox 2389 3742 2684 3795; x_wconf 86' lang='lat' dir='ltr'><strong>tribuimus.</strong></span> <span class='ocrx_word' id='word_1_442' title='bbox 2715 3743 2864 3797; x_wconf 84' lang='lat' dir='ltr'><strong>Prior</strong></span> <span class='ocrx_word' id='word_1_443' title='bbox 2894 3720 3113 3801; x_wconf 80' lang='lat' dir='ltr'><strong>Victoris</strong></span> <span class='ocrx_word' id='word_1_444' title='bbox 3136 3750 3364 3808; x_wconf 83' lang='lat' dir='ltr'><strong>Vitensis</strong></span> 
     </span>
    </p>
   </div>
   <div class='ocr_carea' id='block_1_64' title="bbox 183 3829 1723 3901">
    <p class='ocr_par' dir='ltr' id='par_1_64' title="bbox 183 3829 1723 3901">
     <span class='ocr_line' id='line_1_64' title="bbox 183 3829 1723 3901; baseline 0.006 -25"><span class='ocrx_word' id='word_1_445' title='bbox 183 3845 276 3892; x_wconf 72' lang='lat' dir='ltr'><strong>que</strong></span> <span class='ocrx_word' id='word_1_446' title='bbox 306 3836 686 3896; x_wconf 89' lang='lat' dir='ltr'><strong>pervenerunt.</strong></span> <span class='ocrx_word' id='word_1_447' title='bbox 709 3829 877 3883; x_wconf 91' lang='lat' dir='ltr'><strong>Unum</strong></span> <span class='ocrx_word' id='word_1_448' title='bbox 902 3830 1152 3901; x_wconf 81' lang='lat' dir='ltr'><strong>habemus</strong></span> <span class='ocrx_word' id='word_1_449' title='bbox 1189 3831 1286 3883; x_wconf 90' lang='lat' dir='ltr'><strong>hoc</strong></span> <span class='ocrx_word' id='word_1_450' title='bbox 1315 3832 1381 3885; x_wconf 93' lang='lat' dir='ltr'><strong>de</strong></span> <span class='ocrx_word' id='word_1_451' title='bbox 1416 3844 1723 3900; x_wconf 84' lang='lat' dir='ltr'><strong>argumento</strong></span> 
     </span>
    </p>
   </div>
   <div class='ocr_carea' id='block_1_65' title="bbox 183 3918 1723 3988">
    <p class='ocr_par' dir='ltr' id='par_1_65' title="bbox 183 3918 1723 3988">
     <span class='ocr_line' id='line_1_65' title="bbox 183 3918 1723 3988; baseline 0.004 -19"><span class='ocrx_word' id='word_1_452' title='bbox 183 3918 403 3972; x_wconf 71' lang='lat' dir='ltr'><strong>Victoris</strong></span> <span class='ocrx_word' id='word_1_453' title='bbox 448 3919 677 3972; x_wconf 86' lang='lat' dir='ltr'><strong>Vitcnsis</strong></span> <span class='ocrx_word' id='word_1_454' title='bbox 704 3934 919 3973; x_wconf 85' lang='lat' dir='ltr'><strong>aureum</strong></span> <span class='ocrx_word' id='word_1_455' title='bbox 944 3920 1095 3988; x_wconf 86' lang='lat' dir='ltr'><strong>plane</strong></span> <span class='ocrx_word' id='word_1_456' title='bbox 1122 3922 1427 3988; x_wconf 85' lang='lat' dir='ltr'><strong>Opusculum</strong></span> <span class='ocrx_word' id='word_1_457' title='bbox 1458 3924 1522 3974; x_wconf 89' lang='lat' dir='ltr'><strong>de</strong></span> <span class='ocrx_word' id='word_1_458' title='bbox 1548 3937 1723 3988; x_wconf 86' lang='lat' dir='ltr'><strong>perse-</strong></span> 
     </span>
    </p>
   </div>
   <div class='ocr_carea' id='block_1_66' title="bbox 184 4007 1719 4068">
    <p class='ocr_par' dir='ltr' id='par_1_66' title="bbox 184 4007 1719 4068">
     <span class='ocr_line' id='line_1_66' title="bbox 184 4007 1719 4068; baseline 0.001 -9"><span class='ocrx_word' id='word_1_459' title='bbox 184 4012 386 4060; x_wconf 85' lang='lat' dir='ltr'><strong>cutione</strong></span> <span class='ocrx_word' id='word_1_460' title='bbox 404 4007 675 4068; x_wconf 75' lang='lat' dir='ltr'><strong>Africana,</strong></span> <span class='ocrx_word' id='word_1_461' title='bbox 697 4010 796 4061; x_wconf 83' lang='lat' dir='ltr'><strong>sub</strong></span> <span class='ocrx_word' id='word_1_462' title='bbox 817 4008 1101 4067; x_wconf 82' lang='lat' dir='ltr'><strong>Genserico</strong></span> <span class='ocrx_word' id='word_1_463' title='bbox 1127 4020 1178 4062; x_wconf 90' lang='lat' dir='ltr'><strong>ct</strong></span> <span class='ocrx_word' id='word_1_464' title='bbox 1205 4010 1459 4062; x_wconf 86' lang='lat' dir='ltr'><strong>llunerico</strong></span> <span class='ocrx_word' id='word_1_465' title='bbox 1476 4010 1719 4063; x_wconf 84' lang='lat' dir='ltr'><strong>excitata:</strong></span> 
     </span>
    </p>
   </div>
   <div class='ocr_carea' id='block_1_67' title="bbox 184 4097 1721 4163">
    <p class='ocr_par' dir='ltr' id='par_1_67' title="bbox 184 4097 1721 4163">
     <span class='ocr_line' id='line_1_67' title="bbox 184 4097 1721 4163; baseline 0.001 -18"><span class='ocrx_word' id='word_1_466' title='bbox 184 4113 475 4161; x_wconf 82' lang='lat' dir='ltr'><strong>quanquam</strong></span> <span class='ocrx_word' id='word_1_467' title='bbox 505 4105 559 4149; x_wconf 85' lang='lat' dir='ltr'><strong>et</strong></span> <span class='ocrx_word' id='word_1_468' title='bbox 587 4098 698 4163; x_wconf 84' lang='lat' dir='ltr'><strong>ipse</strong></span> <span class='ocrx_word' id='word_1_469' title='bbox 727 4112 887 4163; x_wconf 86' lang='lat' dir='ltr'><strong>pauca</strong></span> <span class='ocrx_word' id='word_1_470' title='bbox 917 4113 982 4150; x_wconf 82' lang='lat' dir='ltr'><strong>ex</strong></span> <span class='ocrx_word' id='word_1_471' title='bbox 1028 4098 1229 4158; x_wconf 89' lang='lat' dir='ltr'><strong>multis,</strong></span> <span class='ocrx_word' id='word_1_472' title='bbox 1261 4112 1428 4163; x_wconf 82' lang='lat' dir='ltr'><strong>neque</strong></span> <span class='ocrx_word' id='word_1_473' title='bbox 1472 4098 1585 4163; x_wconf 90' lang='lat' dir='ltr'><strong>ipse</strong></span> <span class='ocrx_word' id='word_1_474' title='bbox 1617 4097 1721 4148; x_wconf 65' lang='lat' dir='ltr'><strong>dis-</strong></span> 
     </span>
    </p>
   </div>
   <div class='ocr_carea' id='block_1_68' title="bbox 185 4185 1720 4251">
    <p class='ocr_par' dir='ltr' id='par_1_68' title="bbox 185 4185 1720 4251">
     <span class='ocr_line' id='line_1_68' title="bbox 185 4185 1720 4251; baseline 0.001 -14"><span class='ocrx_word' id='word_1_475' title='bbox 185 4186 411 4249; x_wconf 80' lang='lat' dir='ltr'><strong>simulat,</strong></span> <span class='ocrx_word' id='word_1_476' title='bbox 435 4185 617 4249; x_wconf 86' lang='lat' dir='ltr'><strong>refert,</strong></span> <span class='ocrx_word' id='word_1_477' title='bbox 651 4195 830 4251; x_wconf 89' lang='lat' dir='ltr'><strong>utpote</strong></span> <span class='ocrx_word' id='word_1_478' title='bbox 857 4187 944 4251; x_wconf 90' lang='lat' dir='ltr'><strong>qui</strong></span> <span class='ocrx_word' id='word_1_479' title='bbox 976 4186 1327 4237; x_wconf 82' lang='lat' dir='ltr'><strong>narrationem</strong></span> <span class='ocrx_word' id='word_1_480' title='bbox 1354 4200 1500 4238; x_wconf 88' lang='lat' dir='ltr'><strong>suam</strong></span> <span class='ocrx_word' id='word_1_481' title='bbox 1526 4187 1589 4237; x_wconf 92' lang='lat' dir='ltr'><strong>ad</strong></span> <span class='ocrx_word' id='word_1_482' title='bbox 1634 4200 1720 4239; x_wconf 85' lang='lat' dir='ltr'><strong>so-</strong></span> 
     </span>
    </p>
   </div>
   <div class='ocr_carea' id='block_1_69' title="bbox 186 4276 1720 4348">
    <p class='ocr_par' dir='ltr' id='par_1_69' title="bbox 186 4276 1720 4348">
     <span class='ocr_line' id='line_1_69' title="bbox 186 4276 1720 4348; baseline 0.001 -21"><span class='ocrx_word' id='word_1_483' title='bbox 186 4276 278 4327; x_wconf 90' lang='lat' dir='ltr'><strong>lam</strong></span> <span class='ocrx_word' id='word_1_484' title='bbox 306 4276 540 4328; x_wconf 81' lang='lat' dir='ltr'><strong>Africam</strong></span> <span class='ocrx_word' id='word_1_485' title='bbox 580 4284 833 4337; x_wconf 87' lang='lat' dir='ltr'><strong>coarctat,</strong></span> <span class='ocrx_word' id='word_1_486' title='bbox 866 4278 1102 4342; x_wconf 87' lang='lat' dir='ltr'><strong>quamvis</strong></span> <span class='ocrx_word' id='word_1_487' title='bbox 1130 4277 1192 4327; x_wconf 89' lang='lat' dir='ltr'><strong>ad</strong></span> <span class='ocrx_word' id='word_1_488' title='bbox 1224 4277 1374 4348; x_wconf 84' lang='lat' dir='ltr'><strong>longe</strong></span> <span class='ocrx_word' id='word_1_489' title='bbox 1396 4278 1571 4344; x_wconf 87' lang='lat' dir='ltr'><strong>plures</strong></span> <span class='ocrx_word' id='word_1_490' title='bbox 1602 4292 1720 4345; x_wconf 87' lang='lat' dir='ltr'><strong>pro-</strong></span> 
     </span>
    </p>
   </div>
   <div class='ocr_carea' id='block_1_70' title="bbox 187 4362 1720 4432">
    <p class='ocr_par' dir='ltr' id='par_1_70' title="bbox 187 4362 1720 4432">
     <span class='ocr_line' id='line_1_70' title="bbox 187 4362 1720 4432; baseline 0.003 -19"><span class='ocrx_word' id='word_1_491' title='bbox 187 4365 396 4423; x_wconf 84' lang='lat' dir='ltr'><strong>\iucias,</strong></span> <span class='ocrx_word' id='word_1_492' title='bbox 428 4373 481 4416; x_wconf 89' lang='lat' dir='ltr'><strong>et</strong></span> <span class='ocrx_word' id='word_1_493' title='bbox 530 4362 779 4415; x_wconf 88' lang='lat' dir='ltr'><strong>tredecim</strong></span> <span class='ocrx_word' id='word_1_494' title='bbox 821 4363 1035 4417; x_wconf 89' lang='lat' dir='ltr'><strong>omnino</strong></span> <span class='ocrx_word' id='word_1_495' title='bbox 1062 4372 1347 4431; x_wconf 84' lang='lat' dir='ltr'><strong>computat,</strong></span> <span class='ocrx_word' id='word_1_496' title='bbox 1402 4367 1720 4432; x_wconf 86' lang='lat' dir='ltr'><strong>persecutio-</strong></span> 
     </span>
    </p>
   </div>
   <div class='ocr_carea' id='block_1_71' title="bbox 187 4452 1719 4522">
    <p class='ocr_par' dir='ltr' id='par_1_71' title="bbox 187 4452 1719 4522">
     <span class='ocr_line' id='line_1_71' title="bbox 187 4452 1719 4522; baseline 0.004 -20"><span class='ocrx_word' id='word_1_497' title='bbox 187 4470 295 4507; x_wconf 85' lang='lat' dir='ltr'><strong>nem</strong></span> <span class='ocrx_word' id='word_1_498' title='bbox 334 4452 608 4507; x_wconf 86' lang='lat' dir='ltr'><strong>Gcnserici</strong></span> <span class='ocrx_word' id='word_1_499' title='bbox 636 4454 930 4517; x_wconf 86' lang='lat' dir='ltr'><strong>pervasisse</strong></span> <span class='ocrx_word' id='word_1_500' title='bbox 961 4454 1201 4507; x_wconf 88' lang='lat' dir='ltr'><strong>fateatur.</strong></span> <span class='ocrx_word' id='word_1_501' title='bbox 1230 4455 1325 4507; x_wconf 82' lang='lat' dir='ltr'><strong>Vix</strong></span> <span class='ocrx_word' id='word_1_502' title='bbox 1366 4464 1537 4509; x_wconf 89' lang='lat' dir='ltr'><strong>tamen</strong></span> <span class='ocrx_word' id='word_1_503' title='bbox 1566 4454 1719 4522; x_wconf 83' lang='lat' dir='ltr'><strong>quid-</strong></span> 
     </span>
    </p>
   </div>
   <div class='ocr_carea' id='block_1_72' title="bbox 186 4539 1720 4609">
    <p class='ocr_par' dir='ltr' id='par_1_72' title="bbox 186 4539 1720 4609">
     <span class='ocr_line' id='line_1_72' title="bbox 186 4539 1720 4609; baseline 0.002 -17"><span class='ocrx_word' id='word_1_504' title='bbox 186 4556 329 4607; x_wconf 88' lang='lat' dir='ltr'><strong>quam</strong></span> <span class='ocrx_word' id='word_1_505' title='bbox 358 4539 500 4593; x_wconf 84' lang='lat' dir='ltr'><strong>aliud</strong></span> <span class='ocrx_word' id='word_1_506' title='bbox 521 4554 586 4593; x_wconf 86' lang='lat' dir='ltr'><strong>ex</strong></span> <span class='ocrx_word' id='word_1_507' title='bbox 609 4540 671 4591; x_wconf 89' lang='lat' dir='ltr'><strong>iis</strong></span> <span class='ocrx_word' id='word_1_508' title='bbox 690 4542 867 4604; x_wconf 87' lang='lat' dir='ltr'><strong>rebus,</strong></span> <span class='ocrx_word' id='word_1_509' title='bbox 891 4552 1080 4607; x_wconf 63' lang='lat' dir='ltr'><strong>praeter</strong></span> <span class='ocrx_word' id='word_1_510' title='bbox 1099 4556 1158 4595; x_wconf 91' lang='lat' dir='ltr'><strong>ea</strong></span> <span class='ocrx_word' id='word_1_511' title='bbox 1173 4557 1288 4609; x_wconf 61' lang='lat' dir='ltr'><strong>quae</strong></span> <span class='ocrx_word' id='word_1_512' title='bbox 1305 4544 1372 4595; x_wconf 89' lang='lat' dir='ltr'><strong>ab</strong></span> <span class='ocrx_word' id='word_1_513' title='bbox 1386 4545 1483 4596; x_wconf 85' lang='lat' dir='ltr'><strong>isto</strong></span> <span class='ocrx_word' id='word_1_514' title='bbox 1506 4555 1720 4597; x_wconf 84' lang='lat' dir='ltr'><strong>auctore</strong></span> 
     </span>
    </p>
   </div>
   <div class='ocr_carea' id='block_1_73' title="bbox 189 4630 1716 4698">
    <p class='ocr_par' dir='ltr' id='par_1_73' title="bbox 189 4630 1716 4698">
     <span class='ocr_line' id='line_1_73' title="bbox 189 4630 1716 4698; baseline 0.005 -19"><span class='ocrx_word' id='word_1_515' title='bbox 189 4630 505 4691; x_wconf 87' lang='lat' dir='ltr'><strong>referuntur,</strong></span> <span class='ocrx_word' id='word_1_516' title='bbox 538 4630 734 4682; x_wconf 87' lang='lat' dir='ltr'><strong>rescire</strong></span> <span class='ocrx_word' id='word_1_517' title='bbox 764 4630 913 4682; x_wconf 87' lang='lat' dir='ltr'><strong>nobis</strong></span> <span class='ocrx_word' id='word_1_518' title='bbox 953 4630 1090 4683; x_wconf 89' lang='lat' dir='ltr'><strong>licet.</strong></span> <span class='ocrx_word' id='word_1_519' title='bbox 1122 4631 1315 4684; x_wconf 79' lang='lat' dir='ltr'><strong>Verum</strong></span> <span class='ocrx_word' id='word_1_520' title='bbox 1355 4642 1408 4686; x_wconf 90' lang='lat' dir='ltr'><strong>et</strong></span> <span class='ocrx_word' id='word_1_521' title='bbox 1454 4633 1504 4685; x_wconf 89' lang='lat' dir='ltr'><strong>id</strong></span> <span class='ocrx_word' id='word_1_522' title='bbox 1548 4635 1716 4698; x_wconf 89' lang='lat' dir='ltr'><strong>ipsum</strong></span> 
     </span>
    </p>
   </div>
   <div class='ocr_carea' id='block_1_74' title="bbox 190 4720 1718 4788">
    <p class='ocr_par' dir='ltr' id='par_1_74' title="bbox 190 4720 1718 4788">
     <span class='ocr_line' id='line_1_74' title="bbox 190 4720 1718 4788; baseline 0.005 -20"><span class='ocrx_word' id='word_1_523' title='bbox 190 4722 360 4785; x_wconf 84' lang='lat' dir='ltr'><strong>operis</strong></span> <span class='ocrx_word' id='word_1_524' title='bbox 391 4721 507 4786; x_wconf 81' lang='lat' dir='ltr'><strong>ejus</strong></span> <span class='ocrx_word' id='word_1_525' title='bbox 546 4720 769 4786; x_wconf 88' lang='lat' dir='ltr'><strong>pretium</strong></span> <span class='ocrx_word' id='word_1_526' title='bbox 796 4729 971 4788; x_wconf 85' lang='lat' dir='ltr'><strong>auget,</strong></span> <span class='ocrx_word' id='word_1_527' title='bbox 1008 4731 1343 4788; x_wconf 88' lang='lat' dir='ltr'><strong>nostramque</strong></span> <span class='ocrx_word' id='word_1_528' title='bbox 1373 4726 1602 4776; x_wconf 81' lang='lat' dir='ltr'><strong>excitare</strong></span> <span class='ocrx_word' id='word_1_529' title='bbox 1642 4724 1718 4775; x_wconf 79' lang='lat' dir='ltr'><strong>di-</strong></span> 
     </span>
    </p>
   </div>
   <div class='ocr_carea' id='block_1_75' title="bbox 188 4807 1717 4879">
    <p class='ocr_par' dir='ltr' id='par_1_75' title="bbox 188 4807 1717 4879">
     <span class='ocr_line' id='line_1_75' title="bbox 188 4807 1717 4879; baseline 0.004 -22"><span class='ocrx_word' id='word_1_530' title='bbox 188 4807 453 4874; x_wconf 77' lang='lat' dir='ltr'><strong>ligentiam</strong></span> <span class='ocrx_word' id='word_1_531' title='bbox 496 4808 653 4862; x_wconf 89' lang='lat' dir='ltr'><strong>debet</strong></span> <span class='ocrx_word' id='word_1_532' title='bbox 678 4808 741 4860; x_wconf 89' lang='lat' dir='ltr'><strong>ad</strong></span> <span class='ocrx_word' id='word_1_533' title='bbox 773 4822 948 4861; x_wconf 87' lang='lat' dir='ltr'><strong>sacras</strong></span> <span class='ocrx_word' id='word_1_534' title='bbox 974 4808 1090 4861; x_wconf 87' lang='lat' dir='ltr'><strong>illas</strong></span> <span class='ocrx_word' id='word_1_535' title='bbox 1124 4809 1402 4862; x_wconf 83' lang='lat' dir='ltr'><strong>sanctioris</strong></span> <span class='ocrx_word' id='word_1_536' title='bbox 1442 4812 1717 4879; x_wconf 86' lang='lat' dir='ltr'><strong>antiquita-</strong></span> 
     </span>
    </p>
   </div>
   <div class='ocr_carea' id='block_1_76' title="bbox 188 4897 1716 4965">
    <p class='ocr_par' dir='ltr' id='par_1_76' title="bbox 188 4897 1716 4965">
     <span class='ocr_line' id='line_1_76' title="bbox 188 4897 1716 4965; baseline 0.004 -19"><span class='ocrx_word' id='word_1_537' title='bbox 188 4900 247 4948; x_wconf 84' lang='lat' dir='ltr'><strong>tis</strong></span> <span class='ocrx_word' id='word_1_538' title='bbox 273 4900 519 4964; x_wconf 85' lang='lat' dir='ltr'><strong>reliquias</strong></span> <span class='ocrx_word' id='word_1_539' title='bbox 548 4897 885 4964; x_wconf 74' lang='lat' dir='ltr'><strong>colligendas,</strong></span> <span class='ocrx_word' id='word_1_540' title='bbox 920 4912 1034 4964; x_wconf 75' lang='lat' dir='ltr'><strong>qua:</strong></span> <span class='ocrx_word' id='word_1_541' title='bbox 1070 4912 1174 4965; x_wconf 89' lang='lat' dir='ltr'><strong>quo</strong></span> <span class='ocrx_word' id='word_1_542' title='bbox 1204 4900 1461 4962; x_wconf 88' lang='lat' dir='ltr'><strong>rariores,</strong></span> <span class='ocrx_word' id='word_1_543' title='bbox 1507 4915 1570 4952; x_wconf 91' lang='lat' dir='ltr'><strong>eo</strong></span> <span class='ocrx_word' id='word_1_544' title='bbox 1600 4915 1716 4965; x_wconf 91' lang='lat' dir='ltr'><strong>pre-</strong></span> 
     </span>
    </p>
   </div>
   <div class='ocr_carea' id='block_1_77' title="bbox 1826 3830 3362 3897">
    <p class='ocr_par' dir='ltr' id='par_1_77' title="bbox 1826 3830 3362 3897">
     <span class='ocr_line' id='line_1_77' title="bbox 1826 3830 3362 3897; baseline 0.012 -18"><span class='ocrx_word' id='word_1_545' title='bbox 1826 3842 1954 3893; x_wconf 63' lang='lat' dir='ltr'><strong>Opus</strong></span> <span class='ocrx_word' id='word_1_546' title='bbox 1982 3830 2245 3896; x_wconf 77' lang='lat' dir='ltr'><strong>egregium</strong></span> <span class='ocrx_word' id='word_1_547' title='bbox 2274 3845 2390 3882; x_wconf 91' lang='lat' dir='ltr'><strong>cum</strong></span> <span class='ocrx_word' id='word_1_548' title='bbox 2429 3834 2589 3884; x_wconf 89' lang='lat' dir='ltr'><strong>variis</strong></span> <span class='ocrx_word' id='word_1_549' title='bbox 2614 3835 2883 3888; x_wconf 87' lang='lat' dir='ltr'><strong>codicibus</strong></span> <span class='ocrx_word' id='word_1_550' title='bbox 2919 3850 3159 3895; x_wconf 87' lang='lat' dir='ltr'><strong>accurate</strong></span> <span class='ocrx_word' id='word_1_551' title='bbox 3204 3846 3362 3897; x_wconf 83' lang='lat' dir='ltr'><strong>colla-</strong></span> 
     </span>
    </p>
   </div>
   <div class='ocr_carea' id='block_1_78' title="bbox 1826 3921 3358 3997">
    <p class='ocr_par' dir='ltr' id='par_1_78' title="bbox 1826 3921 3358 3997">
     <span class='ocr_line' id='line_1_78' title="bbox 1826 3921 3358 3997; baseline 0.012 -28"><span class='ocrx_word' id='word_1_552' title='bbox 1826 3930 1971 3979; x_wconf 77' lang='lat' dir='ltr'><strong>tum,</strong></span> <span class='ocrx_word' id='word_1_553' title='bbox 2023 3921 2229 3985; x_wconf 82' lang='lat' dir='ltr'><strong>aliaque</strong></span> <span class='ocrx_word' id='word_1_554' title='bbox 2283 3924 2529 3975; x_wconf 88' lang='lat' dir='ltr'><strong>nonnulla</strong></span> <span class='ocrx_word' id='word_1_555' title='bbox 2583 3936 2916 3979; x_wconf 88' lang='lat' dir='ltr'><strong>monumenta</strong></span> <span class='ocrx_word' id='word_1_556' title='bbox 2964 3932 3358 3997; x_wconf 82' lang='lat' dir='ltr'><strong>complectitur.</strong></span> 
     </span>
    </p>
   </div>
   <div class='ocr_carea' id='block_1_79' title="bbox 1822 4010 3357 4076">
    <p class='ocr_par' dir='ltr' id='par_1_79' title="bbox 1822 4010 3357 4076">
     <span class='ocr_line' id='line_1_79' title="bbox 1822 4010 3357 4076; baseline 0.012 -20"><span class='ocrx_word' id='word_1_557' title='bbox 1822 4022 1939 4073; x_wconf 71' lang='lat' dir='ltr'><strong>qua:</strong></span> <span class='ocrx_word' id='word_1_558' title='bbox 1993 4010 2427 4076; x_wconf 78' lang='lat' dir='ltr'><strong>subsequentibus</strong></span> <span class='ocrx_word' id='word_1_559' title='bbox 2476 4014 2613 4064; x_wconf 84' lang='lat' dir='ltr'><strong>notis</strong></span> <span class='ocrx_word' id='word_1_560' title='bbox 2654 4023 2705 4066; x_wconf 90' lang='lat' dir='ltr'><strong>et</strong></span> <span class='ocrx_word' id='word_1_561' title='bbox 2748 4015 3198 4075; x_wconf 81' lang='lat' dir='ltr'><strong>observationibus</strong></span> <span class='ocrx_word' id='word_1_562' title='bbox 3237 4023 3357 4075; x_wconf 73' lang='lat' dir='ltr'><strong>illu~</strong></span> 
     </span>
    </p>
   </div>
   <div class='ocr_carea' id='block_1_80' title="bbox 1820 4097 3359 4167">
    <p class='ocr_par' dir='ltr' id='par_1_80' title="bbox 1820 4097 3359 4167">
     <span class='ocr_line' id='line_1_80' title="bbox 1820 4097 3359 4167; baseline 0.014 -24"><span class='ocrx_word' id='word_1_563' title='bbox 1820 4102 1989 4145; x_wconf 88' lang='lat' dir='ltr'><strong>strare</strong></span> <span class='ocrx_word' id='word_1_564' title='bbox 2015 4097 2185 4146; x_wconf 86' lang='lat' dir='ltr'><strong>conati</strong></span> <span class='ocrx_word' id='word_1_565' title='bbox 2209 4110 2409 4149; x_wconf 88' lang='lat' dir='ltr'><strong>sumus.</strong></span> <span class='ocrx_word' id='word_1_566' title='bbox 2438 4100 2611 4150; x_wconf 85' lang='lat' dir='ltr'><strong>Altera</strong></span> <span class='ocrx_word' id='word_1_567' title='bbox 2658 4114 2783 4152; x_wconf 91' lang='lat' dir='ltr'><strong>vero</strong></span> <span class='ocrx_word' id='word_1_568' title='bbox 2813 4117 2932 4167; x_wconf 90' lang='lat' dir='ltr'><strong>pars</strong></span> <span class='ocrx_word' id='word_1_569' title='bbox 2976 4106 3241 4161; x_wconf 84' lang='lat' dir='ltr'><strong>historiam</strong></span> <span class='ocrx_word' id='word_1_570' title='bbox 3279 4113 3359 4164; x_wconf 81' lang='lat' dir='ltr'><strong>td-</strong></span> 
     </span>
    </p>
   </div>
   <div class='ocr_carea' id='block_1_81' title="bbox 1823 4182 3355 4262">
    <p class='ocr_par' dir='ltr' id='par_1_81' title="bbox 1823 4182 3355 4262">
     <span class='ocr_line' id='line_1_81' title="bbox 1823 4182 3355 4262; baseline 0.015 -32"><span class='ocrx_word' id='word_1_571' title='bbox 1823 4190 1925 4231; x_wconf 91' lang='lat' dir='ltr'><strong>tam</strong></span> <span class='ocrx_word' id='word_1_572' title='bbox 1982 4182 2134 4247; x_wconf 87' lang='lat' dir='ltr'><strong>hujus</strong></span> <span class='ocrx_word' id='word_1_573' title='bbox 2184 4185 2563 4248; x_wconf 87' lang='lat' dir='ltr'><strong>persecutionis</strong></span> <span class='ocrx_word' id='word_1_574' title='bbox 2608 4186 2673 4237; x_wconf 91' lang='lat' dir='ltr'><strong>ita</strong></span> <span class='ocrx_word' id='word_1_575' title='bbox 2728 4192 3059 4243; x_wconf 85' lang='lat' dir='ltr'><strong>continenter</strong></span> <span class='ocrx_word' id='word_1_576' title='bbox 3104 4198 3355 4262; x_wconf 88' lang='lat' dir='ltr'><strong>scriptam</strong></span> 
     </span>
    </p>
   </div>
   <div class='ocr_carea' id='block_1_82' title="bbox 1820 4270 3355 4341">
    <p class='ocr_par' dir='ltr' id='par_1_82' title="bbox 1820 4270 3355 4341">
     <span class='ocr_line' id='line_1_82' title="bbox 1820 4270 3355 4341; baseline 0.011 -19"><span class='ocrx_word' id='word_1_577' title='bbox 1820 4270 2056 4332; x_wconf 81' lang='lat' dir='ltr'><strong>exhibet,</strong></span> <span class='ocrx_word' id='word_1_578' title='bbox 2087 4278 2141 4323; x_wconf 90' lang='lat' dir='ltr'><strong>ut</strong></span> <span class='ocrx_word' id='word_1_579' title='bbox 2182 4272 2437 4323; x_wconf 77' lang='lat' dir='ltr'><strong>interdum</strong></span> <span class='ocrx_word' id='word_1_580' title='bbox 2471 4276 2714 4327; x_wconf 82' lang='lat' dir='ltr'><strong>nonnulla</strong></span> <span class='ocrx_word' id='word_1_581' title='bbox 2749 4276 3129 4334; x_wconf 88' lang='lat' dir='ltr'><strong>interserantur</strong></span> <span class='ocrx_word' id='word_1_582' title='bbox 3176 4294 3355 4341; x_wconf 81' lang='lat' dir='ltr'><strong>vetera</strong></span> 
     </span>
    </p>
   </div>
   <div class='ocr_carea' id='block_1_83' title="bbox 1820 4360 3352 4435">
    <p class='ocr_par' dir='ltr' id='par_1_83' title="bbox 1820 4360 3352 4435">
     <span class='ocr_line' id='line_1_83' title="bbox 1820 4360 3352 4435; baseline 0.012 -25"><span class='ocrx_word' id='word_1_583' title='bbox 1820 4360 2033 4425; x_wconf 85' lang='lat' dir='ltr'><strong>scripta,</strong></span> <span class='ocrx_word' id='word_1_584' title='bbox 2059 4362 2147 4412; x_wconf 88' lang='lat' dir='ltr'><strong>sed</strong></span> <span class='ocrx_word' id='word_1_585' title='bbox 2200 4376 2315 4427; x_wconf 76' lang='lat' dir='ltr'><strong>qua:</strong></span> <span class='ocrx_word' id='word_1_586' title='bbox 2356 4360 2581 4414; x_wconf 68' lang='lat' dir='ltr'><strong>historian</strong></span> <span class='ocrx_word' id='word_1_587' title='bbox 2627 4362 2766 4416; x_wconf 86' lang='lat' dir='ltr'><strong>filum</strong></span> <span class='ocrx_word' id='word_1_588' title='bbox 2795 4366 3024 4435; x_wconf 68' lang='lat' dir='ltr'><strong>ptinime</strong></span> <span class='ocrx_word' id='word_1_589' title='bbox 3072 4370 3352 4429; x_wconf 87' lang='lat' dir='ltr'><strong>interrum-</strong></span> 
     </span>
    </p>
   </div>
   <div class='ocr_carea' id='block_1_84' title="bbox 1822 4457 1965 4513">
    <p class='ocr_par' dir='ltr' id='par_1_84' title="bbox 1822 4457 1965 4513">
     <span class='ocr_line' id='line_1_84' title="bbox 1822 4457 1965 4513; baseline -0.007 -17"><span class='ocrx_word' id='word_1_590' title='bbox 1822 4457 1965 4513; x_wconf 87' lang='lat' dir='ltr'><strong>pttttt.</strong></span> 
     </span>
    </p>
   </div>
   <div class='ocr_carea' id='block_1_85' title="bbox 1891 4534 3355 4609">
    <p class='ocr_par' dir='ltr' id='par_1_85' title="bbox 1891 4534 3355 4609">
     <span class='ocr_line' id='line_1_85' title="bbox 1891 4534 3355 4609; baseline 0.013 -24"><span class='ocrx_word' id='word_1_591' title='bbox 1891 4535 1971 4586; x_wconf 93' lang='lat' dir='ltr'><strong>Ill.</strong></span> <span class='ocrx_word' id='word_1_592' title='bbox 2010 4534 2235 4586; x_wconf 79' lang='lat' dir='ltr'><strong>l‘ritnttrn</strong></span> <span class='ocrx_word' id='word_1_593' title='bbox 2267 4536 2440 4604; x_wconf 83' lang='lat' dir='ltr'><strong>itaque</strong></span> <span class='ocrx_word' id='word_1_594' title='bbox 2470 4541 2518 4590; x_wconf 88' lang='lat' dir='ltr'><strong>in</strong></span> <span class='ocrx_word' id='word_1_595' title='bbox 2566 4543 2723 4604; x_wconf 81' lang='lat' dir='ltr'><strong>priori</strong></span> <span class='ocrx_word' id='word_1_596' title='bbox 2765 4552 2910 4609; x_wconf 75' lang='lat' dir='ltr'><strong>parte</strong></span> <span class='ocrx_word' id='word_1_597' title='bbox 2952 4545 3121 4597; x_wconf 89' lang='lat' dir='ltr'><strong>locum</strong></span> <span class='ocrx_word' id='word_1_598' title='bbox 3154 4548 3355 4605; x_wconf 79' lang='lat' dir='ltr'><strong>obtinet</strong></span> 
     </span>
    </p>
   </div>
   <div class='ocr_carea' id='block_1_86' title="bbox 1822 4623 3352 4695">
    <p class='ocr_par' dir='ltr' id='par_1_86' title="bbox 1822 4623 3352 4695">
     <span class='ocr_line' id='line_1_86' title="bbox 1822 4623 3352 4695; baseline 0.014 -23"><span class='ocrx_word' id='word_1_599' title='bbox 1822 4623 2043 4674; x_wconf 79' lang='lat' dir='ltr'><strong>Victoris</strong></span> <span class='ocrx_word' id='word_1_600' title='bbox 2074 4624 2297 4676; x_wconf 87' lang='lat' dir='ltr'><strong>Vitensis</strong></span> <span class='ocrx_word' id='word_1_601' title='bbox 2324 4628 2552 4695; x_wconf 88' lang='lat' dir='ltr'><strong>episcopi</strong></span> <span class='ocrx_word' id='word_1_602' title='bbox 2577 4630 2639 4681; x_wconf 90' lang='lat' dir='ltr'><strong>de</strong></span> <span class='ocrx_word' id='word_1_603' title='bbox 2664 4630 3031 4686; x_wconf 76' lang='lat' dir='ltr'><strong>Persecutioue</strong></span> <span class='ocrx_word' id='word_1_604' title='bbox 3073 4635 3352 4695; x_wconf 79' lang='lat' dir='ltr'><strong>Vandalica</strong></span> 
     </span>
    </p>
   </div>
   <div class='ocr_carea' id='block_1_87' title="bbox 1818 4714 3350 4780">
    <p class='ocr_par' dir='ltr' id='par_1_87' title="bbox 1818 4714 3350 4780">
     <span class='ocr_line' id='line_1_87' title="bbox 1818 4714 3350 4780; baseline 0.01 -16"><span class='ocrx_word' id='word_1_605' title='bbox 1818 4714 2143 4780; x_wconf 87' lang='lat' dir='ltr'><strong>opusculum,</strong></span> <span class='ocrx_word' id='word_1_606' title='bbox 2174 4731 2275 4780; x_wconf 78' lang='lat' dir='ltr'><strong>quo</strong></span> <span class='ocrx_word' id='word_1_607' title='bbox 2306 4718 2502 4769; x_wconf 86' lang='lat' dir='ltr'><strong>nullum</strong></span> <span class='ocrx_word' id='word_1_608' title='bbox 2535 4719 2641 4771; x_wconf 85' lang='lat' dir='ltr'><strong>fere</strong></span> <span class='ocrx_word' id='word_1_609' title='bbox 2678 4722 2929 4773; x_wconf 78' lang='lat' dir='ltr'><strong>illustrius</strong></span> <span class='ocrx_word' id='word_1_610' title='bbox 2972 4724 3018 4773; x_wconf 91' lang='lat' dir='ltr'><strong>in</strong></span> <span class='ocrx_word' id='word_1_611' title='bbox 3069 4733 3174 4777; x_wconf 86' lang='lat' dir='ltr'><strong>tota</strong></span> <span class='ocrx_word' id='word_1_612' title='bbox 3213 4729 3350 4779; x_wconf 85' lang='lat' dir='ltr'><strong>anti-</strong></span> 
     </span>
    </p>
   </div>
   <div class='ocr_carea' id='block_1_88' title="bbox 1818 4807 3347 4878">
    <p class='ocr_par' dir='ltr' id='par_1_88' title="bbox 1818 4807 3347 4878">
     <span class='ocr_line' id='line_1_88' title="bbox 1818 4807 3347 4878; baseline 0.012 -28"><span class='ocrx_word' id='word_1_613' title='bbox 1818 4807 2012 4868; x_wconf 85' lang='lat' dir='ltr'><strong>quitate</strong></span> <span class='ocrx_word' id='word_1_614' title='bbox 2044 4816 2453 4867; x_wconf 82' lang='lat' dir='ltr'><strong>monumentum,</strong></span> <span class='ocrx_word' id='word_1_615' title='bbox 2494 4810 2731 4862; x_wconf 89' lang='lat' dir='ltr'><strong>utiliusve</strong></span> <span class='ocrx_word' id='word_1_616' title='bbox 2784 4820 2871 4861; x_wconf 88' lang='lat' dir='ltr'><strong>aut</strong></span> <span class='ocrx_word' id='word_1_617' title='bbox 2900 4811 3182 4878; x_wconf 74' lang='lat' dir='ltr'><strong>efficacius,</strong></span> <span class='ocrx_word' id='word_1_618' title='bbox 3238 4825 3347 4869; x_wconf 89' lang='lat' dir='ltr'><strong>tum</strong></span> 
     </span>
    </p>
   </div>
   <div class='ocr_carea' id='block_1_89' title="bbox 1819 4893 3351 4963">
    <p class='ocr_par' dir='ltr' id='par_1_89' title="bbox 1819 4893 3351 4963">
     <span class='ocr_line' id='line_1_89' title="bbox 1819 4893 3351 4963; baseline 0.01 -20"><span class='ocrx_word' id='word_1_619' title='bbox 1819 4895 1879 4943; x_wconf 87' lang='lat' dir='ltr'><strong>ad</strong></span> <span class='ocrx_word' id='word_1_620' title='bbox 1909 4893 2328 4944; x_wconf 69' lang='lat' dir='ltr'><strong>inflatntnantlntn</strong></span> <span class='ocrx_word' id='word_1_621' title='bbox 2367 4898 2414 4947; x_wconf 86' lang='lat' dir='ltr'><strong>in</strong></span> <span class='ocrx_word' id='word_1_622' title='bbox 2466 4897 2693 4948; x_wconf 76' lang='lat' dir='ltr'><strong>fidelium</strong></span> <span class='ocrx_word' id='word_1_623' title='bbox 2745 4901 3036 4963; x_wconf 82' lang='lat' dir='ltr'><strong>pectoribus</strong></span> <span class='ocrx_word' id='word_1_624' title='bbox 3072 4911 3125 4954; x_wconf 91' lang='lat' dir='ltr'><strong>et</strong></span> <span class='ocrx_word' id='word_1_625' title='bbox 3162 4905 3351 4960; x_wconf 87' lang='lat' dir='ltr'><strong>animis</strong></span> 
     </span>
    </p>
   </div>
   <div class='ocr_carea' id='block_1_90' title="bbox 189 4983 3349 5055">
    <p class='ocr_par' dir='ltr' id='par_1_90' title="bbox 189 4983 3349 5055">
     <span class='ocr_line' id='line_1_90' title="bbox 189 4983 3349 5055; baseline 0.003 -22"><span class='ocrx_word' id='word_1_626' title='bbox 189 4988 417 5039; x_wconf 79' lang='lat' dir='ltr'><strong>tiosiorcs</strong></span> <span class='ocrx_word' id='word_1_627' title='bbox 458 4988 665 5039; x_wconf 86' lang='lat' dir='ltr'><strong>censeri</strong></span> <span class='ocrx_word' id='word_1_628' title='bbox 703 4986 916 5039; x_wconf 81' lang='lat' dir='ltr'><strong>debent.</strong></span> <span class='ocrx_word' id='word_1_629' title='bbox 948 4988 1251 5055; x_wconf 85' lang='lat' dir='ltr'><strong>Quanquam</strong></span> <span class='ocrx_word' id='word_1_630' title='bbox 1285 4988 1450 5055; x_wconf 90' lang='lat' dir='ltr'><strong>pudor</strong></span> <span class='ocrx_word' id='word_1_631' title='bbox 1487 4999 1568 5041; x_wconf 83' lang='lat' dir='ltr'><strong>est</strong></span> <span class='ocrx_word' id='word_1_632' title='bbox 1598 5004 1716 5054; x_wconf 86' lang='lat' dir='ltr'><strong>pro—</strong></span> <span class='ocrx_word' id='word_1_633' title='bbox 1741 5048 1784 5055; x_wconf 88' lang='lat'>_</span> <span class='ocrx_word' id='word_1_634' title='bbox 1817 4983 2127 5034; x_wconf 66' lang='lat' dir='ltr'><strong>Christiana:</strong></span> <span class='ocrx_word' id='word_1_635' title='bbox 2157 4984 2422 5050; x_wconf 80' lang='lat' dir='ltr'><strong>religionis</strong></span> <span class='ocrx_word' id='word_1_636' title='bbox 2451 4990 2676 5038; x_wconf 86' lang='lat' dir='ltr'><strong>studium</strong></span> <span class='ocrx_word' id='word_1_637' title='bbox 2718 5002 2777 5038; x_wconf 90' lang='lat' dir='ltr'><strong>ac</strong></span> <span class='ocrx_word' id='word_1_638' title='bbox 2826 4986 3111 5051; x_wconf 81' lang='lat' dir='ltr'><strong>fervorem,</strong></span> <span class='ocrx_word' id='word_1_639' title='bbox 3147 5002 3251 5044; x_wconf 89' lang='lat' dir='ltr'><strong>lum</strong></span> <span class='ocrx_word' id='word_1_640' title='bbox 3282 4996 3349 5049; x_wconf 82' lang='lat' dir='ltr'><strong>ad</strong></span> 
     </span>
    </p>
   </div>
   <div class='ocr_carea' id='block_1_91' title="bbox 188 5048 3350 5150">
    <p class='ocr_par' dir='ltr' id='par_1_91' title="bbox 188 5048 3350 5150">
     <span class='ocr_line' id='line_1_91' title="bbox 188 5048 3350 5150; baseline 0.003 -24"><span class='ocrx_word' id='word_1_641' title='bbox 188 5077 323 5127; x_wconf 73' lang='lat' dir='ltr'><strong>fauos</strong></span> <span class='ocrx_word' id='word_1_642' title='bbox 352 5083 595 5126; x_wconf 87' lang='lat' dir='ltr'><strong>auctores</strong></span> <span class='ocrx_word' id='word_1_643' title='bbox 625 5075 757 5126; x_wconf 80' lang='lat' dir='ltr'><strong>adeo</strong></span> <span class='ocrx_word' id='word_1_644' title='bbox 782 5075 1032 5128; x_wconf 87' lang='lat' dir='ltr'><strong>sollicitos</strong></span> <span class='ocrx_word' id='word_1_645' title='bbox 1056 5077 1407 5143; x_wconf 87' lang='lat' dir='ltr'><strong>acdiiigentes</strong></span> <span class='ocrx_word' id='word_1_646' title='bbox 1432 5080 1484 5131; x_wconf 90' lang='lat' dir='ltr'><strong>in</strong></span> <span class='ocrx_word' id='word_1_647' title='bbox 1516 5079 1713 5133; x_wconf 87' lang='lat' dir='ltr'><strong>bellicis</strong></span> <span class='ocrx_word' id='word_1_648' title='bbox 1740 5048 1795 5107; x_wconf 78' lang='lat' dir='ltr'><strong>D</strong></span> <span class='ocrx_word' id='word_1_649' title='bbox 1818 5073 2169 5125; x_wconf 64' lang='lat' dir='ltr'><strong>conﬁrmanda</strong></span> <span class='ocrx_word' id='word_1_650' title='bbox 2209 5087 2373 5126; x_wconf 66' lang='lat' dir='ltr'><strong>Sacra:</strong></span> <span class='ocrx_word' id='word_1_651' title='bbox 2403 5076 2651 5129; x_wconf 74' lang='lat' dir='ltr'><strong>doctrinm</strong></span> <span class='ocrx_word' id='word_1_652' title='bbox 2682 5077 2920 5144; x_wconf 77' lang='lat' dir='ltr'><strong>dogmata</strong></span> <span class='ocrx_word' id='word_1_653' title='bbox 2941 5122 2955 5140; x_wconf 84' lang='lat'><strong>,</strong></span> <span class='ocrx_word' id='word_1_654' title='bbox 2992 5090 3097 5133; x_wconf 88' lang='lat' dir='ltr'><strong>tum</strong></span> <span class='ocrx_word' id='word_1_655' title='bbox 3126 5084 3350 5150; x_wconf 87' lang='lat' dir='ltr'><strong>denique</strong></span> 
     </span>
    </p>
   </div>
   <div class='ocr_carea' id='block_1_92' title="bbox 188 5162 1714 5227">
    <p class='ocr_par' dir='ltr' id='par_1_92' title="bbox 188 5162 1714 5227">
     <span class='ocr_line' id='line_1_92' title="bbox 188 5162 1714 5227; baseline 0.005 -14"><span class='ocrx_word' id='word_1_656' title='bbox 188 5165 347 5221; x_wconf 74' lang='lat' dir='ltr'><strong>rebus,</strong></span> <span class='ocrx_word' id='word_1_657' title='bbox 373 5162 739 5227; x_wconf 48' lang='lat' dir='ltr'><strong>praeclarisque</strong></span> <span class='ocrx_word' id='word_1_658' title='bbox 768 5164 980 5216; x_wconf 88' lang='lat' dir='ltr'><strong>heroum</strong></span> <span class='ocrx_word' id='word_1_659' title='bbox 1009 5180 1219 5217; x_wconf 77' lang='lat' dir='ltr'><strong>suorum</strong></span> <span class='ocrx_word' id='word_1_660' title='bbox 1241 5165 1557 5219; x_wconf 80' lang='lat' dir='ltr'><strong>facinoribus</strong></span> <span class='ocrx_word' id='word_1_661' title='bbox 1572 5182 1714 5221; x_wconf 85' lang='lat' dir='ltr'><strong>cum-</strong></span> 
     </span>
    </p>
   </div>
   <div class='ocr_carea' id='block_1_93' title="bbox 189 5250 1713 5314">
    <p class='ocr_par' dir='ltr' id='par_1_93' title="bbox 189 5250 1713 5314">
     <span class='ocr_line' id='line_1_93' title="bbox 189 5250 1713 5314; baseline 0.003 -10"><span class='ocrx_word' id='word_1_662' title='bbox 189 5252 533 5305; x_wconf 78' lang='lat' dir='ltr'><strong>ntemorandis</strong></span> <span class='ocrx_word' id='word_1_663' title='bbox 558 5250 747 5314; x_wconf 89' lang='lat' dir='ltr'><strong>fuisse;</strong></span> <span class='ocrx_word' id='word_1_664' title='bbox 768 5262 976 5304; x_wconf 79' lang='lat' dir='ltr'><strong>nostros</strong></span> <span class='ocrx_word' id='word_1_665' title='bbox 1003 5269 1127 5306; x_wconf 83' lang='lat' dir='ltr'><strong>vero</strong></span> <span class='ocrx_word' id='word_1_666' title='bbox 1150 5255 1279 5309; x_wconf 84' lang='lat' dir='ltr'><strong>adeo</strong></span> <span class='ocrx_word' id='word_1_667' title='bbox 1305 5256 1533 5308; x_wconf 83' lang='lat' dir='ltr'><strong>incurias</strong></span> <span class='ocrx_word' id='word_1_668' title='bbox 1551 5272 1609 5308; x_wconf 89' lang='lat' dir='ltr'><strong>ac</strong></span> <span class='ocrx_word' id='word_1_669' title='bbox 1625 5272 1713 5308; x_wconf 86' lang='lat' dir='ltr'><strong>ne-</strong></span> 
     </span>
    </p>
   </div>
   <div class='ocr_carea' id='block_1_94' title="bbox 187 5343 1714 5411">
    <p class='ocr_par' dir='ltr' id='par_1_94' title="bbox 187 5343 1714 5411">
     <span class='ocr_line' id='line_1_94' title="bbox 187 5343 1714 5411; baseline 0.008 -22"><span class='ocrx_word' id='word_1_670' title='bbox 187 5343 804 5409; x_wconf 66' lang='lat' dir='ltr'><strong>gligentesinsauctorum</strong></span> <span class='ocrx_word' id='word_1_671' title='bbox 823 5344 1084 5408; x_wconf 74' lang='lat' dir='ltr'><strong>pmclaris</strong></span> <span class='ocrx_word' id='word_1_672' title='bbox 1112 5359 1203 5411; x_wconf 89' lang='lat' dir='ltr'><strong>pro</strong></span> <span class='ocrx_word' id='word_1_673' title='bbox 1228 5345 1328 5398; x_wconf 83' lang='lat' dir='ltr'><strong>fide</strong></span> <span class='ocrx_word' id='word_1_674' title='bbox 1343 5346 1714 5401; x_wconf 81' lang='lat' dir='ltr'><strong>certaminibus</strong></span> 
     </span>
    </p>
   </div>
   <div class='ocr_carea' id='block_1_95' title="bbox 189 5430 1714 5497">
    <p class='ocr_par' dir='ltr' id='par_1_95' title="bbox 189 5430 1714 5497">
     <span class='ocr_line' id='line_1_95' title="bbox 189 5430 1714 5497; baseline 0.001 -13"><span class='ocrx_word' id='word_1_675' title='bbox 189 5432 464 5495; x_wconf 81' lang='lat' dir='ltr'><strong>posteritati</strong></span> <span class='ocrx_word' id='word_1_676' title='bbox 496 5430 834 5483; x_wconf 86' lang='lat' dir='ltr'><strong>mandandis:</strong></span> <span class='ocrx_word' id='word_1_677' title='bbox 875 5431 1062 5497; x_wconf 87' lang='lat' dir='ltr'><strong>quibus</strong></span> <span class='ocrx_word' id='word_1_678' title='bbox 1103 5444 1278 5486; x_wconf 85' lang='lat' dir='ltr'><strong>tamen</strong></span> <span class='ocrx_word' id='word_1_679' title='bbox 1302 5436 1427 5487; x_wconf 88' lang='lat' dir='ltr'><strong>ttihil</strong></span> <span class='ocrx_word' id='word_1_680' title='bbox 1451 5434 1714 5487; x_wconf 71' lang='lat' dir='ltr'><strong>efficacius</strong></span> 
     </span>
    </p>
   </div>
   <div class='ocr_carea' id='block_1_96' title="bbox 188 5518 1710 5590">
    <p class='ocr_par' dir='ltr' id='par_1_96' title="bbox 188 5518 1710 5590">
     <span class='ocr_line' id='line_1_96' title="bbox 188 5518 1710 5590; baseline 0.002 -18"><span class='ocrx_word' id='word_1_681' title='bbox 188 5532 256 5572; x_wconf 77' lang='lat' dir='ltr'><strong>est</strong></span> <span class='ocrx_word' id='word_1_682' title='bbox 286 5522 346 5572; x_wconf 86' lang='lat' dir='ltr'><strong>ad</strong></span> <span class='ocrx_word' id='word_1_683' title='bbox 374 5518 768 5573; x_wconf 81' lang='lat' dir='ltr'><strong>accendendum</strong></span> <span class='ocrx_word' id='word_1_684' title='bbox 795 5518 845 5590; x_wconf 77' lang='lat' dir='ltr'><strong>in</strong></span> <span class='ocrx_word' id='word_1_685' title='bbox 870 5519 1019 5571; x_wconf 90' lang='lat' dir='ltr'><strong>nobis</strong></span> <span class='ocrx_word' id='word_1_686' title='bbox 1037 5520 1199 5573; x_wconf 89' lang='lat' dir='ltr'><strong>divini</strong></span> <span class='ocrx_word' id='word_1_687' title='bbox 1222 5524 1416 5576; x_wconf 85' lang='lat' dir='ltr'><strong>amoris</strong></span> <span class='ocrx_word' id='word_1_688' title='bbox 1431 5522 1710 5575; x_wconf 84' lang='lat' dir='ltr'><strong>fervorem.</strong></span> 
     </span>
    </p>
   </div>
   <div class='ocr_carea' id='block_1_97' title="bbox 191 5607 1716 5677">
    <p class='ocr_par' dir='ltr' id='par_1_97' title="bbox 191 5607 1716 5677">
     <span class='ocr_line' id='line_1_97' title="bbox 191 5607 1716 5677; baseline 0.003 -18"><span class='ocrx_word' id='word_1_689' title='bbox 191 5608 247 5659; x_wconf 72' lang='lat' dir='ltr'><strong>Et</strong></span> <span class='ocrx_word' id='word_1_690' title='bbox 274 5614 478 5676; x_wconf 77' lang='lat' dir='ltr'><strong>quidem</strong></span> <span class='ocrx_word' id='word_1_691' title='bbox 510 5609 552 5661; x_wconf 88' lang='lat' dir='ltr'><strong>si</strong></span> <span class='ocrx_word' id='word_1_692' title='bbox 582 5607 735 5661; x_wconf 83' lang='lat' dir='ltr'><strong>dulce</strong></span> <span class='ocrx_word' id='word_1_693' title='bbox 771 5614 825 5659; x_wconf 91' lang='lat' dir='ltr'><strong>et</strong></span> <span class='ocrx_word' id='word_1_694' title='bbox 872 5607 1120 5661; x_wconf 87' lang='lat' dir='ltr'><strong>decorum</strong></span> <span class='ocrx_word' id='word_1_695' title='bbox 1148 5618 1228 5663; x_wconf 88' lang='lat' dir='ltr'><strong>est</strong></span> <span class='ocrx_word' id='word_1_696' title='bbox 1256 5626 1349 5677; x_wconf 91' lang='lat' dir='ltr'><strong>pro</strong></span> <span class='ocrx_word' id='word_1_697' title='bbox 1393 5610 1574 5676; x_wconf 71' lang='lat' dir='ltr'><strong>patria:</strong></span> <span class='ocrx_word' id='word_1_698' title='bbox 1627 5623 1716 5663; x_wconf 85' lang='lat' dir='ltr'><strong>aut</strong></span> 
     </span>
    </p>
   </div>
   <div class='ocr_carea' id='block_1_98' title="bbox 190 5697 1752 5765">
    <p class='ocr_par' dir='ltr' id='par_1_98' title="bbox 190 5697 1752 5765">
     <span class='ocr_line' id='line_1_98' title="bbox 190 5697 1752 5765; baseline 0.004 -20"><span class='ocrx_word' id='word_1_699' title='bbox 190 5701 475 5764; x_wconf 64' lang='lat' dir='ltr'><strong>rcipultlicm</strong></span> <span class='ocrx_word' id='word_1_700' title='bbox 521 5713 675 5752; x_wconf 76' lang='lat' dir='ltr'><strong>causa</strong></span> <span class='ocrx_word' id='word_1_701' title='bbox 720 5697 871 5762; x_wconf 85' lang='lat' dir='ltr'><strong>mori,</strong></span> <span class='ocrx_word' id='word_1_702' title='bbox 915 5698 1061 5765; x_wconf 84' lang='lat' dir='ltr'><strong>longe</strong></span> <span class='ocrx_word' id='word_1_703' title='bbox 1092 5698 1270 5765; x_wconf 79' lang='lat' dir='ltr'><strong>majori</strong></span> <span class='ocrx_word' id='word_1_704' title='bbox 1300 5698 1452 5753; x_wconf 77' lang='lat' dir='ltr'><strong>laudo</strong></span> <span class='ocrx_word' id='word_1_705' title='bbox 1504 5699 1752 5765; x_wconf 31' lang='lat' dir='ltr'><strong>dignum,</strong></span> 
     </span>
    </p>
   </div>
   <div class='ocr_carea' id='block_1_99' title="bbox 1817 5162 3348 5237">
    <p class='ocr_par' dir='ltr' id='par_1_99' title="bbox 1817 5162 3348 5237">
     <span class='ocr_line' id='line_1_99' title="bbox 1817 5162 3348 5237; baseline 0.008 -25"><span class='ocrx_word' id='word_1_706' title='bbox 1817 5162 1880 5212; x_wconf 86' lang='lat' dir='ltr'><strong>ad</strong></span> <span class='ocrx_word' id='word_1_707' title='bbox 1914 5162 2253 5213; x_wconf 81' lang='lat' dir='ltr'><strong>revincendos</strong></span> <span class='ocrx_word' id='word_1_708' title='bbox 2285 5162 2581 5227; x_wconf 65' lang='lat' dir='ltr'><strong>haereticos,</strong></span> <span class='ocrx_word' id='word_1_709' title='bbox 2610 5175 2712 5217; x_wconf 84' lang='lat' dir='ltr'><strong>tam</strong></span> <span class='ocrx_word' id='word_1_710' title='bbox 2742 5175 2946 5220; x_wconf 87' lang='lat' dir='ltr'><strong>veteres</strong></span> <span class='ocrx_word' id='word_1_711' title='bbox 2994 5184 3145 5237; x_wconf 87' lang='lat' dir='ltr'><strong>quam</strong></span> <span class='ocrx_word' id='word_1_712' title='bbox 3170 5186 3348 5224; x_wconf 87' lang='lat' dir='ltr'><strong>recen-</strong></span> 
     </span>
    </p>
   </div>
   <div class='ocr_carea' id='block_1_100' title="bbox 1824 5249 3349 5326">
    <p class='ocr_par' dir='ltr' id='par_1_100' title="bbox 1824 5249 3349 5326">
     <span class='ocr_line' id='line_1_100' title="bbox 1824 5249 3349 5326; baseline 0.007 -25"><span class='ocrx_word' id='word_1_713' title='bbox 1824 5253 1998 5301; x_wconf 58' lang='lat' dir='ltr'><strong>tiores.</strong></span> <span class='ocrx_word' id='word_1_714' title='bbox 2027 5249 2156 5300; x_wconf 88' lang='lat' dir='ltr'><strong>iiinc</strong></span> <span class='ocrx_word' id='word_1_715' title='bbox 2177 5259 2256 5302; x_wconf 88' lang='lat' dir='ltr'><strong>est</strong></span> <span class='ocrx_word' id='word_1_716' title='bbox 2281 5252 2417 5317; x_wconf 90' lang='lat' dir='ltr'><strong>quod</strong></span> <span class='ocrx_word' id='word_1_717' title='bbox 2439 5254 2522 5304; x_wconf 88' lang='lat' dir='ltr'><strong>ubi</strong></span> <span class='ocrx_word' id='word_1_718' title='bbox 2553 5254 2771 5318; x_wconf 88' lang='lat' dir='ltr'><strong>primum</strong></span> <span class='ocrx_word' id='word_1_719' title='bbox 2800 5254 2969 5307; x_wconf 90' lang='lat' dir='ltr'><strong>lucem</strong></span> <span class='ocrx_word' id='word_1_720' title='bbox 2997 5261 3219 5326; x_wconf 78' lang='lat' dir='ltr'><strong>aspexit,</strong></span> <span class='ocrx_word' id='word_1_721' title='bbox 3250 5272 3349 5324; x_wconf 83' lang='lat' dir='ltr'><strong>op-</strong></span> 
     </span>
    </p>
   </div>
   <div class='ocr_carea' id='block_1_101' title="bbox 1821 5338 3347 5405">
    <p class='ocr_par' dir='ltr' id='par_1_101' title="bbox 1821 5338 3347 5405">
     <span class='ocr_line' id='line_1_101' title="bbox 1821 5338 3347 5405; baseline 0.006 -16"><span class='ocrx_word' id='word_1_722' title='bbox 1821 5349 2096 5405; x_wconf 77' lang='lat' dir='ltr'><strong>portunum</strong></span> <span class='ocrx_word' id='word_1_723' title='bbox 2130 5338 2385 5405; x_wconf 87' lang='lat' dir='ltr'><strong>imprimis</strong></span> <span class='ocrx_word' id='word_1_724' title='bbox 2409 5342 2571 5393; x_wconf 85' lang='lat' dir='ltr'><strong>visum</strong></span> <span class='ocrx_word' id='word_1_725' title='bbox 2605 5352 2686 5395; x_wconf 89' lang='lat' dir='ltr'><strong>est</strong></span> <span class='ocrx_word' id='word_1_726' title='bbox 2709 5343 2771 5395; x_wconf 88' lang='lat' dir='ltr'><strong>ad</strong></span> <span class='ocrx_word' id='word_1_727' title='bbox 2803 5346 3151 5398; x_wconf 84' lang='lat' dir='ltr'><strong>retundendas</strong></span> <span class='ocrx_word' id='word_1_728' title='bbox 3191 5362 3347 5399; x_wconf 86' lang='lat' dir='ltr'><strong>nova-</strong></span> 
     </span>
    </p>
   </div>
   <div class='ocr_carea' id='block_1_102' title="bbox 1819 5427 3347 5496">
    <p class='ocr_par' dir='ltr' id='par_1_102' title="bbox 1819 5427 3347 5496">
     <span class='ocr_line' id='line_1_102' title="bbox 1819 5427 3347 5496; baseline 0.006 -17"><span class='ocrx_word' id='word_1_729' title='bbox 1819 5436 1988 5479; x_wconf 90' lang='lat' dir='ltr'><strong>torum</strong></span> <span class='ocrx_word' id='word_1_730' title='bbox 2015 5427 2326 5493; x_wconf 86' lang='lat' dir='ltr'><strong>calumnias,</strong></span> <span class='ocrx_word' id='word_1_731' title='bbox 2353 5430 2439 5496; x_wconf 92' lang='lat' dir='ltr'><strong>qui</strong></span> <span class='ocrx_word' id='word_1_732' title='bbox 2478 5431 2747 5484; x_wconf 70' lang='lat' dir='ltr'><strong>catholica:</strong></span> <span class='ocrx_word' id='word_1_733' title='bbox 2785 5433 3028 5485; x_wconf 70' lang='lat' dir='ltr'><strong>Ecclesiae</strong></span> <span class='ocrx_word' id='word_1_734' title='bbox 3060 5433 3347 5488; x_wconf 73' lang='lat' dir='ltr'><strong>doctrinam</strong></span> 
     </span>
    </p>
   </div>
   <div class='ocr_carea' id='block_1_103' title="bbox 1821 5510 3348 5591">
    <p class='ocr_par' dir='ltr' id='par_1_103' title="bbox 1821 5510 3348 5591">
     <span class='ocr_line' id='line_1_103' title="bbox 1821 5510 3348 5591; baseline 0.005 -23"><span class='ocrx_word' id='word_1_735' title='bbox 1821 5516 2067 5568; x_wconf 88' lang='lat' dir='ltr'><strong>novitatis</strong></span> <span class='ocrx_word' id='word_1_736' title='bbox 2100 5518 2309 5571; x_wconf 89' lang='lat' dir='ltr'><strong>nomine</strong></span> <span class='ocrx_word' id='word_1_737' title='bbox 2341 5520 2770 5573; x_wconf 89' lang='lat' dir='ltr'><strong>criminabantur.</strong></span> <span class='ocrx_word' id='word_1_738' title='bbox 2799 5510 2871 5573; x_wconf 29' lang='lat' dir='ltr'><strong>&#39;ln</strong></span> <span class='ocrx_word' id='word_1_739' title='bbox 2902 5521 2999 5573; x_wconf 88' lang='lat' dir='ltr'><strong>hoc</strong></span> <span class='ocrx_word' id='word_1_740' title='bbox 3025 5522 3162 5574; x_wconf 87' lang='lat' dir='ltr'><strong>enim</strong></span> <span class='ocrx_word' id='word_1_741' title='bbox 3190 5537 3348 5591; x_wconf 83' lang='lat' dir='ltr'><strong>opem</strong></span> 
     </span>
    </p>
   </div>
   <div class='ocr_carea' id='block_1_104' title="bbox 1820 5605 3347 5677">
    <p class='ocr_par' dir='ltr' id='par_1_104' title="bbox 1820 5605 3347 5677">
     <span class='ocr_line' id='line_1_104' title="bbox 1820 5605 3347 5677; baseline 0.007 -22"><span class='ocrx_word' id='word_1_742' title='bbox 1820 5605 2094 5657; x_wconf 88' lang='lat' dir='ltr'><strong>laudantur</strong></span> <span class='ocrx_word' id='word_1_743' title='bbox 2118 5605 2374 5659; x_wconf 89' lang='lat' dir='ltr'><strong>incruenti</strong></span> <span class='ocrx_word' id='word_1_744' title='bbox 2400 5609 2640 5662; x_wconf 75' lang='lat' dir='ltr'><strong>sacrificii</strong></span> <span class='ocrx_word' id='word_1_745' title='bbox 2663 5610 2833 5663; x_wconf 89' lang='lat' dir='ltr'><strong>divina</strong></span> <span class='ocrx_word' id='word_1_746' title='bbox 2865 5612 3105 5677; x_wconf 83' lang='lat' dir='ltr'><strong>mysteria</strong></span> <span class='ocrx_word' id='word_1_747' title='bbox 3137 5621 3188 5665; x_wconf 90' lang='lat' dir='ltr'><strong>et</strong></span> <span class='ocrx_word' id='word_1_748' title='bbox 3215 5615 3347 5666; x_wconf 88' lang='lat' dir='ltr'><strong>sacri</strong></span> 
     </span>
    </p>
   </div>
   <div class='ocr_carea' id='block_1_105' title="bbox 1822 5695 3349 5767">
    <p class='ocr_par' dir='ltr' id='par_1_105' title="bbox 1822 5695 3349 5767">
     <span class='ocr_line' id='line_1_105' title="bbox 1822 5695 3349 5767; baseline 0.004 -19"><span class='ocrx_word' id='word_1_749' title='bbox 1822 5698 1948 5748; x_wconf 77' lang='lat' dir='ltr'><strong>ritus</strong></span> <span class='ocrx_word' id='word_1_750' title='bbox 1974 5711 1987 5759; x_wconf 88' lang='lat'>;</span> <span class='ocrx_word' id='word_1_751' title='bbox 2021 5695 2102 5763; x_wconf 82' lang='lat' dir='ltr'><strong>hic</strong></span> <span class='ocrx_word' id='word_1_752' title='bbox 2135 5696 2367 5751; x_wconf 72' lang='lat' dir='ltr'><strong>inienire</strong></span> <span class='ocrx_word' id='word_1_753' title='bbox 2396 5698 2510 5751; x_wconf 73' lang='lat' dir='ltr'><strong>licet</strong></span> <span class='ocrx_word' id='word_1_754' title='bbox 2535 5716 2576 5749; x_wconf 72' lang='lat' dir='ltr'><strong>et</strong></span> <span class='ocrx_word' id='word_1_755' title='bbox 2601 5702 2766 5766; x_wconf 79' lang='lat' dir='ltr'><strong>rporis</strong></span> <span class='ocrx_word' id='word_1_756' title='bbox 2790 5710 2840 5751; x_wconf 88' lang='lat' dir='ltr'><strong>et</strong></span> <span class='ocrx_word' id='word_1_757' title='bbox 2868 5700 3129 5767; x_wconf 78' lang='lat' dir='ltr'><strong>sanguinis</strong></span> <span class='ocrx_word' id='word_1_758' title='bbox 3155 5700 3349 5756; x_wconf 76' lang='lat' dir='ltr'><strong>Christi</strong></span> 
     </span>
    </p>
   </div>
  </div>
