3908 6418
462 365 554 422 145

1761 360 1999 416 VICTUR
2047 359 2359 416 VITFNSIS.

3570 363 3668 420 las

457 485 862 538 sacramentum,
895 473 1214 542 paenitentia:
1260 486 1456 526 munus
1485 481 1540 526 et
1565 471 2012 526 reconciliationis
2042 474 2086 528 Α
2115 471 2281 535 Quam
2309 471 2518 538 quidem
2548 471 2644 524 viii
2675 472 2866 524 cruditi
2887 473 3227 538 sentcntiant,
3254 488 3357 527 non
3379 475 3536 528 modo
3555 492 3667 530 am-

456 566 831 634 indulgentiam
867 565 1198 618 sacerdotum
1227 564 1525 620 ministerio
1563 576 1899 624 concessam,
1943 559 2008 612 ad

456 670 588 723 quos
611 664 822 723 p--ccata
850 655 1054 708 solvere
1075 669 1140 707 ex
1168 653 1362 706 Christi
1397 651 1728 705 institutione
1747 650 2006 719 pertinet:

458 746 543 798 hic
581 743 906 810 baptismatis
949 743 1122 796 unitas
1163 741 1399 794 maxime
1442 738 1867 801 commendatur,
1927 737 2013 790 hic

457 835 613 887 fontis
640 833 965 901 baptismalis
995 847 1160 886 sacrae
1191 831 1595 884 benedictioues
1634 829 1878 896 laudatae,
1923 844 2010 881 so-

456 923 662 977 lemnes
685 923 815 976 ritus
838 921 890 974 iu
921 922 1290 975 defunctorum
1321 921 1553 973 fidelium
1582 917 1853 986 exsequiis
1907 916 2012 969 usi-

456 1015 548 1068 tati
587 1023 960 1068 memorantur.
1019 1011 1256 1065 Basilicze
1307 1011 1361 1064 in
1407 1019 1712 1063 sanctorum
1755 1009 2010 1060 honorem

453 1107 566 1159 Deo
596 1113 936 1162 consecratae.
963 1101 1266 1154 sanctorum
1297 1100 1350 1153 in
1386 1099 1536 1154 cmlis
1565 1097 1900 1166 regnantium
1929 1097 2013 1149 in-

455 1192 961 1258 vocatio,Romau:e
993 1189 1246 1243 Ecclesiae
1291 1187 1570 1257 primatus,
1621 1186 1851 1255 virgines
1903 1184 2014 1239 Deo

458 1297 644 1348 sacrm,
675 1281 882 1348 aliaque
907 1279 1166 1346 ejusmodi
1208 1278 1346 1332 bene
1389 1277 1552 1330 multa
1595 1276 1794 1344 passim
1825 1288 2014 1328 occur-

461 1384 619 1438 runt;
645 1388 763 1440 qua:
792 1387 856 1424 eo
881 1372 1112 1424 certiora
1139 1381 1259 1423 sunt
1294 1366 1596 1422 traditionis
1619 1369 1848 1434 antiqua
1875 1364 2016 1418 indi-

463 1465 564 1526 cia,
591 1461 730 1528 quod
761 1462 827 1514 ab
858 1462 956 1512 isto
985 1470 1198 1513 auctore
1223 1458 1367 1511 nulla
1395 1459 1514 1512 data
1535 1472 1715 1525 opera,
1746 1467 1799 1509 et
1818 1456 2020 1522 absque

466 1556 566 1606 ulla
596 1551 942 1605 atl'ectatiouis
975 1533 1392 1617 specieiprolata
1439 1547 1656 1602 fuerint.
1707 1545 1890 1599 Visum
1935 1552 2019 1598 est

466 1647 621 1697 etiam
643 1643 785 1696 idem
812 1655 944 1709 opus
968 1642 1138 1710 magni
1168 1638 1422 1702 momenti
1460 1639 1527 1692 ad
1573 1635 2015 1705 compescendum

467 1747 753 1801 eorumque
775 1732 1139 1785 haereticorum
1165 1729 1426 1793 furorem;
1460 1729 1734 1796 proposito
1769 1727 2018 1792 exemplo

2113 560 2410 626 plectimur,
2441 561 2536 614 sed
2567 561 2700 616 adeo
2727 563 2886 616 certis
2925 571 2979 615 ct
3008 563 3310 616 indubitatis
3340 567 3670 633 argumentis

2112 649 2432 718 propugnari
2460 664 2618 718 posse
2643 665 2945 718 censemus,
2977 662 3033 706 ut
3065 653 3326 707 neminem
3355 654 3404 707 ei
3438 669 3671 721 unquam

2113 740 2164 792 in
2194 749 2460 805 posterum
2489 754 2608 794 esse
2627 740 3011 808 refragaturum
3041 741 3378 795 arbitremur.
3425 743 3478 795 Id
3526 746 3670 797 enim

2112 829 2276 896 exigit
2297 842 2328 880 a
2358 829 2510 882 nobis
2535 832 2776 884 omnium
2803 831 3046 884 codicum
3078 845 3206 884 mss.
3242 833 3508 885 unanimis
3537 849 3670 888 con-

2111 931 2319 984 sensus,
2349 933 2574 986 quorum
2609 933 2675 973 ne
2704 935 2840 973 unus
2869 921 3101 988 quidem,
3151 936 3215 975 es
3245 922 3312 976 iis
3357 923 3548 977 saltem
3578 926 3671 992 qui

2114 1007 2372 1063 hactenus
2397 1009 2493 1062 visi
2516 1019 2661 1072 sunt,
2701 1009 2969 1064 Victorem
3020 1010 3320 1066 Uticensem
3350 1013 3506 1067 istius
3544 1029 3674 1084 ope-

2113 1098 2187 1151 ris
2207 1107 2475 1152 auctorem
2501 1099 2728 1167 pmfert.
2759 1099 2869 1154 Nos
2891 1110 3114 1169 quatuor
3129 1106 3345 1158 omnino
3374 1105 3676 1160 invenimus

2113 1185 2384 1255 inquibus
2413 1187 2528 1241 hate
2556 1188 2783 1243 Historia
2817 1189 3044 1244 habetur
3078 1193 3308 1260 integra;
3351 1209 3414 1248 ex
3454 1196 3520 1248 iis
3563 1188 3674 1250 tres

2116 1275 2346 1331 Victoris
2370 1281 2549 1348 patrita
2605 1277 2820 1333 Vitensis
2865 1280 3099 1348 episcopi
3137 1296 3329 1335 nomen
3377 1282 3576 1337 diserte
3618 1293 3679 1338 et

2115 1381 2221 1421 non
2269 1367 2435 1421 semel
2489 1378 2894 1437 repraesentant,
2950 1370 3006 1422 in
3052 1378 3240 1438 quarto
3267 1379 3442 1427 autem
3491 1371 3676 1426 Victor

2114 1460 2396 1528 episcopus
2423 1458 2737 1527 simpliciter
2757 1459 2973 1524 dicitur,
3000 1459 3143 1513 nulla
3163 1460 3304 1514 sedis
3346 1461 3509 1529 ipsius
3540 1461 3676 1515 facta

2115 1550 2403 1605 mentione.
2435 1548 2529 1603 His
2549 1550 2814 1603 consentit
2838 1549 3009 1604 codex
3050 1565 3150 1603 ms.
3176 1551 3462 1604 carthusia:
3490 1550 3676 1605 Porta-

2114 1655 2254 1706 rum,
2287 1641 2530 1709 antiquus
2559 1649 2614 1694 et
2633 1641 2851 1707 optimas
2883 1649 3043 1704 notae,
3075 1641 3186 1708 qui,
3217 1650 3445 1696 testante
3462 1643 3677 1696 Chiffle-

2116 1730 2212 1793 tio,
2246 1729 2383 1783 hunc
2413 1729 2620 1782 titulum
2661 1730 2872 1798 prafert
2896 1748 2909 1783 :
2937 1729 3190 1799 Prologus
3216 1731 3268 1785 in
3294 1731 3521 1784 Historia
3563 1748 3678 1798 per.

405 1889 411 1896 .
470 1823 844 1887 Vandalorum,
879 1836 944 1875 ne
974 1823 1115 1889 ipsos
1145 1820 1303 1874 rebus
1334 1820 1502 1874 sacris
1533 1818 1792 1871 violandis
1824 1817 2017 1870 imitari
2048 1802 2094 1861 Β
2120 1819 2388 1872 secuticnis
2428 1819 2705 1888 Africane.
2753 1821 2888 1872 edita
2935 1836 2966 1872 α
3017 1829 3191 1873 sancto
3250 1821 3457 1876 Victore
3499 1825 3678 1890 patria!

467 1915 791 1968 viderentur.
825 1912 982 1965 Certe
1011 1925 1072 1963 ea
1103 1910 1199 1962 fuit
1223 1922 1376 1962 mens
1403 1907 1540 1961 beati
1571 1907 1835 1969 llhenani,
1874 1905 2024 1974 cujus

472 2017 632 2071 opera
659 2001 904 2070 primoin
935 2003 1105 2052 lucem
1152 1998 1382 2064 prodiit:
1407 1997 1718 2061 Africanam,
1758 1996 1924 2064 inquit
1971 1996 2023 2050 in

465 2093 832 2147 admonitione
885 2089 1103 2157 prmvia,
1151 2085 1361 2138 Victoris
1406 2084 1689 2138 Historiam
1724 2085 1799 2138 vel
1829 2086 1882 2138 in
1929 2083 2026 2138 hoc

469 2184 733 2255 perlegisse
753 2181 997 2252 proderit,
1044 2179 1180 2248 quod
1222 2179 1304 2230 vix
1332 2177 1478 2229 aliud
1498 2177 1781 2245 exemplum
1822 2177 1888 2229 ad
1936 2177 2026 2231 dc-

471 2275 756 2327 trrrendum
777 2289 807 2324 a
834 2270 1091 2340 religionis
1111 2270 1255 2322 sectis
1287 2270 1352 2321 sit
1377 2268 1647 2337 eﬂicacius,
1676 2267 1808 2333 quod
1835 2268 1904 2319 ibi
1931 2267 2025 2321 sub

475 2365 648 2417 oculos
693 2372 931 2433 ponatur,
985 2378 1134 2428 quam
1177 2361 1288 2413 dira
1326 2369 1476 2425 atque
1513 2360 1725 2428 infanda
1745 2357 2025 2413 Christiani

472 2459 522 2509 in
555 2455 867 2509 Christianos
895 2454 1299 2524 perpetrauerint,
1349 2453 1470 2504 dum
1494 2452 1704 2504 Barbari
1732 2467 1823 2503 suo
1845 2453 1895 2502 in
1923 2451 2026 2504 Ra-

472 2563 645 2599 manos
661 2547 780 2598 odio
806 2561 995 2598 morem
1027 2553 1267 2612 gerentes,
1291 2543 1551 2612 re.'igionis
1576 2551 1816 2608 prtrtextu
1837 2542 1888 2593 in
1909 2541 2026 2594 ili’os

473 2637 700 2689 serviunt.
752 2635 885 2687 llinc
918 2642 1026 2686 tam
1067 2633 1365 2699 frequentes
1407 2631 1660 2699 deinceps
1717 2631 1864 2685 fuere
1911 2630 2026 2699 ejus

475 2727 750 2787 editiones,
801 2732 907 2775 tum
937 2724 988 2778 in
1027 2721 1332 2787 Germania,
1367 2731 1475 2774 tum
1509 2721 1562 2773 in
1589 2719 1779 2784 Gallia,
1820 2721 1872 2773 in
1909 2720 2029 2789 qui-

477 2816 574 2866 hus
623 2811 907 2881 provinciis
960 2810 1323 2865 ha'reticorutn
1369 2809 1513 2864 furor
1549 2811 1778 2863 maxime
1821 2820 2028 2878 grassa-

479 2907 644 2957 batur.

548 2991 634 3045 IV.
667 2992 828 3046 Porro
858 2991 1013 3058 hujus
1040 2991 1284 3045 Historiae
1321 2999 1594 3043 auctorem
1628 2988 1788 3043 fuisse
1831 2989 2031 3056 episco-

483 3099 600 3149 pum
623 3081 900 3149 quemdam
924 3080 1251 3144 Africanum,
1291 3081 1503 3134 nomine
1533 3079 1822 3140 Victorem,
1854 3081 2028 3133 nutus

484 3187 708 3238 unquam
756 3173 808 3225 in
838 3172 1050 3224 dubium
1087 3172 1384 3237 revocavit;
1416 3182 1469 3224 at
1506 3172 1574 3226 de
1620 3171 1737 3240 ejus
1771 3170 1898 3224 sede
1925 3185 2028 3224 non

481 3280 577 3314 turi
612 3263 707 3315 fuit
736 3262 969 3315 omnium
1005 3264 1283 3316 sententia.
1333 3263 1475 3317 Libri
1519 3263 1713 3332 quippe
1759 3264 1908 3326 editi,
1941 3265 2030 3317 alii

483 3352 742 3406 Victorem
776 3352 1094 3426 Uticensem,
1125 3354 1213 3406 alii
1243 3353 1510 3406 Vitensem
1547 3355 1861 3422 pneferunt;
1899 3368 2032 3421 prae.-

483 3443 703 3495 raluisse
731 3451 903 3494 tumen
929 3443 1221 3504 videbatur,
1251 3443 1411 3494 etiam
1439 3443 1576 3509 apud
1603 3442 1746 3494 viros
1773 3442 2029 3506 eruditos,

486 3546 666 3583 eorum
695 3532 872 3596 Opinio
899 3530 988 3596 qui
1023 3530 1320 3584 Uticensem
1349 3529 1706 3596 appellabxnt,
1733 3544 1852 3582 cum
1885 3531 2032 3584 Utica

486 3620 669 3672 civitas
690 3621 934 3672 omnibus
963 3618 1135 3670 notior
1147 3627 1285 3671 esset
1310 3631 1464 3684 quam
1488 3597 1740 3684 Vitensis,
1763 3633 1918 3685 quam
1942 3633 2035 3671 ne-

488 3727 574 3764 mo
627 3710 739 3764 fere
787 3724 1023 3763 noverat.
1082 3707 1274 3762 Verum
1321 3720 1501 3776 postea
1553 3724 1710 3776 quam
1746 3724 1811 3762 es
1848 3711 2032 3762 notitia

486 3800 730 3855 Africana
752 3807 1078 3865 compertum
1107 3796 1204 3850 fuit
1229 3797 1488 3851 Victorem
1519 3797 1824 3867 episcopum
1853 3798 2035 3851 Viten-

487 3905 598 3943 sem
623 3887 924 3947 Vandalicas
977 3886 1360 3956 persecutionis
1401 3887 1725 3956 temporibus
1756 3888 1807 3940 in
1855 3886 2032 3942 Africa

488 3978 749 4043 floruisse,
789 3993 887 4046 qua
933 3987 1244 4045 tempestate
1286 3976 1548 4030 Uticensis
1575 3978 1856 4046 episcopus
1879 4019 1895 4044 ,
1927 3995 2032 4033 non

487 4071 690 4136 Victor,
717 4069 808 4122 sed
837 4067 1171 4122 Florentinus
1211 4066 1513 4134 dicebatur,
1547 4077 1603 4119 ut
1630 4083 1692 4122 ex
1720 4069 1902 4122 eadem
1938 4085 2034 4122 no-

489 4160 598 4213 titia
638 4169 797 4228 patet,
831 4169 953 4212 tunc
995 4172 1151 4212 nemo
1195 4173 1298 4211 non
1329 4172 1579 4212 assensus
1617 4167 1699 4212 est
1747 4157 2033 4225 Victorem,

491 4252 722 4319 praeclari
757 4252 909 4320 hujus
931 4262 1199 4306 auctorem
1235 4253 1434 4319 operis,
1479 4251 1746 4305 Vitensem
1788 4267 1906 4306 esse
1940 4267 2034 4319 ap-

493 4341 810 4408 pellandum.
833 4342 1011 4407 Neque
1036 4341 1232 4394 dixeris
1251 4340 1558 4396 Florentino
1584 4341 1812 4393 Uticensi
1844 4342 1895 4393 in
1943 4356 2036 4394 ex-

492 4430 611 4481 silio
636 4429 770 4494 apud
796 4428 1064 4480 Corsicam
1093 4427 1342 4480 defuncto
1386 4427 1648 4480 Victorem
1696 4427 1830 4481 forte
1876 4428 2037 4482 fuisse

492 4517 860 4575 substitutum,
892 4515 980 4578 qui
1031 4515 1168 4568 hanc
1208 4515 1480 4570 historiam
1529 4515 1887 4583 descripserit.
1921 4517 2040 4570 Ista:

495 4605 634 4658 enim
665 4618 824 4656 merae
867 4612 988 4655 sunt
1014 4603 1332 4671 conjectum
1362 4619 1478 4673 quae
1507 4604 1744 4658 codicum
1792 4618 1918 4657 mss.
1949 4619 2041 4657 au-

496 4695 726 4748 ctoritati
773 4696 1055 4759 praevalere
1100 4710 1424 4763 nequaquam
1483 4705 1721 4763 possunt,
1751 4697 2041 4764 praesertim

498 4801 614 4838 cum
645 4783 906 4850 episcopis
941 4795 1063 4838 tunc
1088 4785 1347 4839 delunctis
1377 4786 1548 4839 nullos
1585 4785 1718 4839 alios
1751 4786 1801 4839 in
1841 4785 1922 4839 his
1959 4795 2043 4838 tu-

497 4875 746 4929 multibus
791 4875 949 4929 fuisse
973 4875 1284 4930 substitutos
1308 4889 1553 4932 conSIare
1581 4877 1844 4931 videatur.
1877 4877 2043 4930 Porro

497 4967 586 5036 qui
620 4966 876 5019 Victorem
920 4967 1216 5022 Uticensem
1238 4983 1335 5037 pro
1362 4967 1568 5022 Vitensi
1600 4969 1944 5033 intruserunt,
1989 4968 2039 5021 id

495 5058 876 5111 commiserunt
926 5072 990 5111 ex
1018 5060 1350 5128 ignoratione
1401 5060 1543 5114 sedis
1580 5059 1836 5127 Vitensis,
1893 5060 2042 5126 cujus

497 5148 614 5200 loco
643 5146 939 5201 Uticensem
971 5148 1069 5203 sibi
1112 5159 1288 5201 notam
1332 5148 1745 5214 substituerunt,
1795 5150 2039 5202 mendum

499 5240 549 5290 in
585 5238 813 5306 antiquis
859 5239 1246 5306 exemplaribus
1298 5239 1578 5306 irrepsisse
1629 5243 1912 5309 suspicati;
1945 5242 2039 5295 sed

498 5329 683 5382 eadem
716 5344 898 5382 vocum
921 5328 1171 5381 affinitate
1199 5343 1298 5396 qua
1352 5329 1483 5382 alios
1520 5329 1731 5384 delusus
1756 5332 1914 5386 fuisse
1935 5332 2046 5384 exi-

499 5420 800 5485 stimabant,
848 5434 966 5473 sese
1014 5420 1109 5487 ipsi
1168 5419 1492 5472 deluserunt.
1547 5420 1733 5476 Merito
1787 5425 1962 5488 itaque
2013 5437 2042 5474 a

503 5507 651 5560 Petro
683 5509 958 5564 Francisco
984 5509 1244 5562 (Lhiffletio
1283 5507 1337 5562 S.
1370 5508 1419 5561 J.
1471 5510 1797 5579 presbytero,
1841 5512 2043 5566 Victori

504 5595 700 5650 \‘iiensi
731 5601 996 5668 episcopo,
1027 5609 1272 5666 tanquam
1304 5611 1399 5650 suo
1427 5612 1553 5650 vero
1589 5612 1650 5652 ac
1681 5600 1912 5667 legitimo
1948 5615 2042 5652 au-

501 5686 656 5742 ctori.
703 5687 922 5740 Ilistoria
966 5687 1221 5741 Africana:
1254 5686 1632 5754 persecutiOnis
1662 5695 1770 5741 rest
1791 5697 1898 5742 tuta
1938 5699 2036 5743 est.

2135 1910 2353 1962 Vitensis
2378 1910 2634 1976 episcopo.
2667 1911 2921 1965 Ettmdem
2950 1922 3219 1966 auctorem
3249 1913 3538 1984 episcopum
3588 1913 3680 1967 Vi-

2125 2009 2333 2060 tensem,
2365 2015 2466 2051 non
2498 1997 2782 2052 Uticensem
2810 2001 2993 2054 diserte
3013 2003 3265 2070 appellari
3286 2005 3339 2056 in
3365 2003 3549 2057 codice
3574 2019 3678 2058 ms.

2123 2091 2458 2147 bibliotheca:
2506 2093 2774 2148 Vaticanis
2825 2102 3007 2149 monet
3061 2095 3235 2150 Lucas
3277 2096 3576 2151 Holstenius
3625 2096 3681 2150 in

2123 2181 2501 2236 animadversis
2519 2181 2586 2236 ad
2611 2182 3040 2252 Martyrologium
3069 2183 3365 2238 Romanum
3401 2183 3469 2238 ad
3491 2184 3631 2238 diem
3648 2200 3679 2239 ι

2123 2273 2370 2328 calendas
2399 2273 2754 2343 Septembris.
2783 2273 3018 2342 Denique
3041 2273 3227 2328 beatus
3258 2273 3566 2335 Rhenanus,
3589 2272 3680 2340 qui

2125 2363 2325 2432 primus
2353 2377 2496 2417 anno
2517 2363 2654 2416 1555
2696 2364 2834 2418 hanc
2869 2362 3166 2416 historiam
3204 2363 3342 2432 typis
3383 2363 3680 2430 mandavit,

2125 2455 2266 2522 quod
2312 2469 2377 2508 ex
2398 2468 2503 2507 uno
2529 2456 2715 2509 saltem
2747 2470 2847 2508 ms.
2877 2454 3059 2508 codice
3085 2454 3277 2507 factum
3317 2453 3480 2507 fuisse
3512 2453 3682 2506 faten-

2127 2542 2251 2596 dum
2280 2551 2384 2607 est,
2416 2542 2614 2596 Victori
2645 2557 2761 2597 eam
2808 2543 3006 2597 Vitensi
3040 2542 3260 2606 tribuit;
3297 2541 3435 2610 quod
3467 2556 3595 2596 sane
3633 2543 3682 2595 ei

2109 2649 2232 2692 non
2261 2635 2570 2698 accidisset,
2599 2637 2640 2688 si
2666 2635 2809 2688 illius
2834 2636 2999 2689 codex
3029 2634 3291 2690 Uticensis
3315 2634 3602 2688 notissimae.
3629 2634 3684 2690 in

2128 2722 2303 2775 Africa
2332 2723 2479 2776 urbis
2519 2724 2670 2776 titulo
2719 2723 2902 2778 fuisset
2941 2723 3242 2792 insignitus.
3297 2723 3447 2777 Unde
3489 2723 3683 2776 inferre

2129 2809 2268 2866 licet.
2297 2811 2509 2865 codices
2551 2826 2619 2864 es
2670 2812 2837 2876 Italia,
2870 2809 3152 2865 Germania
3186 2821 3240 2865 et
3279 2810 3449 2865 Gallia
3482 2812 3532 2864 in
3582 2811 3682 2864 hoc

2131 2915 2290 2952 unum
2319 2901 2644 2968 consentire,
2675 2911 2730 2954 ut
2767 2901 2946 2955 Victor
2995 2903 3096 2956 iste
3124 2901 3369 2966 Vitensis,
3419 2917 3524 2954 non
3571 2899 3683 2954 Uti-

2130 2988 2305 3042 censis
2328 2988 2554 3042 dicatur.

2203 3081 2263 3133 V.
2305 3082 2510 3134 Primus
2546 3082 2780 3134 omnium
2800 3081 2886 3150 qui
2915 3081 3181 3135 sincerum
3227 3079 3384 3150 hujus
3411 3080 3587 3148 operis
3618 3081 3686 3134 ti-

2133 3172 2298 3224 tulum
2316 3171 2570 3239 corrupit,
2597 3170 2804 3224 videtur
2834 3169 2997 3224 fuisse
3029 3169 3359 3224 Reinhardus
3388 3169 3684 3225 Lorichius.

2131 3261 2227 3314 llic
2255 3261 2449 3328 quippe
2486 3274 2626 3313 anno
2674 3260 2809 3314 1557
2839 3259 3075 3313 Coloniae
3111 3260 3353 3314 eamdem
3403 3259 3686 3312 Historiam

2130 3351 2228 3404 sub
2275 3351 2486 3404 Victoris
2531 3353 2707 3416 patric
2761 3350 3007 3404 Uticensis
3055 3352 3268 3404 nomine
3323 3349 3624 3418 evulgavit,
3654 3365 3686 3401 tl

2132 3443 2376 3494 tinearum
2409 3442 2623 3510 injuria,
2654 3439 2837 3508 quibus
2864 3439 3040 3492 arrodi
3078 3441 3354 3499 uidebatur,
3387 3450 3442 3491 ut
3472 3438 3586 3506 ipse
3610 3437 3688 3491 lo-

2130 3531 2325 3598 quitur,
2354 3531 2690 3583 vindicatam.
2743 3529 2809 3583 Et
2837 3531 3076 3598 quamvis
3112 3544 3252 3583 anno
3286 3528 3414 3582 1511
3445 3527 3688 3582 Rhenani

2132 3620 2292 3674 editio
2319 3620 2534 3674 Parisiis
2552 3619 2689 3687 apud
2713 3617 2987 3672 Galeotum
3016 3619 3344 3686 Pratensem,
3373 3620 3563 3673 iterum
3587 3618 3691 3672 sub

2132 3707 2362 3762 Victoris
2391 3707 2624 3762 Vitensis
2657 3709 2872 3761 nomine
2910 3721 3094 3761 recusa
3135 3708 3328 3773 fuerit;
3357 3724 3476 3763 cum
3511 3719 3687 3764 tamen

2133 3797 2370 3864 ejusdem
2413 3797 2510 3850 hoc
2546 3796 2663 3864 ipso
2707 3810 2846 3871 anno
2881 3796 3047 3850 altera
3091 3797 3320 3868 Lorichii
3359 3799 3543 3866 editio,
3588 3798 3691 3852 sub

2135 3886 2362 3940 Victoris
2393 3885 2655 3940 Uticensis
2681 3885 2916 3951 nomine,
2950 3887 3147 3954 pariter
3172 3887 3307 3941 facta
3338 3888 3522 3943 fuisset
3541 3889 3690 3943 Basi-

2135 3977 2230 4030 lea:
2269 3976 2408 4047 apud
2436 3976 2879 4040 Westhemerum,
2927 3976 3262 4045 placeretque
3303 3979 3508 4032 cunctis
3549 3976 3690 4032 bella

2133 4049 2244 4133 illa,
2273 4078 2332 4121 ut
2353 4066 2482 4136 ipsis
2509 4066 2806 4130 videbatur,
2837 4065 3132 4130 restitutio;
3161 4064 3286 4119 inde
3307 4063 3499 4119 factum
3528 4075 3610 4120 est
3632 4077 3690 4120 ut

2133 4144 2514 4226 subse‘quentes
2534 4157 2792 4210 editiones
2821 4170 3026 4219 omnes,
3053 4155 3163 4210 sive
3208 4156 3260 4208 in
3286 4155 3472 4220 Gallia,
3501 4156 3613 4210 sive
3634 4155 3689 4209 in

2135 4247 2437 4314 Germania,
2463 4256 2554 4299 aut
2578 4247 2630 4299 in
2659 4247 2776 4299 aliis
2820 4247 3142 4314 regionibus,
3173 4245 3398 4301 Victoris
3428 4246 3692 4301 Uticensis

2137 4323 2327 4388 nomen
2361 4333 2706 4400 prtetulerint.
2749 4334 2833 4388 An
2863 4349 2988 4387 vero
3023 4335 3076 4388 id
3119 4335 3334 4403 pr0prio
3371 4345 3558 4402 marte,
3598 4345 3690 4389 aut

2062 4439 2203 4519 Dex
2244 4424 2444 4477 codicis
2483 4423 2705 4490 alicujus
2748 4424 2871 4475 vitio
2914 4423 2966 4475 id
3021 4423 3343 4476 commiserit
3390 4423 3688 4488 Lorichius,

2143 4514 2270 4567 mihi
2303 4528 2431 4567 sane
2457 4515 2714 4567 incertum
2741 4521 2853 4567 est:
2879 4512 3119 4580 quamvis
3158 4513 3426 4581 probabile
3454 4515 3692 4571 videatur

2142 4605 2376 4658 codicem
2420 4604 2582 4672 ipsius
2629 4603 2834 4660 CZBICI'iS
2873 4602 3097 4656 similem
3141 4604 3323 4667 fuisse,
3378 4603 3532 4671 idque
3570 4605 3694 4660 inde

2144 4694 2389 4761 conjicio,
2415 4693 2554 4762 quod
2596 4695 2736 4747 hunc
2780 4701 3049 4747 auctorem
3088 4691 3332 4745 Victorem
3371 4694 3550 4760 patrita
3577 4692 3692 4747 Uti-

2142 4789 2300 4839 censis
2336 4785 2624 4851 episcopum
2657 4784 2907 4852 appellet,
2938 4792 2992 4837 ut
3030 4782 3211 4838 caeteri
3249 4791 3486 4837 nostrum
3521 4783 3694 4836 Victo-

2145 4891 2256 4929 rem
2305 4876 2482 4941 patria:
2528 4873 2760 4928 Vitensis.
2793 4875 2858 4928 Et
2878 4873 3089 4943 quidem
3133 4875 3310 4942 patria:
3335 4889 3436 4928 vox
3476 4873 3693 4929 dioecesi

2147 4966 2301 5020 alicui
2326 4968 2540 5034 integrae
2576 4964 2762 5019 melius
2790 4979 2944 5033 quam
2977 4965 3090 5020 urbi
3127 4965 3485 5033 nobilissimae,
3522 4966 3695 5034 qualis

2147 5068 2259 5110 erat
2290 5058 2458 5121 Utica,
2480 5066 2778 5125 competere
2809 5057 3030 5111 videtur.
3057 5057 3322 5112 Victorem
3347 5058 3485 5111 enim
3514 5057 3695 5125 patriae

2153 5146 2374 5200 Vitensis
2400 5145 2705 5213 episcopum
2730 5146 2927 5200 dictum
2981 5146 3143 5202 fuisse
3177 5148 3326 5203 facile
3354 5147 3692 5209 crediderim,

2149 5237 2285 5307 quod
2329 5252 2446 5289 cum
2486 5237 2536 5287 in
2584 5236 2722 5289 illius
2750 5237 2964 5292 dioecesi
2997 5238 3137 5292 nulla
3176 5250 3317 5292 esset
3357 5237 3502 5298 urbs,
3536 5237 3695 5288 totius

2147 5329 2365 5393 alicujus
2407 5340 2579 5393 parvae
2613 5327 2838 5395 regionis
2867 5330 3146 5398 episcopus
3183 5329 3474 5383 dicebatur.
3512 5327 3601 5381 Sic
3643 5328 3693 5379 in

2147 5416 2450 5472 Marmarit-a
2483 5416 2574 5470 toti
2598 5419 2879 5483 provincias
2899 5435 3034 5474 unus
3064 5423 3339 5489 episcOpus
3367 5429 3608 5488 praeerat,
3642 5422 3692 5472 in

2145 5524 2243 5576 qua
2274 5523 2391 5561 cum
2440 5524 2543 5560 non
2573 5520 2710 5562 esset
2749 5510 2931 5564 (ivitas
2969 5511 3249 5565 admodum
3294 5511 3540 5571 celebris,
3578 5527 3694 5576 qua:

2145 5606 2453 5652 caeterarum
2477 5607 2632 5664 caput
2649 5611 2766 5652 esse
2787 5613 3099 5666 mereretur,
3123 5601 3402 5668 episcOpus
3428 5612 3566 5651 nunc
3588 5600 3691 5660 hic,

2145 5704 2283 5745 nunc
2314 5689 2417 5742 illic
2460 5687 2638 5742 sedem
2679 5688 2898 5757 habens,
2932 5695 3090 5746 totius
3138 5692 3366 5758 regii-nis
3417 5691 3692 5756 epist-opus
