3930 6410
56 108 621 233 ’τ’

186 398 286 454 IIS

1529 384 1791 441 PROLEG
1808 431 1827 438 -
1842 384 2046 440 ΜΕΝᾹ.

3308 383 3406 438 HG

182 511 567 580 appellabatur.
597 507 706 563 Sed
730 520 863 574 opus
882 520 984 559 non
1008 514 1087 558 est
1106 502 1264 571 hujus
1292 502 1368 556 rei
1394 502 1630 568 exempla
1654 516 1749 554 ει·
1776 503 1824 558 Α
1855 500 2028 565 perire
2072 497 2215 552 licet.
2269 497 2496 561 Primus,
2539 497 2633 565 qui
2662 496 2882 551 Victoris
2930 496 3081 550 istius
3122 508 3315 548 nomen
3352 493 3431 546 in.

176 611 259 653 tra
289 599 481 653 Atiae
512 599 709 652 limites
750 595 1002 659 mutuari,
1022 609 1143 646 cum
1184 594 1233 645 in
1265 592 1489 646 concilio
1526 591 1744 643 Latera-

178 692 328 745 nensi
362 689 464 744 sub
488 698 677 743 sancto
722 689 964 750 Martino,
1008 685 1220 738 actione
1258 684 1317 746 2,
1363 684 1500 737 inter
1523 691 1746 735 ceteros

180 779 220 832 P
249 788 362 833 tres
398 780 703 849 Byzacenos
736 775 1110 844 subscripserit
1138 774 1405 827 Candidus
1445 773 1607 840 gratia
1654 772 1743 825 Dei

179 868 463 936 episcopus
486 872 670 933 patrie
704 866 961 919 Dicensis.
991 862 1099 917 Nec
1127 863 1315 916 mirum
1344 862 1508 915 videri
1540 862 1745 927 episco-

180 971 274 1024 pos
300 956 421 1011 sine
446 955 665 1010 civitate
696 953 876 1015 fuisse,
907 967 1028 1006 cum
1054 962 1256 1006 certum
1286 953 1355 1004 sit
1383 952 1435 1004 in
1460 950 1631 1003 Africa
1653 963 1745 1003 eo-

179 1064 295 1101 rum
317 1048 619 1125 complures
650 1046 703 1100 in
725 1046 864 1100 villis
887 1054 944 1099 et
984 1044 1159 1098 fundis
1184 1054 1240 1099 et
1268 1059 1365 1113 per
1392 1058 1547 1111 agros
1586 1042 1739 1095 iusti-

178 1148 318 1191 totos
359 1138 548 1201 fuisse,
574 1146 632 1191 ut
658 1135 758 1189 sibi
804 1133 1029 1189 invicem
1070 1132 1462 1203 exprobraveie
1500 1131 1743 1186 Aurelius

174 1229 493 1296 catholicus,
523 1234 581 1281 et
620 1224 916 1281 Primianus
960 1225 1255 1290 Donatista,
1300 1224 1741 1285 Carthaginenses

174 1317 435 1385 episcopi.
473 1316 528 1371 in
548 1316 845 1371 Collatione
862 1315 1113 1384 Carthag.
1144 1329 1261 1383 cap.
1296 1314 1390 1368 181
1422 1322 1475 1367 et
1498 1311 1620 1377 {82,
1651 1326 1743 1366 oo-

173 1412 303 1479 guit.
339 1412 391 1465 Ι.

250 1500 331 1551 Vl.
364 1498 569 1554 Verum
597 1499 829 1553 Vitensis
868 1497 1012 1552 sedis
1048 1496 1423 1552 obscuritatem
1461 1496 1516 1549 in
1558 1505 1739 1550 nostro

179 1589 388 1643 \‘ii-tore
416 1589 679 1657 primatus
718 1588 972 1656 dignitate
995 1597 1396 1657 compensatam
1420 1584 1580 1639 fuisse
1602 1600 1736 1638 con-

173 1681 341 1732 tendit
362 1679 684 1745 Chimetius,
712 1680 801 1747 qui
827 1694 947 1747 cap.
969 1679 1004 1732 9
1022 1677 1262 1747 opusculi
1292 1677 1345 1731 lu
1375 1676 1618 1730 eumdem
1644 1690 1740 1728 au-

171 1778 371 1821 ctorem
401 1784 525 1822 eum
565 1769 735 1835 ipsum
774 1782 895 1821 esse
928 1774 1111 1821 censet
1142 1765 1407 1820 Victorem
1451 1764 1734 1834 provinciae

1850 587 2019 643 Fastis
2038 588 2203 642 sacris
2231 586 2527 641 ascribendi
2552 587 2884 640 occasionem
2920 585 3165 655 praebuit,
3195 584 3409 639 videtur

1846 677 2009 735 fuisse
2030 680 2216 733 Petrus
2241 681 2305 733 de
2328 678 2619 743 Natalibus,
2651 688 2709 731 ut
2729 678 2943 747 conjicit
2969 676 3284 731 Chiﬂletius.
3312 675 3407 728 Hic

1844 775 1985 828 enim
2015 774 2101 828 die
2133 773 2203 827 20
2247 772 2744 841 Aprilis-Victorem
2786 774 3090 841 episcopum
3129 770 3406 838 Carthagi-

1843 877 2063 917 nensem
2097 862 2292 929 laudat,
2319 876 2475 931 quem
2512 862 2584 915 ait
2630 861 2907 915 sanctitate
2942 871 2997 914 et
3033 860 3270 913 doctrina
3304 858 3405 911 sub

1844 952 2125 1006 Anastasio
2152 953 2472 1021 imperatore
2495 951 2753 1015 ﬂoruisse,
2776 953 2930 1019 eique
2949 950 3125 1004 omnia
3147 947 3403 1015 opuscula

1842 1041 2078 1096 attribuit
2096 1056 2215 1111 qum
2241 1040 2545 1097 Gennadius
2585 1042 2643 1095 in
2675 1040 2934 1109 catalogo,
2973 1053 3090 1107 cap.
3119 1038 3205 1101 Π,
3245 1050 3273 1088 a
3304 1033 3403 1089 Vi-

1840 1140 1989 1186 ctore
2012 1131 2365 1187 Cartenuensi
2386 1133 2639 1201 episcopo
2660 1130 2799 1185 edita
2827 1136 3227 1186 commemorat.
3257 1127 3401 1181 Mau-

1840 1222 2035 1276 rnlicus
2076 1223 2239 1278 abbas
2268 1224 2479 1278 Petrum
2518 1232 2751 1291 secutus,
2783 1224 2967 1278 eadem
3003 1222 3091 1275 die
3135 1221 3398 1274 Victorem

1838 1310 2308 1381 Carthaginensem
2336 1313 2667 1382 episcopum,
2694 1314 2868 1366 virum
2897 1309 3281 1369 doctissimum.
3307 1308 3398 1375 qui

1838 1399 1939 1453 sub
1978 1398 2261 1455 Anastasio
2293 1402 2613 1469 imperatore
2654 1402 2866 1467 claruit,
2906 1402 3157 1465 celebrat,
3204 1399 3401 1453 omisso

1837 1504 2055 1557 operum
2072 1491 2333 1560 catalogo.
2353 1492 2855 1555 PetrusGalesinius
2878 1492 3034 1559 paulo
3052 1492 3203 1544 aliter
3220 1490 3398 1553 habet,

1836 1594 2031 1648 nempe
2058 1579 2215 1635 Utica
2240 1582 2293 1634 in
2318 1581 2493 1649 Africa
2520 1583 2679 1635 sancti
2716 1582 2937 1634 Victoris
2964 1583 3185 1652 episcopi
3204 1590 3250 1634 et
3280 1596 3398 1633 con-

1836 1672 2061 1741 fessoris,
2100 1681 2258 1740 atque
2300 1673 2352 1725 in
2401 1672 2832 1726 annotationibus
2872 1673 3174 1740 complures
3222 1672 3399 1725 laudat

1838 1761 2077 1817 Victores
2131 1761 2427 1826 Africanos,
2475 1762 2666 1829 quibus
2717 1760 2769 1815 id
2818 1761 3045 1830 elogium
3095 1769 3401 1827 competere

175 1862 465 1929 Bysacena
513 1859 815 1927 primatem,
844 1872 951 1927 quo
981 1857 1307 1911 concedente
1339 1856 1644 1926 Fulgentius
1681 1855 1733 1909 in
1765 1844 1810 1905 Β
1839 1853 2023 1922 possit.
2056 1854 2126 1906 At
2161 1851 2437 1906 Ferrarius
2465 1852 2518 1905 in
2545 1852 2782 1919 catalogo
2808 1850 3040 1919 generali
3065 1860 3393 1915 sanctorum,

172 1949 468 2011 Ruspensis
508 1946 753 2000 Ecclesiae
784 1946 1030 2000 thronum
1073 1955 1290 2001 evectus
1325 1953 1428 2013 est,
1461 1953 1520 1998 ut
1559 1952 1739 1999 narrat

170 2037 333 2103 ἱρςίες
362 2036 628 2105 Fulgentii
662 2036 794 2090 Vita:
830 2038 1058 2105 scriptor
1076 2051 1193 2104 cap.
1227 2038 1313 2091 16.
1352 2036 1409 2091 Id
1453 2045 1511 2090 ut
1550 2035 1738 2103 probet

170 2128 248 2179 vir
264 2127 531 2191 eruditus,
554 2127 803 2181 observat
826 2126 882 2179 in
906 2126 1097 2179 Notitia
1126 2127 1370 2180 Africana
1398 2135 1503 2180 tres
1529 2124 1733 2179 solum-

170 2218 327 2271 modo
360 2217 605 2270 Victores
646 2217 782 2270 inter
810 2215 998 2271 Patres
1032 2216 1335 2285 Bysacenos
1364 2215 1568 2279 haberi,
1606 2229 1737 2281 quo—

168 2322 281 2358 rum
308 2306 479 2373 prior,
504 2305 683 2360 Victor
705 2305 913 2361 scilicet
940 2306 1189 2359 Narensis
1204 2309 1503 2373 episcopus,
1526 2304 1734 2359 decimo

167 2398 323 2449 tertio
350 2398 470 2450 loco
500 2405 843 2461 recensetur;
877 2396 1060 2450 Victor
1088 2394 1474 2450 Gauvanitanus
1511 2408 1735 2460 nonage-

169 2489 301 2539 s‘mo
330 2487 531 2552 primo,
560 2501 623 2539 ac
651 2485 882 2553 denique
927 2494 1109 2539 noster
1147 2483 1402 2548 Vitensis,
1437 2482 1526 2551 qui
1560 2481 1733 2536 locum

166 2578 503 2646 trigesimum
534 2586 744 2632 sextum
779 2576 833 2630 in
863 2591 924 2630 ea
957 2576 1181 2630 obtinet.
1211 2576 1281 2629 At
1318 2589 1470 2642 aque
1500 2573 1734 2626 insolens

166 2668 371 2721 videtur
396 2667 671 2721 ChiI'IIetio
695 2666 961 2719 afﬁrmare
1002 2666 1279 2733 episcOpos
1308 2665 1612 2731 nonaginta,
1640 2668 1734 2715 aut

164 2758 499 2812 solummodo
529 2757 831 2821 duodecim,
862 2757 1042 2826 viginti
1081 2771 1340 2811 annorum
1367 2757 1538 2825 spatio
1569 2756 1732 2808 inter-

166 2849 305 2914 iisse,
341 2848 578 2915 hincque
606 2862 721 2901 rem
757 2847 873 2901 veri
909 2848 1127 2902 omnino
1154 2846 1379 2902 similem
1414 2860 1534 2920 esse
1563 2855 1727 2915 putat,

165 2936 427 2993 Victorem
463 2937 755 3009 Bysacente
786 2952 898 2992 suae
942 2938 1227 3007 provinciae
1269 2938 1551 3006 primatum
1592 2937 1731 2989 obti-

164 3031 357 3084 nuisse.
403 3030 461 3084 ld
497 3045 630 3085 vero
668 3030 712 3083 si
748 3030 1075 3094 admittatur,
1107 3028 1475 3085 Confessionis
1522 3029 1729 3103 titulum

163 3118 255 3188 ipsi
280 3120 466 3174 deberi
500 3119 773 3172 fatendum
794 3127 891 3181 est,
918 3134 1023 3171 non
1052 3118 1223 3173 solum
1249 3119 1388 3183 quod
1418 3119 1517 3171 sub
1546 3117 1725 3170 Hunc-

1820 1943 1931 2013 .qui
1975 1942 2029 1996 in
2070 1942 2455 2013 Martyrologio
2490 1943 2729 1996 Romano
2761 1956 2866 1995 non
2912 1940 3191 2004 habentur,
3234 1938 3414 1991 habet.

1837 2033 2187 2101 solummodo,
2218 2032 2286 2087 In
2320 2034 2491 2103 Africa
2518 2033 2677 2085 sancti
2723 2031 2939 2085 Victoris
2963 2029 3205 2100 episwpi,
3240 2042 3414 2095 quent-

1837 2134 2013 2179 tamen
2045 2125 2098 2177 in
2128 2125 2266 2177 notis
2286 2131 2468 2177 monct
2493 2123 2651 2175 alium
2694 2138 2797 2176 non
2836 2137 2955 2177 esse
2985 2137 3012 2173 a
3042 2121 3254 2175 Victore
3284 2118 3399 2173 Uti-

1831 2215 2000 2279 censi,
2030 2218 2116 2282 qui
2137 2214 2410 2268 historiam
2434 2216 2821 2281 persecutionis
2844 2214 3143 2269 Vandalicm
3164 2214 3397 2268 conscri-

1836 2306 1958 2374 psit.
1992 2304 2069 2358 Ex
2090 2304 2281 2373 quibus
2310 2304 2556 2359 omnibus
2592 2314 2737 2372 patet
2771 2306 3050 2359 obscuram
3080 2305 3217 2373 apud
3263 2305 3397 2358 anti-

1834 2409 1967 2464 quos
1996 2393 2158 2448 fuisse
2191 2394 2416 2448 Victoris
2443 2395 2608 2449 nostri
2647 2397 2983 2459 memoriam,
3027 2410 3126 2450 nec
3165 2412 3392 2465 unqnani

1831 2499 2027 2538 nomen
2078 2483 2245 2552 ipsius
2273 2484 2324 2538 iu
2346 2484 2521 2539 Fastis
2548 2488 2713 2539 sacris
2754 2487 2923 2539 locum
2952 2486 3220 2547 habuisse,
3253 2489 3391 2554 quod

1832 2573 1881 2626 ei
1912 2587 2030 2626 cum
2060 2573 2177 2626 aliis
2202 2573 2560 2642 compluribus
2596 2576 2724 2628 viris
2765 2578 3045 2629 sanctitate
3072 2586 3125 2629 et
3151 2574 3389 2627 doctrina

1832 2661 2198 2717 celeberrimis
2218 2678 2506 2719 commune
2526 2672 2629 2718 est.
2654 2664 2761 2719 Nec
2790 2666 2914 2719 licet
2943 2667 3095 2719 nobis
3122 2680 3190 2720 ex
3219 2666 3391 2719 incer-

1834 2751 1901 2806 tis
1926 2767 2143 2820 prorsus
2170 2762 2221 2807 et
2246 2752 2422 2807 dubiis
2460 2756 2816 2810 monumentis
2848 2756 3043 2810 Victori
3088 2767 3270 2809 nostro
3298 2774 3391 2808 nt;-

1833 2857 1954 2896 men
1981 2844 2287 2910 conciliare,
2308 2845 2399 2913 qui
2433 2845 2631 2900 solidas
2662 2862 2922 2914 verasque
2958 2847 3143 2900 laudes
3170 2849 3238 2900 oh
3283 2857 3387 2898 tam

1827 2937 2105 3007 egregium
2130 2952 2264 3006 opus
2283 2952 2312 2991 a
2338 2952 2397 2993 se
2420 2938 2617 2992 editum
2652 2949 2903 3003 meretur,
2932 2940 3085 3007 cujus
3112 2920 3388 3007 prmclaras

1831 3029 2071 3090 virtutes,
2105 3037 2160 3082 ut
2190 3029 2472 3096 loquuntur
2504 3030 2752 3082 doctores
2790 3030 3137 3083 Colonienses
3176 3031 3263 3097 qui
3302 3032 3386 3083 Bi-

1830 3118 2105 3175 bliotheca!
2141 3122 2351 3175 Patrum
2389 3122 2673 3175 editionem
2717 3133 3085 3191 procurarunt,
3111 3124 3379 3192 pietatem,

162 3211 270 3265 rico
296 3222 418 3264 cum
466 3210 680 3263 caeteris
723 3206 883 3263 fuerit
908 3206 1230 3277 exagitatus,
1261 3215 1353 3260 aut
1397 3216 1541 3281 certe
1585 3208 1725 3275 quod
1751 3190 1799 3253 Ο
1830 3211 2202 3276 eruditionem,
2243 3213 2514 3281 religionis
2562 3190 2731 3268 zelum
2775 3216 2840 3268 ad
2891 3217 3064 3269 vivum
3105 3190 3383 3283 expressas

162 3297 513 3355 Trasamnndi
561 3298 807 3354 vioientia
849 3313 882 3353 e
930 3297 1057 3352 sede
1114 3296 1272 3351 fuerit
1314 3296 1583 3361 abreptus,
1633 3297 1725 3349 sed

162 3392 314 3446 etiam
341 3392 487 3461 quod
510 3391 665 3446 exsul
708 3406 807 3461 pro
834 3390 1029 3445 Christi
1062 3389 1165 3443 llde
1189 3403 1222 3444 e
1247 3389 1381 3443 vivis
1416 3389 1723 3442 excesserit.

163 3480 420 3536 Victorem
450 3482 597 3537 enim
625 3481 908 3552 Byzacena
930 3482 1208 3548 primatem
1238 3479 1289 3533 in
1326 3480 1585 3550 Fulgentii
1613 3479 1725 3533 Vita

161 3572 449 3639 laudatum,
484 3572 725 3643 quisquis
748 3573 973 3627 'detnum
1017 3572 1198 3638 fuerit,
1247 3573 1479 3627 exsulem
1528 3572 1727 3625 obiisse

161 3663 435 3731 colligitur,
464 3663 609 3733 quod
635 3679 700 3718 eo
724 3672 962 3733 tempore
982 3680 1107 3732 quo,
1131 3678 1259 3731 pace
1292 3663 1543 3717 Ecclesia:
1574 3662 1727 3716 resti-

162 3762 284 3821 tuta,
304 3756 578 3825 episcopis
594 3759 646 3809 ln
674 3756 829 3810 sedes
848 3770 972 3810 suas
1001 3756 1174 3810 redire
1197 3754 1368 3819 licuit,
1395 3770 1498 3807 non
1523 3754 1720 3821 Victor,

160 3843 247 3895 sed
292 3845 580 3900 Liberatus
616 3844 902 3915 Byzacena
947 3847 1230 3915 provincia:
1270 3846 1550 3914 primatum
1587 3844 1725 3899 obti-

162 3943 320 3993 ceret.

222 4028 329 4093 VII.
363 4027 589 4097 Ilajoris
608 4026 837 4079 fortasse
861 4024 1114 4077 momenti
1145 4038 1264 4077 esse
1285 4023 1551 4076 nonnullis
1581 4021 1725 4074 vide-

160 4116 289 4171 bitur
324 4120 425 4172 alia
476 4117 708 4183 quaestio
758 4129 914 4181 quam
969 4114 1108 4165 idem
1156 4110 1454 4165 Chiﬂletius
1502 4120 1719 4172 movet,

159 4219 323 4259 utrum
366 4207 577 4260 scilicet
604 4204 787 4257 Victor
830 4204 984 4269 hujus
1025 4202 1270 4255 Historiae
1315 4202 1541 4266 scriptor
1586 4200 1722 4254 inter

160 4303 360 4346 sanctos
385 4291 679 4360 aliquando
723 4290 923 4345 relatus
962 4290 1139 4358 luerit,
1180 4299 1270 4344 aut
1306 4290 1513 4360 publico
1535 4290 1723 4357 aliquo

161 4382 293 4433 cultu
320 4381 577 4435 donatus.
608 4379 786 4447 Ipsum
816 4390 961 4433 certe
982 4380 1052 4433 iis
1086 4380 1285 4434 unctis
1326 4380 1720 4434 confessoribus

160 4471 238 4535 qui
263 4470 360 4526 sub
390 4470 647 4525 lIunerici
693 4470 901 4541 tyranni
946 4472 1312 4538 persecutione
1341 4487 1437 4539 pro
1478 4470 1599 4525 ﬁdei
1626 4485 1717 4525 ca-

1828 3298 1928 3353 boc
1957 3300 2007 3353 in
2027 3300 2141 3365 ejus
2164 3316 2327 3369 opere
2353 3318 2572 3357 cernere
2595 3304 2735 3357 licet.

1893 3389 2029 3467 VIII.
2058 3392 2311 3457 Quaerunt
2332 3392 2456 3446 item
2482 3393 2720 3447 nonnulli
2752 3410 2856 3462 quo
2887 3404 3123 3463 tempore
3153 3395 3232 3448 vel
3256 3411 3385 3464 quu-

1828 3495 1950 3535 nam
2000 3483 2051 3535 in
2083 3482 2295 3550 regione
2342 3486 2655 3539 constitutus
2707 3486 2885 3540 Victor
2928 3487 3062 3541 hanc
3111 3487 3381 3541 historiam

1827 3573 2221 3642 conscripserit.
2258 3574 2429 3629 Priori
2457 3576 2738 3645 quaestioni
2785 3574 2960 3631 facere
3001 3578 3129 3631 satis
3165 3576 3382 3631 difﬁcile

1825 3676 1929 3714 non
1961 3672 2066 3738 est,
2085 3676 2206 3716 cum
2234 3662 2457 3729 ipsemet
2474 3664 2652 3719 Victor
2678 3680 2736 3720 se
2756 3681 2916 3733 anno,
2946 3675 3219 3734 postquam
3244 3666 3387 3720 Van-

1823 3752 1929 3805 dali
1949 3752 1999 3806 in
2025 3754 2254 3809 Africam
2274 3756 2492 3823 ingressi
2516 3756 2745 3822 fuerant,
2760 3759 3087 3827 sexagesimo
3108 3759 3383 3827 scripsisse

1826 3852 2069 3907 Iestetur,
2096 3846 2183 3913 qui
2216 3860 2344 3899 sane
2373 3860 2540 3900 annus
2564 3856 2649 3900 est
2686 3848 2918 3916 vulgaris
2956 3862 3078 3901 terte
3104 3848 3229 3914 487,
3260 3864 3381 3902 cum

1821 3941 2025 3985 certum
2057 3933 2128 3986 sit
2154 3932 2419 3988 Vandalus
2445 3950 2583 3988 anno
2611 3936 2737 4003 427,
2761 3937 2941 3991 Hierio
2966 3952 2999 3989 ll
3025 3946 3079 3991 et
3108 3938 3382 3991 Ardabure

1821 4023 2146 4085 consulibus,
2171 4024 2224 4076 in
2248 4025 2477 4078 Africam
2508 4041 2571 4079 es
2601 4026 2847 4094 llispania
2872 4028 3157 4094 trajecisse.
3186 4028 3379 4082 Verum
3408 4058 3411 4063 ~

1822 4124 1927 4162 non
1960 4109 2033 4162 ita
2062 4111 2229 4165 facilis
2256 4122 2340 4166 est
2362 4114 2578 4167 alterius
2607 4116 2915 4182 quaestionis
2957 4117 3169 4170 solutio.
3205 4118 3380 4172 Victo-

1821 4212 1932 4253 rem
1961 4198 2413 4270 Constantinopoli
2442 4203 2510 4257 de
2542 4206 2906 4272 persecutione
2940 4200 3377 4263 Vandalica'scri-

1819 4290 1991 4358 psisse
2013 4288 2305 4346 Cbill‘letius
2333 4290 2489 4347 int'ert
2514 4308 2574 4349 et
2616 4294 2823 4351 duobus
2857 4296 3097 4363 ejusdem
3135 4299 3377 4355 Historiae

1818 4379 1971 4435 locis.
2018 4380 2225 4436 Primus
2266 4380 2491 4437 habetur
2537 4384 2671 4439 libro
2709 4400 2759 4450 v,
2812 4402 2959 4441 num.
2990 4388 3044 4455 7,
3076 4390 3162 4443 ubi
3196 4389 3377 4445 Victor

1819 4479 1942 4539 past
1964 4472 2261 4543 descriptos
2290 4476 2764 4532 varioscruciatus
2787 4478 2976 4547 quibus
3008 4478 3378 4535 aiticiebantur

161 4558 357 4614 tholis:
384 4559 703 4615 defensione
728 4561 1087 4621 decertarent.
1123 4561 1463 4615 annumerari
1505 4561 1702 4616 debere
1754 4544 2130 4630 Dortbodoxi,
2158 4565 2270 4619 hac
2307 4566 2574 4636 subiungit
2612 4584 2627 4599 ·
2671 4569 2778 4622 Sed
2805 4544 2900 4637 ⁷(μή
2949 4570 3041 4625 hoc
3090 4572 3377 4640 fabulosum

161 4662 407 4719 neme,ut
438 4664 589 4717 puto,
625 4650 963 4704 inﬂciabitnr.
991 4651 1127 4717 Quin
1166 4661 1220 4705 et
1260 4652 1311 4705 in
1339 4652 1605 4706 veteribus
1631 4666 1720 4704 co-

161 4744 354 4799 dicibus
390 4760 528 4800 mss.
558 4754 765 4799 sancta
808 4742 977 4795 Victor
1017 4744 1213 4811 passim
1251 4744 1563 4811 appellatur.
1611 4742 1717 4796 Sed

162 4834 265 4891 ια
287 4848 401 4892 erat
420 4843 668 4891 veterum
697 4833 945 4900 formula,
973 4847 1075 4902 qua
1105 4834 1188 4888 hic
1216 4835 1398 4889 titulus
1418 4834 1717 4889 auctoribus

162 4927 549 4991 ecclesiasticis,
578 4924 809 4979 maxime
834 4923 1117 4992 episcopis,
1162 4924 1506 4981 tribuebatur.
1555 4924 1718 4993 Magis

164 5016 219 5067 ad
243 5032 351 5069 rem
382 5016 619 5084 pertinet
645 5012 785 5082 quod
810 5027 872 5067 ea
898 5013 966 5067 de
993 5028 1052 5067 re
1089 5014 1141 5067 in
1170 5013 1427 5068 hodierno
1460 5015 1719 5085 Martyro-

166 5106 289 5167 lugio
334 5104 582 5157 Romano
618 5104 836 5172 legitur,
874 5103 961 5157 ubi
1004 5104 1089 5157 die
1135 5104 1205 5157 25
1252 5105 1451 5159 mensis
1498 5104 1712 5172 Augusti

167 5194 265 5247 hac
286 5194 551 5249 habentur
574 5209 589 5243 :
618 5190 779 5245 Utica:
798 5193 851 5245 its
869 5192 1044 5262 Africa
1066 5192 1196 5247 beati
1225 5192 1439 5247 Victoris
1460 5195 1713 5262 episcopi;

165 5297 308 5352 quem
352 5283 626 5337 Victorem
665 5280 924 5336 Baronius
962 5282 1014 5335 in
1057 5283 1199 5338 netis
1244 5284 1311 5338 ad
1355 5284 1494 5338 hunc
1539 5285 1711 5337 locum

166 5385 472 5433 mooeteum
499 5373 679 5439 ipsum
719 5384 840 5425 esse
877 5370 967 5439 qui
1005 5372 1075 5425 ob
1116 5373 1367 5443 scriptam
1412 5374 1712 5428 Vandalicas

168 5466 532 5531 persecutionis
556 5462 834 5517 historiam
851 5461 1075 5517 celebris
1101 5471 1201 5516 est.
1226 5466 1294 5517 At
1319 5465 1484 5519 Lucas
1503 5464 1713 5518 IIolste—

168 5554 271 5609 nius
306 5557 357 5611 in
386 5550 780 5609 animadversis
815 5550 882 5605 ad
915 5551 1342 5623 Martyrologium
1388 5554 1719 5622 Romanum,

169 5645 265 5702 bac
289 5650 441 5703 verba
471 5661 502 5700 a
532 5640 919 5699 recetitioribus
938 5641 1111 5697 addita
1142 5643 1307 5698 fuisse
1329 5643 1450 5712 jure
1477 5658 1708 5713 cunque-

167 5744 300 5807 ritur,
324 5756 438 5811 φιτ
467 5738 641 5807 rcipsa
676 5748 931 5806 nusquam
962 5734 1016 5789 in
1046 5724 1278 5805 antiquis
1313 5735 1584 5790 codicibus
1622 5751 1706 5792 rc-

1818 4664 1984 4724 putat,
2018 4653 2265 4708 Uranium
2286 4654 2503 4724 Zenonis
2524 4659 2739 4726 legatum
2762 4659 3054 4729 interroget,
3079 4672 3183 4714 etc.
3206 4662 3403 4717 Locus-

1818 4746 1955 4799 alter
1980 4760 2043 4798 ex
2074 4744 2259 4798 eodem
2290 4746 2423 4798 libro
2463 4746 2771 4815 desumptus
2808 4758 2889 4802 est
2924 4765 3071 4803 num.
3110 4752 3163 4815 6,
3194 4753 3281 4806 ubi
3309 4755 3376 4809 de

1818 4834 2138 4903 Tipasitanis
2166 4835 2582 4899 confessoribus,
2610 4838 2700 4905 qui
2737 4838 2937 4906 absque
2971 4840 3143 4909 lingua
3194 4844 3377 4912 loque-

1818 4924 2030 4989 bantur,
2056 4938 2239 4993 agens,
2284 4924 2497 4991 subjicit
2528 4942 2543 4979 :
2590 4925 2652 4979 Si
2682 4928 2796 4997 quis
2821 4929 3111 4985 incredulus
3154 4950 3260 4987 esse
3290 4953 3375 4987 uo-

1820 5016 1993 5078 luerit,
2014 5021 2187 5083 pergat
2209 5029 2342 5066 nunc
2363 5013 2873 5081 Constantinopotim,
2900 5028 3004 5073 etc.
3032 5023 3233 5088 Quibus
3255 5041 3374 5078 ver-

1818 5104 1917 5168 bis,
1950 5104 2119 5173 inquit
2147 5102 2461 5169 Chillletius,
2495 5105 2679 5161 Victor
2705 5104 3159 5180 Constantinopoli
3210 5130 3371 5182 agens

1818 5206 2107 5263 praesentes
2133 5193 2358 5249 lectores
2386 5196 2571 5251 invitat
2600 5208 2657 5252 ut
2699 5198 2953 5254 Uranium
3002 5202 3055 5255 in
3092 5207 3210 5256 aula
3253 5221 3371 5258 ver-

1814 5292 2019 5337 santem
2049 5284 2394 5353 interrogent,
2423 5288 2671 5344 absentes
2700 5301 2825 5343 vero
2874 5290 2924 5345 in
2970 5295 3149 5346 urbem
3188 5306 3244 5346 ut
3282 5310 3369 5347 ve-

1816 5375 1984 5438 niant,
2013 5383 2174 5428 totam
2194 5380 2579 5444 persecutionis
2606 5380 2797 5433 seriem
2828 5384 3105 5448 cognituri.
3135 5382 3367 5451 llincqne

1816 5464 1970 5518 infert
2018 5464 2134 5519 illos
2182 5467 2445 5524 antistites
2494 5470 2583 5537 qui
2616 5470 2681 5523 ad
2728 5472 2926 5525 calcem
2969 5471 3176 5525 Notitiaa
3228 5474 3371 5527 Afri-

1812 5570 1978 5620 canae,
2015 5554 2093 5607 hic
2122 5556 2330 5626 relegati
2380 5558 2648 5634 dicuntur,
2699 5560 3154 5625 Constantiuoiioli
3206 5579 3368 5619 exsu-

1812 5645 1969 5699 lasse.
1998 5645 2103 5699 Sed
2142 5648 2279 5703 hanc
2315 5648 2614 5719 Opinionem
2648 5650 2940 5705 COtelerius
2970 5660 3113 5706 tomo
3158 5654 3223 5708 Ill
3264 5655 3369 5709 Mn.

1813 5748 2185 5794 numeutorum
2216 5740 2466 5798 Ecclesiae
2490 5742 2713 5810 Cat-53cm,
2747 5743 2798 5795 in
2820 5742 2960 5797 uotis
2979 5742 3044 5797 ad
3063 5744 3218 5799 vitam
3251 5762 3365 5801 san-
