3908 6448
538 351 639 409 H1

1824 351 2066 406 VICTOR
2105 349 2426 408 VITENSIS.

3625 359 3718 416 “8

535 467 608 520 eti
635 465 786 519 Saba:
824 465 1098 532 improbat,
1132 464 1274 535 quod
1309 466 1482 520 minus
1519 474 1661 521 recte
1701 465 1776 519 illi
1815 465 2074 518 antistites
2099 463 2154 521 Δ
2177 465 2479 533 episcopum
2503 473 2556 519 et
2584 463 2914 519 Ruiiuiauum
2953 465 3187 520 exsulem
3215 480 3276 519 ex
3315 466 3490 521 Africa
3518 471 3718 536 episco-

534 553 1039 620 Constantinopolim
1067 555 1270 622 relegati
1297 554 1612 608 dicerentur.
1655 552 1851 619 Potuit,
1884 552 2070 621 inquit,

536 643 847 706 Hunericus,
872 658 961 696 res:
993 642 1361 707 Vandalorum,
1379 643 1636 713 episcOpos
1659 643 1927 694 catholicos
1947 641 2074 694 rele-

534 747 655 800 gare
674 733 723 782 in
744 733 881 783 varia
906 730 1018 783 loca
1045 731 1248 784 ditionis
1273 747 1396 794 8W2,
1424 731 1583 800 potuit
1616 747 1643 783 e
1674 745 1827 799 regno
1854 745 1944 782 suo
1980 743 2072 780 ea:-

535 821 735 888 pellere,
767 823 927 891 potuit
957 820 1439 889 Constantinopolim
1469 821 1681 883 mittere,
1705 819 1792 873 sed
1824 820 2075 889 ejusmodi

534 912 704 963 missio
731 926 1040 980 nequaquam
1065 911 1300 980 relegatio
1335 911 1579 963 censenda
1611 921 1701 963 est.
1731 904 1877 964 Unde
1917 907 2073 963 infert

532 999 615 1052 vir
664 1001 901 1052 eruditus
956 998 1275 1067 probabilius
1321 1012 1438 1053 esse
1505 999 1767 1052 Victorem
1811 999 1864 1052 in
1905 997 2071 1051 veteri

534 1089 716 1158 Epiro,
746 1104 862 1156 quae
891 1089 1034 1155 regio
1053 1088 1297 1142 Vandalis
1319 1090 1551 1157 subjecta
1580 1099 1712 1154 erat,
1743 1090 2070 1143 exsulantem

534 1180 912 1248 conscripsisse
938 1178 1205 1234 historiam
1233 1195 1400 1244 suam,
1430 1195 1546 1247 quae
1572 1181 1729 1240 etiam
1785 1181 1941 1233 fuerit
1981 1193 2068 1233 oc-

533 1268 676 1323 casio
699 1283 831 1337 opus
857 1281 1007 1322 suum
1033 1269 1363 1337 nuncupandi
1395 1269 1682 1334 Diadocho,
1710 1269 1866 1338 quiin
1888 1269 2073 1324 eadem

534 1357 799 1426 provincia
829 1359 1110 1428 episcopus
1145 1358 1304 1412 fuisse
1330 1357 1539 1412 dicitur.
1585 1357 1778 1412 Verum
1811 1359 1855 1410 si
1895 1357 2073 1424 conje-

533 1449 700 1502 cturis
727 1449 803 1502 uti
851 1449 993 1513 licet,
1025 1447 1152 1502 mihi
1187 1448 1524 1502 verisimilius
1564 1447 1771 1502 videtur
1811 1447 2071 1502 Victorem

532 1539 590 1591 in
636 1537 815 1591 Africa
855 1536 1128 1591 historiam
1171 1551 1317 1590 suam
1361 1551 1626 1591 exarasse.
1678 1537 1835 1590 Multa
1882 1537 2073 1606 quippe

534 1626 694 1679 habet
725 1625 919 1693 passim
939 1624 1127 1692 quibus
1163 1624 1330 1679 innuit
1356 1639 1414 1680 se
1461 1626 1514 1679 in
1549 1626 1744 1680 exteris
1774 1626 2073 1694 regionibus

533 1731 640 1769 non
667 1726 930 1770 versatum
961 1716 1122 1769 fuisse
1139 1731 1256 1769 cum
1277 1716 1412 1771 hanc
1433 1716 1820 1782 scriberet.Qui
1843 1729 1970 1770 vero
1988 1714 2073 1768 hic

2176 569 2297 621 pum
2326 557 2491 620 ipsum
2523 569 2550 606 a
2579 557 2843 623 proposito
2869 570 3174 620 revocasse;
3211 557 3349 624 quod
3380 557 3584 611 scilicet
3611 571 3718 612 mo-

2175 643 2372 697 nachos
2402 645 2470 698 ibi
2499 644 2746 710 degentes
2775 661 2806 697 a
2833 645 3178 697 communione
3205 644 3335 698 beati
3367 645 3504 700 Petri
3528 649 3718 716 perﬁda

2175 735 2414 787 dissensio
2452 745 2723 803 separaret.
2773 736 2904 790 Vide
2940 737 3074 789 infra
3105 746 3280 790 notam
3307 737 3342 791 3
3371 737 3424 790 in
3457 737 3717 793 Victorem

2180 824 2441 879 Vitensetn
2475 841 2590 891 paz.
2622 824 2708 890 6i,
2747 824 2835 878 62.

2246 914 2311 968 Χ.
2374 915 2494 968 Hac
2544 914 2764 969 Victoris
2814 914 3036 968 Historia
3095 930 3156 969 ea
3198 915 3563 982 complectitur
3603 931 3721 986 qua:

2177 1003 2396 1056 Vandali
2424 1003 2679 1058 adversus
2703 1004 3026 1059 orthodoxos
3049 1007 3361 1058 commisere
3398 1005 3464 1058 ah
3493 1007 3606 1074 ipso
3633 1021 3722 1059 eo-

2174 1106 2292 1147 rum
2325 1093 2561 1161 ingressu
2592 1109 2755 1161 usque
2780 1095 2845 1147 ad
2876 1094 3118 1148 Hunerici
3150 1107 3410 1160 mortem:
3445 1095 3518 1148 ita
3547 1105 3718 1150 tamen

2175 1194 2232 1239 ut
2262 1185 2420 1238 multa
2449 1185 2515 1238 ab
2540 1199 2604 1237 eo
2637 1191 2850 1240 auctore
2879 1188 3229 1253 prtetormissa
3271 1190 3412 1252 sint,
3450 1190 3562 1241 sive
3583 1185 3720 1256 quod

2174 1288 2278 1328 non
2313 1275 2440 1328 satis
2474 1275 2571 1342 ipsi
2609 1275 2802 1329 fuerint
2831 1286 2972 1338 nota,
2999 1275 3108 1330 sive
3137 1275 3274 1344 quod
3303 1291 3364 1330 ea
3397 1277 3721 1344 potissimum

2174 1376 2289 1430 qua:
2313 1362 2410 1416 sub
2438 1362 2680 1417 Hunerici
2709 1365 3074 1432 persecutione
3095 1365 3241 1418 testis
3262 1365 3501 1419 oculatus
3523 1365 3721 1418 viderat

2173 1452 2372 1507 referre
2401 1454 2687 1507 statuisset.
2741 1454 2871 1508 Hinc
2899 1456 3088 1523 saepius
3117 1455 3284 1507 innuit
3318 1468 3376 1507 se
3398 1469 3462 1507 ex
3491 1457 3721 1522 plurihus

2175 1556 2336 1610 pauca
2367 1541 2619 1609 selegisse
2640 1582 2655 1606 ,
2687 1542 2952 1607 multaque
2998 1558 3026 1593 a
3067 1559 3124 1595 se
3165 1541 3322 1596 luisse
3353 1543 3544 1594 omissa
3569 1577 3587 1605 ,
3617 1555 3717 1595 non

2173 1632 2341 1684 solum
2379 1646 2496 1699 qua:
2532 1632 2584 1685 in
2630 1631 2826 1686 exteris
2872 1623 3172 1700 regionibus
3216 1631 3582 1700 contigerant,
3629 1631 3719 1683 sed

2175 1719 2334 1772 etiam
2361 1733 2423 1773 ex
2454 1719 2520 1773 iis
2546 1734 2663 1788 quae
2705 1720 2756 1772 in
2787 1720 2944 1772 variis
2991 1718 3174 1773 Africae
3198 1720 3515 1788 regionibus
3545 1730 3721 1784 pertuo

532 1806 741 1876 relegati
764 1805 814 1858 in
845 1804 1037 1860 Notitia
1063 1806 1326 1870 dicuntur,
1351 1806 1387 1859 ii
1419 1805 1516 1872 ipsi
1545 1806 1671 1859 mihi
1694 1805 1938 1860 videntur
1956 1820 2074 1871 esse
2103 1801 2150 1860 Β
2176 1805 2345 1858 lerant
2369 1806 2669 1861 orthodoxi.
2709 1807 3015 1862 Generalem
3052 1821 3178 1862 vero
3208 1807 3258 1860 in
3287 1816 3389 1860 tota
3422 1807 3595 1860 Africa
3625 1808 3722 1860 sub

532 1893 598 1947 de
630 1895 828 1959 quibus,
860 1904 1086 1949 testante
1128 1895 1388 1962 Fulgentii
1437 1895 1564 1949 Vitas
1611 1904 1823 1949 auctore
1865 1909 1982 1964 cap.
2016 1896 2072 1960 4,

534 1984 780 2038 Hunerici
809 1987 1009 2055 tyranni
1036 1986 1365 2056 persecutoris
1403 1995 1569 2040 astuta
1611 1987 1896 2055 malignitas
1936 1984 2074 2040 ordi-

533 2085 756 2141 nauerat,
779 2085 832 2128 ut
849 2079 1006 2146 juxta
1033 2077 1246 2143 patriam
1271 2078 1525 2144 propriam
1557 2077 1969 2148 peregrinationis
2001 2076 2072 2129 in-

534 2167 847 2221 commodum
875 2167 1189 2220 sustinerent.
1212 2166 1354 2221 Talis
1380 2166 1476 2222 fuit
1501 2165 1724 2220 Faustus
1762 2165 2075 2220 Presidien-

533 2258 607 2310 sis
633 2256 932 2324 episcopus,
959 2255 1048 2323 qui
1075 2264 1133 2308 ut
1156 2255 1346 2310 ibidem
1375 2256 1586 2319 dicitur,
1619 2272 1718 2310 non
1756 2258 1902 2327 longe
1927 2272 1959 2308 a
1983 2271 2074 2308 sua

536 2347 773 2400 cathedra
799 2343 1010 2412 relegari
1028 2345 1206 2414 jussus
1240 2344 1422 2412 fuerat.
1460 2343 1517 2398 Id
1553 2343 1620 2398 de
1645 2342 1859 2398 Victore
1893 2351 2074 2396 nostro

538 2438 710 2506 potius
737 2451 893 2506 quam
917 2436 983 2490 de
1013 2436 1217 2491 caeteris
1259 2435 1412 2490 facile
1453 2435 1787 2496 crediderim,
1826 2432 1962 2501 quod
2008 2432 2073 2486 ad

537 2538 848 2582 conventum
875 2527 1334 2593 Carthaginensem
1373 2541 1472 2578 non
1498 2524 1788 2590 occurrerit,
1831 2521 2076 2590 proinde-

537 2632 639 2685 que
666 2617 712 2670 ei
740 2615 948 2669 facilius
977 2615 1132 2668 fuerit
1165 2614 1476 2667 Arianorum
1507 2627 1690 2666 manus
1717 2613 1961 2666 evadere.
1993 2610 2074 2664 ln-

532 2709 665 2761 vitat
689 2715 866 2763 autem
899 2707 1071 2760 \‘ictor
1099 2706 1325 2760 lectores
1356 2714 1413 2759 ut
1443 2705 1690 2761 Uranium
1730 2702 2070 2773 interrogent,

535 2806 659 2851 tunc
697 2795 922 2850 fortasse
956 2794 1128 2849 adhuc
1179 2796 1230 2849 in
1268 2794 1439 2850 Africa
1475 2804 1745 2862 agentem;
1790 2809 1908 2846 cum
1947 2806 2073 2846 vero

537 2887 669 2942 alios
717 2895 772 2941 ut
819 2894 1036 2954 pergant
1069 2884 1580 2952 Constantinopolim
1607 2883 1876 2945 admonet,
1911 2897 1990 2944 se,
2018 2890 2076 2935 ut

535 2976 746 3042 quidem
775 2977 901 3031 mihi
931 2975 1157 3045 videtur,
1181 2976 1233 3030 in
1255 2989 1316 3031 ea
1354 2975 1484 3030 urbe
1521 2989 1626 3029 non
1656 2975 1852 3027 versari
1896 2981 2076 3042 aperte

535 3065 785 3120 declarat.

535 3245 716 3313 opinio
738 3284 753 3308 ,
785 3244 1056 3298 sentientis
1100 3243 1360 3298 Victorem
1387 3283 1404 3309 ,
1442 3258 1594 3312 quem
1624 3245 2077 3314 Constantinopoli

535 3335 813 3404 scripsisse
842 3333 1130 3401 prazmittit,
1158 3332 1426 3387 historiam
1455 3349 1602 3388 suam
1627 3336 1712 3388 v'ix
1742 3335 1892 3388 alteri
1921 3349 2077 3403 quam

535 3429 726 3484 Acacio
753 3428 1331 3494 Constantinopolitano
1365 3441 1667 3494 nuncupare
1701 3436 1790 3480 aut
1823 3426 2075 3495 potuisse,

535 3528 628 3570 aut
666 3517 930 3570 debuisse.
981 3516 1033 3569 ld
1063 3516 1202 3570 enim
1236 3524 1292 3582 ut
1324 3516 1597 3569 credamus
1623 3526 1764 3570 vetat
1792 3530 1996 3569 summa
2025 3517 2077 3570 in

535 3609 715 3662 sedem
754 3607 1090 3675 apostolicam
1121 3607 1410 3660 reverentia
1439 3607 1538 3674 Qua
1568 3615 1689 3660 tunc
1724 3596 1974 3674 iemporis
2003 3615 2080 3660 te—

536 3699 794 3753 nebantur
822 3699 1049 3767 episcopi
1077 3697 1305 3752 Africani
1332 3738 1347 3762 ,
1392 3714 1510 3752 cum
1552 3700 1847 3753 econtrario
1883 3701 2082 3768 gravis-

535 3787 672 3840 sima
696 3787 828 3839 inter
850 3785 1142 3838 Romanum
1168 3786 1458 3851 pontiﬁcem
1479 3796 1531 3839 et
1556 3788 1800 3840 Acacium
1821 3788 2080 3839 Constan-

534 3873 935 3940 tinopoiitanum
966 3873 1348 3926 intercederent
1375 3873 1616 3937 dissidia,
1649 3888 1765 3940 quae
1794 3876 2000 3927 tandem
2029 3876 2082 3927 in

535 3971 773 4030 apertum
801 3961 1029 4015 schisma
1066 3970 1372 4028 eruperunt.
1417 3960 1577 4014 Certe
1612 3962 1669 4038 in
1700 3962 1922 4014 concilio
1952 3962 2080 4014 Car-

536 4052 828 4120 thaginensi
882 4051 1022 4118 quod
1078 4050 1253 4104 statim
1311 4045 1430 4117 post
1481 4051 1776 4105 restitutam
1834 4050 2082 4106 Ecclesiae

533 4145 795 4200 Alricante
834 4143 1130 4198 libertatem
1176 4150 1555 4195 eonvocaverat
1598 4141 1920 4209 Reparatus,
1951 4155 2082 4195 con-

535 4235 708 4288 testati
738 4243 858 4288 sunt
885 4233 1119 4314 ejusdem
1151 4231 1400 4287 Ecclesiae
1438 4232 1618 4284 Patres
1646 4205 1705 4285 se
1735 4205 1858 4284 nihil
1889 4232 2084 4284 admis-

2174 1894 2437 1950 llunerico
2484 1898 2904 1964 persecutionem
2948 1899 3200 1952 adversus
3243 1899 3530 1952 catholicos
3571 1913 3720 1952 com-

2173 1996 2366 2039 motam
2399 1985 2558 2040 fuisse
2586 1985 2782 2039 diserte
2818 1986 2975 2038 tradit
3004 1985 3200 2052 Victor,
3229 1987 3554 2052 potissimum
3590 1988 3722 2039 libro

2171 2089 2224 2139 ν,
2253 2089 2408 2144 quam
2437 2075 2638 2129 cladem
2668 2074 2733 2129 ad
2759 2083 2968 2130 exteras
2993 2076 3151 2128 etiam
3179 2075 3417 2129 nationes
3444 2076 3723 2145 pertigisse

2173 2162 2442 2219 Genserici
2473 2164 2794 2232 temporibus
2822 2179 2886 2220 ex
2912 2165 3095 2218 eodem
3120 2174 3333 2217 auctore
3359 2173 3561 2219 condat
3588 2205 3604 2228 ,
3635 2165 3722 2231 qui

2172 2253 2272 2308 sub
2307 2253 2428 2307 libri
2468 2254 2622 2322 primi
2663 2255 2821 2307 linem
2867 2253 3118 2308 tredecim
3166 2254 3382 2321 omnino
3425 2254 3724 2320 provincias

2172 2350 2319 2395 extra
2339 2341 2570 2396 Africam
2595 2353 2831 2398 recenset
2859 2359 2976 2413 quas
2995 2343 3105 2397 dira
3132 2341 3392 2409 ejusmodi
3415 2333 3725 2411 tempestate

2170 2427 2444 2501 exagitata:
2471 2431 2694 2486 fuerant.
3419 2480 3428 2494 ,

2241 2518 2333 2574 ΧΙ.
2376 2520 2525 2587 Quod
2572 2522 2758 2575 attinet
2800 2521 2866 2574 ad
2912 2521 3068 2590 hujus
3106 2523 3352 2577 Historia:
3389 2521 3722 2586 divisionem,

2173 2626 2280 2666 non
2310 2612 2475 2681 liquet
2506 2627 2571 2665 an
2600 2627 2716 2665 eam
2743 2623 2923 2666 auctor
2946 2613 3055 2682 ipse
3084 2616 3257 2682 plures
3285 2616 3335 2668 in
3376 2597 3540 2668 libros
3568 2612 3725 2667 fuerit

2173 2702 2417 2770 partitus.
2447 2701 2502 2755 Si
2530 2703 2756 2770 primum
2784 2703 2968 2758 librum
2999 2705 3250 2772 excipias,
3276 2706 3362 2774 qui
3393 2706 3442 2758 in
3482 2704 3726 2758 omnibus

2173 2799 2277 2842 tam
2307 2789 2462 2844 editis
2484 2804 2639 2857 quam
2663 2805 2790 2844 mss.
2816 2792 3086 2847 codicibus
3111 2794 3176 2846 ad
3205 2794 3468 2848 Genserici
3501 2804 3725 2847 mortem

2173 2877 2365 2932 desinit
2385 2916 2402 2942 ,
2449 2886 2526 2932 tot
2554 2890 2676 2935 sunt
2704 2882 2860 2934 variae
2889 2881 3040 2935 istius
3083 2885 3256 2949 operis
3285 2884 3569 2938 divisiones
3599 2895 3725 2952 quot

2175 2966 2286 3020 fere
2313 2975 2597 3021 occurrunt
2621 2968 2832 3022 codices
2862 2985 2988 3023 mss.
3036 2969 3166 3024 Tres
3209 2971 3260 3024 in
3303 2972 3462 3024 libros
3484 3013 3498 3034 ,
3532 2984 3725 3040 prteter

2097 3080 2099 3082 ·
2176 3058 2472 3125 passionem
2501 3067 2799 3112 sanctorum
2831 3060 3506 3128 monachorum,,dividitur
3532 3062 3584 3114 in
3613 3064 3727 3118 vul-

1930 3151 2075 3204 iﬂetii
2098 3120 2146 3183 c
2177 3145 2311 3204 satis
2334 3146 2676 3204 editionibus:
2716 3157 2771 3201 at
2797 3149 3026 3204 uuinaue
3052 3159 3142 3203 aut
3167 3165 3260 3204 sex
3288 3151 3447 3204 libros
3471 3151 3724 3204 exhibent

607 3153 697 3208 ΙΧ.
746 3153 909 3207 Multo
949 3154 1121 3207 minus
1156 3152 1437 3221 probabilis
1465 3161 1544 3207 est
1570 3152 1801 3220 ejusdem
1831 3151 2075 3207 Chiiiletii

2177 3145 2311 3214 gatis
2334 3146 2676 3214 editionibus;
2716 3157 2771 3201 at
2797 3149 3026 3218 quinque
3052 3159 3142 3203 aut
3167 3165 3260 3204 sex
3288 3151 3447 3204 libros
3471 3151 3724 3206 exhibent

2177 3235 2387 3290 codices
2410 3251 2538 3290 mss.
2563 3245 2618 3290 et
2641 3236 2850 3304 quidem
2880 3241 2967 3306 qui
2995 3239 3140 3292 varie
3167 3241 3218 3291 in
3248 3240 3405 3292 variis
3432 3240 3724 3307 incipiunt;

2178 3324 2468 3380 Chimetius
2491 3341 2617 3379 vero
2645 3334 2808 3380 totum
2850 3341 2981 3394 opus
3009 3327 3235 3395 quinque
3262 3326 3316 3379 in
3347 3327 3541 3390 libros,
3572 3337 3727 3395 prout

2177 3413 2278 3469 sibi
2304 3415 2488 3468 melius
2511 3416 2680 3470 visum
2707 3423 2822 3482 est,
2853 3404 3133 3485 distinxit,
3157 3417 3306 3485 cujus
3333 3417 3566 3486 vestigiis
3599 3433 3728 3473 con-

2177 3504 2318 3558 sulto
2345 3504 2651 3558 inhaesimus
2673 3504 2743 3558 ob
2767 3505 3032 3574 publicum
3056 3507 3386 3570 commodum
3404 3548 3419 3574 ,
3451 3506 3586 3575 quod
3614 3505 3728 3563 haec

2178 3592 2368 3647 divisio
2388 3593 2496 3660 jam
2529 3594 2885 3662 receptissima
2912 3595 2981 3649 sit
3001 3596 3137 3664 apud
3165 3597 3420 3650 eruditos.

2251 3681 2362 3734 XII.
2403 3681 2652 3747 Qumrunt
2683 3683 2917 3752 nonnulli
2945 3697 3012 3736 an
3041 3683 3159 3738 fidei
3190 3684 3446 3752 professio
3470 3701 3587 3753 qua:
3617 3693 3727 3740 ter-

2181 3770 2308 3822 tium
2337 3769 2577 3822 llistorize
2608 3770 2829 3825 Victoris
2854 3770 3043 3825 librum
3069 3773 3375 3838 constituit,
3406 3773 3577 3841 reipsa
3605 3770 3729 3832 huic

2179 3859 2378 3910 auctori
2429 3858 2702 3920 tribuenda
2745 3859 2832 3911 sit.
2864 3857 3019 3913 Certe
3051 3860 3349 3915 Gennadius
3393 3862 3444 3914 in
3487 3863 3729 3933 catalogo

2181 3945 2348 4014 ipsius
2372 3956 2637 4000 auctorem
2667 3946 2788 4000 facit
2815 3947 3099 4016 Eugenium
3126 3948 3588 4024 Carthaginensem
3617 3954 3728 4020 epi-

2181 4048 2428 4103 scopum,
2468 4035 2578 4087 sive
2603 4034 2740 4103 quod
2768 4050 2948 4090 revera
2986 4036 3054 4091 ab
3079 4037 3192 4106 ipso
3218 4037 3355 4091 edita
3385 4039 3577 4105 fuerit,
3614 4041 3729 4095 sive

2181 4125 2317 4190 quod
2345 4124 2457 4191 ejus
2482 4123 2629 4190 jussu
2656 4125 2868 4190 Victor,
2906 4139 2999 4180 seu
3025 4127 3194 4196 quivis
3227 4126 3362 4181 alius
3394 4142 3510 4182 eam
3540 4121 3728 4183 co‘ndi-

2183 4215 2333 4274 derit,
2365 4224 2455 4266 aut
2477 4215 2683 4267 tandem
2711 4215 2847 4284 quod
2876 4228 2992 4270 cum
3019 4219 3130 4283 ipse
3153 4227 3461 4273 ctcterorum
3490 4221 3726 4274 omnium

533 4336 705 4384 suros,
732 4323 826 4373 nisi
853 4305 1185 4382 consuetudo,
1219 4323 1305 4370 aut
1333 4317 1568 4370 Ecclesia:
1599 4321 1838 4372 Romam:
1864 4321 2075 4386 deﬁnitis

2184 4305 2380 4370 primas
2400 4312 2542 4358 esset
2561 4315 2612 4356 et
2638 4308 2928 4373 praecipuus
2958 4310 3116 4363 totius
3141 4309 3329 4364 African
3349 4310 3584 4375 antistes,
3610 4313 3728 4381 ejus

533 4408 848 4479 proderetur.
877 4408 992 4461 Jam
1021 4405 1172 4459 initio
1195 4406 1486 4475 tyrannidis
1515 4405 1810 4458 Vandalicas
1838 4407 1887 4482 in
1913 4407 2080 4461 Africa

533 4496 822 4566 Capreolus
845 4496 1270 4564 Carthaginensis
1309 4495 1525 4549 antistes
1552 4496 1602 4548 in
1633 4496 1852 4563 cpistola
1882 4497 1945 4548 ad
1979 4495 2078 4548 Pa-

535 4597 644 4640 tres
672 4585 890 4638 concilii.
907 4583 1154 4653 Ephesini
1181 4598 1271 4637 eos
1305 4583 1610 4638 adhortatur
1634 4595 1690 4637 ut
1714 4598 1920 4638 errores
1947 4599 2080 4652 quos

535 4673 907 4742 repullulantes
922 4664 1226 4740 apostolicae
1245 4672 1386 4725 sedis
1406 4672 1707 4735 auctoritas,
1723 4673 2080 4727 sacerdotum-

531 4777 637 4830 qtte
669 4763 721 4815 in
759 4777 917 4814 unum
957 4775 1253 4814 consonans
1288 4762 1555 4835 sententia,
1591 4771 1960 4828 oppresserat,
2000 4778 2076 4815 se-

532 4851 698 4903 cunda
725 4850 1058 4918 disputatione
1099 4863 1203 4902 non
1233 4849 1448 4916 agitent.
1498 4849 1558 4902 Et
1586 4851 1793 4916 quidem
1823 4851 2077 4919 Byzaceni

534 4940 711 5004 patres
749 4940 804 4990 in
841 4938 1078 4993 Sardinia
1117 4936 1328 4990 exsules
1362 4951 1390 4986 a
1430 4933 1631 4990 Joanne
1657 4947 1712 4991 et
1741 4938 1964 4992 Venerio
1993 4938 2076 4990 in-

535 5026 783 5094 terrogati
809 5025 933 5093 quid
963 5015 1028 5078 de
1052 5025 1220 5093 gratia
1248 5033 1302 5078 et
1328 5022 1492 5076 libero
1516 5025 1734 5079 arbitrio
1759 5030 1826 5078 sit
1850 5026 2081 5080 sentien-

535 5114 660 5168 dum
684 5151 700 5177 ,
731 5113 780 5165 id
810 5114 1117 5170 discendum
1161 5123 1280 5166 esse
1323 5113 1639 5180 respondent
1667 5129 1731 5168 ex
1759 5116 1997 5183 capitulis
2025 5116 2076 5169 in

533 5202 722 5271 quibus
761 5204 1056 5255 continetur
1096 5202 1218 5268 quid
1269 5200 1519 5265 Romana,
1560 5201 1653 5254 hoc
1693 5213 1766 5256 est
1807 5203 2074 5270 catholica,

534 5279 770 5358 sequatur
793 5297 838 5342 et
865 5299 1018 5342 seruet
1042 5288 1283 5343 Ecclesia.
1314 5290 1414 5344 Sed
1442 5291 1606 5356 magis
1628 5292 1691 5344 ad
1715 5307 1824 5345 rem
1846 5301 2074 5346 nostram

532 5381 658 5433 facit
681 5379 819 5448 quod
848 5387 1030 5433 auctor
1055 5379 1189 5432 Vite
1217 5383 1381 5434 sancti
1413 5381 1670 5449 Fulgentii
1706 5392 1881 5436 narrat
1909 5383 2078 5449 capite

537 5469 605 5522 12
631 5476 685 5523 et
715 5471 815 5532 I3;
863 5457 1053 5535 ncntpe
1079 5483 1196 5520 cum
1229 5468 1365 5522 idem
1404 5469 1706 5538 Fulgentius
1743 5471 1809 5523 ad
1851 5473 2078 5524 ultimam

527 5549 802 5614 Thebaida
828 5558 1045 5628 regionis
1074 5572 1290 5610 eremum
1319 5571 1534 5625 pergere
1559 5559 1735 5612 animo
1764 5559 2078 5613 destinasset

537 5643 656 5698 sitae
686 5643 1016 5713 jnrlectionis
1045 5643 1342 5711 desiderio,
1391 5644 1647 5700 Eulalium
1691 5646 2074 5715 Syracusanum

2184 4391 2298 4446 sedi
2327 4401 2380 4445 et
2407 4391 2641 4461 dignitati
2670 4391 2849 4446 datum
2877 4392 3056 4458 fuerit,
3085 4397 3222 4463 quod
3253 4398 3319 4450 ab
3348 4399 3452 4451 alio
3479 4402 3725 4467 quopiam

2185 4482 2394 4534 nomine
2420 4480 2653 4534 omnium
2683 4472 2874 4534 factum
2905 4481 3097 4537 fuerat.
3129 4485 3382 4539 Omnibus
3407 4487 3557 4541 simul
3589 4491 3728 4542 A'ri-

2179 4571 2324 4624 canis
2357 4571 2618 4639 episcopis
2649 4570 2891 4640 tribuitur
2917 4574 2971 4625 in
3009 4574 3362 4627 vetustissimo
3405 4574 3587 4628 codice
3624 4591 3726 4630 ms.

2181 4660 2432 4714 Ecclesia:
2471 4659 2865 4725 Laudunensis,
2902 4661 2990 4716 ubi
3018 4663 3115 4715 sub
3151 4663 3250 4716 hoc
3287 4663 3435 4716 titulo
3475 4661 3725 4735 habetur:

2180 4749 2366 4817 Incipit
2396 4751 2587 4804 libellus
2611 4751 2958 4819 episcOporum
2988 4750 3347 4805 catholicorum
3366 4754 3432 4804 ad
3458 4753 3728 4807 Unericum

2177 4824 2345 4908 regem
2376 4840 2719 4894 Vandalorum
2745 4842 2934 4895 datum.
2959 4842 3114 4906 Tum,
3143 4841 3318 4912 Regali
3344 4844 3571 4911 imperio,
3594 4858 3725 4914 etc.,

2182 4935 2238 4978 ut
2267 4928 2317 4979 in
2343 4928 2570 4983 Victoris
2611 4930 2870 4993 Historia;
2918 4932 3120 5001 ipsique
3165 4933 3493 5002 subjungitur
3533 4935 3728 4988 Notitia

2180 5017 2429 5071 Ecclesiae
2449 5017 2730 5083 Africanae,
2762 5035 2790 5071 a
2817 5020 3098 5074 Sirmundo
3126 5021 3348 5088 primum
3380 5025 3537 5088 edita,
3567 5039 3724 5089 quam

2179 5120 2357 5177 postea
2401 5107 2692 5163 Chifiletius
2729 5109 2956 5165 Victoris
2997 5114 3240 5168 Historiae
3285 5117 3520 5170 inseruit.
3562 5115 3730 5170 Porro

2178 5199 2362 5254 eadem
2402 5199 2522 5252 fidei
2555 5200 2810 5266 professio
2845 5203 2943 5255 sub
2980 5202 3207 5258 Victoris
3252 5204 3725 5274 nomine‘scorsim

2176 5290 2315 5344 edita
2363 5287 2581 5343 habetur
2621 5289 2672 5341 in
2713 5289 3031 5345 Bibliotheca
3080 5290 3334 5354 Patrum,
3377 5290 3512 5344 unde
3540 5306 3724 5346 ansam

2178 5391 2451 5445 sumpsere
2470 5376 2705 5431 nonnulli
2732 5380 2816 5446 qui
2842 5379 3105 5447 catalogos
3132 5381 3445 5447 scriptorum
3473 5381 3728 5434 ecclesia-

2179 5468 2427 5522 sticorum
2456 5475 2696 5532 tenere,
2730 5474 2919 5522 novum
2949 5468 3227 5522 inducendi
3257 5467 3537 5534 Victorem,
3569 5469 3727 5538 hujus

2178 5556 2343 5612 libelli
2364 5565 2650 5621 auctorem,
2672 5571 2827 5625 quem
2849 5558 3005 5626 aliqui
3027 5557 3291 5613 Victorem
3318 5557 3593 5614 antennas
3615 5560 3725 5628 epi~

2179 5661 2394 5715 scopum
2419 5642 2581 5700 fuisse
2609 5645 3006 5718 existimarunt,
3032 5648 3167 5718 quod
3210 5649 3307 5704 iste
3348 5649 3483 5717 apud
3511 5647 3722 5706 Gcnno~
