3930 6412
184 361 278 418 Si!

1518 307 2043 411 {i'ROLiCUMEVk

3288 354 3392 410 η

180 476 315 527 dium
356 471 405 523 iu
450 469 693 537 catalogo
739 480 853 534 cap.
900 465 967 518 77
1003 464 1241 517 adversus
1283 464 1499 516 Ariditas
1546 464 1727 515 librum
1760 467 1808 525 Α
1838 463 2065 519 Lorichii
2093 464 2253 519 editio
2285 464 2500 518 B..silerr:
2531 465 2723 532 prodiit
2749 481 2887 519 anno
2915 465 3071 531 15M,
3105 467 3237 535 typis
3267 467 3391 517 Bar-

183 577 323 614 unum
359 560 565 629 longum
608 556 988 624 conscripsisse
1033 561 1376 608 memoretur.
1434 556 1501 607 At
1529 555 1605 607 illi
1633 555 1727 607 ad-

180 660 374 706 vertere
398 650 695 705 debuerant
718 647 943 703 Victoris
976 643 1349 699 Cartennensis
1374 645 1563 698 librum
1588 644 1728 699 Gen-

182 744 336 796 scrico
360 742 593 795 oblatum
624 740 782 794 fuisse
806 782 821 806 ,
862 746 917 791 ut
955 751 1016 791 se
1048 751 1112 791 ex
1145 736 1451 804 praefatione
1477 735 1726 790 didicisse

178 842 391 886 testatur
444 831 670 898 ipsemet
722 826 1026 883 Gennadius
1081 827 1197 880 loco
1252 826 1507 889 laudato;
1569 840 1723 893 quem

184 922 389 988 proinde
415 921 575 973 alium
601 932 721 972 esse
747 932 777 969 a
808 915 927 971 fidei
968 916 1149 969 libello
1177 916 1264 983 qui
1303 916 1351 967 in
1382 914 1610 975 Victoris
1638 915 1727 967 Hi-

180 1013 327 1066 storia
353 1010 597 1072 habetur,
624 1006 893 1069 fatendum
919 1015 1020 1059 est.
1043 1002 1304 1059 Caeterum
1341 1003 1517 1058 Victor
1538 1003 1723 1059 eodem

180 1103 325 1156 modo
348 1101 466 1155 ﬁdei
492 1099 874 1167 proressionem
904 1097 1147 1152 Historite
1166 1111 1275 1152 sua:
1296 1096 1533 1151 inserere
1557 1098 1725 1165 potuit

182 1211 280 1264 quo
306 1192 553 1248 Hunerici
578 1190 773 1245 edicta.

238 1284 367 1339 Xlll.
410 1284 670 1353 Superest
698 1288 757 1333 ut
781 1280 1017 1333 dicamus
1051 1278 1118 1333 de
1146 1276 1365 1333 vetustis
1408 1273 1724 1343 exemplari-

175 1378 265 1431 bus
288 1375 349 1431 ad
384 1390 503 1443 quas
532 1374 666 1427 hanc
691 1382 925 1428 nostram
954 1370 1185 1427 Victoris
1214 1370 1501 1425 editionem
1543 1381 1727 1421 emen-

173 1468 425 1522 davimus.
481 1465 701 1519 Codices
743 1477 876 1518 mss.
918 1462 970 1515 in
1019 1460 1209 1529 quibus
1248 1460 1449 1526 integra
1498 1454 1724 1511 Victoris

179 1560 394 1613 Vitensis
415 1557 644 1612 Historia
668 1555 912 1620 habetur,
935 1553 1149 1606 omnino
1170 1558 1393 1619 quatuor
1410 1547 1721 1600 habuimus:

175 1660 279 1705 tres
304 1649 507 1702 scilicet
534 1663 600 1699 ex
630 1645 943 1698 bibliotheca
971 1640 1277 1695 Colbertina
1306 1678 1319 1700 ,
1348 1651 1478 1704 quos
1504 1650 1603 1703 pro
1624 1648 1724 1689 suo

176 1756 314 1795 more
338 1749 391 1793 et
414 1749 671 1794 consueta
697 1749 818 1802 erga
842 1733 1046 1785 litteras
1070 1728 1462 1791 benevolentia,
1487 1724 1722 1781 exhibuit

1830 554 2095 606 thoiomzei
2114 551 2481 608 Westbcmeri.
2508 554 2561 606 lu
2584 570 2682 619 qua
2708 556 2829 607 item
2854 555 2983 607 urbe
3006 570 3145 606 anno
3172 554 3304 608 1555
3323 570 3387 606 ex

1831 642 2043 697 Henrici
2093 644 2233 697 Petri
2264 643 2472 697 ofﬁcina
2524 645 2713 712 prodiit
2744 660 2876 697 nova
2907 661 3179 698 sacrorum
3212 660 3389 699 sueto-

1828 751 1943 789 rum
1991 737 2235 791 collectio
2294 738 2394 793 sub
2452 739 2995 809 Ortbodoxngraphiie
3043 742 3292 807 numine,
3336 742 3388 791 in

1826 843 1950 895 qua,
1981 829 2118 883 inter
2144 829 2246 883 alia
2273 843 2439 883 sacra:
2459 832 2781 900 antiquitatis
2803 844 3161 899 monumenta,
3189 834 3387 886 haben-

1828 926 1915 973 tur
1946 920 2171 975 Victoris
2200 923 2365 977 nostri
2395 925 2512 977 libri
2544 933 2651 979 tres
2695 927 2762 981 de
2784 926 3154 981 Persecutioue
3181 926 3386 979 Vanda-

1827 1008 1949 1076 iica,
1977 1022 2096 1062 cum
2126 1012 2372 1077 passione
2411 1023 2713 1067 sanctorum
2752 1024 2954 1082 septem
2984 1014 3384 1067 monachorum.

1824 1098 2088 1153 Caeterum
2118 1115 2259 1155 anno
2303 1101 2438 1157 1369
2468 1119 2657 1158 novam
2702 1104 2824 1158 item
2855 1105 2982 1158 Victi
3005 1105 3079 1157 ris
3100 1104 3389 1158 editionem

1826 1185 2043 1243 Parisiis
2087 1192 2290 1245 curavit
2328 1194 2410 1244 vir
2455 1193 2521 1247 de
2568 1210 2624 1246 rc
2668 1193 2823 1247 litter.
2847 1195 2921 1245 ria
2968 1193 3106 1248 bene
3144 1194 3385 1258 meritus,

1824 1276 2138 1335 Frauciscus
2183 1282 2499 1345 Balduinus,
2542 1284 2769 1338 celebris
2810 1285 3242 1352 iurisconsultus,
3294 1285 3385 1352 qui

1827 1372 2028 1439 primus
2056 1376 2291 1428 omnium
2324 1376 2458 1429 hanc
2503 1377 2785 1429 Historiam
2835 1377 3232 1429 commentariis
3260 1376 3383 1427 illu-

1826 1466 2030 1519 stravit.
2061 1467 2225 1521 Paulo
2266 1479 2405 1534 post,
2441 1485 2579 1522 anno
2624 1471 2825 1524 scilicet
2858 1470 3015 1529 1576.
3058 1470 3385 1537 Margarinus

1826 1556 2043 1626 Bignius
2086 1559 2304 1613 Parisiis
2332 1561 2495 1614 cdidit
2522 1562 2903 1616 Bibliothecam
2944 1570 3248 1615 sanctorum
3283 1562 3386 1614 Pa-

1827 1656 1986 1711 trum,
2018 1664 2133 1717 quae
2160 1649 2352 1703 iterum
2383 1666 2522 1703 anno
2555 1652 2690 1706 1589
2718 1654 2768 1705 in
2812 1656 2998 1707 eadem
3036 1654 3167 1707 urbe
3192 1669 3388 1708 excusa

1824 1745 1927 1800 est,
1955 1745 2007 1789 et
2038 1739 2087 1789 in
2134 1750 2353 1806 utraque
2398 1739 2569 1791 locum
2614 1739 2770 1793 habet
2800 1750 2977 1793 noster
3011 1741 3218 1802 Victor;
3252 1742 3388 1795 sicut

174 1830 317 1884 nobis
339 1829 405 1882 ν.
437 1828 503 1881 C.
535 1824 837 1892 Stephanus
883 1820 1124 1875 Βδιιηῖυε
1152 1837 1167 1884 ;
1194 1828 1438 1888 quartum
1482 1833 1610 1871 V870
1658 1832 1721 1871 ex
1752 1812 1800 1872 Β
1828 1825 1953 1878 etin
1983 1824 2375 1881 Coloniensium
2406 1829 2655 1893 editione,
2680 1840 2732 1884 et
2762 1832 2813 1882 in
2844 1831 2958 1883 aliis
2981 1831 3241 1899 ejusmodi
3262 1847 3388 1885 san-

174 1919 484 1975 monasterio
513 1914 853 1971 Benedictino
881 1914 1059 1968 Sancti
1102 1910 1309 1965 Martini
1334 1925 1365 1963 a
1392 1909 1605 1977 Campis
1633 1924 1723 1961 or—

172 2012 301 2066 dinis
330 2009 714 2063 Cluuiacensis.
774 2006 848 2059 Ex
882 2003 1201 2058 Colbertinis
1230 2002 1498 2067 antiquior
1526 1999 1724 2052 saeculo

172 2116 303 2157 nono
328 2109 419 2154 aut
442 2098 692 2168 sequenti
730 2097 956 2164 scriptus
996 2093 1235 2157 videtur,
1273 2090 1535 2145 secundus
1567 2089 1723 2156 paulo

170 2193 421 2262 recentior
451 2200 571 2253 est;
604 2188 791 2243 tertius
820 2200 946 2239 vero
972 2183 1182 2239 nonnisi
1211 2195 1380 2235 annos
1409 2180 1723 2249 quingentos

169 2282 364 2336 videtur
395 2278 671 2348 ιιι-εἴδετε,
703 2275 796 2330 sed
824 2274 913 2345 qui
943 2287 1103 2326 manu
1130 2279 1370 2326 accurata
1406 2277 1457 2322 et
1487 2265 1723 2335 diligenti

170 2382 405 2428 exaratus
432 2379 555 2432 est,
590 2370 643 2423 in
680 2368 831 2436 cujus
873 2365 1180 2433 paginarum
1212 2361 1533 2430 marginibus
1562 2358 1723 2412 variat

166 2478 230 2519 ex
261 2464 361 2516 alio
389 2464 570 2529 aliquo
595 2459 775 2515 codice
816 2458 1073 2512 lectiones
1115 2454 1378 2508 habentur
1402 2494 1418 2516 ,
1458 2453 1527 2504 ita
1552 2459 1609 2505 ut
1638 2450 1723 2505 hic

166 2552 323 2608 codex
357 2568 452 2620 pro
472 2551 679 2604 duobus
706 2547 895 2602 merito
922 2543 1216 2598 censendus
1246 2544 1333 2596 sit.
1361 2540 1535 2595 Codex
1566 2539 1722 2593 deni-

170 2660 262 2713 que
280 2643 455 2699 Sancti
478 2640 683 2694 Martini
700 2654 729 2690 a
744 2636 973 2705 Campis,
999 2634 1087 2703 qui
1100 2634 1227 2688 olim
1248 2632 1553 2687 monasterii
1568 2630 1723 2684 Cres-

172 2735 418 2803 piacensis
444 2734 537 2785 fuit
560 2772 573 2794 ,
606 2730 673 2783 ab
698 2729 850 2782 annis
892 2729 1013 2781 item
1043 2724 1213 2781 terms
1241 2725 1545 2795 quingentis
1576 2724 1723 2778 vidc-

168 2837 247 2879 tur
269 2825 515 2891 scriptus.
557 2820 929 2875 Consuluimus
956 2819 1113 2872 etiam
1142 2816 1315 2870 varias
1345 2815 1600 2871 lectiones
1626 2829 1720 2868 co-

166 2914 291 2968 dicis
335 2914 489 2968 bona:
536 2922 718 2976 notae,
772 2919 829 2963 ut
867 2909 1055 2969 asserit
1093 2906 1411 2967 Cbil‘lietius,
1440 2904 1723 2959 carthusias

170 3006 431 3060 Portarum
456 3044 473 3068 ,
521 3017 654 3070 quas
694 3002 832 3055 idem
870 3000 983 3067 ipse
1023 2998 1101 3052 vir
1133 2998 1369 3052 eruditus
1404 2997 1457 3049 in
1486 2996 1628 3049 notis
1656 2995 1723 3048 ad

166 3096 423 3150 Victorem
454 3094 613 3147 nobis
642 3089 1013 3158 suppeditavit.
1046 3089 1113 3140 At
1144 3097 1333 3150 praeter
1364 3086 1459 3137 hos
1487 3084 1717 3148 codices,

1825 1925 2028 1971 ctorum
2056 1918 2266 1973 Patrum
2295 1936 2513 1987 operum
2543 1922 2964 1984 collectionibus.
2992 1940 3110 1993 qua:
3134 1926 3385 1994 deinceps

1824 2003 1876 2058 in
1904 2006 2072 2061 lucem
2105 2009 2431 2073 prodierunt.
2481 2012 2611 2077 Quae
2640 2028 2824 2067 omnes
2871 2016 3131 2069 editiones
3168 2016 3265 2069 Sub
3298 2017 3391 2071 Vi-

1822 2100 1983 2151 ctoris
2033 2100 2295 2155 Uticensis
2344 2103 2557 2156 numine
2605 2103 2829 2172 vulgata:
2880 2114 3001 2158 sunt
3034 2114 3225 2172 prmler
3255 2108 3387 2161 duas

1822 2185 1962 2238 beati
1996 2186 2255 2249 Hlienani,
2308 2192 2358 2241 in
2405 2192 2595 2258 quibus
2626 2192 2802 2246 Victor
2833 2194 3062 2248 Vitensis
3104 2198 3388 2265 episcopus

1821 2278 2131 2343 appellatur.
2164 2277 2270 2332 Sed
2295 2295 2473 2333 verum
2499 2281 2705 2334 titulum
2736 2286 2963 2339 asseruit
2994 2285 3184 2342 Petrus
3216 2289 3395 2341 Fran-

1822 2365 1996 2419 ciscus
2019 2366 2383 2421 Chimetiusin
2405 2368 2512 2435 jam
2538 2370 2742 2423 laudata
2770 2372 3024 2440 editione,
3056 2390 3215 2442 quam
3246 2393 3407 2431 anno~

1827 2455 1963 2510 1664
1990 2458 2214 2512 Divione
2263 2458 2376 2512 ﬂeri
2413 2460 2635 2513 curavit.
2667 2460 2949 2527 Creterum,
2991 2478 3056 2515 ne
3102 2465 3133 2515 ii
3167 2469 3252 2525 qui
3285 2465 3385 2518 La-

1824 2549 1933 2601 tine
1964 2549 2203 2617 ignorant
2230 2561 2334 2604 tam
2371 2552 2549 2605 eximii
2580 2555 2755 2619 operis
2804 2538 3031 2608 lectione
3062 2556 3382 2610 frustraren-

1826 2644 1929 2699 tur,
1960 2636 2009 2687 in
2060 2639 2393 2692 vernaculam
2441 2639 2670 2706 linguam
2718 2656 2821 2693 non
2864 2642 3027 2697 semel
3076 2645 3382 2697 translatum

1824 2734 1925 2779 est.
1958 2727 2022 2780 Et
2055 2729 2223 2794 primo
2252 2731 2463 2796 quidem
2495 2730 2693 2785 Gallico
2721 2732 2917 2799 prodiit
2960 2733 3155 2809 saculo
3182 2749 3386 2799 praece-

1823 2816 1989 2879 denti,
2016 2832 2155 2873 anno
2183 2820 2388 2875 scilicet
2430 2822 2585 2886 1565,
2638 2837 2798 2888 opera
2850 2820 3382 2878 Francisciiielrnre-

1824 2906 1929 2969 stii,
1961 2907 2175 2961 Parisiis
2218 2910 2354 2974 apud
2403 2909 2701 2964 Gabrielcm
2750 2912 2923 2974 Buon;
2968 2921 3021 2966 et
3066 2928 3205 2967 anno
3250 2915 3389 2967 i661

1823 2998 1986 3052 altera
2017 2999 2069 3051 in
2099 3001 2283 3053 eadem
2314 3002 2465 3064 urbe,
2499 3002 2565 3052 ab
2610 3002 2961 3055 illustrissimo
3000 3004 3230 3057 Arnaldo
3278 3006 3382 3057 An-

1824 3088 1976 3142 dillio
1996 3099 2295 3157 procurata.
2320 3090 2398 3142 Ad
2424 3091 2535 3145 haec
2556 3092 2773 3153 Anglice
2797 3094 2935 3146 edita
2960 3102 3200 3147 est'anno
3223 3095 3381 3149 1605.

168 3187 291 3240 alios
319 3185 456 3239 idem
491 3194 602 3237 tres
639 3153 952 3240 habuimus,
982 3176 1033 3230 in
1058 3174 1245 3244 quibus
1264 3212 1280 3238 ,
1306 3172 1520 3239 dempto
1559 3172 1719 3238 priori

1824 3177 2019 3231 Harum
2063 3192 2191 3233 vero
2220 3180 2456 3233 omnium
2487 3182 2551 3234 ad
2586 3192 2818 3235 nostram
2865 3183 3092 3236 Vicmris
3140 3185 3388 3237 Historia.-

169 3279 332 3344 libro,
380 3275 612 3345 Vit-toris
658 3272 823 3325 nostri
874 3268 1102 3322 Historia
1142 3267 1341 3334 integra
1372 3267 1595 3317 habetur
1621 3262 1719 3316 sub

170 3367 422 3423 Passionis
456 3364 627 3420 sancti
655 3360 880 3431 Engenii
911 3358 1081 3413 titulo.
1115 3356 1264 3411 Unus
1293 3371 1358 3409 ex
1388 3354 1470 3407 bis
1496 3365 1575 3407 est
1604 3351 1717 3407 RR.

171 3456 262 3511 PP.
291 3453 614 3509 Fuiiensium
660 3448 966 3504 monasterii
1003 3446 1181 3502 Sancti
1227 3443 1483 3498 Bernardi
1526 3443 1579 3495 in
1622 3441 1720 3496 bac

170 3546 289 3600 urbe
309 3545 595 3610 Parisiaca,
613 3540 748 3594 alter
776 3540 828 3592 in
859 3547 1037 3592 nostra
1059 3535 1236 3591 Sancti
1262 3532 1509 3589 Germani
1537 3547 1566 3585 a
1594 3532 1723 3585 Pra-

172 3636 231 3687 tis
252 3633 571 3690 bibliotheca
602 3638 933 3693 asservatur,
973 3637 1192 3694 uterque
1222 3625 1288 3679 ab
1329 3624 1483 3677 annis
1508 3621 1721 3675 circiter

172 3725 263 3781 500
286 3726 645 3794 conscriptus.
678 3721 781 3776 Sed
813 3736 918 3774 uno
968 3720 1164 3773 saeculo
1210 3718 1475 3771 recentior
1515 3715 1721 3767 videtur

171 3815 342 3869 tartius
372 3829 437 3867 ex
480 3814 567 3866 his
606 3810 874 3865 codicibus
898 3850 915 3874 ,
959 3808 1049 3877 qui
1091 3816 1174 3862 est
1214 3806 1514 3861 multasterii
1555 3804 1721 3857 nostri

172 3903 331 3959 Sancti
359 3904 601 3959 Cornelii
640 3900 1096 3969 Compendimtsis.
1137 3880 1399 3953 Praeterea
1448 3898 1567 3949 [ldei
1600 3911 1721 3963 pro-

172 3993 457 4056 fessionem,
482 3994 533 4045 id
565 4000 648 4044 est
675 3992 888 4043 tertium
920 3989 1141 4041 Victoris
1169 3988 1409 4039 Historia:
1430 3986 1643 4046 librum,
1666 3994 1721 4037 et

172 4080 400 4134 Notitiam
430 4080 686 4133 Ecclesia:
711 4077 968 4134 Africanae
994 4062 1310 4127 contulimus
1332 4088 1448 4125 cum
1474 4075 1720 4125 vetustis-

172 4172 294 4223 simo
326 4180 377 4223 et
405 4170 626 4235 Optima:
656 4176 793 4219 nota:
822 4166 1001 4218 codice
1033 4178 1129 4217 ms.
1166 4163 1403 4217 ecclesia:
1444 4163 1719 4217 cathedra;

174 4259 229 4313 lis
246 4259 445 4313 Sancta:
464 4259 649 4326 Maria:
670 4255 1053 4321 Lauduncnsis,
1075 4256 1160 4323 qui
1183 4254 1249 4308 ab
1268 4254 1419 4308 annis
1444 4254 1717 4308 minimum

172 4351 468 4419 octingentis
493 4358 747 4403 curatus
774 4358 874 4404 est.

233 4438 360 4494 XIV.
386 4442 667 4495 Editiones
690 4454 814 4493 vero
839 4438 1078 4511 ejusdem.
1105 4438 1358 4502 auctoris,
1382 4452 1515 4507 quas
1541 4437 1719 4493 videre

174 4527 323 4594 licuit,
352 4531 433 4583 hae
458 4539 619 4585 sunt:
646 4530 819 4583 Primo
842 4529 1053 4597 quidem
1081 4529 1285 4582 caeteris
1310 4529 1556 4581 omnibus
1583 4528 1719 4580 anti-

173 4620 388 4685 quiorem
417 4618 819 4683 consuluimus,
855 4632 885 4669 a
914 4618 1066 4671 beato
1104 4617 1358 4671 Hhenano
1388 4626 1717 4684 procuratam

175 4705 372 4763 Basileas
398 4726 538 4763 anno
577 4707 720 4764 1555
743 4749 759 4773 ,
806 4723 910 4777 quo
936 4724 997 4760 ex
1032 4708 1240 4760 ofﬁcina
1276 4708 1601 4761 Frobeniana
1635 4706 1720 4759 Vi-

174 4805 273 4850 ctor
315 4811 495 4853 noster
539 4800 825 4863 Viteusis,‘
862 4798 999 4852 inter
1041 4796 1174 4851 alios
1205 4796 1436 4850 historias
1465 4796 1715 4849 ecclesia-

176 4886 301 4939 stica:
327 4898 592 4952 auctores,
625 4886 849 4954 primum
878 4888 930 4939 in
954 4887 1123 4941 lucem
1150 4886 1359 4955 prodiit.
1396 4885 1591 4939 Eadem
1621 4899 1717 4937 au-

176 4984 359 5029 ctorum
379 4979 628 5031 collectio
646 4976 861 5030 Parisiis
882 4976 1070 5031 iterum
1097 4990 1288 5031 excusa
1310 4985 1388 5029 est
1410 4990 1533 5027 ann.
1559 4974 1714 5037 1541,

176 5066 297 5132 typis
310 5064 515 5120 Galeoti
534 5065 822 5124 Pratensis.
842 5066 906 5119 At
924 5081 988 5120 eo
1007 5056 1260 5135 temporis
1280 5065 1558 5119 intervallo
1576 5065 1716 5134 quod

177 5154 191 5207 i
212 5165 299 5211 iter
311 5166 585 5225 utramque
606 5155 892 5209 editionem
913 5156 1135 5224 efﬂuxit,
1154 5157 1265 5210 hazc
1286 5157 1467 5211 eadem
1496 5156 1717 5210 Victoris

178 5247 383 5307 Historia
406 5247 647 5302 Coloniae
676 5246 979 5313 Agrippinae
1008 5261 1147 5301 anno
1172 5248 1329 5315 1557,
1359 5262 1387 5300 a
1416 5244 1716 5299 Heinbardo

178 5335 399 5394 Loricltio
424 5334 745 5395 Hadamario
773 5335 911 5404 typis
937 5337 1176 5390 mandata
1208 5348 1309 5401 est,
1338 5347 1389 5391 et
1413 5336 1621 5404 quidem
1650 5349 1714 5392 ex

180 5429 343 5485 codice
369 5444 467 5483 ms.
492 5428 569 5482 uti
594 5425 822 5490 videtur,
844 5424 1102 5493 siquidem
1130 5426 1181 5479 in
1204 5428 1423 5496 epistola
1442 5427 1716 5481 dedicato-

181 5519 248 5573 ria
264 5561 277 5587 ,
301 5519 433 5577 hanc
457 5520 738 5573 bistonam
764 5532 795 5568 α
825 5516 1101 5581 tinearum,
1128 5518 1303 5583 qra'bus
1326 5518 1497 5570 arrodi
1524 5516 1721 5570 videba-

180 5620 271 5679 m,
298 5612 479 5685 injuria
505 5626 568 5667 se
607 5607 904 5663 vindicasse
943 5608 1236 5677 proﬁtetur.
1279 5609 1454 5663 Alton
1478 5606 1720 5674 ejusdem

1820 3266 2109 3322 editionem
2136 3267 2493 3323 adornandam
2526 3270 2617 3323 usi
2633 3285 2841 3331 sumus,
2869 3272 3075 3325 collatis
3105 3274 3242 3325 inter
3263 3288 3381 3326 sese

1820 3365 1928 3411 tam
1978 3372 2108 3412 mss.
2138 3372 2290 3427 quam
2322 3358 2479 3414 editis
2519 3360 2811 3421 codicibus,
2842 3376 3063 3428 quorum
3106 3362 3275 3413 varias
3303 3364 3379 3415 lc-

1820 3449 2025 3503 ctiones
2063 3462 2161 3504 suo
2187 3449 2305 3504 loco
2340 3449 2725 3504 exhibebimus.
2770 3451 2895 3504 Haec
2939 3451 3005 3504 de
3030 3450 3263 3508 Victoris
3294 3452 3383 3503 \‘i-

1822 3538 1984 3593 tensis
2014 3538 2241 3593 Historia
2294 3541 2611 3605 prremittere
2653 3532 2824 3593 visum
2874 3548 2977 3594 est.
3020 3539 3096 3593 De
3127 3538 3209 3591 bis
3254 3555 3381 3594 vero

1820 3646 1939 3700 qua
1964 3639 2205 3701 spectant
2229 3631 2293 3687 ad
2322 3640 2511 3686 caetera
2544 3640 2904 3698 monumenta,
2931 3646 3049 3698 qua:
3076 3632 3128 3683 in
3160 3632 3260 3683 istu
3290 3646 3382 3682 vo-

1822 3722 2019 3776 lumine
2048 3722 2406 3786 continentur,
2437 3721 2606 3775 fusius
2653 3722 2738 3774 hic
2764 3721 3029 3775 disserere
3070 3736 3383 3787 supervaca-

1821 3828 1976 3867 neum
2020 3812 2173 3877 roret,
2206 3828 2325 3867 cum
2374 3827 2466 3866 sua
2497 3813 2778 3882 unicuique
2806 3812 3064 3879 opusculo
3110 3812 3382 3880 prxmi~sa

1821 3904 2121 3959 admonitio
2160 3904 2210 3958 id
2254 3905 2461 3958 abunde
2507 3904 2714 3957 doceat.
2756 3904 2857 3957 Sed
2907 3913 3083 3957 tamen
3131 3914 3188 3955 ut
3223 3906 3384 3956 totius

1819 3990 2064 4045 Historia:
2091 3992 2387 4045 Vandalicas
2434 3992 2629 4044 seriem
2665 3991 2764 4043 sub
2803 4006 2934 4053 uno,
2985 3999 3043 4043 ut
3075 3991 3143 4042 ita
3187 3991 3379 4052 dicam,

1818 4079 1956 4133 oculi
1987 4089 2271 4145 conspectu
2294 4081 2463 4133 lector
2484 4079 2679 4132 habere
2703 4079 2885 4143 possit,
2913 4080 3027 4144 post
3050 4092 3231 4130 eorum
3259 4094 3379 4147 qum

1820 4170 1903 4223 hic
1950 4172 2286 4225 continentur
2329 4169 2611 4239 syllabum,
2674 4168 3105 4235 chronologicum
3150 4156 3378 4222 indicem

1820 4261 2151 4325 exhibemus,
2197 4262 2247 4314 in
2296 4277 2400 4328 quo
2451 4260 2654 4328 singula
2686 4272 2905 4328 qua-quc
2951 4258 3102 4311 istius
3134 4258 3381 4313 Historia:

1818 4356 1988 4421 capita
2015 4348 2236 4421 singulis
2276 4352 2427 4405 annis
2468 4350 2657 4418 quibus
2682 4349 2967 4417 contigisse
3018 4350 3173 4417 vulgo
3198 4350 3389 4403 existi-

1823 4455 2033 4499 mantur
2060 4444 2514 4512 consignavimus.
2547 4443 2603 4496 Si
2636 4436 2759 4511 quid
2791 4457 2940 4506 vero,
2988 4441 3096 4495 imo
3126 4443 3380 4510 quidquid

1820 4552 1848 4589 a
1883 4551 1966 4588 me
1995 4535 2045 4589 in
2086 4543 2195 4585 toto
2236 4532 2392 4598 hujus
2422 4531 2664 4583 Historias
2693 4531 2918 4585 decursu
2964 4542 3236 4597 peccatum
3270 4531 3382 4585 fue-

1822 4626 1915 4684 rit,
1935 4623 2163 4689 benigne
2205 4620 2429 4685 accipiat
2473 4619 2657 4678 lector,
2704 4628 2759 4671 et
2797 4633 2970 4671 meum
3003 4620 3190 4671 saltem
3240 4620 3289 4671 iu
3322 4635 3384 4672 ro

1821 4722 1925 4765 tam
1954 4711 2226 4778 praeclara,
2259 4710 2352 4763 sed
2399 4706 2512 4761 fere
2541 4706 2799 4776 neglecta,
2827 4717 3073 4760 conatum
3119 4708 3254 4774 equi
3285 4709 3380 4761 bo-

1820 4804 1977 4867 nique
2006 4798 2269 4863 consulat,
2293 4798 2469 4851 animo
2492 4808 2761 4865 reputans,
2790 4810 2886 4850 nec
2914 4797 3041 4849 mihi
3071 4797 3261 4851 sinceri
3287 4804 3381 4849 aut

1819 4891 1932 4944 veri
1960 4889 2212 4953 studium,
2242 4903 2340 4943 nec
2367 4887 2708 4955 diligentiam,
2734 4885 2824 4939 sed
2847 4887 3193 4939 eruditionem
3221 4902 3379 4953 argu-

1822 4984 2002 5031 mento
2032 4992 2209 5044 parem
2242 4977 2521 5045 aliquando
2551 4975 2801 5038 demisse,
2832 4989 2987 5042 quam
3015 4976 3082 5028 ab
3114 4974 3231 5025 aliis
3254 4989 3375 5026 eru-

1821 5067 2097 5121 ditioribus
2126 5067 2358 5133 suppleri
2385 5074 2645 5133 Optamus.
2680 5062 2943 5117 Caeterum
2986 5065 3099 5115 inec
3131 5063 3377 5116 Vandali—

1818 5174 1894 5213 ca:
1924 5156 2305 5227 persecutionis
2349 5158 2578 5211 Historia
2629 5169 2751 5223 pars
2792 5157 2908 5208 erat
2939 5153 3096 5206 totius
3133 5155 3375 5207 Historias

1820 5247 2241 5317 persecutionum
2287 5247 2351 5301 ab
2390 5245 2730 5313 Arianistum
2781 5244 3209 5309 imperatoribus,
3262 5250 3371 5295 tum

1817 5339 1973 5393 etiam
2006 5336 2251 5389 Barbaris
2279 5337 2645 5398 excitatarum,
2678 5350 2833 5402 quam
2875 5343 3109 5401 paratam
3143 5331 3375 5385 habeba-

1820 5416 1967 5488 mus;
2014 5425 2164 5493 cuius
2194 5427 2345 5479 aliam
2381 5435 2601 5493 partem,
2651 5425 2911 5492 siquidem
2940 5423 3037 5488 piis
3065 5430 3119 5473 et
3152 5422 3376 5476 eruditis

1820 5516 1943 5569 viris
1972 5529 2074 5566 nou
2121 5516 2499 5584 displicituram
2542 5514 2975 5576 intellexerimus,
3004 5524 3125 5565 cum
3166 5520 3374 5580 tempus

1816 5606 1923 5670 erit
1948 5602 2115 5675 magis
2145 5604 2673 5676 opportunutn,typis
2703 5600 2955 5656 mandare
2982 5601 3317 5656 curabimus.
