3922 6380
56 110 659 267 ινφ-ιι*

185 310 273 365 131

1137 310 1219 384 οε
1260 307 1771 367 PERSECUTIONE
1808 308 2194 363 VANDAIJCA
2237 310 2365 364 LIB.
2410 312 2447 363 Ι.

3309 316 3406 368 13:!

179 428 396 475 stultam
423 431 607 474 texere
631 430 653 456 ³
683 421 895 489 juliens.
927 418 1158 486 inquirit,
1191 414 1353 471 simili
1392 416 1607 485 quidem
1638 416 1738 469 fer-
1768 422 1823 479 Α
1844 417 1996 471 video
2021 417 2382 481 Timotheum,
2405 418 2473 470 ab
2503 419 2834 475 incunabulis
2864 421 3095 473 infantia:
3131 425 3295 475 sacris
3328 424 3411 477 lit-

182 511 538 577 t-ore,dispari
562 521 963 575 tameuamore;
990 517 1041 563 et
1063 511 1112 578 2
1135 507 1204 561 illi
1225 514 1281 560 ut
1307 506 1653 561 laudarentur
1687 507 1740 557 in

182 601 402 666 saculo,
425 601 536 667 ipse
574 610 632 653 ut
664 600 949 668 pneclarus
984 612 1241 666 appareas
1269 596 1323 649 iu
1356 597 1551 661 futuro,
1587 605 1639 649 et
1664 596 1743 648 di-

182 701 311 745 ras:
338 688 400 741 ιιι
430 689 646 741 Domino
676 688 969 741 laudabitur
990 690 1160 739 animo
1184 702 1330 749 mea;
1360 688 1572 738 audiant
1596 702 1744 737 man—

184 782 308 832 suri
329 791 376 831 et
408 780 641 832 fatentur
668 777 839 847 (Psal.
874 792 1058 839 sunt,
1085 777 1162 842 5).
1198 776 1426 841 Poteris,
1461 778 1653 842 inquis,
1687 782 1747 828 ut

186 870 354 934 voles,
397 871 519 937 quia
557 880 717 919 omne
744 865 924 919 datum
971 869 1245 933 optimum,
1277 873 1330 919 et
1355 878 1515 919 omne
1547 864 1742 916 donum

187 955 482 1024 prfectum
511 954 721 1008 cmlitus
765 954 1034 1020 accepisti,
1056 952 1296 1006 eruditus
1324 966 1353 1003 a
1384 960 1532 1005 tanto
1574 953 1747 1020 ponti-

189 1046 309 1105 tice.
362 1054 578 1110 totoque
608 1040 775 1095 laudis
818 1055 1013 1110 genere
1050 1040 1388 1109 praedicando
1416 1040 1572 1093 beato
1623 1039 1747 1091 Dia-

188 1135 365 1187 docbo
394 1132 444 1198 δ,
491 1131 664 1198 cuius,
708 1142 766 1185 ut
790 1140 932 1184 astra
960 1130 1184 1184 lucentia
1209 1137 1433 1190 .exstant
1472 1130 1750 1197 quamplu-

188 1227 322 1279 rima
350 1223 603 1277 catholici
631 1222 892 1291 dogmatis
920 1223 1239 1275 monimenta
1267 1224 1552 1277 dictorum.
1584 1222 1649 1275 Et
1668 1233 1751 1276 sat

190 1321 269 1367 est
300 1314 393 1367 tibi
424 1322 481 1367 ut
501 1314 795 1381 mqnipares
811 1314 1102 1369 doctrinam
1126 1314 1392 1379 doctoris;
1419 1315 1538 1382 quia
1560 1325 1644 1366 est
1666 1330 1749 1366 sa-

189 1405 256 1459 tis
283 1404 571 1472 discipulo,
616 1412 675 1457 ιιι
716 1404 788 1458 sit
823 1404 1088 1472 quomodo
1128 1404 1377 1473 magister
1401 1404 1535 1471 ejus.
1574 1404 1747 1457 Alium

261 1551 288 1580 ι
310 1541 403 1595 Sic
428 1540 725 1595 Orthod0s.
754 1550 807 1594 et
837 1540 1131 1594 Loricbius.
1172 1538 1360 1593 Csrteri
1392 1552 1519 1592 vero
1544 1538 1754 1593 codices

191 1610 539 1679 manuscripti
584 1620 637 1663 et
672 1610 801 1664 editi
838 1610 1051 1679 habent,
1083 1608 1306 1677 cupiens,
1341 1608 1571 1679 inquirit,
1623 1619 1751 1668 etc..

191 1696 308 1748 qua:
336 1681 446 1733 duo
469 1678 717 1731 vocabula
745 1679 788 1731 si
813 1678 1137 1748 retineantur
1157 1715 1171 1738 ,
1189 1679 1301 1748 ista
1341 1678 1577 1748 praefatio
1613 1679 1754 1730 vidc-

193 1745 338 1805 hitur
379 1763 500 1803 esse
527 1748 702 1813 p0lius
735 1747 951 1800 alterius
996 1745 1290 1813 cuiuspiam
1349 1745 1608 1799 Victorem
1660 1762 1753 1798 uo-

192 1829 367 1872 strum
408 1817 725 1883 alloquentis
752 1854 767 1878 ,
822 1829 979 1879 quam
1026 1815 1252 1867 Victoris
1293 1816 1458 1879 ipsius
1509 1817 1750 1883 Ilistoriai

193 1888 452 1940 auctoris.
484 1882 572 1938 Sic
596 1891 651 1936 et
683 1886 815 1937 infra
844 1884 999 1937 iidem
1032 1885 1241 1937 codices
1276 1884 1491 1949 habent,
1526 1882 1744 1946 Poteris,

196 1966 248 2007 at
278 1955 502 2016 uoluisti,
530 1954 722 2007 omissa
758 1968 885 2007 voce
914 1954 1099 2022 inquis.
1146 1951 1249 2022 Sed
1284 1968 1595 2020 quocunque
1634 1962 1753 2005 tan-

194 2024 316 2076 dem
349 2024 510 2075 modo
541 2023 585 2076 is
620 2023 765 2075 locus
794 2020 1105 2089 exponatur,
1144 2020 1411 2074 fatendum
1441 2032 1521 2073 est
1564 2024 1753 2085 prmia-

195 2094 394 2145 tioocm
428 2093 564 2152 lianc
586 2091 656 2144 ita
680 2091 956 2144 verborum
979 2090 1283 2157 ambagibus
1305 2104 1423 2142 esse
1446 2090 1752 2151 involutam,

197 2172 253 2215 ut
277 2161 497 2215 difﬁcile
523 2160 593 2214 sit
617 2174 795 2215 verum
832 2160 971 2213 illius
994 2158 1221 2212 auctoris
1262 2172 1474 2212 sensum
1522 2160 1752 2223 assequi,

196 2232 335 2299 quod
367 2231 420 2283 in
449 2243 609 2283 causa
632 2237 733 2291 est,
759 2243 855 2281 cur
882 2244 999 2283 eam
1036 2229 1376 2299 depravatam
1406 2241 1545 2299 esse,
1579 2227 1660 2281 vel
1692 2243 1754 2279 ex

196 2297 520 2368 scriptorum
548 2299 890 2378 negligentia,
912 2299 991 2351 vel
1021 2312 1086 2351 ex
1119 2298 1219 2352 alia
1260 2312 1416 2366 quam
1457 2297 1758 2364 ignoramus

200 2384 381 2429 causa.
413 2382 769 2433 suspicemur.

254 2433 294 2476 δ
326 2438 416 2492 Sic
436 2452 558 2489 cum
595 2451 700 2489 uno
736 2452 767 2490 e
810 2436 1179 2503 manuscriptis
1220 2434 1387 2488 tribus
1426 2434 1759 2488 bibliotheca:

196 2507 540 2564 Colbertinr.
570 2505 636 2558 ad
663 2519 794 2571 quos
818 2505 1089 2558 historiam
1122 2508 1254 2555 lianc
1294 2504 1635 2565 contulimus,
1666 2505 1755 2555 ha-

199 2579 327 2631 bent
344 2575 609 2629 editiones
648 2574 787 2627 beati
821 2574 1060 2625 Rbenani
1089 2583 1143 2625 et
1176 2572 1451 2626 Ctiiflletii.
1497 2573 1757 2625 Colberti-

199 2661 299 2698 nus
339 2646 477 2697 alter
524 2643 707 2705 habet,
762 2642 1008 2694 Diacodo.
1055 2642 1265 2704 Caeteri,
1317 2642 1559 2693 Diacona.
1597 2642 1759 2694 Porro

198 2713 526 2773 Cbiﬂletius,
556 2712 643 2779 qui
669 2721 725 2763 ut
748 2726 859 2764 rem
886 2719 1083 2764 certam
1106 2711 1352 2777 supponit
1376 2710 1637 2779 Victorem
1666 2724 1760 2763 no-

200 2792 368 2834 strum
391 2778 848 2847 Con-tantinOpoli
871 2789 1111 2849 agentem
1134 2778 1522 2849 persecutionis
1549 2780 1756 2832 Vanda-

201 2850 315 2904 lic:e
336 2850 399 2903 lli
414 2850 621 2901 storiam
642 2848 925 2917 conscripti
938 2864 1042 2913 sse,
1065 2848 1223 2903 infert
1242 2850 1415 2902 statim
1433 2865 1547 2902 eam
1571 2849 1763 2903 Acacio

201 2920 795 2986 ϐοηδιλιιιιιιιοροΙιιδηο
819 2919 1129 2987 patriarchae
1171 2918 1329 2971 fuisse
1367 2919 1433 2972 ab
1466 2932 1531 2971 eo
1569 2934 1764 2969 nuncu-

201 3002 374 3055 patam
407 3004 424 3040 :
452 3004 586 3051 cum,
612 2990 799 3055 inquit,
830 2989 913 3039 vix
950 2990 1080 3040 alius
1119 3001 1421 3049 occurreret,
1466 2987 1546 3038 cui
1585 2988 1763 3039 Victor

201 3067 401 3109 tantum
418 3060 612 3123 deferre
632 3057 837 3108 honoris
868 3057 944 3123 vel
980 3058 1196 3122 potuerit
1238 3057 1310 3107 vel
1346 3056 1587 3107 debuerit.
1629 3055 1761 3107 Tum

201 3127 419 3191 gradum
444 3122 664 3185 lacteus,
697 3122 1010 3175 Diaderltum
1053 3126 1137 3175 liic
1179 3132 1552 3184 memoratum,
1598 3138 1757 3190 quem

204 3197 341 3248 bene
388 3198 559 3262 ipsum
588 3207 707 3247 esse
740 3192 1058 3262 Diadocbum
1084 3192 1387 3262 epiecopum
1427 3191 1670 3244 Pltotices
1704 3192 1754 3244 in

1850 507 1975 560 teris
1999 506 2260 560 eruditum
2293 525 2307 561 :
2340 522 2435 561 nec
2465 524 2567 560 nun
2602 515 2736 561 inter
2778 512 2913 563 alios
2942 512 3219 564 sublimem
3252 522 3408 577 atque

1850 595 2152 663 expeditum
2202 594 2416 659 Luetm,
2480 606 2591 649 arte
2636 598 2925 661 medicum,
2978 602 3201 665 apostoli
3262 600 3407 652 Pan":

1851 683 2083 751 gentium
2114 683 2345 736 doctoris
2374 683 2710 751 discipulum.
2748 686 2856 752 Ego
2900 700 3130 754 namque
3168 687 3409 753 jubentis

1853 773 2077 840 imperio
2101 773 2416 827 obedientire
2449 775 2709 828 cervicem
2740 773 3078 835 submittens,
3102 790 3222 843 qua:
3248 776 3423 827 olive-,

1854 874 2046 921 nerunt
2078 864 2130 917 in
2174 864 2410 933 partibus
2444 864 2657 928 Africae.
2695 865 3142 919 debaccltantibus
3174 864 3411 927 Arionis,
3456 905 3463 915 .

1854 957 2049 1010 sensim
2081 956 2417 1026 breviterque
2454 957 2687 1010 indicare
2718 956 2951 1018 tentabo,
2982 964 3035 1011 et
3072 958 3220 1023 quasi
3246 958 3406 1010 rusti-
3458 972 3461 975 λ

1852 1061 1947 1101 cus
1986 1047 2261 1115 Operarius
2288 1046 2583 1113 defatigatis
2630 1048 2788 1110 ulnis,
2837 1061 3020 1100 aurum
3066 1047 3308 1113 colligam
3340 1048 3408 1097 de

1851 1137 2018 1189 antris
2047 1136 2533 1205 occultis,speciem
2560 1151 2685 1191 vero
2715 1137 2889 1192 adhuc
2912 1138 3218 1191 sordentem
3249 1146 3406 1204 atque

1852 1226 2147 1287 confusam,
2178 1239 2282 1279 non
2325 1227 2615 1280 cuuctabor
2645 1226 2866 1281 artiﬁcis
2896 1226 3101 1293 judicio
3130 1227 3235 1294 igni
3284 1241 3410 1279 esa-

1854 1316 2154 1369 minandam
2176 1317 2510 1380 contradere,
2533 1318 2621 1386 qui
2652 1320 2975 1371 monetarios
3007 1318 3175 1387 possit
3212 1317 3410 1373 solidos

1852 1404 1943 1473 [aL
1975 1404 2259 1477 picturare]
2287 1405 2588 1461 cll'ormare.

1863 1540 1991 1594 alias
2012 1542 2259 1603 diximus,
2285 1556 2381 1595 nec
2402 1558 2531 1596 sane
2557 1544 2827 1603 probabile
2846 1556 2931 1598 est
2961 1544 3101 1597 ltunc
3116 1555 3410 1606 auctorem,

1856 1612 1944 1676 qui
1984 1620 2087 1663 tam
2122 1612 2369 1671 praeclara
2418 1612 2483 1663 de
2529 1611 2747 1664 Romani
2798 1613 3059 1678 pontificis
3100 1616 3411 1667 auctoritate

1859 1680 2033 1743 bahet,
2063 1681 2328 1733 lti~toriatn
2354 1695 2501 1730 suam
2538 1695 2865 1742 nuncupasse
2899 1684 3115 1743 Acacio,
3155 1686 3241 1743 qui
3282 1686 3411 1735 adeo

1858 1758 1982 1801 tunc
2024 1750 2275 1801 adversus
2310 1748 2598 1802 Ecclesium
2636 1749 2924 1801 Romanam
2970 1750 3407 1803 excaudescebat.

1856 1819 2064 1882 Scripta
2080 1821 2270 1884 quippe
2282 1828 2362 1870 est
2383 1818 2735 1886 lime62lliat
2774 1819 2847 1869 ria
2861 1833 2999 1870 anno
3012 1819 3136 1881 487,
3153 1834 3256 1883 quo
3281 1829 3412 1873 teut.-

1860 1902 1986 1953 pore
2015 1887 2287 1941 fervebant
2312 1888 2539 1939 maxime
2568 1888 2704 1939 inter
2735 1888 2957 1940 Febrem
2988 1903 3170 1954 papam
3201 1896 3255 1940 et
3281 1888 3410 1940 Aca-

1860 1958 1997 2009 cium
2028 1956 2666 2022 Constautinopolitannm
2706 1957 3010 2021 gravissima
3043 1957 3282 2008 discidia.
3318 1961 3413 2009 At-

1858 2041 1961 2091 que
1991 2026 2148 2090 paulo
2179 2035 2294 2088 post
2316 2028 2539 2078 Aeacius
2567 2026 2681 2091 ipse
2707 2042 2735 2075 e
2764 2026 2894 2077 vivis
2916 2027 3145 2078 excessit
3171 2042 3196 2074 a
3222 2024 3412 2078 Roma-

1860 2108 1941 2145 me
1973 2093 2223 2147 Ecclesire
2258 2095 2631 2146 communione
2677 2104 3015 2161 segregatus;
3055 2094 3282 2160 indeque
3325 2109 3417 2145 ηις

1862 2172 1968 2212 tum
2000 2162 2229 2213 scltisma
2262 2164 2396 2213 inter
2420 2172 2695 2229 utramque
2732 2163 3042 2227 Ecclesiam,
3092 2162 3413 2215 Orientaleut

1860 2230 2058 2283 scilicet
2095 2240 2148 2283 et
2179 2230 2589 2292 Occidentalem,
2629 2231 2767 2298 quod
2808 2232 2984 2284 tandiu
3035 2234 3413 2298 perseveravit.

1864 2299 2009 2351 Iland
2048 2298 2212 2366 magis
2246 2308 2447 2351 certum
2484 2309 2564 2353 est
2595 2301 2844 2352 Acac-um
2878 2301 3125 2353 Diadoclii
3168 2302 3417 2353 antistitis

1860 2369 2173 2435 discipulum
2227 2368 2419 2429 fuisse,
2466 2382 2619 2431 quem
2658 2384 2722 2420 ex
2772 2369 3023 2434 pra-fectu
3056 2374 3415 2436 orpliauorum

1863 2437 2075 2504 hospitii
2130 2437 2193 2489 ad
2239 2437 2417 2490 sedem
2480 2437 3114 2502 Consumtinquitauam
3170 2448 3413 2489 evectum

1864 2507 2027 2559 fuisse
2044 2506 2227 2559 scribit
2251 2506 2521 2570 Evagrius.
2542 2506 2647 2558 Nec
2667 2511 2774 2558 scio
2804 2521 2868 2557 au
2899 2505 3087 2557 Acacio
3103 2516 3416 2569 cmigruant,

1863 2591 1981 2642 qua:
2011 2576 2062 2628 iu
2093 2576 2188 2628 ista
2228 2574 2535 2643 praefatione
2570 2575 2747 2629 Victor
2784 2574 3015 2627 attribuit
3053 2575 3124 2633 ei.
3164 2575 3246 2628 cui
3286 2588 3419 2641 opus

1864 2658 2013 2697 stium
2047 2646 2383 2704 nuncupavit.
2436 2646 2607 2697 Alium
2652 2646 2821 2707 video,
2859 2644 3047 2711 inquit,
3082 2643 3413 2707 Timotheum,

1864 2722 1995 2775 etc.,
2026 2724 2172 2782 atque
2198 2712 2386 2767 Lucam
2424 2726 2532 2766 arte
2574 2715 2842 2780 medicum,
2888 2713 3102 2779 apostoli
3146 2711 3299 2764 Pauli
3329 2715 3420 2763 do-

1864 2784 2017 2835 ctoris
2046 2784 2265 2851 gentium
2288 2784 2625 2849 discipulum,
2672 2792 2724 2835 et
2762 2784 2859 2834 alia
2901 2798 3017 2849 qute
3058 2782 3143 2834 liic
3180 2791 3420 2848 repetere

1866 2852 2163 2972 nonJuvat.
2209 2852 2331 2905 Haec
2361 2864 2535 2904 tanten
2562 2852 2716 2919 paulo
2744 2851 2909 2902 fusius
2949 2861 3259 2917 prosecutus
3281 2865 3417 2910 sum,

1867 2930 1926 2972 ut
2026 2925 2241 2972 ictorem
2311 2930 2594 2972 nostrum.
2656 2935 2809 2972 uuetn
2864 2919 3035 2970 Acacii
3102 2919 3417 2970 sebisutatici

1867 2930 1926 2973 ut
1980 2919 2241 2974 Victorem
2311 2930 2594 2984 nostrum,
2656 2935 2809 2985 quem
2864 2919 3035 2970 Acacii
3102 2919 3420 2970 sebisutatici

1868 2991 2236 3043 communione
2283 2990 2540 3056 pollutum
2593 2990 2801 3039 incaute
2844 2988 2973 3039 dixit
3011 2985 3327 3048 Cliillletius,
3358 2988 3422 3038 ab

1868 3059 1965 3110 hac
2008 3058 2123 3110 labe
2166 3058 2507 3109 vindicarem.
2544 3057 2803 3108 Craterum
2844 3057 2943 3108 etsi
3005 3056 3270 3109 affirmare
3318 3070 3419 3107 non

1865 3125 2035 3178 ausim
2061 3168 2076 3192 ,
2129 3125 2443 3177 Diadochum
2490 3125 2574 3177 liic
2612 3136 3000 3187 memoratum,
3056 3124 3421 3177 Plioticensein

1866 3195 2172 3261 episcopum
2205 3193 2383 3255 fuisse,
2417 3194 2464 3245 id
2490 3205 2716 3245 ιειηιιιιιει
2760 3196 3049 3246 Vt‘l‘OSllnlll
3103 3196 3267 3246 multo
3317 3207 3419 3244 nou

206 3265 363 3333 Epiro
394 3250 557 3316 {eti-ri
578 3277 609 3333 ιι
642 3263 830 3316 Pbotio
860 3263 911 3314 in
929 3250 1248 3333 Bibliotheca
1267 3250 1531 3333 laudatum
1550 3269 1749 3333 censet,
1784 3250 1829 3312 C
1860 3250 1979 3333 esse
2013 3250 2265 3333 alienum,
2295 3250 2431 3315 ultro
2460 3267 2648 3333 lateor,
2676 3264 2922 3333 Afﬂﬂk’llllc
2954 3277 3071 3314 cum
3109 3264 3190 3313 liis
3221 3271 3423 3333 tempo-

206 3331 323 3386 facit
344 3333 525 3387 Acacii
555 3331 1117 3397 Constantinopolitani
1144 3332 1470 3397 magistrum,
1503 3338 1557 3381 ut
1578 3332 1623 3381 ei
1648 3345 1766 3396 qua:

208 3404 258 3456 in
294 3404 390 3456 hac
434 3401 746 3469 praefatione
800 3402 1056 3453 habentur
1102 3401 1307 3467 possint
1350 3399 1548 3469 aptari.
1604 3397 1767 3463 Cujus

206 3476 362 3525 etiam
391 3468 645 3525 Diadochi
678 3480 885 3522 aetatem
922 3484 987 3523 ex
1035 3470 1133 3522 hoc
1165 3468 1391 3522 Victoris
1429 3468 1566 3531 loco,
1612 3478 1766 3521 antea

208 3543 482 3593 obscuram
514 3554 573 3592 se
602 3538 1014 3607 deprehendisse
1043 3540 1135 3607 ait.
1171 3541 1238 3590 At
1280 3538 1393 3591 lucc
1432 3538 1639 3590 nonnisi
1682 3539 1765 3589 di-

209 3609 431 3662 vinando
459 3606 681 3675 scripsit
708 3608 786 3660 vir
803 3608 1060 3661 eruditus.
1098 3606 1381 3673 Victorem,
1426 3621 1545 3659 cum
1586 3607 1767 3659 llisto-

210 3681 333 3731 tiam
375 3680 635 3731 scriberet
667 3717 681 3740 ,
737 3677 1191 3743 Constantinopoli
1239 3691 1343 3728 non
1404 3675 1612 3745 degisse
1658 3676 1765 3741 jam

1869 3332 2014 3385 ribus
2045 3331 2368 3384 Diudochutu
2401 3332 2461 3383 iu'
2486 3330 2642 3395 Epiro
2676 3330 2846 3382 Veteri
2889 3333 3191 3395 episcopum
3232 3332 3423 3381 habea-

1869 3416 2009 3465 mus,
2037 3402 2123 3467 qui
2156 3417 2344 3461 nempe
2371 3400 2468 3452 sub
2501 3399 2683 3449 οἰάσεί
2721 3399 2951 3461 nomine,
2982 3401 3118 3450 inter
3148 3398 3278 3449 alios
3306 3396 3422 3463 ejus

1872 3470 2155 3537 provincize
2180 3471 2461 3531 antistites,
2490 3468 2800 3533 subsciipsit
2826 3468 3060 3532 epistola:
3095 3470 3157 3517 ad
3195 3468 3417 3537 ituperav

1873 3536 2037 3592 torem
2069 3540 2295 3594 Leonem
2326 3541 2499 3601 datae;
2542 3554 2659 3606 qua:
2690 3539 2909 3590 habetur
2938 3537 2989 3589 iu
3019 3536 3243 3589 concilio
3263 3536 3422 3589 Chal-

1870 3611 2175 3673 Cedoueusi,
2212 3620 2357 3677 parte
2382 3624 2457 3669 ιιι,
2490 3623 2605 3675 cap.
2638 3609 2727 3662 5f.

225 3781 3375 3818 ,___________________________________.

1231 3861 1691 3963 LIBER
1770 3860 2401 3964 PRIMUS.

942 4030 1248 4073 GEISBBICI
1282 4028 1697 4070 νΑΝῡΑιοιιυιι
1737 4029 1913 4069 REGIS
1942 4031 2003 4070 ιη
2039 4032 2256 4073 ΑῈἬΙΟΔ
2294 4033 2693 4075 Ρειιςεουτιο.

276 4271 326 4338 3
343 4268 381 4321 Ι.
422 4265 777 4339 Vandalorunt
803 4267 1057 4337 ingressus
1083 4268 1134 4319 iu
1162 4267 1770 4339 Africam—Sexagesi-

214 4374 327 4413 ειυς
356 4373 522 4421 nunc,
555 4368 612 4410 ιιι
647 4356 850 4411 clarum
882 4366 983 4421 est,
1012 4356 1183 4426 agitur
1212 4375 1381 4412 anuus
1407 4360 1517 4429 (an.
1553 4360 1680 4429 £87)
1707 4376 1768 4413 ex

214 4463 315 4517 quo
344 4450 570 4516 populus
614 4448 704 4501 ille
729 4448 959 4502 crudelis
986 4463 1048 4501 ac
1072 4462 1243 4502 saevus
1280 4448 1576 4502 Vandalicas
1598 4452 1772 4517 gentis

214 4536 404 4593 Africa:
454 4538 778 4591 miserabilis
830 4538 923 4609 (at.
973 4534 1323 4604 miserabiles]
1382 4538 1551 4605 attigit
1604 4539 1768 4602 ﬁnes,

1873 4272 2076 4326 fuderat
2100 4275 2315 4327 ventris.
2343 4274 2438 4339 Qui
2475 4274 2665 4341 reperti
2689 4285 2808 4327 sunt
2832 4288 3007 4337 senes,
3034 4274 3279 4341 juvenes,
3305 4288 3424 4339 par—

1872 4363 1998 4425 vuli,
2043 4364 2181 4416 servi
2227 4364 2307 4416 vel
2359 4364 2577 4427 domini,
2622 4366 2884 4433 octoginta
2941 4366 3103 4417 millia
3146 4368 3423 4416 numerati.

1874 4456 1985 4517 Qua
2018 4454 2268 4519 opinione
2296 4454 2582 4520 divulgata,
2625 4470 2789 4521 usque
2834 4455 2883 4506 itt
2919 4454 3229 4507 hodiernum
3271 4468 3296 4503 a
3338 4469 3429 4503 ue.

1873 4546 2159 4599 scientibus
2206 4556 2527 4599 armatorum
2554 4558 2576 4583 η
2617 4557 2788 4598 lautus
2830 4564 3079 4599 numerus
3117 4550 3433 4607 aestimatur,

214 4630 563 4683 transvadans
594 4628 734 4683 facili
764 4630 990 4682 transitu
1020 4642 1114 4698 per
1158 4629 1425 4695 angustius
1454 4630 1638 4693 maris,
1669 4644 1768 4695 qua
1799 4676 1848 4729 ο
1875 4651 1993 4688 cum
2024 4637 2093 4686 sit
2123 4650 2259 4687 nunc
2283 4636 2501 4703 exiguus
2542 4647 2593 4688 et
2625 4637 2885 4688 infirmus.
2920 4637 3248 4690 lnvenicutes
3277 4635 3431 4704 igitur

216 4726 351 4776 inter
391 4724 697 4791 Hispaniam
740 4721 1075 4790 Africamque
1113 4722 1416 4789 aquorboc
1440 4737 1685 4789 magnum
1718 4734 1771 4774 et

218 4816 532 4881 spatiosum,
567 4816 794 4868 bissenis
828 4814 1060 4867 millibus
1090 4822 1311 4880 angusto
1338 4826 1396 4862 se
1427 4813 1589 4864 limite
1620 4826 1770 4865 coar-

218 4905 395 4956 ctavit.
446 4904 737 4957 Transiens
781 4904 937 4971 igitur
981 4902 1243 4971 quantitas
1274 4900 1537 4963 universa,
1569 4900 1773 4952 callidi-

221 5004 323 5047 tate
348 4994 608 5047 Geiserici
638 4994 805 5058 ducis,
854 5007 908 5047 ut
936 4994 1127 5047 famam
1167 4992 1452 5045 terribilem
1499 5005 1608 5043 sua:
1638 4990 1774 5043 face-

222 5096 296 5138 ret
322 5085 520 5153 gentis,
554 5085 697 5139 illico
722 5086 1136 5139 statuitomnem
1168 5084 1558 5137 multitudinem
1593 5098 1775 5135 nume-

226 5176 347 5239 rari,
368 5188 527 5242 quam
552 5172 673 5227 huic
699 5174 801 5227 luci
828 5178 891 5227 ad
923 5177 1060 5228 illam
1092 5190 1254 5243 usque
1275 5175 1413 5228 diem
1450 5184 1628 5226 uterus
1658 5188 1775 5241 pro-

291 5384 312 5409 ⁸·
338 5372 629 5439 Procopius
664 5370 799 5423 libro
839 5386 853 5422 ι
889 5371 953 5421 de
1002 5372 1144 5425 Bello
1177 5372 1459 5426 Vaudalico
1505 5374 1773 5433 observat,

222 5460 248 5496 ι
276 5442 563 5497 Genscrico
590 5440 855 5491 Vandalus
887 5449 932 5491 et
961 5441 1148 5493 Alanos
1174 5448 1266 5494 sub
1304 5444 1509 5496 ducibus
1554 5459 1650 5493 non
1684 5443 1776 5492 mi-

224 5532 312 5567 ...ι
340 5513 428 5575 80,
458 5528 583 5579 quos
624 5510 846 5579 Millenis
876 5512 1134 5579 pricfeclos
1174 5516 1394 5573 vocabat,
1440 5512 1559 5563 locis
1594 5527 1768 5578 apparo

223 5586 349 5636 tuis
375 5584 426 5633 in
449 5577 697 5649 prasidiis
726 5578 924 5631 locatos
957 5578 1145 5641 fuisse;
1184 5582 1321 5649 quod
1371 5594 1557 5632 nomen
1601 5580 1772 5631 fucuut

222 5655 461 5707 omnibus
489 5651 633 5716 fecit,
652 5662 771 5703 cum
796 5662 949 5703 nemo
975 5664 1077 5703 non
1099 5649 1336 5705 crederet
1352 5666 1463 5714 cos,
1482 5650 1567 5717 qui
1590 5649 1664 5703 sic
1684 5662 1773 5715 ap-

1881 4733 2112 4791 pacatam
2134 4724 2469 4789 quietamque
2496 4726 2835 4790 provinciam,
2860 4728 3249 4791 spceiositatem
3275 4728 3432 4778 totius

1882 4823 2035 4864 terra:
2087 4812 2350 4868 lb-rentis.
2392 4829 2846 4880 quaquavetsum,
2892 4814 3175 4878 impietatis
3214 4817 3428 4881 agmini-

1883 4901 1976 4953 bus
2010 4900 2335 4964 impetebaut
2362 4902 2451 4970 lat.
2484 4902 2897 4971 impendebant],
2923 4903 3247 4956 devas'ando
3274 4904 3429 4967 depo-

1882 4990 2217 5057 pulabantur,
2250 4991 2495 5043 incendio
2534 5001 2689 5059 atque
2729 4991 3025 5043 homicidiis
3058 5002 3225 5044 totum
3268 4997 3432 5040 exter-

1882 5082 2161 5133 minantes.
2219 5082 2322 5134 Sed
2371 5098 2469 5134 uec
2515 5084 2744 5135 arbustis
2805 5080 3084 5134 fructiferis
3132 5080 3435 5133 Otuuimotle

1882 5168 2227 5241 [al.Qtuuino]
2256 5175 2568 5238 parcebant;
2595 5188 2659 5225 ne
2685 5172 2963 5239 foi‘tequos
2984 5181 3132 5223 antra
3158 5171 3436 5226 tuentium.

1884 5368 2231 5435 pellabsntur,
2268 5372 2571 5426 hominibus
2605 5388 2787 5427 revera
2818 5375 2959 5425 mille
2988 5372 3147 5425 fuisse
3187 5388 3434 5437 purpose

1878 5449 1979 5490 tos.
2016 5438 2162 5491 Unde
2190 5457 2502 5508 quanquam,
2533 5451 2587 5493 ut
2616 5446 2947 5508 prosequitur
2978 5442 3063 5492 ille
3093 5454 3291 5496 anetor.
3339 5459 3435 5491 non

1874 5511 1985 5570 plus
2013 5523 2159 5578 quam
2187 5512 2550 5578 quinquaginta
2576 5514 2790 5563 millium
2822 5519 2945 5560 esset
2973 5521 3217 5561 ελεγι-κιαι
3243 5512 3433 5559 utrius~

1872 5592 1967 5644 que
1989 5577 2171 5654 gentis,
2220 5577 2473 5647 octoginta
2496 5588 2664 5631 tamen
2693 5579 2906 5631 millium
2953 5595 3127 5631 nomen
3160 5586 3342 5646 [erarat
3376 5595 3443 5629 ac

1852 5706 1855 5707 ν
1873 5659 2101 5711 sprcsem.
