3922 6426
509 369 612 424 183

1786 356 2096 411 VICTORIS
2135 353 2435 410 VITENSIS

3622 355 3720 409 184

503 488 591 536 aut
614 484 881 542 praerupta
908 483 1188 537 terrarum,
1221 474 1300 526 vel
1335 474 1536 526 seclusa
1560 459 1783 540 quaeque
1816 473 2054 526 occulta-
2084 475 2132 530 Α
2161 487 2366 537 nequeo
2406 484 2654 535 narrare;
2686 485 2819 540 quos
2860 469 3088 524 stimulis
3112 467 3298 524 ferreis
3336 467 3402 522 ad
3439 468 3718 524 ambulan-

503 571 712 627 verant,
753 571 874 631 post
900 575 1103 615 eorum.
1117 561 1395 614 transitum
1430 561 1531 616 illis
1560 561 1765 630 pabulis
1800 563 2062 615 nutriren-

504 666 623 716 tur;
655 659 711 706 et
738 653 817 706 sic
851 652 1060 718 eadem,
1094 663 1252 721 atque
1291 653 1479 706 iterum
1511 653 1604 706 tali
1635 651 1954 706 crudelitate
1983 652 2064 705 fu-

506 741 768 806 rentibus,
797 741 866 795 ab
888 757 1070 795 eorum
1096 742 1412 808 contagione
1444 742 1620 794 nullus
1640 745 1896 796 remansit
1918 743 2065 796 locus

506 835 778 887 immunis.
802 833 1105 887 Prtescrtim
1129 833 1182 886 in
1200 833 1461 895 ccclesiis,
1488 833 1824 902 basilicisque
1854 843 2064 888 sancto-

505 942 648 990 rum,
674 925 995 980 cmmeteriis
1022 925 1102 980 vel
1128 911 1473 979 monasteriis
1511 925 1822 980 sceleratius
1866 926 2061 980 stevie-

505 1016 655 1082 bant,
689 1027 746 1071 ut
774 1016 1064 1083 majoribus
1102 1014 1360 1069 incendiis
1383 1014 1568 1069 domos
1609 1016 1865 1070 orationis
1895 1017 2063 1084 magis

506 1119 665 1172 quam
708 1105 886 1168 urbes,
924 1114 1218 1173 cunctaque
1265 1103 1457 1171 oppida
1494 1117 1917 1160 concremarent.
1967 1105 2062 1160 Ubi

507 1195 646 1247 forte
661 1193 979 1247 venerabilis
1000 1194 1136 1246 aula:
1157 1194 1364 1248 clausas
1390 1204 1697 1262 repererunt
1724 1203 1921 1262 portas,
1944 1208 2065 1248 cer-

508 1282 656 1336 tatim
709 1283 898 1336 ictibus
947 1282 1300 1351 destralium,
1355 1284 1553 1339 aditum
1615 1287 1955 1350 reserabant,
2009 1297 2065 1340 ut

509 1380 651 1426 recte
673 1380 796 1426 tunc
820 1371 1087 1426 diceretur
1117 1391 1128 1426 :
1162 1373 1321 1438 Quasi
1347 1379 1401 1427 in
1426 1376 1555 1428 silua
1576 1376 1850 1446 lignorum,
1878 1377 2060 1430 securi-

509 1461 599 1515 bus
627 1463 978 1516 consciderunt
997 1464 1191 1531 januas
1218 1468 1328 1535 ejus
1372 1465 1425 1516 in
1461 1464 1717 1535 idipsum;
1745 1466 1799 1518 in
1828 1467 1990 1520 securi
2014 1475 2064 1520 et

509 1551 646 1605 ascia
683 1552 969 1618 dejecerunt
1015 1567 1148 1603 eam.
1189 1550 1532 1606 lncenderunt
1567 1553 1676 1624 igni
1718 1554 2062 1609 sanetuariam

509 1652 648 1691 tuum
695 1639 749 1692 in
788 1649 955 1701 terra;
1000 1641 1288 1707 polluerunt
1325 1642 1700 1696 tabernaculum
1738 1645 1954 1698 nominis
1988 1646 2062 1698 tui

510 1727 680 1798 (Psal.
711 1743 871 1796 uxv,
901 1729 954 1797 6,
985 1730 1063 1800 7).

2165 562 2291 614 dum
2336 564 2612 632 urgebant,
2643 579 2863 632 quorum
2896 563 3131 618 nonnulli
3166 562 3266 617 sub
3295 562 3524 617 fascibus
3557 562 3717 616 mise-

2167 654 2406 708 rabiliter
2428 656 2633 710 animas
2659 655 2907 710 emisere.
2929 656 3123 710 Senilis
3142 654 3417 708 maturitas
3438 663 3597 722 atque
3629 669 3717 708 ve-

2166 745 2400 798 neranda
2440 745 2691 811 canities,
2739 759 2856 814 qua:
2895 745 3166 800 casariem
3215 744 3405 812 capitis
3440 751 3498 796 ut
3543 743 3716 797 lanam

2165 837 2441 889 candidam
2463 836 2754 899 dealbarat,
2788 847 2811 874 ε
2843 837 3040 889 nullam
3069 835 3168 889 sibi
3203 835 3271 888 ab
3296 833 3593 901 hospitibus
3625 834 3721 885 mi-

2165 926 2510 980 sericordiam
2542 926 2864 979 vindicabat.
2889 924 2993 979 Sed
3032 925 3190 978 etiam
3223 923 3468 991 parvulos
3493 921 3561 974 ab
3590 920 3720 974 ube-

2166 1017 2311 1070 ribus
2337 1017 2589 1070 maternis
2620 1019 2834 1084 rapiens
2870 1015 3124 1069 barbarus
3153 1014 3317 1074 furor,
3351 1013 3614 1066 insontem
3642 1011 3720 1061 in-

2166 1106 2380 1161 fantiam
2409 1106 2660 1160 allidebat
2685 1107 2751 1160 ad
2791 1115 3004 1160 terram.
3038 1103 3064 1140 ά
3093 1105 3196 1158 Alii
3236 1119 3267 1157 e
3300 1101 3519 1171 regione
3560 1099 3720 1168 pedes

2167 1206 2429 1262 tenentes,
2460 1212 2489 1249 a
2518 1206 2694 1251 meatu
2721 1211 2942 1264 prorsus
2981 1193 3207 1248 naturali
3251 1206 3417 1260 usque
3444 1189 3511 1244 ad
3544 1202 3720 1242 arcem

2163 1289 2351 1356 capitis
2393 1288 2736 1356 dissipabunt,
2782 1288 2993 1356 quando
3019 1296 3142 1340 tunc
3180 1287 3314 1339 forte
3351 1282 3479 1338 Sion
3516 1281 3720 1350 captiva

2163 1377 2413 1432 cantabat
2442 1395 2456 1430 :
2491 1377 2632 1431 Dixit
2670 1378 2917 1431 inimicus
2952 1376 3236 1432 incendere
3279 1373 3410 1428 lines
3440 1384 3613 1434 meos,
3643 1370 3722 1423 in-

2165 1471 2404 1522 tertlcere
2442 1469 2670 1522 infantes
2700 1482 2869 1532 meos,
2902 1478 2956 1521 et
2995 1466 3244 1535 parvulos
3286 1475 3438 1518 meos
3465 1476 3528 1516 se
3559 1461 3722 1514 elisu-

2163 1573 2280 1611 rnm
2312 1560 2376 1611 ad
2402 1567 2595 1612 terram
2623 1557 2708 1624 (IV
2735 1557 2864 1628 Reg.
2895 1572 3009 1621 vnt,
3041 1555 3150 1626 19).

2233 1646 2318 1700 lll.
2360 1645 2607 1712 Ediﬁcia
2642 1645 2954 1714 subvertant.
2984 1674 3056 1684 —
3082 1643 3139 1697 In
3171 1641 3410 1696 adificiis
3455 1637 3721 1694 nonnullis

2168 1752 2476 1806 magnarum
2520 1737 2738 1804 aedium,
2768 1735 2854 1791 vel
2896 1736 3199 1798 domorum,
3245 1732 3334 1786 ubi
3370 1729 3720 1785 ministerium

574 1822 632 1893 4
659 1822 720 1875 ll.
755 1821 943 1876 Earum
967 1823 1462 1890 savium—Quanti
1491 1836 1613 1879 tunc
1639 1826 1704 1879 ab
1723 1827 1800 1881 eis
1827 1826 2065 1894 praeclari
2095 1828 2140 1885 Β
2167 1828 2300 1895 ignis
2322 1827 2498 1879 minus
2523 1827 2783 1889 valuerat,
2812 1826 2964 1880 tectis
2989 1825 3273 1878 admodum
3305 1820 3471 1894 [Colb.
3501 1819 3720 1886 dissipa-

509 1911 787 1973 nomitices
832 1921 887 1966 et
922 1913 1126 1966 nobiles
1165 1913 1468 1966 sacerdotes
1511 1914 1740 1967 diversis
1787 1926 2059 1980 ptenarum

507 2001 784 2067 generibus
809 2001 1051 2054 exstincti
1077 2009 1218 2066 sunt,
1239 2011 1295 2054 ut
1319 2001 1588 2055 traderent
1613 2003 1655 2054 si
1682 2003 1804 2070 quid
1835 2005 1947 2057 auri
1978 2005 2060 2058 vel

507 2095 707 2161 argenti
741 2102 766 2128 ⁸
793 2094 1086 2160 proprium,
1119 2095 1198 2147 vel
1227 2093 1640 2148 ecclesiasticum
1678 2095 1962 2151 haberent!
1995 2097 2062 2151 Et

507 2185 634 2234 dum
659 2197 775 2252 quae
795 2190 967 2244 erant,
998 2183 1305 2251 urgentibus
1331 2185 1502 2252 poenis
1535 2183 1739 2239 facilius
1775 2186 2060 2254 proderen-

507 2283 614 2335 tur,
635 2273 826 2325 iterum
856 2272 1161 2326 crudelibus
1191 2275 1465 2327 tormentis
1484 2275 1752 2328 oblatores
1781 2277 2057 2345 urgebant,

506 2369 839 2414 autumantes
870 2361 1148 2428 quamdam
1181 2371 1404 2430 partem,
1441 2378 1547 2417 non
1573 2372 1736 2418 totum
1768 2380 1886 2420 esse
1915 2367 2062 2419 obla-

507 2458 652 2512 tum;
687 2460 740 2502 et
778 2458 976 2518 quanto
1005 2451 1120 2518 plus
1146 2451 1389 2516 dabatur,
1435 2461 1582 2506 tanto
1609 2455 1834 2522 amplius
1873 2470 2060 2523 quem-

506 2541 643 2607 piam
672 2541 866 2596 habere
904 2542 1210 2595 credebant.
1244 2543 1375 2595 Aliis
1417 2545 1658 2612 palorum
1698 2545 1934 2599 vectibus
1969 2561 2060 2600 ora

506 2640 838 2691 reserantes;
872 2629 1086 2682 fetidum
1123 2644 1333 2684 caenum
1378 2630 1447 2683 ob
1472 2631 1861 2686 confessionem
1901 2648 2059 2701 pecu-

505 2721 608 2773 nize
641 2720 879 2774 faucibus
916 2719 1264 2788 ingerebant;
1308 2720 1589 2774 nonnullos
1623 2719 1679 2774 in
1719 2721 1980 2776 frontibus
2008 2731 2062 2777 et

505 2810 666 2876 tibiis,
715 2808 891 2863 nervis
936 2808 1351 2877 retnugientibus
1395 2809 1689 2877 torquendo
1729 2813 2054 2865 cruciabaut.

505 2899 774 2967 Plerisque
817 2913 1004 2968 aquam
1036 2899 1315 2962 marinam,
1356 2900 1474 2952 aliis
1500 2909 1730 2963 acetum,
1767 2915 2056 2966 amurcam,

505 2992 872 3059 liquamenque
915 3000 971 3044 et
1006 2991 1104 3043 alia
1137 2991 1296 3042 multa
1336 2998 1492 3056 atque
1521 2990 1776 3058 crudelia,
1808 3000 2056 3058 tanquam

504 3081 706 3135 utribus
729 3082 944 3134 imbutis
973 3083 1051 3134 ori
1077 3080 1338 3148 apposita,
1363 3081 1480 3135 sine
1509 3080 1866 3134 misericordia
1892 3083 2056 3148 porri-

2165 1915 2254 1987 tis]
2281 1915 2584 1980 despicatis,
2619 1914 3058 1980 pulchritudinem
3089 1913 3347 1980 parietum
3384 1911 3501 1964 solo
3543 1922 3720 1977 aequa-

2163 2005 2323 2067 bant;
2355 2015 2408 2057 ut
2430 2019 2571 2060 nunc
2594 2004 2807 2074 antiqua
2836 2004 2924 2058 illa
2962 2004 3273 2072 speciositas
3300 2002 3593 2066 civitatum,
3623 2013 3720 2053 nec

2163 2093 2255 2164 [aL
2285 2092 2424 2162 quzej
2451 2093 2572 2161 quia
2602 2092 2758 2147 fuerit
2790 2107 3006 2161 prorsus
3034 2103 3305 2162 appareat.
3336 2090 3446 2145 Sed
3475 2099 3532 2144 et
3560 2091 3718 2142 urbes

2161 2183 2584 2252 quamplurimas,
2613 2191 2704 2236 aut
2731 2183 2887 2246 raris,
2913 2191 3002 2235 aut
3035 2182 3193 2235 nullis
3219 2176 3605 2235 habitatoribus
3635 2178 3718 2230 in-

2160 2274 2422 2326 coluntur.
2458 2272 2588 2326 Nam
2627 2282 2682 2325 et
2724 2272 2882 2326 hodie
2919 2274 2964 2326 si
3009 2286 3108 2340 qua
3153 2281 3457 2337 supersunt,
3496 2268 3718 2322 subinde

2160 2361 2493 2425 desolantur,
2522 2363 2660 2415 sicut
2688 2359 2739 2413 in
2762 2360 3081 2428 Carthagine
3102 2359 3208 2412 odii
3230 2372 3410 2421 causa,
3435 2366 3459 2394 ο
3488 2359 3720 2419 theatra,

2160 2449 2329 2503 aedem
2373 2449 2662 2513 Memoriae,
2707 2457 2763 2503 et
2799 2449 2936 2502 viam
2978 2463 3095 2512 quae
3123 2447 3366 2501 Caelestis
3407 2445 3717 2512 vocabatur,

2163 2539 2397 2594 funditus
2423 2539 2754 2593 deleverunt.
2785 2539 2850 2592 Et
2874 2547 2929 2592 ut
2956 2537 3024 2593 de
3053 2536 3367 2592 necesSaIriis
3391 2536 3597 2604 loquar,
3625 2534 3718 2588 ba-

2157 2630 2362 2684 silicam
2392 2627 2556 2701 [Colb.
2587 2629 2680 2696 21,
2717 2627 2997 2700 majorum]
3039 2629 3316 2698 majorem,
3367 2627 3457 2681 ubi
3494 2640 3717 2695 corpora

2158 2725 2460 2773 sanctarum
2500 2731 2787 2788 martyrum
2820 2719 3094 2786 Perpetua:
3129 2726 3288 2787 atque
3317 2715 3603 2772 Felicitatis
3629 2730 3716 2770 se-

2160 2811 2304 2878 pulta
2344 2818 2486 2874 sunt,
2518 2808 2537 2846 ί
2568 2809 2826 2864 Celerinae
2879 2810 2962 2863 vel
3020 2809 3433 2872 Scillitanorum,
3482 2817 3538 2861 et
3587 2806 3718 2862 alias

2160 2914 2292 2969 quas
2321 2915 2426 2952 non
2456 2895 2848 2964 destruxerant,
2881 2913 2993 2952 sua:
3025 2899 3265 2966 religioni
3293 2896 3504 2957 licentia
3535 2908 3718 2965 tyran-

2158 2992 2275 3044 nica
2305 2989 2692 3057 manciparunt.
2725 2989 2821 3044 Ubi
2845 3004 2976 3043 vero
3003 2989 3326 3042 munitiones
3352 2988 3545 3056 aliqum
3571 2986 3717 3040 vide-

2161 3079 2375 3143 bantur,
2405 3093 2536 3146 quas
2580 3078 2841 3132 hostilitas
2879 3077 3142 3131 barbarici
3184 3077 3379 3130 furoris
3406 3090 3715 3144 oppugnare

502 3173 711 3239 gehant.
741 3170 855 3224 Non
885 3171 1142 3224 infirmior
1168 3186 1347 3234 sexus,
1373 3187 1476 3225 non
1519 3172 1874 3226 consideratio
1905 3173 2052 3226 nobi-
2085 3175 2129 3236 ο
2163 3168 2426 3236 nequiret.
2451 3169 2785 3237 congregatis
2813 3169 2864 3221 in
2898 3168 3116 3222 circuitu
3147 3177 3439 3221 castrorum
3468 3167 3714 3220 innume-

502 3258 682 3318 litatis,
711 3273 815 3310 non
846 3257 1140 3312 reverentia
1166 3257 1531 3324 sacerdotalis,
1571 3259 1812 3314 crudeles
1849 3262 2052 3314 animos

503 3347 771 3424 mitigabat
793 3361 811 3402 :
832 3347 1067 3416 quinimo
1093 3347 1160 3401 ibi
1185 3347 1598 3416 exaggerabatur
1623 3348 1698 3402 ira
1729 3350 1939 3417 furoris,
1964 3351 2051 3405 ubi

503 3439 758 3490 honorem
789 3447 1178 3504 conspexerant
1204 3436 1493 3506 dignitatis.
1517 3437 1736 3503 Quantis
1766 3439 2054 3492 sacerdoti-

501 3526 616 3590 bus,
647 3529 960 3596 quantisque
1005 3527 1292 3580 illustribus
1321 3527 1347 3564 δ
1374 3543 1536 3581 onera
1575 3529 1825 3596 ingentia,
1865 3530 1936 3582 uti
1968 3544 2054 3582 ca-

501 3617 650 3671 melis
684 3617 763 3669 vel
801 3617 919 3669 aliis
959 3616 1241 3684 generibus
1285 3617 1637 3684 iumentorum
1681 3619 2052 3686 imposuerint,

569 3819 597 3882 ’ξ
622 3810 754 3882 Nota
783 3810 866 3861 hic
904 3808 1042 3882 bona
1074 3811 1429 3882 cecle~iastica
1453 3826 1491 3882 a7
1512 3814 1862 3882 caeterisqna:
1891 3817 2047 3868 etiam

499 3897 525 3931 ιι
554 3880 762 3933 clericis
799 3877 1216 3944 pessidebantur,
1249 3879 1518 3946 distingui.
1549 3881 1680 3933 Vide
1699 3877 1933 3934 codicem
1962 3898 2050 3935 ca-

500 3964 694 4002 nonum
725 3946 974 4000 Ecclesiae
1013 3947 1271 3999 Africanze
1299 3962 1414 4014 cap.
1448 3949 1534 4012 32,
1566 3951 1675 4002 sive
1693 3964 1947 4004 canonem
1985 3952 2052 4006 49

499 4018 705 4072 concilii
731 4015 873 4070 tertii
899 4014 1351 4080 Carthaginiensis.

523 4140 530 4144 .
564 4087 594 4125 δ
625 4085 775 4141 Colb.
804 4087 830 4138 1
863 4099 980 4137 cum
1009 4082 1185 4138 Chifﬂ.
1217 4084 1382 4155 addit,
1427 4087 1564 4140 viris.
1615 4084 1837 4142 lllustris
1869 4088 2049 4143 titulus

499 4164 612 4208 erat
638 4169 839 4223 magna
862 4155 1149 4224 dignitatis,
1176 4153 1264 4222 qui
1301 4156 1558 4220 praefectis
1595 4157 1863 4224 praetorio,
1907 4175 2050 4221 qutu-

499 4222 750 4292 storibus,
803 4232 938 4292 etc.,
993 4222 1339 4292 tribuebatur.
1402 4226 1474 4279 De
1517 4222 1616 4278 hoc
1662 4227 1807 4292 plura
1851 4228 2047 4281 videsis

500 4291 907 4360 apudCangium
943 4293 992 4360 in
1024 4291 1311 4344 Glossario.

574 4370 596 4397 ε
635 4359 904 4411 Editornm
933 4359 1129 4424 aliquot
1157 4361 1431 4412 lectionem
1475 4359 1806 4412 retinuimus.
1837 4362 1989 4414 Colb.
2020 4365 2042 4416 l

501 4429 658 4482 habet
678 4426 920 4478 hostibus.
938 4425 1148 4488 Czeteri,
1165 4425 1353 4477 nullam
1371 4427 1462 4477 sibi
1483 4427 1893 4495 misericordiam,
1921 4439 2048 4494 etc.,

501 4505 693 4548 urgeter
720 4493 870 4548 Colb.
904 4494 1150 4548 alterum.
1178 4495 1228 4545 in
1259 4509 1362 4548 auo
1389 4497 1537 4548 deest
1555 4497 1667 4548 sibi.

536 4505 693 4551 mter
720 4495 870 4548 Colb.
904 4495 1150 4560 alterum,
1178 4495 1228 4545 in
1259 4509 1362 4562 quo
1389 4497 1537 4549 deest
1555 4497 1667 4548 sibi.

499 4514 693 4567 ριίειει·
720 4514 870 4548 ιλυιι).
904 4514 1150 4560 alterum,
1179 4514 1228 4545 Ill
1259 4514 1362 4562 quo
1389 4514 1537 4549 “CCSI
1555 4514 1667 4548 ειυι.

569 4564 596 4603 ἀ
624 4564 774 4618 Colb.
803 4565 837 4617 5
858 4573 909 4616 et
932 4562 1131 4633 Cllllll"
1155 4564 1302 4617 Aliis.
1331 4563 1549 4629 Quidam
1572 4565 1716 4631 editi,
1738 4566 1840 4619 Alii
1865 4583 2049 4633 parvu-

500 4637 604 4688 lum
629 4635 849 4702 pedibus,
881 4641 984 4703 etc.
1011 4632 1148 4686 Infra
1177 4647 1300 4687 vero
1327 4649 1421 4703 pro
1440 4634 1572 4703 forte
1592 4633 1742 4700 Sion,
1774 4632 2048 4690 Loriehius

500 4701 678 4764 habet,
702 4713 846 4772 porta
867 4701 1011 4755 Sion.

571 4785 593 4809 ε
628 4768 765 4824 Editi
803 4782 939 4833 tres,
974 4771 1121 4841 ξὶιηιιΔ
1143 4771 1212 4822 ibi
1251 4768 1582 4841 Cartbagineo
1617 4773 1818 4841 dignam
1857 4774 2048 4828 theatro

498 4841 679 4910 sedent,
708 4850 812 4910 elc_.
838 4841 900 4891 Et
920 4839 1050 4910 infra
1084 4837 1300 4910 leestis
1319 4856 1337 4903 ;
1358 4837 1504 4910 Colb.
1530 4843 1583 4910 2,
1608 4837 1757 4910 quam
1791 4842 2050 4896 Caelestem

497 4908 759 4960 uocabant.
786 4906 952 4959 Porro
974 4909 1179 4960 celebre
1210 4909 1305 4961 fuit
1332 4909 1468 4975 apud
1494 4906 1646 4962 Afros
1677 4911 1896 4964 Caelestis
1934 4914 2047 4965 ido-

497 4978 628 5043 lum,
642 4978 708 5030 de
716 4991 821 5046 quo
834 4976 1341 5046 Tertu‘llianus63in
1357 4977 1719 5046 Apolngetico,
1741 4980 2046 5034 Ambrosius

500 5055 684 5098 contra
707 5043 1105 5113 Symmachum,
1137 5043 1362 5112 et‘plura
1400 5043 1835 5101 8;ιινῐτιιιιιε·ιιι)ι-ο
1860 5065 1948 5102 vni
1978 5051 2044 5104 de

497 5115 891 5168 Gubernatioue
919 5114 1028 5166 Dei.
1081 5115 1153 5166 De
1198 5115 1296 5166 hoc
1339 5115 1535 5179 templo
1572 5124 1626 5167 et
1671 5117 1735 5168 de
1778 5117 2037 5172 Memoric

497 5185 628 5245 aede,
664 5184 747 5235 hic
787 5197 994 5250 quoque
1029 5191 1314 5234 memorata
1343 5225 1356 5240 .
1401 5182 1546 5247 plura
1591 5184 1742 5236 habet
1784 5186 2038 5242 Baronius

494 5254 772 5305 Annalium
804 5261 948 5303 tomo
973 5265 1003 5301 v
1029 5252 1330 5314 Sacrorum,
1371 5265 1461 5302 seu
1492 5253 1661 5316 potius
1690 5254 2037 5309 abominatio-

496 5335 620 5374 num
650 5321 890 5374 Caelestis
920 5318 1045 5388 dcte,
1069 5320 1377 5388 Spurcitias,
1399 5319 1689 5371 detestatur
1716 5323 2032 5388 AuguStinus

495 5391 587 5441 lib.
619 5405 652 5442 tt
679 5394 744 5443 de
767 5390 992 5442 Civitate
1025 5387 1136 5445 Dei.
1165 5401 1278 5452 cap.
1317 5387 1404 5438 9.6.
1435 5387 1575 5438 Viam
1615 5387 1852 5444 Cuclestis
1898 5393 2035 5444 Van-

496 5458 660 5508 dnlica
686 5475 836 5510 manu
862 5473 1078 5510 eversam
1105 5466 1359 5508 memorat
1382 5466 1563 5508 auctor
1587 5456 1698 5509 libri
1723 5460 1786 5509 de
1808 5461 2037 5514 Promis-

496 5526 729 5595 sionibus
757 5538 807 5579 et
832 5526 1258 5595 prmdictionibus
1281 5524 1552 5595 Deitpart.
1586 5526 1639 5586 2,
1691 5531 2036 5592 promissione

496 5594 563 5647 '58
593 5593 946 5661 impleta,‘qui
992 5596 1128 5648 inter
1171 5595 1336 5646 sancti
1387 5593 1627 5658 Prospcri
1663 5611 1819 5661 opera
1866 5599 2034 5652 editus

495 5674 592 5717 est.
625 5663 899 5733 Templum
920 5665 1189 5729 Caelestis,
1215 5664 1351 5733 quod
1394 5662 1511 5715 huic
1538 5664 1632 5716 viae
1663 5681 1851 5720 nomen
1877 5667 2033 5722 dedc-

2078 4607 2128 4667 D

2161 3257 2420 3312 rabilibus
2449 3259 2637 3320 turbis,
2665 3258 2851 3326 gladiis
2887 3258 3139 3318 feralibus
3162 3257 3505 3320 cruciabam;
3537 3266 3593 3309 ut
3620 3271 3717 3325 pu-

2155 3348 2389 3402 trefactis
2435 3347 2804 3411 cadaveribus,
2845 3361 2976 3413 quos
3021 3348 3168 3400 adire
3213 3361 3317 3399 non
3348 3353 3594 3413 poterant
3630 3359 3716 3396 ar-

2155 3449 2309 3493 cente
2329 3455 2600 3493 murorum
2623 3438 2955 3502 defensione,
2992 3452 3272 3506 corporum
3311 3438 3714 3506 liquescentium

2154 3537 2437 3584 enecarent
2466 3529 2648 3583 fetore.
2683 3530 2872 3594 Quanti
2913 3539 2964 3582 et
2993 3544 3149 3597 quam
3194 3530 3459 3584 numerosi
3488 3538 3616 3583 tunc
3646 3530 3714 3583 ab

2155 3622 2233 3676 eis
2261 3621 2482 3676 cruciati
2522 3629 2645 3676 sunt
2672 3621 2998 3688 Sacerdotes,
3029 3623 3301 3692 explicare
3327 3621 3442 3690 quis
3477 3621 3713 3678 poterit?

2151 3827 2233 3892 rat
2261 3819 2517 3892 describit
2537 3820 2674 3892 idem
2697 3829 2881 3892 auctor
2912 3822 2993 3876 his
3030 3823 3208 3892 verbis
3250 3839 3264 3875 :
3308 3822 3459 3892 Apud
3487 3823 3713 3890 Africam

2152 3887 2452 3959 carthagine
2469 3885 2700 3959 Caelestis
2726 3890 2885 3942 inesse
2914 3891 3137 3958 ferebant
3159 3885 3398 3959 templum
3426 3885 3713 3959 nimisﬁam-

2153 3956 2314 4029 plum,
2344 3956 2565 4029 omnium
2585 3957 2795 4029 deorum
2822 3956 3028 4010 suorum
3048 3960 3236 4011 adibus
3260 3956 3523 4029 rellatum.
3551 3958 3712 4029 Cujus

2151 4023 2321 4095 platea
2350 4024 2639 4095 lithostrata
2679 4028 2984 4095 pavimento,
3027 4043 3086 4079 ac
3119 4028 3349 4095 pretiosis
3379 4023 3638 4080 columnis
3666 4037 3712 4080 et

2152 4092 2396 4145 moenibus
2421 4092 2688 4166 decorata.
2710 4097 2931 4166 prioperin
2967 4092 3162 4166 duobus
3205 4099 3308 4161 fere
3338 4097 3558 4149 millibus
3591 4113 3713 4166 pas-

2151 4178 2298 4233 suum
2319 4165 2726 4233 protendebatur.
2755 4165 3034 4233 Subjungit
3064 4165 3254 4219 deinde
3271 4181 3374 4232 quo
3400 4175 3553 4231 pacto
3577 4165 3712 4219 tem-

2151 4231 2292 4295 plum
2327 4231 2476 4294 illud,
2506 4233 2572 4303 a_b
2611 4233 2822 4286 Aurelio
2863 4231 3112 4302 episcopo
3151 4231 3551 4302 Carthaginensi
3587 4250 3711 4303 pur-

2150 4307 2350 4365 gatum,
2373 4312 2501 4372 vero
2522 4300 2628 4351 Deo
2648 4300 3009 4372 consecratum
3042 4303 3194 4356 fuerit
3225 4321 3238 4356 :
3268 4300 3447 4357 cui—rei
3473 4300 3708 4372 prasen-

2158 4364 2262 4438 tem
2293 4364 2549 4438 se__fuisse
2590 4378 2770 4419 auctor
2807 4370 2893 4438 ille
2925 4382 3211 4432 asseverat,
3255 4388 3407 4438 quem
3447 4364 3506 4425 ea
3541 4373 3606 4426 de
3649 4387 3709 4426 re

2153 4432 2318 4506 fusius
2343 4433 2688 4506 disserentem
2718 4437 2991 4506 consulere
3031 4447 3221 4504 potest.
3258 4432 3345 4503 qui
3379 4441 3524 4504 plura
3561 4442 3708 4506 cupit

2152 4500 2376 4554 discere.
2403 4501 2571 4554 Varize
2599 4503 2699 4555 ilice
2730 4504 2947 4556 deorum
2977 4500 3117 4557 aedes
3146 4506 3242 4557 sub
3262 4500 3572 4559 Constantio
3596 4500 3705 4560 Αἰι-

2154 4578 2303 4637 gusto
2332 4570 2660 4639 etAPlacidia,
2697 4571 3046 4626 Valentiniani
3078 4576 3216 4625 tertii
3252 4576 3573 4639 parentibus,
3605 4576 3702 4630 de-

2152 4647 2366 4692 struetaa
2392 4637 2619 4702 fuerunt,
2647 4641 2901 4694 insistente
2931 4640 3060 4694 Ursa
3097 4643 3314 4702 tribuno,
3353 4637 3574 4708 quarum
3620 4645 3704 4695 ln-

2150 4722 2243 4780 cus
2264 4710 2312 4762 in
2337 4723 2518 4780 agrum
2546 4723 2830 4763 conversus
2857 4712 3009 4764 estin
3037 4722 3345 4764 mortuorum
3366 4715 3698 4780 sepulturam,

2149 4787 2201 4830 ut
2230 4777 2469 4832 laudatus
2498 4790 2679 4832 auctor
2703 4789 2898 4832 narrat.

2225 4845 2243 4882 ί
2273 4845 2423 4901 Colb.
2461 4849 2515 4913 2,
2560 4847 2791 4901 Celerini.
2828 4847 3086 4902 Celerina:
3135 4849 3402 4901 basilicam
3441 4861 3703 4905 memorat

2149 4916 2472 4988 Augustinus
2525 4930 2772 4988 sermone
2810 4919 2953 4988 i745
2983 4919 3052 4970 De
3097 4918 3340 4972 Celerina
3381 4928 3613 4988 martyre
3647 4931 3702 4976 et

2149 4985 2262 5054 ejus
2297 4995 2485 5053 nepote
2513 4985 2754 5038 Celerino
2784 4987 2888 5052 agit
2922 4985 3217 5054 Cyprianus
3238 4987 3455 5053 epistola
3479 4985 3544 5044 39
3566 4991 3698 5044 edit.

2148 5053 2640 5126 Oxfouii,alia_s_3i.
2674 5053 3064 5126 Seillitanorum
3107 5071 3234 5108 vero
3275 5067 3583 5126 martyrum,
3632 5059 3701 5114 de

2147 5122 2335 5198 quibus
2361 5122 2444 5176 hic
2475 5122 2671 5198 Victor,
2707 5131 2818 5174 acta
2843 5124 3152 5198 protulimus
3175 5125 3311 5198 inter
3338 5122 3466 5180 Acta
3503 5139 3701 5198 marty-

2144 5205 2257 5242 rum
2288 5192 2516 5263 sincera,
2544 5191 2607 5242 ad
2632 5205 2822 5242 annum
2852 5192 3001 5263 2070,,
3027 5207 3143 5258 pag.
3176 5194 3260 5255 75,
3303 5207 3352 5248 et
3394 5191 3695 5263 passionem

2142 5267 2437 5312 sanctarum
2489 5261 2762 5324 Perpetuus
2806 5270 2856 5311 et
2898 5262 3180 5316 Felicitatis
3216 5265 3278 5316 ad
3323 5261 3518 5318 animm
3563 5266 3688 5327 202,

2144 5341 2263 5400 pag.
2291 5328 2378 5381 8i.
2428 5328 2679 5381 Scillitani
2710 5337 2889 5400 autem
2934 5342 3190 5400 martyres
3228 5337 3303 5385 sic
3342 5336 3465 5386 dicti
3501 5341 3624 5384 sunt
3662 5347 3694 5384 a

2143 5393 2411 5468 Scilitana_.
2448 5397 2832 5468 proconsularis
2873 5393 3150 5464 provincia:
3188 5403 3349 5464 urbe,
3393 5402 3540 5468 cujus
3577 5401 3693 5467 cpio

2142 5477 2331 5536 scopus
2362 5464 2916 5536 Pariator,synodic:e
2956 5471 3190 5536 ejusdem
3231 5464 3516 5536 provincia:
3557 5464 3696 5522 auti-

2145 5535 2320 5585 stitum
2350 5534 2679 5598 subscripsit,
2718 5543 2772 5585 ut
2802 5534 3084 5590 vidcrc‘est
3125 5539 3173 5591 in
3213 5534 3438 5594 concilio
3479 5540 3694 5594 Latera-

2144 5605 2290 5657 nensi
2313 5605 2409 5658 sub
2438 5610 2618 5656 sancto
2657 5602 2895 5670 Martinu,
2931 5609 3147 5661 Actione
3178 5610 3230 5661 2.
