3922 6378
249 361 342 412 185

1211 371 1296 427 DE
1334 371 1839 428 PERSECUTIONE
1880 370 2255 426 \‘ANDALICA
2296 373 2419 425 LIB.
2458 374 2500 426 l.

3366 371 3462 450 lSti

247 476 389 529 Tunc
413 479 561 534 enim
591 488 646 533 et
677 489 873 533 nostra:
909 479 1136 534 civitatis
1165 481 1478 535 venerabilis
1501 490 1525 516 "
1557 481 1799 550 l’apinia-
1828 486 1878 540 Α
1976 479 2062 534 ιν.
2096 480 2414 550 Carthaginis
2440 480 2709 533 excidium.
2733 508 2801 517 —
2833 479 2964 546 Quid
2991 479 3188 531 multa?
3212 479 3330 532 P05t
3365 483 3458 531 llas

248 580 366 631 aus,
406 566 661 630 antistes,
702 568 980 623 candentis
1021 568 1144 623 ferri
1187 570 1397 623 laminis
1428 579 1539 624 toto
1583 572 1802 623 adustus

247 664 326 707 est
353 668 605 722 corpore.
637 657 898 712 Similiter
925 666 981 712 et
1006 657 1035 695 δ
1067 659 1372 712 Mansuetus
1401 659 1724 721 Uricitanus,
1748 658 1799 712 in

247 753 395 808 porta
412 743 665 799 incensus
694 757 777 800 est
801 747 1106 800 Furnitana.
1127 748 1238 812 Qua
1266 758 1574 815 tempestate
1601 747 1801 815 Hippo-

246 830 445 898 regium
477 834 698 888 obsessa
728 845 806 889 est
827 837 1033 898 civitas,
1065 851 1220 904 quam
1248 838 1390 891 omni
1421 837 1575 892 laude
1612 837 1800 904 dignus

246 921 432 976 beatus
475 925 824 994 Augustinus,
871 926 1125 980 librorum
1173 928 1459 981 multorum
1501 927 1795 991 confector,

245 1013 480 1078 pontifex
528 1015 878 1082 gubernabat.
918 1015 1067 1069 Tunc
1110 1016 1238 1070 illud
1293 1018 1612 1086 eloquentiae
1656 1017 1795 1085 quod

245 1101 472 1153 ubertim
520 1117 612 1170 per
654 1117 844 1158 omnes
897 1119 1115 1173 campos
1167 1105 1418 1160 Ecclesia:
1458 1107 1792 1169 decurrebat,

238 1193 355 1257 ipso
375 1201 522 1246 metu
549 1194 802 1248 siccatum
829 1205 914 1250 est
941 1197 1158 1261 flumen,
1188 1207 1348 1265 atque
1370 1199 1592 1252 dulcedo
1620 1199 1795 1251 suavi-

237 1282 362 1335 tatis
406 1283 631 1338 dulcius‘
659 1288 956 1354 pr0pinata,
1006 1289 1060 1340 in
1100 1289 1504 1342 amaritudinem
1545 1289 1792 1342 absinthii

237 1385 389 1424 versa
414 1381 519 1440 est,
550 1385 605 1426 ut
632 1373 936 1430 Davidicum
962 1377 1279 1444 praeconium
1303 1382 1638 1432 conveniret:
1661 1375 1792 1428 Dum

236 1463 530 1516 consisteret
549 1474 780 1532 peccator
799 1466 1062 1519 aduersum
1100 1484 1197 1526 me,
1230 1467 1453 1519 obmutui
1475 1478 1523 1519 et
1548 1465 1790 1518 humilio-

231 1559 311 1603 tus
337 1566 474 1615 sum,
497 1560 546 1605 et
579 1553 697 1606 silui
731 1571 762 1606 a
792 1555 934 1608 bonis
963 1555 1133 1627 (Psal.
1167 1571 1386 1620 xssvnt,
1414 1558 1470 1616 2,
1501 1557 1576 1622 5).
1609 1555 1786 1623 Usque

227 1643 293 1694 ad
314 1643 447 1698 illud
479 1654 683 1714 tempus
707 1649 759 1718 5
787 1647 1044 1702 ducentos
1068 1648 1176 1716 jam
1202 1649 1411 1716 triginta
1429 1657 1483 1702 et
1502 1648 1634 1701 duos
1661 1662 1787 1701 con-

227 1729 428 1788 fecerat
447 1734 630 1801 libros,
654 1739 893 1804 exceptis
918 1737 1390 1792 innumerabilibus
1413 1739 1674 1806 epistolis,
1700 1739 1784 1793 vel

1907 577 2084 623 truces
2109 570 2392 637 impietatis
2420 570 2688 631 insanias,
2732 570 2898 635 ipsam
2945 569 3124 622 urbem
3165 572 3448 622 maximam

1903 655 2274 728 Carthaginem
2303 658 2602 712 Gcisericus
2638 659 2807 711 tenuit
2847 666 2896 710 et
2935 658 3181 721 intravit;
3226 667 3280 710 et
3317 660 3456 711 anti-

1901 761 2056 814 quam
2108 749 2247 801 illam
2296 749 2572 817 ingenuam
2613 762 2677 814 ac
2721 748 2950 801 nobilem
2999 747 3298 800 libertatem
3331 747 3355 783 ἀ
3403 751 3452 802 in

1900 839 2206 892 servitutem
2257 839 2479 907 redegit.
2531 839 2659 892 Nam
2711 848 2764 893 et
2808 847 3109 892 senatorum
3157 839 3302 890 urbis
3347 854 3450 892 non

1901 942 2112 995 parvam
2144 930 2528 982 multitudinem
2573 929 2874 992 captivavit.
2914 928 2980 980 Et
3017 927 3136 980 inde
3177 931 3446 995 proposuit

1898 1019 2198 1081 decretum.
2246 1030 2304 1073 ut
2341 1021 2704 1087 unusquisque
2750 1019 2899 1086 auri,
2943 1019 3177 1086 argenti,
3220 1034 3450 1087 gemma-

1897 1121 2010 1159 rum
2039 1147 2055 1169 ,
2115 1107 2656 1174 vestimentorumque
2706 1107 3055 1172 pretiosorum
3101 1107 3450 1175 quodcunque

1897 1196 2111 1251 haberet
2159 1198 2255 1270 [αι.
2285 1197 2536 1266 offerret]
2585 1197 2824 1262 alferret;
2867 1206 2920 1252 et
2953 1197 3023 1250 ita
3069 1198 3121 1250 in
3164 1198 3305 1250 brevi
3333 1198 3449 1270 avi-

1894 1296 1973 1340 tas
2003 1299 2161 1357 atque
2193 1301 2438 1356 paternas
2475 1303 2606 1356 opes
2631 1289 2719 1341 tali
2746 1288 3001 1342 industria
3020 1289 3236 1342 abstulit
3260 1304 3440 1355 rapax.

1894 1377 2187 1439 DiSponens
2225 1393 2434 1445 quoque
2471 1378 2707 1445 singulas
2735 1391 2972 1444 quasque
3003 1379 3316 1444 provincias,
3346 1378 3446 1430 sibi

1898 1466 2223 1534 llyzatcnam
2259 1468 2633 1531 Abaritanam,
2684 1475 2840 1534 atque
2879 1468 3174 1530 Cctuliam,
3224 1476 3278 1520 et
3323 1482 3446 1533 par-

1891 1565 1993 1608 tem
2025 1555 2283 1609 Numidia:
2307 1559 2638 1620 reservavit;
2673 1559 2927 1612 exercitui
2957 1575 3082 1612 vero
3108 1559 3444 1627 Zeugitanznn

1891 1647 1976 1699 vel
2048 1649 2480 1714 proconsularem
2537 1646 2770 1700 funiculo
2833 1648 3156 1702 haureditatis
3217 1650 3442 1713 divisit;

1889 1733 2259 1788 Valentiniano
2305 1735 2478 1788 adhuc
2525 1736 2845 1802 imperatore
2892 1736 3140 1802 reliquas,
3179 1737 3442 1804 licetjam'

224 1824 560 1890 expositione
585 1826 745 1878 totius
783 1825 1046 1892 Psalterii,
1080 1837 1136 1882 et
1169 1827 1600 1897 Evangeliorum,
1625 1835 1780 1897 atque
1813 1823 1855 1880 Β
1883 1825 2279 1888 extertninatas,
2321 1823 2617 1889 provincias
2684 1823 2998 1877 defendente
3029 1841 3043 1888 ;
3112 1833 3231 1891 post
3289 1828 3439 1892 cujus

227 1913 538 1966 tractatibus
584 1913 950 1982 popularibus,
996 1931 1132 1985 quos
1183 1917 1356 1973 Graeci
1401 1918 1646 1972 homilias
1692 1934 1786 1972 vo-

221 2007 368 2062 cant,
390 2015 616 2068 quorum
645 2016 926 2059 numerum
954 2005 1408 2074 comprehendere
1440 2007 1572 2060 satis
1598 2007 1787 2075 impos-

219 2090 374 2146 sibile
391 2102 475 2147 est
503 2103 555 2149 ι’.

289 2323 316 2385 9
346 2315 440 2370 Sic
464 2317 587 2371 editi
617 2320 671 2373 4.
699 2319 766 2372 At
793 2318 913 2372 cod.
949 2318 1224 2371 Portarnm
1255 2319 1413 2372 habet
1452 2319 1778 2385 Pampinius;

215 2384 367 2456 Colb.
402 2385 844 2456 ILPampianus;
878 2387 1032 2441 Colb.
1069 2389 1224 2450 alter,
1264 2384 1642 2456 Pampinianus.
1677 2391 1777 2441 Ur-

215 2403 367 2438 LOID.
402 2403 454 2451 ‘I,
501 2403 625 2438 ram
683 2404 844 2453 artus;
878 2403 1032 2441 υοιι).
1069 2403 1224 2450 διιιιτ,
1264 2403 1642 2456 Ραπιριηιαηιιε.
1677 2403 1777 2441 Uf-

215 2454 364 2507 thod.
387 2465 444 2508 et
470 2403 743 2510 LoricKius
766 2471 885 2509 cum
915 2458 1123 2510 Martia.
1150 2465 1205 2511 et
1227 2457 1376 2510 Colb.
1410 2458 1587 2522 tertio,
1620 2457 1778 2508 Pam-

214 2523 405 2594 piaias,
435 2524 576 2590 quod
620 2541 812 2578 nomen
852 2536 1073 2594 uterque
1114 2526 1282 2580 codex
1316 2526 1476 2594 etiam
1522 2527 1572 2579 in
1623 2526 1774 2578 titqu

214 2591 370 2663 capiti
401 2595 620 2663 pra-lim
647 2595 884 2648 exhibet.
918 2593 1103 2660 Hujus,
1127 2610 1280 2659 quem
1317 2593 1566 2663 Papinum
1588 2597 1770 2662 appel-

213 2659 374 2723 l-t,et
402 2659 657 2715 Hansueti
677 2659 1048 2728 episcoporum,
1075 2664 1379 2716 memoriam
1395 2659 1590 2716 recolit
1616 2659 1768 2717 vetus

213 2728 580 2798 kalendarium
610 2731 663 2783 in
689 2733 988 2786 sanctitas-io
1012 2731 1258 2798 Capuano
1287 2731 1555 2785 Michaelis
1586 2749 1769 2786 mona-

213 2798 318 2860 chi,
342 2797 432 2852 die
467 2800 534 2850 28
560 2799 892 2866 Novembris,
916 2815 1015 2867 qua
1042 2800 1164 2852 item
1193 2801 1278 2855 die
1301 2803 1352 2854 itt
1377 2801 1602 2866 vulgatis
1626 2819 1769 2857 mar-

214 2866 487 2936 tyrologiis
523 2867 777 2921 festivitas
805 2866 986 2922 eorum
1032 2871 1347 2924 celebratur.
1397 2870 1472 2924 Ex
1521 2872 1601 2923 his
1640 2889 1768 2927 Vero

260 2937 486 3007 stia_rdus
515 2938 704 2991 etAdo
733 2939 962 3004 priorem
1000 2938 1272 3004 Papinium
1313 2940 1598 3007 appellant.
1648 2941 1766 2994 Flo-

213 3019 300 3075 rus
334 3005 633 3075 Papyrium.
663 3008 777 3071 Quo
806 3009 931 3060 item
960 3007 1045 3060 die
1073 3009 1248 3074 plures
1269 3005 1420 3070 alios,
1457 3011 1542 3074 qui
1569 3012 1762 3075 passim

212 3073 260 3126 in
313 3073 537 3127 victuris
575 3075 789 3127 historia
835 3073 1134 3138 laudantur,
1167 3078 1320 3128 simul
1355 3078 1407 3128 in
1445 3073 1602 3130 unum
1649 3080 1761 3131 Adu

211 3142 497 3212 coniungit.
529 3139 690 3207 Cujus
714 3143 870 3196 verba
894 3143 978 3195 hic
1008 3143 1207 3212 referre
1225 3145 1448 3210 juvabit,
1477 3145 1761 3212 sicquippe

211 3211 365 3262 habet
407 3219 530 3275 post
575 3214 794 3265 relatum
835 3223 1138 3264 sanctorum
1186 3211 1385 3276 Papinii
1424 3222 1470 3264 et
1508 3211 1760 3266 Mansucti

211 3281 518 3348 martyrium
548 3283 645 3332 sub
677 3280 946 3335 Genserici
978 3283 1341 3349 persecutione
1366 3296 1379 3334 :
1408 3285 1519 3345 Quo
1541 3292 1761 3350 tempore

210 3349 356 3400 etiam
385 3351 477 3402 alii
502 3351 660 3402 sancti
687 3352 928 3417 episcopi,
956 3349 1182 3404 uidelicet
1219 3351 1596 3416 Quodvultdeus
1636 3352 1761 3405 Car-

210 3418 924 3491 thaginensis,_Valerianus,
977 3419 1235 3491 Urbanus,
1287 3419 1537 3491 Crescens,
1584 3431 1630 3474 et
1676 3423 1762 3491 qui

209 3489 481 3557 vocabatur
525 3488 870 3551 llabetdeum,
910 3499 954 3542 et
1004 3489 1326 3556 Eustachius,
1359 3488 1758 3557 Crescentianus,

208 3567 251 3606 et
270 3556 588 3618 Cresconius,
619 3566 663 3608 et
687 3557 855 3619 Felix,
880 3571 924 3610 et
957 3557 1287 3619 Har'tolanus.
1312 3556 1758 3624 et'Florcntianus,

208 3636 408 3696 propter
453 3628 678 3678 eamdem
723 3627 1093 3688 pra'dicationis
1138 3630 1420 3689 veritatem,
1471 3631 1762 3696 gravissimo

207 3695 431 3746 damnati
458 3697 654 3756 exsilio,
681 3697 731 3747 in
752 3698 1061 3762 confessione
1079 3698 1277 3764 pietatis
1303 3713 1503 3750 cursum
1527 3702 1639 3750 vitae
1658 3715 1763 3752 sua!

207 3773 693 3816 consummaret-unt.
719 3765 840 3816 llaec
865 3768 978 3817 Atto
999 3766 1066 3818 de
1095 3767 1292 3818 sanctis
1323 3767 1421 3819 illis
1443 3767 1762 3821 confessori-

206 3830 319 3903 bus.
350 3834 417 3886 de
448 3835 637 3903 quibus
663 3835 771 3886 Silis
803 3834 930 3885 locis
957 3835 1259 3900 singillatim
1298 3850 1530 3903 agemus.

275 3898 300 3936 δ
329 3903 416 3954 Sic
463 3898 613 3954 Colb.
659 3903 678 3953 1
719 3918 837 3954 cum
874 3904 998 3955 edit.
1042 3898 1219 3955 Cltifil.
1258 3898 1515 3965 Baidttin"
1557 3915 1658 3958 rtc.
1697 3909 1760 3958 At

205 3966 350 4022 Colb.
385 3971 518 4023 alter
545 3987 608 4022 cn
633 3989 661 4021 ιι
689 3971 862 4034 Mart.,
897 3970 1234 4033 Viricitanus;
1265 3973 1413 4024 Colb.
1444 3976 1626 4024 tertius
1643 3989 1758 4024 eum

203 4039 424 4091 Orthod.
459 4040 700 4092 Lorichio
730 4050 780 4091 et
810 4040 926 4091 aliis
956 4041 1108 4100 edit.,
1139 4038 1472 4090 Juricitanus.
1498 4041 1600 4092 Sed
1627 4042 1759 4091 hanc

204 4106 384 4158 sedem
416 4110 652 4173 reperire
682 4123 782 4158 tton
811 4109 975 4156 licuit.
1019 4107 1264 4159 Urcitana
1299 4111 1534 4160 occurrit
1567 4120 1672 4158 tum
1707 4109 1757 4159 in

203 4175 313 4227 ind.
343 4176 683 4242 Cyprianico,
718 4185 823 4224 ltltn
852 4175 900 4225 in
931 4173 1120 4225 Notitia
1145 4174 1387 4227 Africana
1419 4178 1466 4227 in
1493 4177 1756 4242 DI‘OVlIIClJ

206 4243 594 4308 proconsulari.
627 4242 777 4306 cujus
805 4243 1084 4308 episcopus
1110 4244 1175 4295 ibi
1209 4243 1402 4296 dicitttr
1430 4246 1756 4309 Quintianus,

201 4327 302 4383 quo
333 4311 457 4383 loco
503 4310 800 4383 llartlninns
841 4310 892 4363 in
947 4314 1082 4363 notis
1117 4313 1181 4362 ad
1229 4329 1346 4378 cap.
1378 4313 1430 4377 4,
1457 4314 1562 4383 64
1595 4317 1684 4369 lib.
1727 4332 1759 4368 ν

203 4380 397 4442 Plinii,
448 4381 724 4444 legendum
765 4395 882 4433 esse
920 4390 1100 4433 Censet
1142 4383 1444 4447 Quintianus
1479 4380 1756 4447 'll'citanus,

1789 3123 1835 3184 C

1891 1925 2133 1980 mortem,
2165 1915 2327 1969 totius
2353 1914 2543 1968 Africa:
2575 1914 2825 1969 ambitum
2857 1915 3084 1968 obtinuit
3107 1955 3121 1978 ,
3153 1931 3358 1968 necnon
3387 1925 3440 1971 et

1888 2005 2086 2058 insulas
2139 2005 2425 2067 maximas,
2466 2004 2798 2066 Sardiniam,
2836 2003 3103 2068 Siciliam,
3137 2002 3437 2068 Corsicam,

1890 2103 1910 2128 ⁶
1937 2097 2190 2159 Ebusum,
2221 2095 2542 2162 Majoricatn,
2574 2094 2878 2148 blinoxicatn
2901 2073 3107 2148 et'alias
3139 2094 3328 2148 multas
3353 2111 3439 2148 su-

1883 2317 2163 2388 Fulgfntii,
2198 2317 2436 2388 cap.__29.
2486 2316 2720 2383 Denique
2767 2317 2846 2370 his
2889 2319 3134 2370 omnibus
3171 2321 3434 2388 antiquior

1880 2388 1976 2440 fuit
1995 2385 2250 2440 Geminius
2268 2405 2297 2437 ιι
2316 2385 2522 2445 1·ἰιι·ιιίε,
2539 2390 2623 2450 ιιιιὶ
2653 2403 2744 2449 pro
2769 2388 3156 2454 rebaptizandis
3175 2385 3435 2442 htrrcticis

1878 2466 2192 2510 sententiam
2235 2455 2365 2526 dixit
2393 2455 2442 2508 in
2471 2457 2696 2509 Ctlllt'illO
2725 2455 2971 2524 Carthag.
2995 2459 3091 2510 sub
3109 2467 3302 2511 sancto
3329 2457 3432 2526 Cy-

1875 2528 2081 2593 priano,
2113 2541 2256 2578 num.
2280 2525 2369 2578 59.

1946 2605 1969 2633 ο
2001 2595 2051 2646 In
2074 2595 2228 2648 Colb.
2259 2597 2305 2657 l,
2330 2595 2416 2661 qtti
2440 2609 2696 2646 annorum
2729 2604 2809 2646 est
2838 2594 3050 2648 circiter
3098 2594 3221 2656 700,
3275 2594 3430 2647 inter-

1870 2673 2120 2717 seruntnr
2145 2663 2226 2716 hic
2253 2679 2341 2716 sex
2363 2680 2548 2716 versus
2571 2663 2669 2716 sub
2692 2664 2952 2731 Epitaphii
2978 2664 3148 2726 titulo,
3172 2679 3304 2731 quos
3332 2666 3431 2718 etsi

1873 2733 2038 2786 nostri
2073 2733 2293 2785 Victoris
2318 2748 2435 2787 csse
2459 2749 2560 2785 non
2593 2733 2982 2801 existimemus,
3013 2736 3113 2788 huc
3142 2745 3312 2787 tamen
3346 2749 3431 2788 re-

1871 2802 2009 2857 ferre
2040 2803 2205 2855 visum
2237 2812 2339 2855 est.

2325 2928 2599 2962 ΕΡΙτΛῐἮΙυΙ
2630 2927 2671 2961 3-
2716 2927 2971 2962 AUGUSTINI.

1958 3017 2046 3066 Hic
2072 3017 2230 3077 posuit
2251 3017 2675 3077 cineresigenitrix
2702 3017 2960 3062 castissima
2989 3016 3151 3076 prolis,

2020 3075 2306 3135 Augustine,
2330 3077 2397 3123 tui
2422 3076 2571 3122 altera
2597 3075 2674 3121 lux
2701 3078 2879 3135 meriti.

1960 3136 2050 3196 Qui
2074 3134 2269 3183 servans
2294 3137 2420 3194 pacis
2451 3135 2671 3196 coelestia
2695 3134 2795 3191 jura
2818 3136 3061 3196 sacerdOs,

2021 3193 2304 3242 Commissos
2322 3193 2519 3253 populos
2540 3196 2750 3241 maribus
2774 3197 2995 3245 instituis.

1957 3254 2116 3303 Gratia
2144 3267 2226 3300 vos
2249 3261 2429 3309 manet,
2457 3263 2700 3312 gestorum
2727 3255 2867 3302 laude
2887 3264 3097 3312 coronat.

2018 3315 2259 3362 Virtutum
2280 3323 2431 3361 matcr
2457 3315 2641 3362 felicior
2677 3315 2869 3362 sobolis.

1936 3420 2093 3473 l’aulo
2121 3428 2255 3484 post,
2273 3434 2365 3485 pro
2388 3419 2467 3470 his
2482 3419 2678 3479 verbis,
2702 3429 2866 3470 truces
2887 3419 3155 3486 impietatis
3176 3421 3420 3487 insanias,

1863 3489 2014 3542 Colb.
2038 3491 2060 3541 1
2091 3505 2208 3543 cum
2233 3489 2376 3543 edito
2398 3503 2501 3540 uno
2524 3489 2699 3551 habet,
2721 3489 2870 3542 trucis
2893 3489 3167 3554 impietates
3189 3493 3420 3546 insanire.

1934 3556 1958 3594 ἀ
1988 3558 2302 3612 Gensericus
2351 3558 2717 3625 Carthaginem
2758 3561 2900 3624 cepit
2949 3562 3035 3612 die
3077 3559 3136 3612 l9
3181 3561 3421 3614 ()cnobris

1864 3642 2002 3679 anno
2028 3627 2152 3691 459,
2184 3643 2282 3696 qua
2311 3627 2376 3680 de
2403 3644 2456 3680 re
2487 3627 2661 3696 fusius
2693 3629 2893 3694 agimus
2937 3629 2986 3680 in
3027 3630 3418 3682 Commentario

1866 3707 2045 3748 nostro
2073 3697 2323 3751 historico
2359 3711 2474 3763 cap.
2507 3699 2560 3755 5,
2591 3695 2743 3748 infra.
2790 3697 2862 3750 De
2907 3698 3063 3763 hujus
3109 3714 3236 3751 vero
3277 3701 3422 3752 urbis

1867 3767 2098 3830 potentia
2146 3775 2196 3818 et
2241 3767 2399 3818 variis
2446 3765 2712 3817 ofliciariis
2749 3767 2893 3833 plura
2950 3768 3105 3820 habet
3142 3768 3422 3822 Salvianus

1866 3835 1955 3886 lib.
1992 3851 2060 3887 vn
2101 3835 2166 3886 tle
2199 3834 2592 3888 Gubct‘natione
2621 3835 2731 3898 Dei,
2768 3836 2850 3886 ubi
2902 3837 3419 3894 observat..Cartba-

1863 3905 2001 3965 gine,
2035 3906 2169 3956 sicut
2196 3916 2247 3957 et
2288 3902 2486 3961 Romre.
2525 3911 2761 3955 senatum
2814 3905 3088 3969 variasque
3136 3905 3419 3969 dignitates

1866 3971 2026 4021 fuisse
2068 3973 2354 4030 institutas,
2409 3973 2627 4022 retentis
2665 3974 2823 4022 etiam
2863 3974 3046 4024 iisdem
3099 3975 3418 4034 nonnnibns,

1863 4053 1976 4098 qua:
2005 4038 2259 4088 Romaein
2295 4053 2387 4088 ttsn
2426 4047 2598 4088 erant.
2650 4037 2914 4098 Unit-ersa,
2965 4041 3152 4102 inquit,
3200 4043 3420 4104 penitus,

1862 4106 2038 4169 quibus
2064 4106 2116 4156 in
2139 4115 2239 4156 toto
2269 4107 2458 4173 mundo
2479 4105 2744 4167 disciplina
2773 4107 3053 4167 reipublicte
3089 4109 3159 4156 vel
3181 4123 3416 4173 procura-

1864 4184 1966 4231 tur,
1986 4173 2058 4226 rel
2074 4175 2280 4241 regitur,
2301 4175 2348 4223 in
2369 4189 2419 4226 se
2440 4172 2632 4224 habuit.
2653 4173 2769 4223 Illic
2788 4175 2921 4224 enim
2943 4178 3108 4226 omnia
3131 4172 3415 4241 ofﬁciorum

1862 4244 2169 4310 publicorum
2200 4243 2724 4294 iustrumenta...illic
2765 4244 2922 4312 capite
2957 4245 3223 4305 militares,
3264 4255 3306 4297 et
3345 4261 3419 4297 re-

1862 4322 2028 4378 gentes
2074 4312 2302 4363 militiant
2335 4321 2624 4382 potestates,
2675 4313 2777 4363 illic
2819 4315 2976 4364 honor
3021 4317 3412 4378 proconsularis,

1866 4382 1968 4432 illic
1994 4383 2313 4450 quotidianus
2341 4383 2500 4448 judex
2535 4392 2581 4433 et
2615 4391 2797 4443 rector,
2837 4393 3076 4438 quantum
3123 4384 3188 4434 ad
3237 4400 3414 4435 nomen

200 4451 349 4530 cujus
377 4449 604 4530 nominis
630 4450 757 4530 duas
789 4450 846 4530 in.
870 4451 1044 4530 Africa
1065 4455 1222 4530 urbes
1247 4453 1406 4530 [uisse
1436 4464 1636 4530 certum
1657 4464 1756 4516 est,
1792 4474 1836 4530 υ
1865 4452 2065 4530 quidem
2094 4452 2378 4530 proconsul,
2411 4451 2500 4501 scd
2527 4461 2772 4530 quantum
2811 4454 2877 4501 ad
2901 4453 3415 4530 poteitliantsonsul;

201 4521 280 4571 vel
313 4534 381 4572 ex
412 4517 563 4570 Plinii
589 4519 702 4572 loco
729 4519 959 4580 laudato,
995 4521 1080 4572 tibi
1107 4521 1177 4574 ait
1204 4536 1218 4573 :
1247 4521 1461 4574 Ucilana
1489 4524 1587 4574 duo
1616 4534 1751 4588 sunt,

200 4589 367 4658 majus
398 4599 441 4640 et
466 4589 665 4661 minus.
687 4589 1087 4661 hit'Ugtavianus
1105 4592 1365 4658 episwpus
1393 4591 1652 4661 Ucimajus
1686 4593 1756 4644 in-

201 4659 379 4727 I_er_fuit
403 4659 668 4711 collatioui
693 4658 1089 4727 Carthaginensi
1108 4662 1406 4718 cognitione
1432 4658 1610 4727 l.cap.
1632 4662 1750 4714 133.

199 4725 469 4796 Tripolius
512 4729 802 4796 episeopus
859 4725 1094 4796 Ecclesia:
1151 4727 1378 4796 Ucitmta:
1423 4725 1750 4796 subscripsit.

198 4795 477 4860 Synodica:
512 4794 971 4847 l’roconsnlarinm
997 4795 1199 4846 actione.
1235 4795 1269 4847 9.
1299 4797 1501 4848 concilii
1536 4794 1750 4850 Latera-

200 4865 400 4915 nensis.
435 4862 632 4914 Tamen
667 4865 715 4914 in
752 4863 919 4914 indice
945 4864 1258 4930 Cyprianico
1298 4865 1424 4918 edit.
1462 4865 1628 4916 Oxon.
1667 4883 1750 4917 re-

199 4942 446 4984 censetur
472 4932 609 4982 inter
637 4934 764 4982 alias
795 4932 949 4983 urbes
979 4931 1190 4994 Africae,
1223 4932 1362 4994 Urci,
1394 4935 1482 4986 sed
1514 4934 1750 4987 fortassis

199 5017 262 5054 ex
291 5002 390 5052 hoc
421 4999 627 5050 Notitia:
658 5001 788 5052 loco.
843 4995 1006 5052 Porro
1047 4999 1130 5054 hic
1175 5012 1387 5054 sanctus
1434 5005 1652 5056 antistes
1698 5005 1748 5054 in

202 5080 350 5134 porta
387 5065 931 5138 incensuslf'ornitana
969 5069 1186 5132 dicitur;
1229 5073 1415 5138 quibus
1452 5072 1649 5134 verbis,
1694 5086 1748 5124 ιιι

199 5139 408 5205 quidem
443 5136 568 5188 mihi
601 5135 826 5207 videtur,
864 5139 1164 5207 designatur
1205 5135 1532 5207 Carthaginis
1578 5151 1744 5206 porta,

199 5204 294 5272 qua
324 5208 406 5258 via
431 5219 544 5257 erat
585 5204 647 5256 ad
677 5206 857 5257 urbem
893 5206 1249 5260 Furnitanam.
1300 5212 1350 5262 Si
1388 5204 1656 5262 tanien—de
1686 5212 1747 5264 iis

201 5278 441 5344 loquatur
470 5274 663 5336 Victor,
689 5289 804 5341 quae
833 5285 954 5326 ante
983 5288 1188 5341 captant
1213 5278 1579 5343 Carthaginem
1615 5296 1745 5332 con-

202 5343 382 5412 tigere.
417 5344 619 5414 hiec_de
647 5344 754 5414 ipsa
781 5345 908 5396 urbe
941 5343 1219 5414 Formiana
1247 5351 1547 5414 accipienda
1577 5361 1748 5403 erunt.

199 5410 357 5482 ijus
386 5413 486 5467 loci
517 5410 837 5464 Florentinus
862 5430 1123 5480 cpiscopus
1160 5410 1470 5471 Fttrnitanus
1494 5436 1554 5471 ex
1582 5420 1751 5471 Dona-

202 5483 440 5556 tistarum
466 5494 605 5556 secta
637 5482 869 5556 interluit
895 5484 1160 5556 collationi
1196 5486 1442 5550 Carthaq.
1469 5504 1584 5556 cap.
1624 5491 1742 5541 198.

202 5553 261 5626 Et
285 5555 489 5626 Sitne-on
519 5554 784 5626 cpiscopus
808 5550 960 5626 plebis
983 5550 1279 5626 Fui-nitente
1304 5550 1750 5626 stiliscripsitcmt—

199 5614 576 5692 cilioCarthag.
597 5621 696 5674 sub
723 5614 1119 5688 Bottil'.ici0;qtti
1145 5614 1746 5692 1111⁵111ΒΩΙΙΠΔϐἶυδῧρηιί

206 5688 400 5746 Fumus
427 5695 710 5750 ccclesiattt
742 5706 1080 5746 consecrasse
1123 5693 1312 5746 tllt'llUf'
1343 5696 1392 5748 in
1433 5697 1541 5751 Vita
1575 5688 1741 5752 sancti

1863 4521 1965 4571 illic
2015 4523 2226 4582 denique
2270 4536 2438 4570 omnes
2470 4535 2636 4570 rerum
2668 4523 3028 4587 dispensatores
3059 4531 3103 4571 et
3133 4522 3420 4586 differentes

1859 4589 1986 4640 inter
2011 4606 2062 4641 se
2089 4600 2187 4640 tam
2217 4589 2398 4655 gradu,
2425 4605 2575 4653 quant
2603 4589 2838 4657 vocabulo
2868 4591 3157 4657 dignitates.

1936 4669 1957 4693 ε
1990 4658 2142 4710 Colb.
2201 4657 2223 4708 1
2259 4668 2312 4709 et
2344 4658 2495 4709 Mart.
2532 4658 2756 4722 Efesum.
2790 4656 3033 4720 Orthod.,
3085 4658 3323 4711 Rhenan.
3364 4672 3416 4713 et

1859 4725 2131 4778 Lorichius
2157 4727 2290 4778 hanc
2330 4742 2508 4779 vocem
2541 4728 2806 4779 omittunt.
2861 4729 3090 4779 Ebusum
3138 4729 3304 4780 insula
3335 4740 3412 4780 est

1856 4796 2015 4845 maris
2045 4796 2430 4858 Mediterranei,
2457 4798 2608 4858 cujus
2630 4799 2928 4862 episeopus,
2966 4797 3134 4860 ()pilio
3165 4799 3226 4848 de
3250 4796 3417 4849 Etruso

1855 4875 2158 4914 reccnsetur
2190 4864 2320 4914 inl'ra
2346 4865 2396 4916 in
2438 4866 2627 4917 Notitia
2676 4864 2916 4916 Africana
2941 4865 3172 4917 omnium
3207 4875 3410 4932 poatreo

1858 4945 1992 5000 mus.
2027 4932 2145 4984 Inde
2203 4941 2344 4998 patet
2390 4950 2503 4985 eam
2561 4948 2768 5000 quoque
2809 4934 3028 4986 insulam
3081 4933 3326 4986 Vandalis
3360 4936 3415 4986 in

1857 4999 2028 5050 Africa
2062 5002 2400 5053 reznantibus
2428 4999 2715 5068 subjectam
2749 5003 2924 5063 fuisse,
2958 5003 3281 5068 proindeque
3311 5004 3408 5052 int-

1858 5071 2048 5120 merito
2075 5068 2156 5121 hic
2181 5084 2296 5121 eam
2346 5071 2393 5122 in
2427 5073 2644 5137 aliquot.
2675 5072 2988 5124 editionibus
3035 5073 3224 5122 omitti.
3284 5072 3411 5122 Vide

1855 5148 2028 5189 autem
2059 5155 2174 5205 qua:
2214 5139 2278 5189 de
2303 5157 2360 5191 ea
2393 5141 2614 5207 aliisque
2642 5141 2769 5193 locis
2803 5142 2883 5191 hic
2922 5155 2949 5189 a
2983 5140 3188 5191 Victore
3217 5156 3408 5192 memo-

1858 5209 2002 5264 ratis,
2027 5209 2369 5259 observamus
2401 5209 2530 5261 infra
2566 5215 2614 5261 in
2648 5209 2784 5262 notis
2812 5209 2874 5259 ad
2908 5209 3153 5260 Notitiam
3208 5211 3407 5259 Africa-

1859 5292 1997 5328 nam.
2027 5278 2129 5343 65
2160 5278 2227 5327 lle
2257 5279 2496 5329 Odoacro
2536 5286 2708 5330 autem
2743 5279 3052 5330 llcrnlorunt
3090 5294 3227 5342 rege,
3263 5279 3347 5341 qui
3381 5293 3405 5325 a

1855 5347 2141 5398 Geuscrteo
2169 5347 2398 5396 Siciliam
2423 5349 2522 5398 sub
2543 5349 2719 5399 tributi
2744 5348 2920 5398 debito
2947 5348 3029 5399 hic
3052 5349 3239 5397 dicitur
3257 5360 3405 5395 acce-

1859 5419 2014 5479 pisse,
2053 5416 2178 5466 nihil
2211 5416 2598 5467 observandum
2629 5419 2874 5475 occurrit,
2900 5432 3015 5468 cum
3041 5417 3151 5480 ejus
3179 5424 3317 5479 gesta
3343 5431 3406 5466 cx

1854 5486 2072 5546 Vulgatis
2106 5484 2297 5548 passim
2328 5488 2630 5537 auctoribus
2660 5496 2778 5536 nota
2810 5486 2931 5536 sint.
2987 5487 3188 5535 Primus
3230 5495 3308 5534 est
3341 5500 3405 5536 ex

1855 5553 2087 5605 barbaric
2119 5553 2222 5618 qui,
2249 5554 2510 5604 exstincto
2549 5555 2869 5606 Oechlenlali
2903 5554 3141 5615 Imperio,
3180 5551 3226 5601 in
3262 5553 3409 5603 Italia

1852 5625 1985 5678 riuis
2020 5639 2206 5672 ntnncn
2240 5622 2485 5672 obtinuit.
2521 5624 2646 5673 Eunt
2680 5633 2887 5674 secutus
2929 5634 3006 5671 est
3040 5620 3403 5672 'l‘hcmloricns

1853 5694 2066 5760 Magnus
2114 5693 2198 5754 qui
2219 5692 2656 5758 Ubll‘tlgtillltll‘llltl
2684 5707 2896 5757 tt‘gnum
2923 5693 2970 5741 ιιι
2999 5690 3136 5742 Italia
3162 5692 3404 5745 inStitmt.
