4358 6444
218 491 312 544 ’701

1598 456 2133 514 PROLECOMENA.

3409 450 3515 508 762

217 604 344 647 tutu
390 589 736 656 scripserunt,
769 582 1008 653 plerique
1040 579 1186 632 illum
1223 584 1348 630 sunt
1404 571 1614 632 lmitat't,
1643 570 1795 640 quasi
1829 574 1880 631 Α
1911 569 2065 637 Prag.
2095 608 2109 630 ,
2175 565 2513 631 Angelicum,
2576 562 2997 617 Alexandrinum
3029 605 3042 626 ,
3092 563 3455 656 Mariettitutm
3491 605 3508 631 ,

218 698 338 733 rum
371 693 594 746 poeseos
642 673 966 729 Christiana:
1012 677 1291 737 parentem
1343 673 1724 733 agnoscerent,
1755 671 1808 714 et

219 772 460 839 quamvis
488 764 845 836 quorumdam
878 761 1016 814 fama
1044 757 1276 812 obscura
1321 756 1413 822 sit,
1449 765 1629 808 tamen
1681 749 1813 805 nihil

224 860 344 914 inde
378 859 480 912 Pru
505 856 652 912 'entii
674 854 860 925 gloriae
881 849 1204 913 detrahitur,
1232 844 1687 916 quemadmodum
1719 856 1814 896 nc-

220 966 320 1018 que
346 948 550 1018 Virgilii
582 958 637 1002 et
658 946 886 1000 aliorum
910 952 1153 995 veterum
1190 952 1419 1008 quorum
1456 949 1645 990 versus
1667 946 1816 1001 saepe

220 1049 392 1109 poeta:
448 1035 738 1090 Christiani
796 1032 1062 1101 sequioris
1115 1028 1216 1082 arvi
1270 1025 1666 1094 exprimebant.
1706 1025 1818 1078 lmo

221 1131 510 1185 Prudentia
536 1127 588 1181 bi
619 1140 809 1196 magna
837 1141 899 1179 ex
935 1129 1085 1192 parte
1115 1121 1332 1186 debent,
1360 1118 1502 1189 quod
1546 1115 1818 1185 aliquibus

225 1223 519 1280 luminibus
541 1236 728 1278 eorum
750 1219 988 1275 carmina
1009 1215 1350 1285 Splendeant,
1379 1211 1815 1282 quandoquidem

221 1330 282 1370 oa
312 1329 433 1382 quae
460 1317 514 1369 in
544 1328 575 1370 e
596 1328 624 1366 ε
646 1312 878 1366 maxime
900 1309 1153 1373 emicant,
1173 1321 1238 1363 ex
1273 1305 1640 1361 Prudentiano
1669 1303 1819 1357 fonte

223 1403 522 1459 hiuserint.
559 1401 725 1456 Plura
755 1396 1059 1467 hujusmndi
1101 1396 1154 1450 in
1184 1394 1596 1448 Commentariis
1643 1392 1820 1460 profe-

225 1508 362 1558 ram,
387 1507 528 1546 nunc
549 1491 850 1561 aliquorum
883 1490 1097 1542 nomina
1127 1487 1456 1541 recenseho:
1488 1485 1820 1552 Apollinaris

223 1584 494 1649 Sidonius,
549 1587 785 1637 A'cimus
826 1582 1034 1646 Avitus,
1092 1579 1437 1641 Fortunatus,
1487 1576 1820 1630 'Iheodulfus

224 1675 646 1739 Aurelianensis,
682 1673 852 1736 Dudo,
886 1673 1134 1735 llericus,
1186 1669 1468 1733 Arnulfus,
1503 1667 1691 1728 Dares,
1724 1681 1817 1719 sou

225 1764 424 1833 Ioseph
488 1765 779 1830 Devonius,
832 1747 1140 1830 Cotippus',
1201 1760 1602 1824 "ill‘llllillll‘llls',
1655 1758 1822 1812 \Van-

225 1856 522 1912 dclbertus.

801 1966 1028 2022 CAPUT
1053 1965 1242 2021 XXIX.

228 2106 305 2161 De
336 2105 646 2160 rat't'mttium
681 2104 948 2156 lectionum
981 2102 1203 2156 delectu.
1255 2100 1449 2166 Quibus
1484 2102 1616 2152 not's
1647 2100 1827 2151 editio.

299 2193 411 2239 nes,
445 2189 491 2229 et
533 2176 872 2241 manseripti
918 2173 1120 2227 codices
1167 2173 1220 2225 iu
1269 2172 1644 2224 commentariis
1694 2171 1828 2221 indi-

298 2259 494 2300 οαιηιν.

302 2402 464 2471 218
500 2399 629 2454 257.
672 2399 736 2455 Ut
756 2399 1262 2453 commentatiorum
1294 2398 1502 2452 facilior
1528 2397 1597 2451 sit
1628 2411 1753 2451 usus
1775 2406 1828 2452 et

229 2491 604 2560 intelligentia,
631 2490 886 2544 nonnulla
919 2479 1065 2543 ante
1099 2499 1313 2557 oportet
1360 2489 1652 2558 explicare.
1693 2489 1826 2542 Pro-

231 2586 264 2637 h
286 2584 435 2636 .biles
466 2581 705 2636 virorum
728 2582 1008 2636 doctorum
1043 2581 1385 2649 conjecturas
1435 2582 1576 2634 ultro
1605 2581 1829 2648 exponi-

231 2690 370 2736 uts,
396 2674 488 2727 sed
516 2674 584 2726 ita
609 2681 666 2726 ut
688 2673 1112 2743 repugnantibus
1145 2673 1294 2726 libris
1344 2672 1615 2726 veteribus
1645 2683 1699 2725 et
1722 2672 1830 2726 edi-

231 2765 468 2819 tionibus
517 2763 770 2833 antiquis,
833 2779 978 2826 raro,
1028 2772 1120 2815 aut
1158 2779 1430 2832 nunquam
1484 2763 1825 2831 adOptetnus,

233 2858 530 2924 prasert'm
572 2870 693 2910 cum
723 2869 912 2908 sensus
962 2855 1309 2914 commodus,
1363 2856 1627 2922 tnetrique
1674 2855 1756 2908 lex
1799 2870 1827 2908 a

234 2947 526 3004 Prttdentio
552 2945 838 3000 observata
863 2946 1112 3013 sustineri
1141 2958 1340 3015 potest.
1391 2947 1461 2999 Ea
1493 2963 1622 2999 vero
1669 2945 1830 3000 lectio

232 3039 550 3107 intelligitur
574 3054 604 3090 a
637 3037 791 3092 nobis
821 3039 1069 3105 pra-lata,
1112 3053 1231 3106 qua:
1257 3038 1310 3091 in
1350 3039 1588 3091 carmine
1632 3052 1832 3105 propo-

232 3130 400 3189 nitur.
433 3129 678 3199 quamvis
704 3130 757 3182 in
810 3128 1214 3182 comunt-utariis
1247 3128 1428 3197 plures
1457 3127 1672 3182 codices
1701 3143 1830 3181 con-

233 3231 313 3273 tra
347 3222 724 3287 producamus,
757 3229 847 3273 aut
875 3219 1035 3274 aliam
1088 3218 1372 3274 lectionem
1413 3233 1568 3289 atque
1599 3220 1826 3281 bonam,

1927 658 2186 712 Viennen.
2222 656 2339 708 Vat.
2372 657 2412 708 A
2441 663 2494 709 et
2521 653 2576 706 Β.
2612 655 2744 708 Nam
2774 670 2838 707 ex
2870 653 2990 707 aliis
3021 655 3290 707 interdum
3311 649 3519 708 ’lectio-

1921 763 2042 803 nem
2073 765 2101 800 a
2125 747 2417 810 Communi,
2452 755 2507 800 et
2536 746 2772 800 stabilita
2819 746 3216 812 discrepantem
3261 763 3368 798 non
3419 749 3517 799 atl-

1920 837 2126 903 notavi,
2159 835 2302 904 quod
2339 835 2596 890 mendosa
2645 843 2813 899 esset,
2865 846 2956 889 aut
3004 847 3188 902 aperte
3223 837 3514 903 superflua.

1923 928 2248 994 Plerumque
2279 929 2440 983 etiam
2471 935 2739 981 vetustate
2795 926 2966 981 ferme
2995 936 3330 996 con-umptae
3384 927 3524 980 litte-

1924 1035 1997 1074 rae
2018 1019 2088 1074 ita
2121 1020 2412 1089 fugit-baut,
2449 1028 2505 1070 ttt
2534 1019 2902 1085 periculosum
2933 1027 3080 1072 esset
3106 1027 3254 1073 certo
3280 1018 3527 1083 judicare

1923 1111 2049 1179 quid
2083 1112 2531 1178 essetoscriptnm.
2567 1110 2780 1164 Manum
2836 1110 3066 1178 primam
3114 1111 3466 1177 exscriptoris
3497 1125 3529 1162 a

1923 1220 2082 1259 manu
2112 1203 2373 1267 secunda,
2405 1202 2546 1271 quod
2573 1201 2658 1256 his
2678 1203 2822 1256 notis
2845 1203 3044 1265 indico,
3074 1219 3142 1256 m.
3168 1219 3275 1272 pr.,
3295 1219 3363 1254 m.
3384 1218 3486 1255 acc.
3511 1242 3528 1268 ,

1926 1279 2312 1361 itadistittguo,
2372 1293 2434 1344 ttt'
2476 1300 2714 1346 veterem
2770 1307 3025 1358 manum,
3075 1303 3181 1344 tam
3231 1292 3527 1345 secundum

1927 1401 2083 1455 quam
2115 1386 2362 1452 primam,
2399 1383 2692 1452 intelligam
2715 1424 2729 1446 ,
2764 1385 2865 1438 nisi
2897 1400 3020 1438 cum
3077 1394 3350 1439 recentem
3383 1384 3530 1438 clare

1925 1478 2166 1532 omnino.
2197 1476 2428 1528 (Indices
2457 1489 2587 1527 vero
2638 1490 2771 1528 mss.
2823 1483 2878 1529 et
2907 1475 3106 1539 editos,
3156 1490 3385 1543 quorum
3427 1475 3532 1526 fre-

1925 1575 2174 1640 quentior
2203 1569 2404 1621 mentio
2429 1569 2684 1632 occurrit,
2711 1569 2899 1635 primis
2928 1579 3135 1621 tantum
3170 1567 3362 1620 litteris
3380 1568 3533 1620 soleo

1925 1663 2219 1730 appellare,
2251 1674 2387 1728 quos
2419 1667 2477 1712 ut
2504 1660 2672 1712 lector
2704 1659 2860 1712 facile
2886 1658 3053 1727 t-os~it
3094 1673 3411 1729 agnoscere,
3442 1673 3534 1710 cu—

1926 1772 2042 1809 rum
2077 1753 2375 1816 catalogunt
2401 1750 2702 1818 suhj'ciatn.
3271 1802 3274 1805 ,

2000 1848 2136 1900 ALD.
2160 1845 2338 1898 Ed-tio
2354 1843 2474 1896 Aldi
2495 1843 2818 1907 Manutii,de
2834 1859 2933 1912 qtta
2952 1859 3113 1911 supra
3133 1860 3280 1896 num.
3309 1844 3407 1897 101
3431 1843 3528 1910 (a).

1796 1918 1799 1921 Ι
1861 1946 1906 2004 Β
2004 1939 2166 2009 219
2196 1939 2363 1990 ALEx.
2392 1935 2568 1989 Codex
2601 1936 2997 1988 Alexandrinus
3025 1937 3123 1991 521
3160 1937 3209 1988 itt
3239 1936 3526 1989 bibliothe-

1935 2049 1994 2087 ca
2030 2033 2308 2094 Vaticana,
2341 2030 2408 2084 de
2440 2044 2544 2095 quo
2574 2044 2732 2096 supra
2760 2045 2911 2082 nunt.
2942 2030 3032 2083 78.

2009 2126 2142 2177 Atr.
2174 2122 2358 2176 Codex
2414 2121 2646 2174 Altinius
2684 2122 2821 2188 apul
2869 2122 3168 2175 llt'insium.
3205 2121 3338 2173 Vide
3385 2137 3532 2172 uutn.

1938 2215 2058 2269 100.

2006 2308 2177 2359 Anan.
2223 2301 2405 2358 Codex
2453 2303 2794 2357 hiblimhecre
2847 2301 3265 2356 Mmliolauctssis
3310 2302 3537 2356 Audiri,-

1933 2396 2099 2450 siante
2131 2395 2270 2463 apud
2305 2394 2601 2448 lleinsittnt.
2633 2393 2791 2447 Num.
2829 2394 2950 2447 100.

2007 2492 2137 2542 Asc.
2166 2485 2344 2541 Codex
2379 2487 2715 2540 bibliotheca:
2748 2489 3002 2540 llomana:
3036 2486 3328 2542 Angelicm.
3365 2486 3521 2537 Nunt.

1934 2578 2025 2632 76.

2006 2671 2217 2727 Bontsn.
2249 2672 2428 2725 Codex
2484 2671 2820 2725 Boiteriattus
2865 2669 3128 2721 vt-ttzstittr
3172 2677 3226 2721 et
3268 2667 3537 2722 tecetttior

1934 2763 2073 2830 apud
2105 2763 2401 2818 Heinsiunt.
2437 2763 2595 2816 Num.
2643 2762 2766 2816 tuo.

2008 2854 2168 2910 Bono.
2201 2854 2384 2909 Codex
2420 2854 2817 2923 Bongarsianus
2857 2849 2998 2920 apud
3035 2849 3342 2905 Weitziutn.
3378 2847 3536 2903 Nutu.

1935 2949 2024 3003 99.

2009 3041 2211 3094 Bouou.
2240 3039 2420 3094 Codex
2449 3039 2829 3095 Bonottiensis.
2861 3037 3020 3094 Num.
3049 3037 3138 3090 75.

2007 3133 2173 3186 Bnev.
2211 3131 2347 3185 Moz.
2377 3130 2707 3185 Breviarium
2755 3129 3189 3194 Mozarabicnm,
3223 3127 3338 3181 sive
3369 3125 3538 3179 Isido-

1937 3223 2149 3278 rianum
2179 3232 2234 3276 et
2261 3222 2568 3277 Gothicum.
2595 3219 2755 3276 Num.
2792 3221 2914 3276 HM.

233 3312 586 3374 autfirtasse
617 3314 892 3366 meliorent
921 3311 1091 3365 videri
1146 3312 1580 3379 pronuntiemus.
1617 3311 1674 3364 In
1702 3311 1901 3374 seli-C
2003 3313 2174 3369 Cauc.
2230 3313 2455 3368 Cauchii
2508 3314 2682 3368 codex
2741 3322 2796 3368 et
2849 3322 2993 3368 notat
3046 3311 3186 3382 apud
3237 3309 3540 3366 Heinsittm.

230 3402 424 3471 pendis
473 3401 794 3457 lectionibus
823 3403 1088 3456 rationem
1122 3401 1410 3456 habuimus
1456 3414 1566 3455 tum
1615 3415 1829 3468 sensus,

235 3504 348 3546 tum
379 3492 560 3558 metri,
593 3503 700 3545 tum
732 3491 1135 3547 consuetudinis
1182 3502 1374 3562 poetae,
1433 3501 1544 3546 tum
1601 3493 1829 3548 aliorum

234 3583 490 3638 similium
517 3584 790 3646 locorum,
824 3597 943 3647 qua:
983 3591 1077 3636 aut
1118 3584 1161 3637 is
1211 3584 1450 3637 imitatus
1505 3583 1684 3650 fuerit,
1740 3594 1833 3640 aut

235 3674 325 3727 alii
358 3672 564 3742 antiqui
595 3687 661 3728 ex
686 3687 752 3727 eo
778 3673 1162 3741 expresserim.
1192 3671 1402 3741 Srepins
1425 3674 1605 3741 plures
1646 3684 1702 3730 et
1731 3690 1829 3730 re-

238 3768 492 3822 tcrrimos
518 3765 733 3820 codices
756 3764 1100 3833 paucioribus
1133 3772 1188 3819 et
1217 3766 1609 3819 recentioribus
1642 3764 1832 3833 praefe-

235 3859 444 3913 rimus:
482 3871 862 3925 nonnunquam
915 3869 1114 3924 paucos
1146 3858 1360 3921 multis,
1420 3865 1664 3917 recentes
1695 3859 1832 3911 anti-

237 3951 380 4018 quis.
406 3948 537 4002 Cum
575 3949 710 4003 nihil
739 3959 927 4003 contra
983 3950 1185 4002 variam
1226 3949 1456 4003 aliorum
1510 3952 1829 4016 scripturam

237 4041 577 4107 disserimus,
610 4055 728 4094 eam
760 4039 978 4094 retineri
1010 4054 1167 4106 posse
1196 4040 1584 4094 existimamus.
1612 4038 1834 4092 Nos'ros

239 4135 453 4190 codices
478 4150 599 4189 cunt
648 4148 783 4188 voco
803 4174 818 4199 ,
851 4134 1072 4204 intelligi
1102 4133 1226 4189 volo
1278 4134 1547 4202 prmcipue
1601 4134 1832 4201 ltatisb.,

315 4269 391 4339 (a)
433 4268 589 4323 Aliud
622 4269 898 4338 exemplar
929 4267 1087 4334 hujus
1108 4267 1366 4322 editionis
1403 4278 1578 4323 exstat
1628 4270 1678 4321 in
1723 4271 1834 4338 pri-

241 4349 362 4394 vata
394 4340 708 4393 bibliouteca
738 4339 1091 4393 selectissitna
1143 4339 1241 4394 SS.
1291 4339 1351 4391 D.
1385 4339 1447 4392 Ν.
1496 4340 1571 4392 l’ii
1630 4340 1713 4393 Vl.
1771 4340 1828 4394 P.

242 4412 315 4483 bl.
344 4408 870 4483 Derstinitium,_sed
902 4408 1022 4462 linis
1052 4408 1342 4483 respondet
1372 4410 1582 4462 caeteris
1629 4411 1835 4483 Alalinis

245 4479 519 4534 l’rudentii
550 4480 875 4534 editionibns
917 4477 1225 4546 qnas'vidi.
1263 4480 1328 4534 Ut
1382 4490 1560 4534 autem
1608 4481 1835 4548 qn:cstio

245 4552 358 4610 illa,
391 4565 550 4617 quam
578 4550 724 4612 attigi
772 4558 918 4602 num:
963 4548 1065 4601 104
1092 4557 1144 4602 et
1193 4563 1309 4618 seq.
1330 4591 1345 4612 ,
1377 4548 1449 4602 de
1477 4550 1697 4618 triplici,
1729 4551 1832 4604 duo

247 4620 393 4688 plici,
419 4620 523 4683 vel,
558 4620 697 4688 quod
726 4621 904 4673 verius
938 4629 1083 4686 puto,
1118 4619 1273 4673 unica
1307 4621 1496 4674 Aldina
1554 4620 1831 4675 Prudentii

1939 3404 2096 3459 Num.
2130 3405 2253 3460 104.

2009 3497 2249 3552 (Ξειιλιι.
2284 3495 2463 3551 Editio
2492 3494 2731 3550 Cellarii.
2761 3495 2920 3552 Num.
2955 3494 3079 3550 117.

2008 3587 2185 3642 Cum.
2209 3586 2392 3641 Editio
2420 3583 2800 3641 Chamillardi.
2825 3586 2987 3639 Num.
3019 3586 3142 3640 117.

2014 3678 2155 3734 Ecl.
2187 3678 2372 3733 Codex
2398 3677 2786 3746 Egmondanus
2814 3677 2957 3747 apud
2982 3676 3271 3732 Weitaium
3302 3685 3359 3731 et
3383 3675 3546 3730 llein-

1938 3772 2099 3825 sium.
2126 3770 2287 3824 Num.
2322 3769 2412 3831 99.
2441 3767 2566 3825 100.

2008 3861 2142 3916 Eur.
2167 3862 2349 3917 Codex
2377 3860 2709 3917 Erfurtensis
2738 3860 2877 3931 apud
2911 3861 3224 3917 Weilxium.
3259 3860 3418 3915 Num.
3448 3859 3542 3916 99.

2013 3953 2174 4008 ΙδΑῐιιι.
2201 3953 2378 4009 Editio
2401 3953 2614 4023 Georgii
2643 3953 2898 4008 Fabricii.
2933 3954 3088 4008 Num.
3119 3954 3246 4008 111.

2012 4046 2179 4100 Foco.
2215 4043 2393 4100 Codex
2419 4045 2706 4100 Fuldensis
2735 4045 2877 4112 apud
2908 4044 3222 4100 Weitzium.
3258 4044 3416 4099 Num.
3449 4043 3544 4103 99.

2014 4137 2183 4192 GALL.
2211 4137 2387 4192 Editio
2417 4118 2707 4193 damnati.
2734 4135 2891 4192 Num.
2927 4135 3032 4192 tu
3060 4136 3158 4209 (ὁ).

1943 4285 2072 4324 nere
2093 4269 2240 4335 licet,
2265 4269 2588 4336 opinabitur,
2614 4269 2776 4323 etiam
2796 4267 3148 4324 Prudentium
3173 4269 3375 4324 editum
3401 4284 3546 4327 anno

1944 4341 2105 4394 1502.
2129 4340 2246 4394 Jam
2278 4356 2467 4394 omnes
2513 4340 2722 4394 Aldinte
2761 4339 3026 4394 editiones
3065 4339 3363 4404 Prudentii,
3398 4357 3536 4406 quas

1941 4427 2039 4479 ego
2066 4411 2311 4476 excussi,
2339 4411 2456 4465 sine
2488 4410 2727 4464 numeris
2775 4410 3094 4478 paginarum
3148 4411 3250 4464 hoc
3296 4413 3544 4478 prteditas

1939 4491 2066 4534 sunt
2097 4481 2360 4542 regimine
2381 4480 2666 4537 librorum.
2700 4480 3104 4548 lncipiuntcum
3121 4481 3184 4547 If,
3203 4493 3258 4535 et
3285 4480 3550 4537 desinunt

1938 4565 2060 4605 cum
2091 4568 2180 4620 yy,
2205 4552 2294 4620 qui
2324 4561 2629 4618 postremus
2652 4559 2734 4604 est
2762 4553 3101 4620 quinternus.
3126 4553 3294 4606 Aldus
3319 4553 3420 4605 ltoc
3457 4569 3544 4608 re-

1935 4621 2116 4689 gimen
2161 4623 2212 4674 itt
2261 4621 2442 4676 limine
2469 4621 2748 4686 indicat-it,
2781 4629 2836 4674 et
2867 4621 3098 4675 fortasse
3145 4623 3386 4676 Vulnerat
3422 4634 3545 4689 post

246 4679 601 4749 editione.'ah
622 4689 686 4742 iis
707 4691 794 4759 qui
822 4679 1270 4760 alia'exemplaria
1311 4691 1578 4756 inspicere
1601 4691 1829 4758 p0s~int,
1863 4679 1911 4738 Ι)
1937 4679 2219 4745 Aratorem
2253 4691 2395 4744 illico
2431 4679 2779 4745 Prudentium
2801 4692 2945 4760 legi;
2979 4707 3100 4744 naut
3132 4693 3329 4746 Arator
3348 4679 3550 4748 desinit

248 4759 459 4813 facilius
489 4760 810 4821 resolvatur,
847 4759 1104 4826 quasdam
1161 4760 1568 4814 ob-ervationes
1623 4760 1838 4814 addam.

249 4829 420 4886 Aldus
450 4839 633 4896 poetas
659 4831 991 4883 Christianos
1020 4831 1227 4883 excusit
1281 4830 1421 4897 typis
1478 4845 1621 4882 anno
1677 4830 1838 4896 1501,

248 4900 342 4953 sed
398 4899 680 4965 publicavit
711 4914 851 4953 anno
883 4897 1040 4952 1509..
1076 4900 1181 4953 Eos
1227 4900 1438 4953 dedicat
1485 4901 1686 4954 Danieli
1716 4901 1840 4954 Cla-

249 4973 334 5023 rio
381 4969 542 5021 Junio
601 4970 758 5034 1511,
808 4983 965 5036 quem
1014 4969 1086 5021 ita
1144 4969 1437 5038 alloquitur
1473 4987 1486 5023 :
1518 4970 1840 5024 Christianos

250 5048 435 5110 poetas
458 5041 573 5109 jam
600 5055 790 5092 annum
831 5041 883 5090 in
915 5040 1122 5110 thermis
1165 5041 1352 5093 nostris
1373 5056 1585 5094 excusas
1605 5042 1836 5103 tandem,

250 5107 324 5160 'mi
378 5107 559 5171 Cliiri,
617 5111 909 5163 emittimus.
974 5107 1189 5177 Pagina:
1259 5126 1368 5164 non
1441 5110 1839 5177 distinguuntur

254 5180 510 5232 mmeris.
561 5180 752 5243 Incipit
785 5178 1056 5250 iSedulius
1113 5179 1372 5249 regimine
1421 5197 1472 5245 a,
1506 5185 1646 5250 quod
1703 5199 1835 5236 con-

255 5250 491 5301 tinuatur
535 5250 598 5302 ad
655 5251 734 5302 bb.
766 5249 963 5304 Omnes
1014 5259 1137 5303 sunt
1191 5251 1468 5317 quaterni,
1505 5249 1733 5318 excepto
1781 5255 1837 5317 ti,

253 5323 494 5379 tltterno,
537 5328 590 5373 et
621 5320 680 5371 bb
729 5329 902 5374 terno.
936 5319 990 5372 lu
1035 5319 1141 5372 [ine
1170 5337 1183 5373 :
1219 5322 1444 5374 Veneriis
1478 5325 1616 5388 apud
1649 5324 1841 5376 Aidum

263 5391 278 5441 1
309 5391 389 5462 01
426 5400 589 5442 mxnsc
612 5389 886 5462 Januario.
916 5390 1223 5456 Sequuntur
1254 5393 1308 5444 in
1340 5393 1548 5444 duobus
1572 5395 1844 5462 exempla-

257 5461 445 5522 ribus,
475 5475 592 5526 qua:
639 5459 783 5524 vidi,
830 5462 933 5512 alia
966 5461 1222 5524 opuscula
1268 5464 1441 5516 soluta
1490 5459 1762 5525 oratione,
1790 5473 1843 5518 et

259 5531 747 5601 lloitnerocentones
775 5530 960 5582 Prohzc
988 5529 1276 5598 Falconi:e,
1303 5536 1394 5585 sed
1429 5532 1533 5584 alio
1559 5536 1836 5601 regimine,

259 5615 432 5665 neque
456 5598 506 5652 itt
532 5599 638 5652 fine
665 5613 837 5652 annus
868 5609 1078 5652 notatur
1115 5602 1389 5654 editionis.
1435 5604 1532 5668 Qui
1567 5598 1664 5656 hoc
1696 5605 1843 5656 10111-

257 5686 380 5721 tuen
414 5671 464 5722 iu
499 5683 684 5721 manus
712 5678 906 5733 sumat,
937 5669 1034 5723 nisi
1062 5670 1370 5738 diligentius
1392 5676 1664 5735 obsttrvet,
1692 5676 1843 5728 facile

257 5739 580 5791 cxishmabit
606 5779 618 5800 ,
654 5739 790 5804 typis
818 5753 1070 5793 escusmn
1098 5757 1236 5793 anno
1273 5742 1428 5794 1.502.
1462 5745 1609 5805 Quod
1652 5746 1694 5795 si
1726 5761 1842 5795 t-ar-

258 5823 396 5860 mina
430 5808 726 5869 Prutlentii,
778 5807 904 5861 1501
941 5824 1136 5863 excusa
1182 5821 1229 5863 et
1264 5813 1508 5877 vulgata,
1542 5815 1698 5864 simul
1735 5817 1842 5868 sint

260 5890 556 5936 rumpacta,
584 5888 638 5931 ut
663 5879 712 5928 itt
732 5879 1022 5937 cxcmp‘ari
1049 5880 1385 5938 bihliodreea:
1407 5883 1590 5935 liatbct
1610 5885 1706 5938 ium
1733 5902 1840 5938 etet--

1947 4762 2000 4814 in
2049 4777 2122 4814 ce.
2159 4761 2303 4815 Idem
2347 4760 2514 4814 Aldus
2563 4762 2816 4828 prtetnisit
2870 4764 3107 4830 regimen
3158 4765 3543 4830 npttsculorum

1945 4831 2256 4884 Graecorum
2305 4830 2619 4885 Damasceni
2654 4843 2708 4886 et
2755 4832 3019 4897 aliorum,
3049 4843 3103 4886 et
3148 4837 3450 4889 carminum
3484 4837 3542 4892 S.

1952 4902 2224 4976 Prosperi.
2273 4901 2472 4955 Verum
2515 4903 2623 4956 alio
2649 4903 2838 4957 ordine
2869 4903 3110 4970 t-rocvdit
3142 4906 3242 4958 hoc
3286 4907 3549 4976 regimen,

1943 4981 1999 5026 et
2032 4974 2098 5024 ita
2132 4981 2259 5026 sunt
2285 4987 2346 5026 ea
2376 4987 2539 5039 opera
2583 4988 2828 5027 seorsum
2863 4988 3082 5040 excusa,
3118 4985 3174 5027 ut
3203 4974 3368 5030 εωιηὶ
3393 4992 3548 5030 seor-

1941 5059 2060 5094 sum
2091 5043 2361 5111 compingi
2397 5045 2624 5112 pOSSinL
2669 5044 2852 5111 Itaque
2899 5059 2998 5113 ego
3030 5046 3383 5102 Prudentium
3430 5049 3548 5103 Aldi

1945 5113 2052 5186 vidi
2082 5113 2207 5167 alibi
2237 5115 2435 5186 solum,
2471 5115 2595 5186 alibi
2624 5129 2746 5169 cum
2777 5118 3053 5182 opusculis
3085 5117 3288 5170 Grmcis
3318 5120 3368 5172 in
3403 5121 3550 5186 prin-

1941 5185 2101 5245 cipio.
2129 5195 2182 5237 ct
2213 5185 2462 5238 versibus
2489 5184 2549 5238 S.
2596 5186 2850 5252 Prosprri
2896 5189 2944 5238 itt
2985 5188 3111 5250 line,
3146 5190 3269 5241 alibi
3297 5184 3420 5244 cum
3465 5191 3547 5243 his

1947 5257 2213 5315 vetsihus,
2240 5267 2294 5308 et
2316 5256 2590 5319 opusculis
2615 5257 2889 5310 Graecisin
2926 5258 3051 5324 fine,
3082 5259 3203 5312 alibi
3236 5278 3356 5314 cum
3387 5273 3548 5315 ctcte~

1948 5324 2022 5377 ris
2053 5326 2211 5379 simul
2242 5329 2412 5392 poetis
2431 5325 2772 5380 Christianis.

2022 5395 2097 5464 (ὁ)
2131 5395 2300 5459 Quem
2348 5397 2592 5449 tudinem
2638 5396 2957 5451 Callaodius
3003 5401 3261 5462 tenuerit,
3306 5400 3412 5454 dixi
3455 5403 3549 5460 cit,

1952 5482 2099 5517 num.
2132 5469 2256 5526 114,
2288 5475 2341 5517 et
2372 5468 2607 5533 conjeci.
2639 5483 2760 5520 eum
2809 5469 3055 5522 ordinem
3089 5473 3294 5524 servari
3339 5474 3388 5524 iu
3431 5473 3548 5523 cdi~

1951 5538 2097 5588 tione
2140 5538 2507 5589 Tornzrstana.
2545 5538 2648 5593 Sed
2697 5553 2817 5592 eum
2866 5540 3053 5594 eadem
3086 5543 3252 5594 editio
3279 5559 3305 5594 a
3359 5544 3553 5595 Latino

1950 5605 2161 5658 Latinio
2185 5607 2236 5658 in
2273 5607 2601 5661 Bibliotheca
2625 5609 2835 5663 Selccta
2865 5612 3062 5662 collata
3085 5611 3242 5665 fuerit
3271 5628 3393 5666 cum
3416 5624 3546 5664 vett.

1951 5679 2125 5734 libris,
2157 5688 2210 5728 et
2241 5677 2483 5729 diversus
2527 5679 2659 5731 ordo
2697 5682 3042 5739 ostendatur,
3078 5683 3207 5735 satis
3260 5684 3407 5734 firma
3441 5699 3550 5737 non

1950 5759 2026 5819 est
2065 5747 2153 5819 illa
2176 5747 2504 5819 c_onjectu.--a.
2538 5748 2706 5801 Video
2737 5764 2936 5810 autem,
2964 5753 3030 5801 ah
3052 5755 3097 5802 ul
3127 5758 3171 5804 is
3204 5751 3550 5819 Tornursium,

1951 5816 2016 5866 ab
2047 5817 2167 5892 aliis
2188 5816 2530 5892 Torumsimu.
2559 5824 2625 5869 ab
2659 5820 2776 5872 aliis
2814 5821 3113 5873 Tornesirzm
3156 5816 3549 5892 typographutlt

1951 5888 2234 5947 appellari,
2272 5905 2391 5940 natu
2428 5889 2717 5942 editionem
2752 5892 2919 5947 ipsam
2952 5907 3056 5943 not:
3093 5888 3219 5947 vidi.
