3922 6422
448 410 547 466 ιεῖ

1740 395 2043 452 VICTORIS
2069 394 2362 451 VITENSIS

3547 387 3644 448 188

447 517 624 589 perbia
651 515 748 569 sibi
778 521 1024 568 consueta
1044 510 1295 565 delend.t.
1323 511 1555 575 Quarum
1581 523 1737 561 unam
1759 507 1984 573 illarum,
2017 513 2053 566 Α
2093 503 2195 574 tur]
2221 506 2406 560 exsilio
2435 503 2750 560 truderetur.
2793 504 2856 558 Et
2887 504 3009 559 dum
3052 505 3148 560 ista
3190 505 3395 570 tierent,
3429 509 3518 575 qui
3549 521 3638 559 suc

451 606 505 661 id
536 613 637 668 est,
661 602 915 666 Siciliam,
942 600 1180 656 Odoacro
1208 598 1370 652 Italiae
1391 597 1501 666 regi
1534 595 1867 664 postmodum
1893 595 1992 648 tri-

456 693 661 748 butario
691 693 810 760 iure
843 689 1138 751 concessit;
1179 701 1242 739 ex
1293 701 1393 754 qua
1428 684 1477 737 ei
1503 684 1746 737 Odoacer
1772 682 1993 751 singulis

451 783 744 849 quibusque
770 776 1123 844 temporibus,
1153 784 1210 827 ut
1245 775 1458 826 domino
1488 773 1676 826 tributa
1720 771 1989 838 dependit,

451 872 679 939 aliquam
737 879 910 921 tamen
961 865 1059 919 sibi
1103 879 1381 918 reservans
1445 871 1665 929 partem.
1727 860 2001 913 Praeterea—

459 962 747 1030 przcipere
800 971 1124 1025 nequaquam
1176 964 1449 1009 cunctatus
1509 963 1592 1007 est
1641 951 1887 1005 Vaudalis
1937 957 1996 1002 ut

463 1045 741 1120 episcopos
787 1057 945 1116 atque
1000 1047 1162 1100 laicos
1226 1046 1430 1098 nobiles
1491 1045 1557 1098 de
1607 1045 1717 1097 suis
1759 1043 1995 1097 ecclesiis

455 1119 551 1214 [al.
581 1149 638 1195 et
666 1137 817 1210 locis]
864 1148 916 1192 et
966 1138 1177 1191 sedibus
1228 1136 1396 1189 nudos
1446 1137 1653 1202 penitus
1683 1119 1990 1202 eﬂ’ugarent.

456 1232 606 1298 Quod
661 1234 704 1284 si
739 1230 952 1298 optione
991 1228 1256 1295 proposita
1295 1227 1438 1278 exire
1495 1225 1793 1284 tardarent,
1857 1224 1995 1294 servi

461 1328 718 1390 perpetuo
778 1324 1131 1372 remanerent.
1214 1315 1362 1380 Quod
1429 1314 1586 1365 etiam
1661 1314 1710 1364 in
1763 1311 1997 1379 plurimis

460 1409 654 1463 factum
711 1416 824 1470 est,
887 1405 1081 1457 multos
1136 1404 1274 1454 enini
1322 1404 1636 1468 episcopos,
1698 1408 1751 1454 et
1815 1399 1995 1462 laicus,

457 1498 633 1552 claros
659 1505 814 1562 atque
848 1495 1134 1548 honoratos
1166 1497 1326 1556 viros,
1367 1504 1548 1543 servos
1589 1503 1709 1543 esse
1761 1489 1999 1542 novimus

460 1584 836 1640 Vandalorunt.

533 1676 595 1730 V.
627 1674 825 1729 Clarum
853 1673 1013 1742 pellit.
1041 1703 1112 1714 -
1155 1674 1303 1727 Tune
1341 1689 1465 1728 vero
1508 1681 1808 1725 memorata:
1858 1668 2002 1721 urbis

454 1767 782 1834 episcopum,
815 1765 862 1817 id
890 1774 992 1827 est,
1041 1764 1398 1832 Carthaginis,
1452 1763 1558 1815 Deo
1603 1771 1658 1815 et
1703 1759 2003 1812 hominibus

2096 605 2341 664 perorant
2370 595 2543 664 magni
2591 595 2896 649 sacerdotes
2943 606 3100 664 atque
3132 596 3362 662 insignes
3397 595 3492 649 viri
3529 610 3640 648 me.

2095 693 2412 737 moratarum
2457 685 2839 752 provinciarum
2884 699 3016 751 quas
3061 684 3308 737 diviserat
3358 683 3639 748 Vandalis,

2093 773 2786 842 cogitaveruntsupplicandi
2811 775 2973 840 gratia
2996 788 3170 843 regem
3188 773 3356 827 adire.
3379 773 3475 839 Qui
3493 773 3638 833 dum.

2096 873 2152 915 ut
2193 865 2354 916 moris
2400 874 2501 926 est,
2546 863 2612 916 ad
2653 863 3009 917 Maxilitanum
3044 865 3198 920 ,Iittus
3240 864 3467 928 exisset,
3501 865 3640 932 quod

2097 953 2290 1021 Lugula
2340 953 2476 1021 vulgi
2507 954 2885 1008 consuetudine
2932 955 3190 1008 vocitatur
3217 961 3258 1018 ,‘
3291 954 3502 1007 amissis
3532 955 3640 1020 iam

2095 1043 2328 1098 ecclesiis
2356 1053 2407 1097 et
2432 1044 2588 1097 rebus
2615 1059 2894 1099 occurrere
2917 1042 2941 1082 δ
2973 1047 3084 1099 ausi
3110 1056 3258 1110 sunt;
3284 1047 3644 1114 supplicantes

2097 1143 2153 1185 ut
2193 1131 2256 1184 ad
2283 1133 2658 1186 consolandum
2697 1133 2944 1200 populum
2985 1133 3098 1199 Dei,
3153 1134 3342 1188 saltem
3373 1133 3643 1187 habitandi

2098 1221 2337 1287 facultas,
2362 1220 2606 1274 Vandalis
2622 1221 2729 1290 iam
2752 1222 3160 1287 dominantibus,
3176 1223 3641 1292 aconcederetur.

2096 1310 2295 1374 Quibus
2321 1310 2410 1364 ille
2439 1325 2530 1376 per
2558 1311 2936 1364 internuntium
2966 1311 3148 1364 rabido
3173 1325 3264 1365 ore
3301 1310 3643 1378 respondisse

2099 1399 2282 1451 fertur.
2320 1396 2534 1451 Decrevi
2566 1412 2663 1464 ego
2683 1398 2750 1452 de
2779 1399 2990 1452 nomine
3016 1410 3070 1452 et
3087 1413 3280 1468 genere
3310 1407 3485 1452 vestro
3523 1397 3640 1451 ιιιιισ

2101 1493 2204 1542 lum
2240 1488 2535 1554 dimittere,
2561 1497 2615 1542 et
2638 1503 2730 1541 vos
2757 1488 2963 1542 audetis
3003 1489 3119 1542 talia
3160 1488 3462 1557 postulare!
3503 1487 3645 1550 Quos

2101 1581 2260 1632 etiam
2285 1578 2458 1631 vicino
2481 1579 2610 1631 mari
2641 1579 2805 1631 voluit
2825 1578 3006 1632 eadem
3035 1579 3161 1632 hora
3184 1579 3515 1646 demergere,
3545 1577 3644 1631 nisi

2100 1684 2128 1721 a
2155 1669 2262 1722 suis
2292 1670 2380 1721 diu
2410 1685 2474 1722 ne
2502 1670 2602 1722 hoc
2637 1668 2836 1722 faceret
2860 1677 3156 1738 rogaretur.
3188 1668 3512 1722 Reccdeutes
3541 1669 3643 1736 igi-

2104 1765 2186 1808 tur
2209 1756 2305 1818 illi.
2330 1755 2539 1810 tristitia
2563 1764 2619 1811 et
2647 1771 2874 1811 mmrore
2899 1756 3149 1822 confecti,
3179 1763 3452 1824 cmperunt
3477 1757 3645 1824 quali-

459 1855 818 1919 manifestum,
855 1855 1068 1907 nomine
1091 1861 1116 1889 ι
1146 1852 1590 1918 Quodvultdeum,
1629 1858 1683 1902 et
1724 1849 2005 1902 maximam
2038 1841 2080 1897 Β
2109 1854 2190 1897 ter
2215 1854 2476 1910 poterant,
2498 1856 2551 1898 et
2574 1845 2659 1899 ubi
2686 1854 2964 1913 poterant,
2993 1846 3180 1899 ablatis
3205 1845 3444 1900 ecclesiis
3473 1845 3645 1897 divina

456 1940 678 1998 turbam'
695 1941 1008 1994 clericorum
1044 1940 1267 1992 navibus
1293 1939 1472 1991 fractis
1499 1939 1770 2006 impositos
1789 1975 1804 1998 ,
1835 1935 2004 1988 nudos

457 2042 616 2100 atque
639 2030 960 2098 exspoliatos
985 2028 1182 2097 expelli
1215 2027 1483 2096 prascepit.
1515 2028 1659 2092 Quos
1682 2026 1819 2078 Deus
1844 2012 2008 2077 mise-

460 2125 668 2177 ratione
689 2122 938 2176 bonitatis
955 2135 1086 2184 sum,
1115 2133 1368 2188 prospera
1391 2118 1719 2186 navigatione
1730 2114 2004 2182 Neapolim

457 2208 758 2282 Campania
780 2210 1070 2279 perducere
1095 2209 1338 2277 dignatus
1363 2217 1445 2262 est
1471 2207 1758 2260 civitatem.
1783 2205 2009 2261 Senato-

461 2316 582 2356 rum
636 2314 796 2370 atque
845 2297 873 2337 δ
923 2298 1300 2352 honoratorum
1352 2295 1737 2350 multitudinem
1762 2285 1799 2365 ,ξ
1836 2294 2009 2363 primo

471 2380 657 2447 exsilio
684 2388 882 2442 crudeli
911 2387 1180 2451 contrivit,
1205 2396 1384 2453 postea
1403 2385 1780 2437 transmarinas
1805 2382 1858 2434 in
1889 2395 2010 2449 par-

463 2489 545 2534 tes
583 2478 822 2547 proiecit.
880 2477 1038 2530 Pulso
1085 2489 1313 2542 namque
1363 2475 1648 2540 episc0po,
1697 2480 1757 2522 ut
1805 2466 2007 2536 praefati

463 2583 666 2631 sumus,
688 2582 806 2621 cum
835 2566 978 2618 clero
1001 2561 1309 2627 venerabili,
1333 2561 1474 2613 illico
1493 2557 1772 2612 ecclesiam
1796 2555 2009 2610 nomine

465 2668 490 2696 ο
522 2657 855 2717 Restitutum,
889 2654 941 2706 in
969 2667 1069 2720 qua
1088 2665 1298 2720 semper
1325 2649 1556 2718 episcOpi
1582 2645 2008 2710 commanebant,

466 2760 576 2799 sua:
603 2743 841 2812 religioni
871 2741 1208 2807 mancipavit,
1236 2749 1392 2808 atque
1421 2740 1692 2816 universas
1729 2752 1844 2804 qua:
1875 2737 2007 2788 intra

465 2847 646 2887 muros
684 2833 890 2885 fuerant
928 2829 1176 2893 civitatis,
1231 2843 1352 2882 cum
1399 2828 1507 2880 suis
1549 2826 1744 2878 divitiis
1773 2823 2006 2877 abStulit.
2037 2842 2044 2849 ·

465 2922 568 2978 Sed
595 2920 753 2976 etiam
784 2919 911 2972 foris
938 2931 1117 2972 muros
1145 2928 1486 2986 quascunque
1514 2912 1680 2966 voluit
1709 2910 2006 2978 occupavit,

463 3023 516 3067 et
548 3013 808 3080 praecipue
834 3009 966 3064 duas
995 3007 1234 3077 egregias
1263 3015 1315 3058 et
1339 3004 1542 3072 amplas
1572 3002 1740 3055 sancti
1763 2998 2010 3067 martyris

465 3100 707 3169 Cypriani
733 3113 748 3153 ;
777 3112 930 3150 unam
958 3097 1046 3148 ubi
1071 3097 1378 3163 sanguinem
1409 3093 1562 3156 fudit,
1589 3091 1747 3145 aliam
1783 3090 1867 3144 ubi
1894 3089 2010 3158 ejus

2107 1933 2352 2000 mysteria
2377 1934 2666 1987 celebrare.
2695 1933 2930 1988 Subinde
2951 1944 3124 1988 autem
3150 1944 3421 1990 crescente
3458 1935 3646 2004 opibus

2106 2035 2287 2090 regno,
2320 2021 2486 2089 major
2506 2024 2668 2090 coepit
2691 2032 2746 2075 et
2768 2023 3010 2090 superbia
3034 2025 3330 2094 prepagari.

2180 2109 2265 2162 Vl.
2305 2110 2591 2164 Sebastiani
2634 2112 2777 2179 ﬁdes.
2810 2141 2879 2151 —
2931 2111 3175 2166 Referam
3227 2099 3402 2166 atitem
3452 2111 3645 2165 factum

2105 2199 2243 2268 quod
2269 2201 2381 2267 ipso
2402 2211 2602 2269 gestum
2629 2213 2708 2254 est
2733 2212 2987 2270 tempore.
3015 2203 3136 2256 Fuit
3172 2217 3350 2256 comes
3384 2203 3595 2270 quidam
3623 2212 3647 2239 ’

2108 2287 2474 2353 Sebastianus,
2525 2288 2710 2342 famosi
2760 2289 2902 2342 illius
2942 2305 3106 2357 gener
3144 2289 3354 2343 comizis
3380 2289 3649 2353 Bonifacii,

2105 2389 2228 2428 acer
2255 2375 2493 2439 consilio,
2516 2383 2571 2430 et
2599 2387 2848 2430 strenuus
2875 2377 2928 2430 in
2957 2377 3124 2442 bello;
3154 2378 3304 2446 cuius
3328 2376 3647 2443 Geisericus,

2106 2464 2242 2518 sicut
2265 2464 2480 2518 consilia
2506 2468 2802 2520 necessaria
2829 2465 3048 2520 habebat
3069 2508 3084 2529 ,
3128 2467 3198 2520 ita
3237 2475 3292 2521 et
3319 2468 3649 2535 prasentiam

2108 2551 2443 2605 formidabat.
2467 2549 2698 2619 Cupiens
2725 2561 2901 2608 autem
2931 2554 3073 2607 illum
3097 2555 3432 2622 exstinguere
3450 2593 3467 2618 .
3497 2568 3650 2609 occa-

2107 2643 2309 2696 sionem
2340 2643 2523 2696 mortis
2547 2643 2614 2698 de
2638 2645 2892 2712 religione
2912 2645 3172 2714 quaesivit.
3201 2644 3568 2713 Cogitavitrex
3593 2655 3653 2698 ut

2109 2731 2460 2798 przesentibus
2486 2731 2750 2800 episc0pis
2775 2741 2932 2800 atque
2959 2732 3265 2787 domesticis
3301 2731 3444 2798 suis,
3488 2731 3651 2788 Seba-

2109 2821 2335 2871 stianum
2365 2819 2537 2872 taliter
2564 2821 2888 2874 conveniret.
2939 2822 3267 2887 Sebastiane,
3309 2823 3496 2891 inquit,
3541 2823 3653 2875 scio

2109 2909 2226 2976 quia
2254 2908 2474 2962 ﬁdeliter
2499 2911 2649 2964 nobis
2673 2911 2942 2966 adharere
2964 2913 3177 2980 iurasti,
3209 2914 3356 2980 cuius
3378 2915 3651 2968 veritatem

2110 2998 2425 3052 sacramenti
2469 2998 2676 3053 labores
2726 3001 2798 3053 tui
2853 3001 3222 3072 vigilantiaque
3265 3003 3651 3058 demonstrant.

2108 3086 2210 3141 Sed
2240 3097 2296 3142 ut
2325 3089 2477 3142 nobis
2504 3103 2738 3143 connexa
2770 3105 2979 3159 semper
3017 3093 3259 3161 iugisque
3290 3102 3502 3147 maneat
3526 3095 3654 3146 ami-

463 3187 726 3254 sepultum
759 3193 840 3238 est
874 3198 1086 3250 corpus,
1125 3184 1214 3250 qui
1261 3183 1405 3236 locus
1436 3182 1690 3249 Mappalia
1725 3181 2002 3234 vocitatur.
2031 3175 2076 3237 C
2108 3177 2226 3231 citia
2250 3177 2470 3242 tua,hoc
2489 3179 2682 3247 placuit
2702 3181 3047 3247 praesentibus
3063 3183 3420 3236 sacerdotibus
3437 3182 3651 3245 nostris,

463 3277 592 3342 Quis
618 3290 744 3329 vero
765 3277 1019 3328 sustineat
1043 3281 1200 3340 atque
1231 3271 1399 3338 possit
1420 3272 1533 3323 sine
1562 3271 1808 3338 lacrymis
1835 3282 2014 3322 recor-

464 3369 600 3433 dari,
631 3365 755 3419 dum
788 3365 1098 3434 praeciperet
1139 3369 1442 3414 nostrorum
1484 3370 1706 3428 corpOra
1734 3358 2010 3411 defuncto-

467 3472 606 3520 rum,
654 3460 769 3510 sine
817 3455 1148 3508 solemnitate
1181 3453 1518 3521 hymnorum,
1556 3463 1674 3502 cum
1704 3447 1918 3502 silentio
1945 3447 2010 3499 ad

466 3545 792 3614 sepulturam
834 3543 1091 3610 perduci?
1119 3542 1279 3594 Addit
1305 3539 1496 3603 adhuc,
1549 3549 1604 3592 ut
1625 3549 1677 3592 et
1705 3553 1829 3606 pars
1853 3537 2006 3592 cleri-

468 3647 648 3688 eorum
699 3645 814 3700 quae
841 3639 1184 3695 remanserat,
1241 3628 1433 3698 pmnali
1464 3625 1556 3698 [al.
1589 3623 2011 3682 exitio’tradere—

545 3857 573 3884 ἰ
599 3848 723 3914 Eius
752 3844 1002 3900 memoria
1045 3845 1338 3914 celebratur
1364 3846 1449 3914 die
1481 3845 1548 3898 26
1574 3845 1843 3914 Octobris.
1886 3844 2016 3914 Eum

477 3913 684 3974 cmteris
723 3914 992 3982 coniunxit
1015 3913 1130 3966 Ado
1155 3914 1240 3967 dic
1267 3914 1336 3967 28
1365 3913 1691 3982 Novembris,
1719 3923 1773 3964 ut
1796 3913 2024 3966 diximus

469 4002 619 4056 supra
681 3981 831 4056 (Col.
853 3983 968 4056 i815,
1001 3990 1106 4035 not.
1141 3982 1210 4050 ⁸).
1250 3983 1414 4056 De_cu
1445 3983 1587 4050 plura
1620 3981 1778 4035 habes
1808 3981 1940 4035 infra
1970 3984 2019 4035 in

469 4052 846 4110 commentario
889 4054 1157 4114 historico,
1185 4067 1301 4119 cap.
1330 4052 1384 4105 9.

539 4126 565 4162 δ
593 4127 737 4185 'I'rrs,
775 4121 940 4188 inquit
975 4121 1202 4186 Congius
1238 4123 1289 4173 ili
1317 4121 1615 4185 Glossario,
1648 4120 2022 4172 Ilonoratorum

470 4195 658 4261 gradus
682 4200 944 4261 occurrunt
958 4190 1106 4261 apud
1128 4200 1374 4261 auctores,
1398 4190 1688 4261 illustrium,
1716 4189 2017 4261 clarissimo-

472 4256 605 4325 i'um,
636 4271 679 4312 et
708 4256 1073 4326 spectabilium.
1126 4258 1198 4311 Ds-
1239 4257 1321 4310 bis
1363 4259 1509 4325 plura
1549 4260 1668 4310 vule
1711 4259 1848 4324 apud
1879 4256 2019 4308 hunc

471 4341 756 4380 auctorem.

546 4407 566 4431 ε
599 4397 671 4447 De
703 4394 801 4446 hac
828 4393 1040 4445 basilica
1092 4391 1214 4444 vide
1244 4390 1519 4442 Baronium
1552 4391 1613 4442 ad
1655 4405 1842 4443 annum
1883 4391 2014 4444 397.

473 4464 528 4516 In
555 4479 616 4516 ea
649 4462 911 4514 nonnullae
944 4461 1130 4512 habita:
1160 4470 1280 4511 sunt
1305 4459 1510 4526 synodi,
1530 4460 1776 4512 utvidere
1800 4467 1882 4513 est
1903 4474 2020 4526 pas-

472 4535 571 4585 sim
601 4533 652 4584 in
673 4533 855 4582 codice
883 4543 1144 4582 canonum
1180 4528 1430 4580 Ecclesiae
1459 4530 1738 4581 Africanae.
1789 4527 1862 4580 De
1891 4531 2016 4579 dui-

475 4603 570 4654 lius
599 4615 724 4653 vero
764 4600 890 4651 infra
941 4599 1265 4658 memoratis,
1321 4614 1370 4648 ιιι
1423 4599 1671 4651 honorem
1721 4601 1881 4649 sancti
1911 4597 2014 4667 Cy-

474 4672 638 4737 priani
668 4671 878 4731 erectis,
928 4669 1154 4720 diximus
1185 4643 1265 4737 in,
1302 4667 1657 4719 admonitione
1686 4667 1748 4718 ad
1779 4643 2009 4730 eiusdein
2041 4643 2090 4702 θ

476 4736 641 4790 sancti
668 4748 780 4789 arta
810 4752 952 4788 tium.
979 4739 1062 4798 i7,
1088 4740 1137 4788 in
1170 4736 1312 4787 Actis
1339 4748 1626 4803 martyrum
1644 4738 1706 4787 sit
1728 4737 1862 4787 ceris
1893 4752 2008 4801 pag.

476 4807 597 4858 203.
616 4808 729 4869 Qun
749 4817 922 4858 autem
943 4815 1092 4872 pacto
1115 4807 1164 4854 in
1185 4803 1565 4856 catholicorum
1593 4812 1894 4868 potestatezn
1918 4807 2014 4856 sub

479 4874 729 4925 Belisario
759 4875 971 4926 redierit
996 4889 1060 4926 ex
1095 4873 1158 4924 iis
1189 4888 1311 4932 una,
1343 4887 1498 4938 quam
1529 4873 1706 4923 Ariani
1735 4874 2010 4936 violarant,

479 4943 642 4993 fusius
669 4945 883 5005 exponit
910 4941 1191 5007 Procopius
1223 4939 1355 4992 libro
1386 4955 1418 4990 tt
1445 4943 1509 4992 de
1539 4941 1680 4994 Bello
1714 4940 2011 5003 Vandalico,

477 5025 576 5075 qua
606 5010 672 5062 de
701 5025 759 5061 re
786 5026 880 5062 nos
907 5011 1063 5066 etiam
1109 5009 1430 5072 disseremus
1468 5009 1598 5060 infra
1640 5009 1693 5061 in
1734 5008 2015 5062 Commen-

481 5079 613 5130 tario
636 5079 901 5138 ltistorico,
929 5093 1045 5141 cap.
1078 5077 1162 5130 η.

547 5143 573 5182 δ
603 5145 750 5199 Colb.
780 5145 814 5195 2
842 5155 893 5198 et
921 5146 1068 5197 Mart.
1113 5159 1230 5197 cum
1276 5143 1562 5212 Orthodpx.
1598 5143 1868 5208 Rhenano,
1916 5146 2015 5198 Lo-

480 5214 648 5269 ricltio
675 5222 728 5266 et
751 5214 890 5281 aliis,
925 5215 1014 5264 visi
1044 5223 1176 5264 sunt.
1209 5213 1354 5265 Colb.
1399 5216 1600 5276 tertius,
1643 5218 1715 5266 usi
1747 5224 1862 5266 sunt
1890 5231 2013 5281 sup-

482 5280 847 5350 plicationibus.
892 5281 952 5333 Et
997 5284 1157 5350 paulo
1187 5281 1350 5350 infra,
1386 5282 1557 5346 quibus
1589 5320 1603 5333 .
1628 5319 1640 5333 .
1662 5321 1675 5333 .
1707 5280 2017 5350 respondisse

483 5348 664 5418 inter.
687 5348 836 5402 Colb.
865 5350 884 5400 I
915 5359 970 5400 et
994 5350 1118 5401 edit.
1140 5349 1163 5398 i
1201 5349 1392 5400 habent
1411 5351 1667 5416 probatur.
1686 5348 1834 5404 Colb.
1859 5353 2014 5415 alter,

482 5422 628 5474 Mart.
661 5429 713 5471 et
751 5418 968 5471 Ot'tltod.
1020 5432 1136 5469 cum
1179 5418 1429 5486 iiiienann
1480 5429 1532 5468 et
1571 5419 1798 5480 l.oricli.,
1839 5421 2016 5486 quibus

482 5491 598 5540 dicit
621 5505 709 5540 rex
741 5503 757 5541 :
783 5487 1004 5547 Decrevi,
1036 5496 1138 5538 etc.
1165 5488 1322 5536 l’orro
1354 5484 1728 5538 Maxulitauum
1750 5484 1901 5549 littus,
1928 5489 2010 5540 hic

484 5573 511 5608 a
543 5558 744 5610 Victore
786 5564 1150 5623 memoratum,
1192 5568 1220 5604 a
1267 5551 1579 5606 Maxuluana
1627 5558 2011 5623 proconsularis

487 5627 764 5691 provincia:
790 5629 936 5687 urbe,
961 5622 1035 5675 sic
1060 5623 1254 5673 dictum
1287 5624 1443 5673 fuisse
1471 5622 1897 5690 pntatOrtelius;
1931 5625 2007 5677 Li-

484 5693 652 5758 οαιαιιι
691 5707 812 5748 vero
839 5693 916 5748 sic
941 5692 1250 5764 appellatam
1293 5692 1682 5760 interpretatur,
1728 5695 1865 5761 quod
1896 5708 2012 5750 esse

2113 3278 2165 3322 ut
2191 3271 2304 3336 eius
2327 3270 2576 3323 efficiaris
2603 3273 2772 3324 eultor
2797 3272 3067 3339 religionis
3098 3290 3251 3339 quam
3273 3284 3326 3328 et
3356 3291 3451 3328 nos
3481 3284 3535 3329 et
3561 3288 3656 3328 no-

2110 3368 2218 3412 ster
2242 3359 2461 3426 populus
2485 3374 2816 3412 veneramur.
2839 3360 2932 3412 Cui
2963 3361 3328 3430 Sebastianus,
3372 3378 3483 3416 rem
3510 3365 3655 3418 inve-

2113 3449 2261 3501 niens
2273 3447 2456 3498 miram
2472 3448 2748 3516 multisque
2762 3449 3133 3511 neceSSariam,
3152 3465 3244 3517 pro
3261 3459 3494 3519 tempore
3506 3461 3658 3506 acute

2110 3536 2416 3606 respondit:
2442 3538 2650 3603 Qumso,
2677 3537 2890 3591 domine
2932 3554 3043 3600 rex,
3087 3549 3142 3592 ut
3172 3555 3308 3594 nunc
3338 3555 3470 3593 unus
3509 3544 3660 3610 panis

2110 3627 2481 3682 mundissimus
2499 3642 2560 3680 ac
2574 3626 2665 3697 [al.
2685 3627 3058 3698 similagineus]
3072 3629 3372 3685 similaceus
3386 3629 3653 3685 al'feratur.

2127 3855 2264 3898 terra
2294 3855 2509 3911 angusta
2539 3844 2816 3898 admodum
2861 3856 2911 3915 et
2949 3848 3121 3915 longa,
3155 3864 3270 3914 qure
3314 3850 3365 3902 in
3396 3866 3540 3904 mare
3568 3868 3661 3905 ex~

2125 3923 2387 3979 porrecta,
2419 3915 2604 3980 lingua:
2633 3923 2856 3967 exsertae
2886 3914 3101 3968 formam
3126 3927 3502 3982 repraesentare
3519 3921 3660 3973 vide-

2125 3990 2289 4035 retur.
2320 3982 2518 4035 Similia
2549 3984 2687 4036 enim
2733 3981 2843 4036 loca
2868 3982 3044 4037 Caesar
3071 3985 3121 4036 in
3158 3981 3290 4039 libro
3338 4002 3392 4041 ιιι
3421 3988 3485 4038 de
3517 3988 3660 4040 Bello

2123 4051 2325 4104 Gallico
2355 4051 2617 4119 Lingulas,
2649 4067 2761 4114 seu,
2809 4061 2864 4106 ut
2887 4053 3003 4106 alia:
3032 4054 3288 4108 editiones
3320 4055 3530 4118 habent,
3562 4057 3661 4108 liu-

2121 4137 2246 4190 guas
2267 4120 2513 4187 appellat.
2531 4122 2630 4173 Sed
2650 4131 2825 4190 postea
2848 4122 3019 4189 ligula:
3037 4138 3224 4177 nomen
3250 4124 3316 4175 ita
3346 4124 3579 4184 invaluit,
3601 4134 3655 4176 ut

2121 4177 2369 4261 Martialis
2398 4177 2764 4261 grammaticos
2799 4177 3032 4256 irrideat,
3082 4192 3168 4260 qui
3198 4193 3404 4261 lingula:
3433 4177 3658 4247 vocabu-

2122 4255 2226 4306 lum
2259 4255 2486 4308 retincre
2511 4259 2843 4329 allectabanl,
2890 4255 3139 4327 cumiani
3168 4255 3303 4329 apud
3332 4263 3472 4328 ipsos
3501 4263 3655 4314 etiam

2120 4334 2389 4374 Senatores
2434 4335 2486 4375 et
2513 4328 2714 4387 equites
2759 4330 2826 4377 ita
2866 4328 3230 4391 obsolevisset,
3276 4339 3327 4381 ut
3369 4346 3470 4381 non
3511 4331 3662 4382 aliter

2120 4407 2272 4458 quam
2298 4393 2489 4454 ligulir,
2519 4401 2607 4442 aut
2635 4396 3079 4458 pronuntiaretur,
3111 4408 3199 4449 aut
3223 4398 3562 4451 scriberetur.

2191 4469 2213 4532 ς
2245 4460 2533 4532 Loricbius,
2563 4463 2828 4532 [aniiliaris
2856 4465 3012 4532 illius.
3065 4465 3137 4516 De
3167 4466 3473 4518 Sebastiano
3513 4469 3658 4532 plura

2119 4529 2312 4582 habent
2343 4529 2543 4582 ldacius
2572 4541 2622 4582 et
2651 4529 2872 4595 Prosper
2901 4531 2951 4582 in
2979 4531 3273 4585 Chronicis.
3301 4534 3464 4595 Ipsius
3484 4529 3656 4585 autem

2119 4600 2368 4651 memoria
2399 4607 2568 4650 exstat
2605 4599 2653 4649 in
2686 4599 3054 4666 Martyrologio
3083 4599 3283 4653 Gallice
3309 4602 3450 4652 edito
3479 4601 3656 4654 Lcodii

2113 4683 2252 4739 anno
2280 4669 2441 4730 2624,
2465 4678 2520 4719 ιιι
2545 4677 2804 4739 teszantur
2828 4668 3150 4721 Bollandiani
3181 4668 3243 4719 ad
3270 4669 3404 4720 diem
3426 4669 3490 4739 27
3516 4669 3655 4732 Maii,

2115 4738 2258 4804 Alibi
2276 4753 2400 4789 vero
2429 4752 2684 4803 nusquam
2705 4737 2978 4804 reperitur
3007 4739 3143 4789 intrr
3185 4749 3396 4789 sanctos
3427 4737 3657 4799 locatus;

2115 4805 2211 4856 nisi
2242 4803 2379 4858 forte
2427 4807 2469 4858 is
2514 4808 2623 4871 ipse
2664 4806 2825 4858 fuisse
2864 4807 3068 4859 dicatur
3099 4805 3412 4858 Sivastianus
3448 4819 3658 4871 martyr,

2115 4876 2199 4937 qui
2242 4875 2292 4925 in
2338 4873 2500 4926 veteri
2545 4875 2842 4928 calendario
2877 4875 3271 4943 Carthagineusi
3315 4875 3398 4928 die
3429 4890 3518 4927 xm
3558 4877 3662 4928 cal.

2117 4943 2384 5011 Februarii
2415 4945 2680 4995 recolitur.
2728 4947 2795 4996 At
2821 4946 2866 4996 is
2893 4944 3004 4998 dies
3043 4955 3123 4997 est
3153 4944 3337 4996 natalis
3366 4945 3536 5011 magni
3559 4945 3653 4997 Se-

2117 5010 2362 5074 bastiani,
2407 5011 2555 5077 cuius
2584 5014 2836 5064 memoria
2886 5014 2937 5065 in
2983 5022 3086 5066 tota
3137 5015 3392 5066 catholica
3430 5010 3656 5065 Ecclesia

2118 5079 2342 5132 Celebris
2372 5094 2579 5144 semper
2617 5078 2733 5131 fuit.
2779 5080 2941 5132 Porro
2974 5085 3292 5148 comparatio
3333 5082 3660 5147 baptismatis

2119 5161 2238 5198 cum
2272 5163 2426 5210 pane,
2456 5161 2610 5212 quam
2644 5149 2726 5200 hic
2754 5149 3054 5202 adhibuisse
3079 5149 3269 5202 dicitur
3298 5150 3649 5214 Sebastianus,

2119 5215 2337 5268 habetur
2368 5218 2417 5266 in
2448 5216 2713 5268 breviario
2758 5217 2874 5272 fidei
2905 5220 3158 5271 adversus
3186 5219 3425 5279 Arianos,
3463 5219 3602 5284 quod
3629 5232 3657 5268 a

2083 5340 2087 5344 ,
2119 5285 2400 5337 Sirmondo
2424 5299 2540 5336 cum
2570 5286 2688 5337 aliis
2707 5287 2972 5352 opusculis
2996 5303 3134 5338 anno
3159 5287 3290 5340 i650
3319 5287 3526 5338 Parisiis
3550 5285 3661 5336 edi-

2122 5361 2231 5404 tum
2258 5361 2359 5405 est.
2391 5353 2537 5406 Unde
2563 5355 2825 5419 conjicere
2853 5355 2973 5408 licet
2993 5357 3222 5408 libellum
3255 5357 3390 5408 hunc
3418 5354 3658 5406 Vandalus

2120 5421 2171 5472 in
2204 5421 2373 5473 Africa
2405 5423 2742 5486 regnantibus
2765 5424 3011 5490 scriptum
3042 5424 3223 5487 fuisse,
3251 5437 3306 5476 ut
3327 5439 3390 5474 eo
3413 5432 3654 5490 tanqna_m

2117 5490 2407 5542 enehiridio
2435 5492 2690 5543 adversus
2731 5487 2950 5544 Arianos
2979 5494 3220 5544 catholici
3255 5499 3540 5543 uterentur.
3585 5487 3659 5539 De

2119 5559 2384 5640 Bonifacio
2412 5567 2605 5640 autem,
2653 5561 2848 5640 Comite
2893 5561 3107 5640 (autem,
3138 5562 3286 5627 cuius
3317 5556 3662 5640 Sebastianus

2118 5641 2278 5693 gener
2309 5627 2390 5678 hic
2430 5628 2637 5692 dicitur,
2694 5629 2844 5695 plura
2890 5625 2944 5684 in
2975 5625 3364 5684 Commentario
3413 5625 3661 5680 historico

2119 5697 2288 5763 capite
2311 5697 2344 5750 ’5
2369 5695 2554 5750 dicturi
2581 5710 2778 5751 sumus.
