3922 6448
271 337 364 392 ίδθ

1193 339 1279 394 DE
1317 339 1822 397 PERSECUTIONE
1866 343 2237 400 vasomca
2281 312 2404 403 ιω.
2446 349 2484 402 l.

3368 365 3466 422 190

264 447 361 540 Qui
385 460 520 540 cum
536 447 833 540 ignorasset
859 448 1164 540 Geisericus
1193 449 1488 540 Sebastiani
1511 451 1808 518 victoriam,
1839 467 1885 523 Α
1915 456 1964 506 in
1997 457 2171 510 medio
2201 457 2547 513 Vandalorum
2592 463 2756 517 nostri
2785 467 3086 524 nullatenus
3118 474 3461 540 reSpirareut,

265 538 403 591 illico
422 537 587 604 jussit
611 537 813 592 afferri.
835 538 1248 608 Apprebendens
1265 539 1442 609 itaque
1464 541 1807 597 Sebastianus

259 625 661 680 mundissimum
694 641 878 695 panem
903 667 920 692 ,
957 628 1026 680 ita
1058 628 1245 682 effatus
1274 640 1355 684 est
1385 648 1399 682 :
1443 631 1536 684 llic
1580 633 1726 698 panis
1759 641 1814 684 ut

259 715 328 769 ad
354 701 552 770 tantum
583 715 1161 784 decorem'spleudoris
1200 720 1434 782 veniret,
1483 733 1588 786 quo
1617 735 1810 773 mensa:

257 805 417 874 regis
443 805 777 860 necessarius
806 805 1116 869 haberetur,
1155 806 1388 862 discussa
1428 807 1602 874 spuria
1645 808 1810 862 furfu-

254 895 353 960 ris,
398 909 465 950 ex
511 901 684 949 massa
725 895 1036 964 similaginis
1081 910 1431 964 conspersus,
1480 912 1572 962 per
1621 913 1805 965 aquam

255 985 500 1039 transivit
520 993 574 1038 et
597 983 771 1050 ignem
795 999 809 1033 :
840 983 1038 1037 idcirco
1066 994 1120 1038 et
1145 995 1358 1053 aspectu
1382 986 1556 1039 clarus
1579 1025 1593 1048 ,
1637 995 1689 1038 et
1713 1001 1805 1039 esu

253 1073 434 1126 suavis
472 1072 720 1127 habetur.
774 1073 851 1126 Ita
889 1083 942 1127 et
981 1089 1081 1141 ego
1124 1075 1260 1126 mola
1305 1076 1578 1128 catholicae
1625 1078 1804 1129 matris

251 1161 611 1226 commolitus,
639 1170 695 1216 et
717 1163 891 1216 cribro
907 1163 1311 1216 examittationis
1327 1175 1381 1215 ut
1410 1164 1580 1217 simila
1610 1165 1800 1216 munda

254 1259 529 1322 purgatus.
580 1251 780 1320 rigatus
824 1266 938 1306 sum
989 1267 1122 1322 aqua
1181 1253 1528 1321 baptismatis,
1578 1250 1631 1307 et"
1683 1255 1801 1322 igne

250 1342 420 1398 sancti
449 1343 677 1411 Spiritus
706 1351 907 1398 coctus.
938 1343 1000 1396 Et
1028 1351 1084 1396 ut
1113 1343 1198 1397 liic
1227 1345 1371 1412 panis
1401 1344 1467 1396 de
1505 1344 1674 1409 furno,
1730 1346 1797 1396 ita

247 1441 302 1488 et
329 1447 432 1501 ego
453 1447 547 1502 per
571 1431 743 1485 ofﬁcia
780 1441 1231 1486 sacramentorum
1259 1434 1574 1495 divinorum,
1597 1434 1798 1486 artifice

251 1525 381 1585 Deo.
411 1521 482 1577 do
521 1522 666 1576 fonte
705 1521 933 1576 mundus
961 1523 1196 1576 ascendi.
1251 1523 1354 1576 Sed
1399 1524 1507 1585 fiat,
1555 1523 1598 1575 si
1647 1524 1793 1584 velis,

245 1613 388 1682 quod
418 1614 534 1681 ipse
565 1626 822 1680 propono.
850 1612 951 1664 Iste
980 1612 1130 1679 panis
1155 1611 1515 1679 confringatur
1537 1613 1585 1664 in
1611 1613 1794 1677 frusta,

245 1705 552 1758 madidetur
584 1718 738 1773 aqua,
786 1713 839 1757 et
881 1704 1070 1757 iterum
1101 1713 1503 1772 conspergatur,
1535 1704 1795 1756 mittatur-

243 1809 345 1862 qne
369 1796 427 1849 in
459 1795 664 1847 furnum
699 1811 712 1846 :
747 1793 792 1846 si
814 1793 1001 1846 melior
1023 1793 1234 1857 exierit,
1283 1794 1466 1846 faciam
1500 1793 1635 1862 quod
1675 1794 1796 1847 hor—
1827 1809 1871 1866 Β

245 1883 390 1937 laris.
425 1882 592 1948 Quam
623 1884 1036 1950 propositionem
1061 1882 1358 1938 Geisericus
1401 1899 1519 1936 cum
1552 1883 1795 1938 omnibus

239 1973 328 2042 qui
356 1974 588 2054 aderant
613 1988 732 2028 cum
763 1973 1019 2037 audisset,
1049 1976 1116 2027 ita
1149 1975 1337 2042 ligatus
1366 1984 1448 2026 est
1467 2014 1480 2035 ,
1526 1983 1581 2025 ut
1607 1989 1665 2027 se
1693 1975 1796 2026 sol-

242 2079 364 2120 vere
387 2066 610 2119 omnino
635 2078 740 2117 non
771 2073 976 2132 posset;
1004 2063 1107 2134 [AL
1132 2078 1285 2130 quem
1323 2062 1447 2131 alio]
1478 2077 1640 2130 quare
1665 2064 1797 2115 alius

240 2154 452 2224 generis
479 2164 794 2223 argumento
826 2163 1006 2221 postea
1038 2154 1340 2207 bellicosum
1394 2153 1554 2206 virum
1584 2155 1790 2206 occidit.

313 2243 425 2297 νιι.
462 2241 755 2297 Persecutio
783 2245 965 2313 gravis.
998 2271 1062 2283 ——
1101 2244 1166 2297 Et
1207 2253 1264 2296 ut
1303 2243 1368 2296 ad
1419 2244 1468 2295 id
1518 2242 1795 2297 redeamus

240 2331 378 2387 unde
407 2330 634 2401 digressi
663 2346 879 2395 sumus,
916 2339 1076 2386 terret
1120 2321 1395 2400 prteceptis
1423 2331 1692 2397 feralibus,
1738 2341 1796 2385 ut

308 2516 334 2544 ι
365 2507 439 2561 Ea
491 2520 624 2560 voce
666 2504 838 2558 missae
879 2503 1192 2556 sacriﬁcium
1236 2502 1556 2571 designatur,
1607 2504 1658 2557 in
1696 2520 1798 2572 quo

240 2591 363 2629 vere
407 2575 679 2629 Christum
724 2573 982 2625 immolari
1044 2587 1251 2638 semper
1299 2573 1521 2626 credidit
1567 2575 1796 2626 Ecclesia

241 2645 522 2699 catholica.
572 2641 847 2696 Loricliius
896 2641 1053 2694 habet
1085 2657 1097 2694 ε
1127 2655 1484 2710 usquequaque
1513 2644 1689 2694 orandi
1725 2644 1800 2696 vel

240 2711 561 2766 inmutandi.

307 2779 335 2818 δ
363 2781 478 2836 Sic.
525 2779 680 2833 codd.
726 2787 830 2830 tam
859 2777 982 2830 editi
1018 2793 1173 2846 quam
1205 2796 1332 2836 mss.
1363 2783 1437 2835 Ex
1479 2782 1590 2832 istis
1621 2792 1792 2834 tamen

241 2850 343 2920 duo
368 2848 665 2920 Colbertini
697 2849 750 2900 in
795 2847 1028 2920 margine
1065 2850 1216 2902 aliter
1248 2851 1439 2904 habent
1464 2867 1477 2902 :
1500 2852 1606 2920 66
1633 2853 1793 2918 prior,

243 2918 529 2984 Episcopus
554 2917 792 2981 eqamc;
815 2917 950 2970 alter
962 2916 1245 2982 Equitatus.
1268 2916 1594 2971 Christianus
1625 2916 1796 2986 Lupus

243 2988 290 3041 in
306 2988 687 3041 dissertatione
710 2987 776 3037 de
796 2986 1228 3048 appellationibus
1255 2989 1500 3039 Ecclesia:
1517 2988 1792 3050 Africaine,

241 3071 353 3120 cap.
379 3056 436 3119 2,
475 3055 752 3120 legendum
798 3053 878 3104 bit:
921 3067 1037 3105 esse
1073 3065 1252 3106 censet
1277 3057 1596 3106 Mauritania:
1625 3057 1798 3106 civita-

374 3101 874 3191 iit’ianfapiriianéni
911 3101 1257 3191 tibicini};
1277 3101 1792 3190 'e."ag.'i'ni'.:=,'anii
1821 3101 1865 3159 C

241 3193 373 3246 nulla
394 3188 522 3258 ejus
554 3191 782 3244 nominis
811 3191 993 3243 civitas
1024 3191 1072 3241 in
1115 3188 1292 3244 Africa
1338 3192 1536 3256 uspiam
1586 3188 1795 3257 compa-

243 3270 373 3315 reat.
420 3261 684 3314 Baronius
726 3274 851 3314 vero
893 3258 958 3312 ad
999 3273 1192 3312 annum
1221 3262 1346 3323 443,
1393 3275 1486 3326 pro
1516 3259 1796 3326 Aquitania:

244 3331 479 3398 reposuit
511 3329 820 3383 Azuritante.
857 3329 980 3380 Erat
1009 3337 1181 3381 autem
1213 3331 1404 3381 Assam
1430 3330 1478 3381 in
1506 3345 1792 3395 proconsu-

246 3399 396 3462 laris;
447 3400 542 3450 sed
591 3399 744 3465 hujus
777 3398 1057 3464 provincia:
1087 3400 1414 3464 metropolis,
1467 3410 1572 3451 tum
1627 3399 1796 3451 civilis

245 3476 348 3520 tum
375 3468 734 3521 ecclesiastica
756 3467 869 3518 sola
894 3471 1006 3520 cr'at
1033 3465 1313 3532 Carthago,
1347 3479 1402 3519 ut
1431 3467 1672 3520 omnibu~~
1705 3484 1795 3519 no-

247 3546 349 3589 tum
375 3546 478 3589 est.
515 3535 572 3587 Ιιι
604 3537 720 3588 aliis
740 3544 914 3590 autem
945 3537 1246 3602 provinciis,
1270 3536 1357 3602 qui
1380 3548 1492 3589 erat
1519 3540 1796 3600 episcopus

245 3605 580 3659 ordinatione
609 3603 788 3658 senior
812 3605 1078 3657 obtinebat
1109 3607 1407 3672 primatum,
1441 3609 1576 3658 nulla
1607 3609 1790 3658 civita-

245 3687 348 3727 tum
379 3673 516 3726 facta
550 3673 906 3737 distinctione,
935 3673 1019 3726 cui
1046 3682 1222 3726 tamen
1249 3676 1474 3737 primatis
1500 3686 1586 3724 aut
1614 3686 1796 3726 metro-

247 3745 450 3806 politani
483 3756 678 3794 nomen
706 3757 975 3794 assumere
1008 3757 1110 3794 non
1144 3743 1350 3807 licebat,
1404 3743 1494 3795 sed
1525 3745 1794 3797 dicebatur

247 3814 502 3880 episcopus
535 3813 712 3879 prime
752 3811 903 3872 sedis,
935 3819 1026 3862 aut
1053 3827 1220 3880 senex,
1245 3827 1336 3864 seu
1363 3815 1559 3873 senior,-
1599 3828 1694 3876 qua
1728 3814 1795 3865 de

247 3894 299 3932 re
323 3879 457 3933 inter
484 3881 631 3931 virus
658 3881 892 3931 eruditos
919 3882 1022 3945 jam
1055 3879 1192 3931 nulla
1217 3880 1420 3931 videtur
1441 3895 1556 3932 esse
1581 3891 1792 3931 comro-

247 3950 430 4010 versia,
461 3952 705 4014 quamvis
733 3957 882 4000 antea
918 3949 1068 3998 aliter
1106 3948 1368 3998 nonnullis
1391 3949 1555 3997 visum
1589 3948 1788 3998 fuisset.

248 4016 362 4069 llac
390 4031 518 4070 vero
563 4017 911 4068 ecclesiastica
953 4015 1224 4080 di-positio
1275 4029 1376 4064 non
1421 4016 1624 4064 vetabat
1666 4015 1788 4077 quin

281 4084 524 4137 roviucite
553 4084 770 4149 singqu
800 4083 979 4132 civiles
1017 4096 1138 4132 suas
1172 4083 1484 4147 melropoles
1519 4080 1788 4135 baberent.

281 4099 524 4137 I'OYInCIIB
553 4099 770 4149 ειιιευιω
800 4099 979 4132 ClVlleS
1017 4099 1138 4132 suas
1172 4099 1484 4147 lﬂCll’OpOleS
1519 4099 1788 4135 liaut‘l‘Clil.

247 4099 332 4206 liis
363 4150 672 4219 prtemissis,
724 4149 955 4202 insolens
995 4150 1077 4201 hic
1118 4153 1341 4211 videtur,
1388 4153 1524 4218 quod
1558 4151 1791 4204 Crescens

246 4220 534 4286 appelletur
555 4221 992 4285 metropolitanus.
1016 4222 1091 4272 An
1112 4219 1288 4272 Victor
1305 4220 1354 4272 in
1380 4221 1572 4272 exteris
1597 4221 1791 4287 degens

248 4288 544 4355 provini-iis.
590 4303 770 4341 eorum
814 4303 932 4339 eum
975 4289 1162 4355 quibus
1192 4289 1375 4353 agebat
1409 4290 1650 4355 loquendi
1680 4306 1791 4341 ino-

246 4358 363 4410 dnm
393 4357 670 4410 adhibnt?
695 4357 848 4410 Certe
879 4359 928 4409 in
954 4359 1178 4411 concilio
1198 4358 1460 4423 Epliesino
1477 4360 1623 4421 Cat-ir.-
1646 4362 1788 4412 olom

1917 563 2088 616 neque
2116 563 2333 616 usquam
2359 554 2539 605 orandi
2565 563 2653 605 aut
2683 563 2708 590 ι
2742 557 3048 613 immolandi
3083 563 3464 617 concederetur

1913 639 2244 703 gementibus
2274 640 2449 703 locus;
2485 651 2541 694 ut
2570 643 2846 698 manifeste
2888 655 3009 699 tunc
3045 650 3333 715 prOpbetite
3376 669 3465 706 va-

1916 729 2147 783 ticinium
2173 731 2528 798 compleretnr
2563 749 2575 784 :
2613 732 2729 787 Non
2776 745 2846 788 est
2875 737 2924 788 in
2955 737 3047 790 hoc
3077 747 3298 804 tempore
3322 745 3462 810 prin-

1909 835 2044 883 ceps,
2070 832 2158 872 aut
2191 822 2451 888 propheta,
2480 827 2553 874 vel
2575 824 2696 886 dux,
2727 841 2882 893 neque
2910 825 3049 879 locus
3077 829 3143 878 ad
3170 831 3458 896 sacriﬁcan-

1911 909 2031 960 dum
2061 912 2250 963 nomini
2284 921 2368 963 tuo
2406 911 2568 980 (Dan.
2606 928 2694 977 ιιι,
2731 914 2840 982 58).
2887 915 3015 969 Nam
3048 926 3100 970 et
3122 919 3343 972 diversa:
3373 935 3460 971 ca-

1909 996 2116 1051 lumniae
2134 1016 2235 1054 non
2259 1001 2476 1054 deerant
2501 1003 2756 1070 quotidie,
2781 1006 2938 1056 ctiam
2964 1005 3064 1058 illis
3090 1008 3456 1062 sacerdotibus

1904 1087 1993 1154 qui
2027 1087 2079 1141 in
2110 1089 2189 1142 bis
2217 1091 2516 1158 regionibus
2548 1094 2913 1158 versabantur,
2940 1111 3058 1160 qua:
3087 1099 3224 1164 regis
3265 1097 3456 1165 palatio

1906 1177 2096 1231 tributa
2123 1181 2438 1247 pendebant.
2476 1183 2539 1236 Et
2565 1185 2606 1236 si
2637 1185 2858 1236 forsitan
2889 1186 3166 1254 qnispiam,
3196 1198 3250 1240 ut
3293 1190 3458 1243 moris

1903 1279 2004 1333 est,
2037 1269 2162 1322 (lum
2190 1271 2281 1324 Dei
2304 1273 2554 1339 populum
2579 1275 2905 1337 admoueret,
2957 1275 3302 1342 Pharaonem,
3356 1278 3452 1330 Na-

1901 1355 2326 1428 buchodonosor,
2355 1362 2711 1424 liolofernem,
2736 1376 2825 1417 aut
2848 1366 3072 1435 aliquem
3101 1367 3328 1420 similem
3361 1384 3454 1420 no.

1899 1457 2179 1522 minasset,
2202 1460 2548 1528 objiciebatur
2575 1462 2651 1514 illi
2693 1463 2831 1530 quod
2885 1465 2934 1516 iu
2989 1479 3266 1530 personant
3315 1468 3451 1534 regis

1899 1551 1994 1605 ista
2016 1552 2253 1619 dixisset,
2285 1565 2338 1610 et
2357 1559 2532 1610 statim
2566 1538 2754 1614 exsilio
2785 1561 3110 1616 trudebatttr.
3158 1564 3267 1617 lloc
3304 1567 3444 1617 enim

1901 1652 2281 1722 persecutionis
2307 1669 2471 1721 genus
2499 1657 2769 1721 agebatur,
2817 1657 2902 1710 bic
2940 1670 3141 1724 aperte,
3184 1661 3307 1713 alibi
3351 1678 3442 1714 oc-

1897 1744 2051 1807 culte,
2101 1753 2159 1797 ut
2211 1746 2412 1810 piorum
2464 1762 2654 1801 nomen
2705 1749 2892 1802 talibus
2943 1750 3148 1804 insidiis
3185 1751 3443 1806 interiret.

1899 1844 2007 1908 Qua
2036 1843 2100 1898 de
2132 1861 2187 1899 re
2220 1846 2470 1914 plurimos
2495 1849 2825 1900 sacerdotum
2860 1859 2983 1902 tunc
3026 1850 3264 1902 novimus
3299 1853 3441 1903 reie-

1899 1949 2066 2019 gatos,
2097 1943 2230 1996 sicut
2261 1943 2528 1998 Urbanum
2579 1943 2914 2012 Girbensem,
2969 1945 3304 2000 Crescentem
3333 1961 3445 1998 mc-

1899 2041 2272 2107 tropolitanum
2306 2040 2332 2077 δ
2365 2043 2655 2109 Aquitania:
2698 2043 2946 2109 civitatis,
2987 2045 3074 2112 qui
3118 2054 3326 2098 centum
3373 2045 3445 2097 vi-

1895 2138 2024 2204 ginti
2055 2138 2102 2205 7
2129 2147 2350 2205 praeerat
2379 2139 2660 2206 episcopis,
2689 2139 3012 2194 llabetdeum
3042 2141 3443 2204 Teudaleusem.

1897 2236 2214 2289 Eustratium
2240 2236 2332 2307 [αι.
2364 2235 2717 2306 Sutl'ctanum]
2760 2238 3146 2303 Suffectanum;
3187 2250 3240 2294 et
3263 2240 3444 2310 Tripo-

1900 2333 2089 2386 litanos
2119 2331 2282 2396 duos,
2318 2342 2339 2370 ο
2371 2331 2526 2386 V'ices
2564 2332 2952 2399 Sabratcnum;
3007 2345 3063 2388 et
3102 2335 3444 2392 Cresconinm

1974 2516 1996 2542 ε
2027 2506 2179 2560 Colb.
2207 2507 2261 2571 2,
2292 2507 2496 2560 Martio.
2531 2507 2676 2561 Port.
2706 2519 2757 2562 et
2786 2508 3029 2571 Orthod.,
3058 2510 3190 2563 Vicit
3209 2510 3442 2565 Sabrate-

1898 2591 2038 2645 num.
2071 2577 2219 2628 (Iulli.
2263 2577 2467 2639 tertius,
2513 2575 2672 2645 Bricis
2705 2578 3106 2634 Sambralcnttm.
3143 2580 3437 2645 Legendttm

1901 2643 2036 2714 forte
2073 2645 2259 2698 γῦπα-ιι
2281 2661 2356 2696 en:
2403 2641 2758 2702 Sabraienum.
2807 2647 2958 2700 Certe
2999 2663 3059 2700 ex
3090 2641 3444 2714 compluribus

1900 2712 2105 2765 Notitite
2137 2716 2262 2766 locis
2293 2725 2432 2779 patet
2464 2717 2511 2766 in
2544 2716 2832 2768 scribendis
2855 2717 3110 2782 ejusmodi
3144 2712 3444 2773 nominibus

1899 2783 2091 2845 saepius
2123 2785 2347 2836 litteram
2377 2801 2406 2834 n
2433 2785 2678 2836 omissam
2713 2785 2890 2845 fuisse,
2920 2786 2994 2837 sic
3024 2787 3091 2837 ibi
3126 2787 3321 2838 Πνιιδεεδ
3350 2805 3443 2847 pro

1900 2848 2133 2904 Crescens
2167 2868 2267 2904 non
2317 2852 2478 2906 semel
2525 2853 2729 2919 legitur.
2783 2854 2895 2904 Ado
2943 2865 3149 2906 sanctos
3179 2857 3442 2909 antistites

1900 2934 2180 2972 recensens
2210 2924 2258 2971 in
2285 2922 2654 2986 inartyrologio
2680 2923 2763 2973 die
2788 2922 2854 2972 ‘28
2879 2921 3205 2984 Novembris,
3233 2924 3316 2985 qui
3344 2926 3441 2976 sub

1899 2988 2181 3039 Gensvrico
2231 2988 2362 3054 pulsi
2406 2992 2609 3040 inerant
2660 2991 2707 3040 in
2755 2990 3012 3053 exsilium,
3064 2992 3200 3041 inter
3234 2993 3440 3043 Ettstra-

1900 3055 2096 3125 lhiuiit,_
2125 3072 2275 3121 quem
2330 3056 2650 3107 Eustachium
2694 3058 2950 3123 appellit,
3003 3069 3054 3110 et
3099 3059 3438 3125 Cresconium,

1900 3127 2030 3173 locat
2060 3122 2592 3194 CfﬂSftZiiiiartllmLQIll
2626 3122 2825 3178 forte’is
2857 3128 2966 3194 ipse
2996 3136 3074 3180 est
3104 3133 3188 3194 qui
3225 3130 3305 3181 hic
3334 3122 3440 3183 me;

1898 3202 2150 3243 moratur.
2181 3191 2305 3244 Nam
2326 3192 2450 3242 alias
2472 3192 2828 3246 Crescentiaii
2858 3191 2958 3246 non
2980 3191 3213 3247 meminit
3241 3200 3434 3251 Victor.

1897 3259 1962 3311 Et
1992 3261 2198 3327 quidem
2244 3276 2307 3310 eo
2337 3261 2519 3313 ordine
2564 3272 2822 3314 recenset.
2875 3263 3273 3314 Crescentianum
3302 3268 3436 3328 Atio,

1896 3344 2000 3395 quo
2045 3329 2094 3381 in
2125 3329 2328 3381 Victore
2365 3329 2505 3380 Vices
2528 3330 2831 3382 Sabratenus
2873 3330 3114 3384 habetur.
3161 3334 3297 3385 Sane
3340 3339 3436 3385 du-

1897 3398 2038 3451 bium
2085 3399 2207 3451 mibi
2248 3415 2348 3450 non
2379 3408 2458 3450 est
2487 3401 2610 3465 quin
2661 3406 2760 3451 line
2814 3405 2924 3453 loco
2956 3405 3231 3466 episcopus
3281 3402 3435 3453 simul

1895 3480 2014 3520 cum
2045 3472 2171 3520 sede
2209 3483 2300 3519 sua
2348 3467 2675 3536 designetur;
2734 3471 2817 3523 hic
2862 3485 3046 3535 nempe
3095 3470 3267 3523 Victor
3311 3472 3441 3524 alios

1898 3551 2179 3590 recensens
2207 3538 2486 3601 antistite“
2529 3553 2624 3590 eos
2651 3555 2766 3591 cum
2798 3539 2906 3590 suis
2929 3541 3183 3605 ipsorum
3228 3540 3440 3593 sedibus

1897 3606 2125 3658 nominat
2149 3622 2163 3665 ;
2195 3606 2382 3658 deinde
2411 3607 2460 3658 iu
2490 3608 2642 3660 codd.
2677 3623 2802 3660 mss.
2840 3611 2948 3659 ba~c
2972 3624 3068 3659 vox
3095 3610 3144 3660 in
3173 3608 3302 3660 duas
3325 3624 3442 3674 par-

1899 3683 1977 3726 tes
2007 3675 2276 3727 dividiinr.
2311 3675 2448 3728 Idem
2478 3680 2704 3738 po~tu'at
2727 3678 2882 3729 etiam
2917 3677 3070 3741 hujus
3106 3676 3203 3730 loci
3227 3688 3442 3731 contex~

1897 3751 1999 3805 tus,
2033 3745 2117 3796 ubi
2145 3753 2506 3796 memorantur
2552 3745 2654 3797 duo
2680 3746 2910 3812 episcopi
2944 3747 3224 3811 provincias.
3254 3745 3441 3812 Tripo-

1897 3812 2091 3873 litanar,
2139 3812 2462 3866 Sabratenns
2503 3830 2710 3878 nempe,
2763 3817 2833 3866 nti
2875 3816 3100 3876 videtur,
3145 3825 3194 3867 et
3237 3817 3440 3867 Uensis.

1895 3878 2111 3932 Sabrata
2141 3895 2265 3932 vero
2305 3893 2355 3931 et
2382 3883 2484 3932 Oea
2516 3883 2801 3934 notissime
2836 3895 2950 3934 Sunt
2986 3884 3132 3934 istius
3163 3884 3440 3946 provincia:

1895 3948 2066 4008 urbes,
2114 3947 2165 3997 in
2211 3947 2399 3998 Notitia
2431 3949 2674 4000 Africana
2701 3959 2754 3999 et
2781 3951 2829 3999 in
2861 3951 3137 4001 coliatione
3165 3951 3438 4012 Carthagi-

1894 4015 2039 4064 nensi
2087 4025 2406 4066 memorata-.
2461 4016 2538 4066 Ex
2569 4016 2757 4081 quibus
2799 4018 2958 4081 liquet
2989 4017 3301 4069 audiendum
3336 4032 3439 4070 non

1893 4096 2010 4134 esse
2039 4081 2332 4145 Bironium,
2381 4082 2468 4146 qui
2519 4084 2568 4134 in
2615 4085 2750 4135 notis
2779 4085 2841 4134 ad
2873 4084 3008 4136 diem
3038 4085 3105 4136 28
3132 4085 3440 4138 Novembris

1894 4150 2245 4220 Martyrologii
2273 4153 2512 4220 Itomaui,
2532 4167 2634 4220 quo
2660 4152 2745 4203 die
2766 4154 3052 4203 antistitum
3083 4154 3165 4204 liic
3183 4168 3209 4204 a
3232 4153 3440 4207 Victore

1895 4229 2297 4272 memoratorum
2337 4219 2524 4272 festum
2551 4219 2800 4274 ret-olitur
2833 4221 3244 4283 Floientimnnn,
3282 4237 3436 4288 quem

1895 4289 2025 4342 infra
2057 4306 2172 4343 cum
2199 4291 2482 4343 llortolano
2503 4289 2672 4343 Victor
2687 4291 3039 4342 memoratlib.
3059 4307 3126 4352 iv,
3145 4307 3254 4362 cap.
3275 4292 3325 4342 ιι.
3359 4292 3442 4345 γι-

1895 4362 2290 4411 cessabralenum
2316 4365 2626 4426 episcopum
2655 4362 2910 4426 appellat,
2937 4376 3158 4422 eumque.
3187 4363 3288 4429 67
3309 4371 3441 4417 sicut

245 4425 710 4494 (Iartliaginensem
768 4427 1068 4492 CpiSCtipUlll
1117 4427 1298 4480 Patres
1351 4431 1788 4489 metropolitanum
1821 4438 1867 4495 ι)
1892 4441 1943 4482 et
1972 4429 2308 4482 Cresconimn
2342 4425 2601 4494 (quamvis
2632 4425 2729 4482 ise
2756 4431 2805 4481 iu
2837 4429 3024 4481 Notitia
3049 4425 3442 4486 Africar'Oensis

245 4497 594 4563 appellarunt.
620 4496 683 4547 Et
712 4497 918 4561 quidem
945 4496 1258 4559 Ferrandus,
1297 4508 1347 4547 ut
1371 4513 1473 4559 jam
1499 4497 1786 4549 Cliiflletius

245 4510 272 4546 a
310 4510 594 4563 pettarunt.
620 4510 683 4547 bl.
712 4510 918 4561 qutuein
946 4510 1258 4559 rerranous,
1297 4510 1347 4547 ιιι
1371 4513 1473 4559 jam
1499 4510 1786 4549 minuentis

245 4510 557 4631 nﬁservavit,
594 4565 853 4618 Africanis
876 4566 1184 4628 primatibus
1207 4566 1436 4617 a'triboit
1462 4577 1791 4632 qumcunqne

246 4631 306 4687 de
334 4634 755 4702 metropolitanis
782 4635 830 4685 in
867 4646 1095 4683 veterum
1124 4634 1461 4702 conciliorum
1485 4631 1785 4685 'canouibns

245 4710 427 4755 statuta
455 4701 684 4755 fuerant.
711 4702 811 4754 Sed
834 4716 929 4753 nec
957 4701 1286 4767 peregrinum
1307 4703 1518 4752 omnino
1540 4705 1630 4752 fuit
1650 4703 1783 4761 apud

245 4769 394 4821 Afros
431 4771 809 4837 metropolitani
840 4783 1061 4827 nomen;
1109 4784 1172 4819 eo
1205 4771 1394 4834 quippe
1426 4772 1584 4820 utitur
1612 4772 1786 4835 Augu-

244 4841 404 4889 stinus
453 4840 606 4890 initio
655 4838 770 4888 libri
817 4839 881 4888 de
921 4837 1081 4903 gestis
1115 4851 1230 4889 cum
1265 4837 1510 4888 Emerito.
1537 4841 1783 4902 episcopo

245 4906 547 4958 thesariensi
582 4904 872 4966 Donatista,
918 4906 1003 4956 ubi
1037 4905 1322 4956 Deuterium
1359 4907 1659 4968 episcopum
1699 4921 1782 4958 ca.

246 4973 487 5026 tbolicum
518 4973 756 5034 eiusdem
781 4974 942 5035 urbis,
972 4975 1406 5041 metropolitanum
1430 4973 1783 5026 Ca’sariensem

246 5044 484 5105 appellat.
532 5041 647 5094 Jam
682 5057 804 5094 vero
833 5058 1068 5109 quamam
1100 5053 1166 5095 sit
1213 5044 1296 5095 illa
1337 5045 1486 5095 sedes
1515 5045 1780 5107 Aquitaim,

249 5109 389 5161 nobis
418 5125 520 5162 non
548 5110 732 5173 liquet.
779 5111 831 5162 in
875 5112 1044 5163 iudice
1087 5112 1288 5164 urbium
1324 5115 1513 5164 Al'iica:
1541 5114 1784 5179 operibus

247 5180 400 5230 sancti
432 5180 677 5247 Cypriani
710 5181 949 5231 editionis
981 5182 1294 5233 Uxoniensis
1323 5185 1551 5246 praefixo,
1587 5197 1785 5233 inemo-

251 5259 383 5315 ratur
402 5249 672 5315 Aquitana,
697 5263 811 5315 qnze
835 5249 1022 5300 dicitur
1053 5248 1212 5301 fuisse
1240 5251 1448 5302 incerta:
1479 5252 1780 5315 provincice,

250 5314 424 5387 Plures
447 5314 600 5387 erant
631 5320 678 5368 in
713 5314 884 5387 Africa
915 5318 1162 5382 Aquenses
1192 5321 1423 5387 episcopi.
1460 5314 1534 5372 Ex
1570 5322 1628 5371 iis
1654 5336 1783 5370 unus

251 5385 332 5436 iuit
357 5402 385 5438 e
414 5386 716 5439 Mauritania
753 5385 1082 5449 Caisariensi,
1132 5389 1279 5454 cujus
1310 5385 1484 5441 setlein
1530 5391 1610 5440 bic
1638 5389 1776 5440 desi-

250 5456 383 5516 gnari
413 5457 692 5522 censeri-ir
723 5455 954 5506 eruditus
970 5456 1262 5522 Stephanus
1282 5458 1546 5522 Baluzius,
1571 5459 1619 5508 in
1648 5459 1782 5510 llOliS

250 5524 307 5573 ad
335 5535 486 5593 caput
527 5517 626 5577 t5'3
667 5525 961 5577 eollat.onis
990 5517 1293 5593 Carthagiu.
1344 5527 1418 5579 De
1461 5517 1684 5580 ea'vcro
1731 5529 1779 5579 in

252 5592 379 5666 notis
403 5595 466 5666 ad
498 5594 912 5666 notitiamplura
942 5595 1176 5650 dicemus
1199 5592 1342 5649 tium.
1368 5597 1456 5665 ‘23,
1485 5597 1549 5651 de
1571 5611 1776 5665 episco-

252 5662 323 5724 pis
348 5662 496 5731 lmjus
524 5663 825 5734 provincia.

1892 4500 2168 4564 episcopus
2198 4498 2390 4550 diserte
2412 4498 2635 4558 dicatur,
2667 4499 2824 4563 quod,
2865 4509 2916 4552 et
2951 4501 3057 4566 ipse
3086 4501 3274 4551 ibidem
3308 4506 3440 4555 scri-

1892 4566 2289 4627 bitBaronius),
2336 4581 2363 4618 a
2414 4567 2617 4619 duobus
2664 4567 2920 4634 episcopis
2972 4567 3310 4632 Tripolitanis
3359 4573 3442 4625 bic

1894 4636 2165 4706 recensitis
2193 4635 2483 4701 distinguit,
2513 4650 2644 4706 quos
2671 4635 2879 4706 quidem
2909 4635 3264 4706 Tripolitanos
3297 4650 3441 4706 putat

1891 4717 2011 4755 esse
2032 4703 2435 4755 Crescentianum
2463 4715 2513 4756 et
2539 4704 2877 4755 Ilortnlanum
2911 4703 2992 4756 hic
3023 4707 3088 4755 ab
3119 4703 3305 4760 Adone
3333 4710 3440 4761 Iau-

1891 4773 2060 4823 datos.
2087 4771 2345 4823 (Steterunt
2381 4788 2474 4838 pro
2505 4771 2822 4825 Crescunium
2855 4773 3084 4833 Uensem,
3111 4775 3277 4828 codex
3314 4778 3439 4831 Por-

1894 4850 2061 4891 tarum
2094 4854 2211 4891 cum
2244 4840 2480 4894 lihenani
2512 4843 2740 4896 editione
2773 4842 2926 4893 habet
2955 4840 3272 4894 Cresconinm
3308 4845 3438 4895 Ken-

1886 4908 2191 4976 sem._t2erte
2235 4909 2286 4960 in
2333 4926 2459 4963 mss.
2500 4911 2769 4964 codicibus
2795 4912 2918 4962 urbs
2949 4910 3045 4960 ista
3086 4914 3278 4976 saepius
3313 4914 3435 4972 Hea,

1886 4987 1973 5028 aut
2004 4974 2077 5026 Ea
2116 4977 2322 5029 dicitur.
2370 4980 2521 5032 Colb.
2562 4981 2584 5031 1
2629 4989 2680 5032 et
2718 4980 2866 5030 Mart.
2916 4979 3106 5030 habent
3158 4974 3437 5042 illectisem;

1885 5046 2034 5096 Colb.
2084 5046 2216 5098 alter
2249 5046 2529 5099 Uticensem
2571 5048 2722 5101 Colb.
2768 5047 2799 5096 5
2835 5046 3239 5108 Censor‘ensem;
3291 5050 3437 5100 Lori-

1885 5116 2033 5164 cliius
2063 5126 2113 5166 et
2162 5115 2359 5178 aliquot
2401 5117 2525 5168 editi
2573 5117 2854 5169 Nicetisem.
2902 5116 3098 5168 Tamen
3135 5117 3437 5168 (iicsioimm

1889 5182 2121 5244 Oeiisem,
2172 5184 2220 5234 in
2254 5182 2444 5236 Nolitia
2475 5186 2660 5236 Africa:
2706 5185 2842 5236 inter
2869 5184 3051 5236 Patres
3083 5185 3436 5248 Tripolitinos

1888 5261 2258 5313 memoratum,
2283 5253 2366 5304 hic
2387 5253 2644 5320 designari
2672 5265 2818 5306 extra
2846 5253 3060 5306 dubium
3089 5262 3186 5302 est.
3213 5255 3280 5302 De
3301 5264 3436 5303 utru-

1886 5337 1983 5379 que
2018 5321 2112 5373 hac
2145 5322 2291 5382 urbe,
2339 5323 2558 5374 Sabrata
2589 5321 2790 5374 scilicet
2827 5333 2878 5374 et
2909 5323 3033 5378 Oca,
3065 5321 3179 5370 vide
3207 5333 3354 5372 noms
3389 5326 3436 5372 in

1887 5390 2128 5440 Notitiam
2165 5389 2371 5458 Africa),
2403 5392 2485 5442 ubi
2517 5391 2582 5442 de
2610 5392 2948 5458 Tripolitanis
2979 5389 3260 5454 episcopis,
3291 5407 3436 5441 num.

1885 5461 1917 5510 2
1949 5468 1999 5509 et
2029 5458 2071 5507 ι.
2099 5458 2261 5509 Porro
2285 5457 2500 5509 Filicem
2529 5457 2867 5510 Adrunietiua'
2893 5458 3098 5508 civitatis
3124 5460 3436 5525 epismpnm,

1890 5528 1970 5578 bic
1997 5541 2022 5577 a
2061 5527 2269 5579 Victore
2293 5528 2576 5588 laudatum,
2607 5544 2722 5581 cum
2748 5527 2954 5580 cmteris
2982 5528 3220 5577 recolunt
3251 5531 3362 5582 Αιιο
3389 5542 3435 5586 ct

1886 5597 2306 5666 Martyrologium
2339 5597 2654 5663 Romanum,
2688 5598 2768 5650 dic
2790 5594 2855 5648 ‘23
2887 5592 3218 5648 Novembris.
