3922 6400
466 370 560 421 I'JI

1740 363 2041 419 VICTORIS
2081 363 2377 418 VlTbNS'lS

3516 412 3523 418 .
3561 362 3654 415 ως

456 486 723 542 Uensent;
762 486 816 530 et
842 477 1198 532 Adultus-tina:
1242 476 1474 531 civitatis
1523 478 1747 531 Felicem
1792 476 1991 544 episco-
2027 480 2069 535 Α
2101 483 2303 529 rentur.
2334 474 2401 527 Et
2422 475 2542 542 quia
2568 473 2680 528 loca
2710 474 2852 529 nulla
2891 474 3223 529 sulticiebant
3264 475 3328 529 ad
3372 491 3652 543 capessen—

457 582 605 636 pum,
649 566 720 620 ob
765 565 864 620 hoc
891 565 1031 633 quod
1054 566 1376 633 suscepisset
1402 564 1685 635 quemdam
1710 562 2002 618 Iohannem

460 656 771 711 monachum
794 656 1235 718 transmarinum;
1269 654 1362 708 sed
1391 665 1444 707 et
1465 655 1599 707 alios
1629 654 1847 719 multos,
1871 667 2006 721 quos

465 746 675 814 longum
696 754 779 799 est
805 754 857 798 et
878 759 1152 799 enarrare.
1184 745 1383 809 Quibus
1410 753 1583 798 tamen
1614 746 1665 797 iu
1692 744 1879 797 exsilio
1908 758 2005 811 po-

461 837 577 889 sitis
605 836 727 888 dum
754 836 930 888 obitus
957 833 1278 899 obvenisset,
1311 849 1415 888 non
1446 835 1637 889 licebat
1659 834 1791 887 alios
1820 847 2004 887 eorum
2039 868 2043 873 ι

457 926 761 981 civitatibus
784 925 1017 978 ordinari
1047 925 1347 992 episcopos.
1401 925 1543 979 Inter
1580 924 1694 978 haec
1715 933 1887 977 tamen
1912 923 2005 977 Dei

459 1015 683 1082 populus
705 1014 757 1066 in
787 1012 889 1066 [ide
914 1013 1235 1074 consistens,
1264 1022 1321 1065 ut
1348 1027 1576 1066 examen
1619 1027 1775 1081 apum
1826 1026 2008 1067 cereas

458 1102 729 1157 mdiﬁuns
760 1101 1061 1155 mansiones
1080 1140 1096 1165 ,
1140 1103 1430 1156 crescendo
1460 1102 1664 1155 melleis
1694 1100 1815 1155 lidei
1842 1110 1866 1137 ι
1898 1085 2009 1155 cal-

457 1193 588 1247 culis
616 1192 948 1257 ﬁrmabatur;
975 1204 1031 1247 ut
1052 1193 1361 1260 impleretur
1383 1193 1469 1247 illa
1490 1192 1779 1246 sententia:
1806 1192 2008 1256 Quanto

466 1286 629 1354 magis
652 1301 736 1337 eos
755 1283 1070 1352 afﬂigebant,
1094 1294 1232 1336 tanta
1260 1283 1417 1353 magis
1443 1280 1934 1352 multiplicabantur,
1962 1292 2008 1334 et

460 1375 824 1428 invalescebant
850 1376 1001 1426 nimis
1026 1373 1219 1442 (Exod.
1251 1388 1293 1439 ι,
1323 1372 1437 1441 12).

535 1463 664 1516 VIII.
698 1462 996 1531 Deogratias
1045 1464 1269 1516 virtutes.
1293 1491 1363 1504 ——
1388 1462 1514 1516 Post
1542 1462 1655 1515 haec
1684 1462 1876 1515 factum
1904 1468 2007 1524 est,

461 1554 789 1620 s'pplicante
849 1551 1212 1605 Valentiniano
1266 1553 1501 1619 Augusto
1531 1591 1547 1615 ,
1611 1550 2008 1619 Carthagincnsi

464 1641 715 1696 Ecclesia:
737 1650 854 1711 post
878 1641 1089 1709 longum
1120 1642 1386 1695 silentium
1416 1641 1774 1705 desolationis,
1804 1640 2011 1707 episco-

466 1746 586 1799 pum
614 1731 849 1785 ordinari
878 1731 1089 1786 nomine
1140 1730 1448 1799 Deogratias
1479 1749 1495 1783 :
1541 1732 1691 1797 cujus
1728 1730 1775 1784 si
1814 1731 2011 1783 nitatur

2101 564 2221 619 dam
2250 563 2636 618 multitudinem
2657 572 2876 627 tantam,
2906 565 3152 619 basilicas
3171 567 3301 619 duas
3342 567 3640 620 nominatas

2112 662 2169 708 et
2194 652 2419 719 amplas,
2441 650 2469 689 δ
2494 652 2691 717 Fausti,
2724 663 2779 707 et
2803 651 3089 718 Novarum,
3112 668 3233 707 cum
3266 654 3471 708 lectulis
3494 662 3654 724 atque

2103 743 2445 798 stratniuibus
2470 742 2761 812 deputavit,
2805 744 3100 798 decernens
3139 759 3234 812 per
3265 743 3500 812 singulos
3540 743 3655 798 dies

2103 844 2353 903 quantum
2376 833 2493 901 quis
2517 847 2612 899 pro
2637 834 2826 887 merito
2845 833 3123 901 acciperet.
3150 834 3208 887 Et
3235 834 3355 902 quia
3378 833 3656 901 plerosque

2107 920 2199 992 [αι.
2232 918 2458 989 mansio]
2489 920 2765 975 insuetudo
2806 921 2997 991 navigii
3034 931 3089 976 et
3124 914 3407 976 crudelitas
3436 920 3655 987 captivi.

2106 1010 2229 1063 tatis
2252 1008 2533 1073 amiserat,
2564 1024 2667 1064 non
2691 1024 2882 1079 parvus
2907 1010 3046 1066 inter
3068 1027 3161 1067 eos
3193 1024 3446 1066 numerus
3481 1009 3653 1066 luerat

2105 1108 2438 1166 cgrotorum,
2468 1114 2600 1167 quos
2628 1098 2716 1154 ille
2737 1100 2921 1153 beatus
2948 1100 3189 1167 antistes,
3228 1110 3288 1154 ut
3324 1098 3499 1154 nutrix
3544 1100 3653 1167 pia,

2110 1203 2203 1255 per
2229 1198 2491 1242 momenta
2515 1188 2717 1256 singula
2743 1201 2862 1243 cum
2898 1185 3002 1259 [αι.
3032 1188 3146 1243 vice
3174 1186 3397 1259 medici]
3435 1186 3655 1243 medicis

2106 1276 2447 1339 circumibat;
2486 1276 2823 1343 sequentibus
2843 1276 2997 1341 cibis,
3023 1286 3077 1329 ut
3099 1277 3331 1345 inspecta
3352 1289 3507 1341 vena,
3527 1276 3653 1344 quid

2106 1365 2193 1418 cui
2213 1380 2346 1431 onus
2373 1374 2536 1428 esset,
2556 1365 2645 1418 illo
2666 1375 2926 1433 praesente
2947 1365 3177 1420 daretur.
3198 1366 3303 1422 Sed
3324 1381 3420 1421 nec
3439 1375 3653 1420 noctur-

2109 1454 2191 1507 nis
2216 1454 2360 1508 horis
2376 1452 2443 1507 ab
2473 1452 2571 1506 hoc
2598 1468 2758 1520 opere
2785 1453 3162 1508 misericordia:
3193 1454 3516 1519 leriabatur;
3561 1452 3653 1509 sed

2111 1542 2364 1611 pergebat
2401 1555 2693 1597 excurrens
2732 1554 2825 1609 per
2871 1542 3104 1610 singulos
3145 1543 3338 1607 lectos,
3382 1540 3655 1597 sciscitans

2109 1630 2334 1697 qualiter
2366 1631 2588 1700 quisque
2631 1643 2692 1683 se
2734 1628 2973 1685 haberet.
3027 1628 3101 1683 Ita
3140 1644 3199 1684 se
3228 1630 3349 1683 huic
3373 1628 3655 1685 tradiderat

2112 1718 2279 1789 [Colb.
2308 1723 2358 1783 l,
2381 1720 2545 1792 omni]
2574 1722 2789 1774 omnino
2812 1720 3005 1786 labori,
3034 1730 3093 1775 ut
3120 1735 3218 1775 nec
3245 1719 3469 1776 defessis
3487 1734 3655 1775 mem-

462 1820 739 1887 quisquam
762 1835 894 1888 quas
922 1835 1017 1887 per
1064 1820 1211 1874 illum
1250 1819 1467 1873 virtutes
1503 1819 1759 1872 Dominus
1805 1818 2008 1882 fecerit,
2040 1810 2086 1870 Β
2110 1809 2241 1874 bris,
2298 1824 2396 1865 nec
2436 1813 2657 1865 cariosre
2700 1810 2807 1879 iam
2856 1810 3116 1866 senectuti
3163 1818 3422 1879 parceret.
3483 1809 3656 1876 Quare

462 1910 738 1978 paulatim'
766 1909 870 1980 [al.
899 1907 1216 1979 excurrare]
1260 1918 1531 1972 excutere,
1584 1918 1710 1961 ante
1756 1906 2012 1972 incipient

458 1998 623 2053 verba
676 1998 906 2051 deiicere
952 2011 1107 2063 quam
1158 1996 1249 2050 ille
1288 1996 1484 2064 aliquid
1527 1995 1700 2049 valeat
1726 1994 2008 2063 explicare.

462 2086 557 2141 Illo
585 2088 745 2157 igitur
780 2085 1030 2155 episcopo
1071 2085 1358 2139 constituto
1398 2078 1590 2139 factum
1634 2092 1739 2147 est,
1781 2081 2010 2153 peccatis

464 2177 797 2246 urgentibus,
841 2186 898 2230 ιιι
928 2177 1111 2231 urbem
1151 2177 1293 2229 illam
1336 2176 1599 2246 quondam
1629 2164 2007 2229 obbilissimam

468 2276 628 2335 atque
657 2265 1059 2319 famosissimum
1087 2266 1270 2334 quinto
1313 2265 1525 2319 decimo
1561 2266 1710 2333 regni
1748 2254 1844 2317 sui
1871 2268 2011 2315 anno

465 2354 763 2409 Ceisericus
788 2363 997 2422 caperet
1020 2356 1238 2410 Romam
1262 2356 1371 2425 (an.
1393 2354 1551 2425 455);
1579 2364 1632 2408 et
1648 2354 1807 2408 simul
1822 2353 2012 2407 exinde

467 2459 648 2513 regum
699 2445 985 2513 multorum
1034 2445 1247 2499 divitias
1291 2460 1412 2499 cum
1458 2443 1666 2511 populis
1706 2443 2009 2511 captivavit.

462 2536 592 2599 Quae
619 2534 742 2587 dum
776 2533 1053 2587 multitudo
1081 2533 1402 2601 captivorum
1434 2531 1736 2586 Africanum
1780 2531 2006 2600 attinge-

469 2632 555 2677 ret
581 2624 745 2688 littus,
785 2620 1139 2687 dividentibus
1166 2620 1417 2675 Vandalis
1444 2632 1499 2676 et
1526 2620 1719 2674 Mauris
1747 2622 2011 2690 ingentem

466 2711 646 2779 populi
670 2711 1037 2779 quantitatem,
1062 2720 1117 2764 ut
1144 2711 1305 2764 moris
1331 2720 1415 2764 est
1436 2709 1694 2772 barbaris,
1745 2709 1919 2762 mariti
1944 2709 2011 2764 ab

467 2800 735 2865 uxoribus,
786 2807 841 2853 et
868 2800 1015 2854 liberi
1046 2815 1073 2852 a
1101 2800 1407 2868 parentibus
1437 2799 1836 2867 separabantur.
1888 2797 2013 2850 Sta-

466 2890 558 2942 tim
585 2889 776 2957 sategit
801 2889 883 2945 vir
914 2888 1019 2942 Deo
1049 2889 1235 2955 plenus
1263 2871 1317 2939 ei.
1344 2902 1516 2947 carus,
1563 2886 1806 2938 universa
1856 2885 2013 2938 mini-

466 2974 612 3029 sterii
639 2987 759 3027 vasa
788 2989 943 3027 aurea
971 2973 1051 3027 vel
1081 2980 1330 3042 argentea
1372 2971 1686 3034 distrahere,
1717 2981 1771 3024 et
1800 2971 2014 3024 Iiberta-

468 3074 575 3119 tem
596 3063 661 3118 de
684 3066 937 3118 servitute
967 3064 1237 3117 barbarica
1270 3064 1524 3126 liberare,
1571 3072 1625 3117 et
1668 3073 1726 3117 ut
1771 3063 2010 3132 conjugis

2114 1898 2280 1952 livore
2307 1898 2484 1952 Ariani
2506 1899 2769 1965 succensi,
2808 1897 2944 1953 dolis
2968 1913 3088 1953 eum
3120 1896 3526 1967 quamplurimis
3566 1912 3656 1954 vo-

2112 1991 2318 2042 luerunt
2345 1989 2538 2057 sacpius
2564 2003 2805 2046 enecare.
2836 1989 2987 2055 Quod
3017 1990 3198 2059 credo,
3227 1988 3521 2066 praevidens
3549 1989 3655 2044 Do-

2111 2082 2315 2148 minus,
2358 2079 2464 2135 cito
2498 2094 2768 2149 passerem
2796 2094 2948 2135 suum
2978 2080 3048 2136 de
3079 2078 3656 2151 manibusaccipitrum

2112 2188 2156 2224 vi
2181 2172 2274 2225 luit
2317 2170 2566 2224 liberare.
2625 2168 2788 2239 Cujus
2822 2171 3020 2226 exitum
3062 2172 3131 2225 ita
3169 2181 3193 2211 ο
3245 2174 3421 2229 Urbici
3469 2172 3656 2241 captivi

2113 2259 2450 2325 planxerunt,
2476 2266 2533 2311 ut
2556 2266 2680 2312 tunc
2708 2273 2767 2313 se
2792 2268 3035 2326 putarent
3061 2258 3226 2325 magis
3255 2261 3393 2314 tradi
3416 2261 3657 2317 manibus

2114 2347 2464 2401 Darbarorum
2492 2348 2702 2415 quando
2718 2346 2806 2402 ille
2827 2348 3055 2416 perrexit
3080 2342 3143 2401 ad
3165 2349 3381 2404 omium.
3422 2348 3654 2404 Functus

2112 2434 2193 2493 est
2228 2447 2404 2490 autem
2450 2435 2745 2491 sacerdotio
2790 2438 2943 2490 annis
2970 2437 3158 2491 tribus.
3209 2436 3372 2507 Cujus
3398 2453 3581 2493 amore
3606 2449 3658 2493 et

2113 2526 2377 2597 diuiderio
2408 2527 2631 2595 populus
2673 2527 2904 2583 intentus
2948 2536 3191 2596 potuerat
3238 2528 3473 2584 membra
3517 2528 3659 2597 digni

2107 2620 2348 2686 corporis
2376 2632 2594 2685 rapere,
2636 2618 2736 2673 nisi
2776 2617 2998 2672 consilio
3035 2618 3313 2687 prudenti,
3355 2619 3481 2674 dum
3509 2620 3537 2656 ει
3564 2633 3659 2688 pro

2114 2720 2262 2760 more
2287 2706 2514 2788 orationi
2541 2714 2783 2774 vacatur,
2808 2708 3077 2763 nesciente
3107 2707 3442 2765 multitudine
3468 2708 3659 2778 sepelio

2095 2807 2103 2814 '
2114 2805 2281 2849 retur.

2185 2884 2275 2937 IX.
2315 2883 2535 2937 Thomas
2562 2887 2837 2953 confessor.
2866 2914 2937 2924 —
2980 2885 3044 2939 Et
3069 2885 3189 2953 quia
3217 2885 3491 2939 tacendum
3520 2899 3659 2940 sem-

2117 2989 2209 3041 per
2238 2988 2340 3026 non
2364 2982 2445 3026 est
2465 2972 2531 3026 de
2557 2972 2913 3039 impietatibus
2942 2972 3342 3037 haereticorum,
3381 2988 3480 3029 nec
3505 2988 3659 3029 vere-

2115 3062 2342 3116 cundu'm
2361 3061 2548 3130 poterit
2569 3077 2689 3117 esse
2708 3062 2845 3131 quod
2862 3062 2926 3117 ad
2950 3063 3155 3118 Iaudem
3169 3063 3374 3133 prolicit
3386 3064 3659 3133 patientis;

470 3153 721 3208 ltrderata
767 3160 1063 3217 manerent,
1100 3160 1155 3206 et
1192 3152 1408 3221 pignora
1449 3152 1775 3222 genitoribus
1822 3154 2008 3208 redde-
2034 3142 2081 3202 C
2111 3154 2379 3207 ordinatus
2403 3152 2663 3222 quondam
2689 3153 2938 3207 sacerdos
2961 3153 3175 3208 nomine
3208 3163 3231 3191 °
3254 3153 3507 3221 Thomas,
3535 3152 3660 3208 dum

537 3292 563 3321 ι
592 3283 681 3337 Sic
708 3283 860 3337 Colb.
889 3284 914 3338 l
948 3291 1000 3337 et
1024 3282 1147 3337 editi
1178 3292 1304 3337 tres.
1352 3284 1420 3336 At
1448 3282 1742 3337 Orthodox.
1772 3292 1827 3337 et
1855 3283 2006 3336 Lori-

469 3355 639 3415 chius,
675 3353 947 3407 claviculis.
986 3352 1237 3414 Chilllet.,
1278 3352 1526 3405 coliculis.
1576 3352 1736 3404 Paulo
1774 3365 1916 3417 ante,
1956 3360 2011 3405 ut

469 3440 695 3484 examen,
726 3434 829 3475 etc.
867 3420 1138 3475 Lorichius
1169 3421 1354 3484 habet,
1396 3418 1450 3472 ut
1497 3420 1727 3473 examina
1755 3436 1907 3489 apum
1932 3436 2011 3473 ce—

470 3509 581 3546 reas
610 3492 930 3555 tediﬁcautia,
957 3498 1060 3544 etc.

539 3560 566 3599 ιι
598 3559 819 3614 Orthod.
847 3574 965 3612 cum
1004 3556 1248 3613 Lorichio
1271 3564 1324 3610 et
1342 3557 1586 3622 versione
1612 3556 1796 3624 gallica
1822 3557 2013 3611 Deilo-

470 3630 637 3689 restii,
662 3626 844 3679 Fausti
874 3636 916 3679 el
960 3627 1116 3679 Varii.
1143 3626 1292 3679 Colb.
1311 3626 1585 3693 Lamplas,
1612 3641 1724 3693 qua!
1743 3628 1791 3677 in
1814 3628 2013 3679 nomine

472 3695 654 3749 Fausti
683 3707 823 3748 erant
852 3706 1171 3756 constructte,
1202 3708 1247 3747 ct
1282 3695 1557 3746 Novarum.
1606 3696 1666 3747 Et
1696 3697 1847 3758 paulo
1878 3695 2012 3747 inle-

473 3765 604 3823 rius,
634 3777 726 3829 pro
758 3779 871 3814 cum
903 3765 1115 3825 lectulis,
1156 3761 1632 3829 Lorichittsihabet,
1664 3761 2015 3829 caruntlectug

472 3834 558 3886 lis.
610 3828 773 3884 l‘orro
815 3830 1039 3884 celebris
1088 3841 1199 3881 erat
1238 3830 1373 3894 apud
1418 3828 1785 3894 Carthaginem
1837 3828 2015 3880 Fausti

472 3900 713 3961 ecclesia,
738 3899 790 3952 in
818 3914 915 3967 qua
939 3900 1135 3965 aliquot
1163 3898 1419 3950 Africana:
1443 3895 1691 3949 Ecclesia:
1721 3898 1904 3964 synodi
1929 3912 2017 3950 ce-

475 3970 689 4024 lebrata:
716 3966 853 4021 sunt.
905 3966 959 4020 In
998 3982 1059 4019 ca
1096 3977 1308 4020 sanctus
1350 3966 1671 4031 Augustinus
1716 3980 2012 4019 sermonem

473 4039 653 4091 habuit
685 4036 804 4096 I22,
833 4037 920 4091 ubi
946 4037 1104 4089 etiam
1130 4035 1400 4087 ordinatus
1438 4034 1533 4087 luit
1567 4034 1868 4096 Deogratias
1893 4049 2012 4087 san-

472 4108 735 4161 ctissimus
765 4107 1004 4169 antistes,
1034 4105 1183 4171 cuius
1213 4104 1297 4157 hic
1324 4103 1602 4172 prmclaras
1631 4104 1848 4157 virtutes
1873 4118 2016 4156 com-

474 4174 954 4229 tnemorat‘Virtor.
996 4175 1143 4227 Tunc
1174 4177 1312 4226 enim
1354 4184 1468 4225 erat
1498 4172 1765 4237 primaria,
1800 4182 1854 4225 et
1886 4186 2018 4237 pra:-

472 4246 625 4311 cipua
651 4242 1041 4311 Catholicorum
1070 4241 1293 4311 ecclesia
1308 4242 1453 4311 apud
1473 4241 1862 4311 Carthaginem,
1895 4255 2015 4291 eum

476 4308 746 4362 basilicam
792 4310 1103 4362 Restitutum
1142 4309 1342 4369 Ariani,
1380 4317 1435 4357 ιιι
1474 4321 1630 4371 supra
1667 4308 1861 4358 dictum
1903 4317 2016 4369 est,

473 4386 842 4445 occupassent.
876 4378 927 4428 In
959 4376 1069 4441 ipsa
1093 4378 1249 4445 etiam
1282 4375 1617 4445 baptismalres
1643 4374 1816 4445 fontes
1841 4384 2013 4445 erant,

474 4442 621 4513 quod
664 4454 803 4513 patet
844 4460 907 4499 ex
950 4446 1062 4512 ipso
1112 4444 1320 4496 Victore
1350 4442 1479 4495 infra
1513 4443 1603 4495 lib.
1646 4444 1701 4506 2,
1738 4458 1882 4513 num.
1930 4444 2014 4494 i7.

2076 3346 2081 3351 ί
2117 3283 2323 3337 videtur
2339 3295 2457 3335 esse
2479 3296 2634 3351 quam
2661 3282 2976 3341 Augus'inus
2996 3284 3048 3336 in
3078 3283 3346 3337 breviculo
3365 3284 3662 3338 collationis

2111 3353 2212 3406 diei
2242 3354 2427 3409 tertias.
2451 3366 2502 3407 c.
2536 3352 2621 3410 l3.
2645 3367 2697 3402 n.
2729 3351 3087 3411 15.basilicam
3118 3352 3377 3405 Novarum
3407 3354 3659 3418 appellat.

2186 3430 2208 3459 ο
2239 3420 2328 3474 Sic
2349 3420 2569 3486 Optatus
2591 3420 2724 3473 libro
2744 3421 2915 3486 primo
2952 3420 3207 3474 adversus
3243 3421 3659 3487 Parmettiarum,

2111 3488 2464 3559 Zcpltyrinum
2504 3489 2796 3559 Romanum
2826 3491 3167 3559 pontiﬁcem,
3204 3492 3441 3543 ‘urbicum
3470 3490 3663 3557 episcoa

2114 3574 2234 3622 pum
2259 3556 2507 3625 appellat.
2548 3557 2613 3610 Et
2649 3556 2785 3610 idem
2815 3556 3034 3624 Optatus
3055 3560 3277 3611 urbicam
3306 3556 3664 3611 commentam-

2113 3629 2296 3697 tionem
2327 3626 2449 3679 dicit
2479 3626 2566 3679 lib.
2588 3640 2671 3697 _tt._
2698 3625 2825 3697 Vide
2862 3626 3113 3697 Cypriani
3143 3628 3300 3697 epist.
3336 3629 3423 3689 l5,
3468 3628 3539 3680 al.
3570 3628 3659 3682 40.

2116 3694 2378 3760 (ὶιίιοιίιηι
2402 3709 2495 3760 pro
2517 3694 2695 3754 urbici,
2726 3695 2856 3747 edit.
2889 3694 3117 3747 Lorichii
3146 3694 3303 3748 habet
3329 3697 3486 3748 urbis.

2183 3759 2207 3796 ⁸
2240 3762 2327 3814 Sic.
2353 3746 2646 3823 Lorichius,
2671 3746 2891 3813 Crithod.
2918 3746 2979 3815 et,
3000 3746 3195 3815 Bellor.
3222 3746 3485 3817 hthilll.
3507 3763 3663 3818 habet
3758 3746 3765 3763 ’

2115 3829 2236 3879 dum
2281 3844 2433 3883 mone
2461 3838 2699 3891 vocatur;
2747 3830 2985 3882 llheuan.
3032 3834 3155 3882 dum
3188 3843 3440 3884 avocatur.
3503 3833 3664 3885 Porro

2115 3905 2330 3950 sanctus
2372 3897 2672 3962 Deogratias
2709 3898 2977 3951 ordinatus
3022 3898 3189 3951 luerat
3219 3899 3363 3952 JEtio
3400 3912 3447 3952 et
3479 3900 3665 3953 Studiu

2114 3966 2442 4035 consulibus,
2472 3966 2521 4019 id
2553 3974 2633 4019 est
2657 3981 2791 4020 anno
2814 3966 2940 4029 434,
2968 3966 3019 4019 in
3052 3967 3266 4020 basilica
3301 3968 3499 4021 Fausti.
3536 3968 3664 4035 Ejus

2117 4033 2372 4107 festivitas
2397 4035 2694 4107 celebratur
2725 4037 2773 4107 iu
2815 4036 3186 4107 Martyrologio
3218 4033 3665 4107 Itomanoidie'22

2118 4104 2307 4163 Martii.
2337 4113 2392 4158 et
2420 4106 2471 4157 in
2500 4104 2803 4157 hleudario
2832 4104 3229 4172 Carthaginiensi
3272 4107 3421 4163 nonis
3442 4106 3661 4160 Januar.

2190 4181 2212 4207 ο
2248 4172 2333 4223 Lis
2356 4182 2437 4224 est
2464 4174 2599 4225 inter
2624 4183 2866 4226 auctores
2890 4190 2955 4227 an
2980 4174 3209 4228 Thomas
3239 4175 3323 4228 hic
3346 4184 3666 4229 memoratus

2120 4238 2169 4312 in
2192 4238 3207 4312 _cpiscoporum_68ACarthagiuensium
3231 4246 3465 4312 catalogo
3491 4245 3663 4296 locum

2119 4306 2153 4378 It
2172 4307 2317 4378 there
2332 4307 2537 4359 debeat.
2553 4306 2838 4373 Et’quidem
2855 4306 2971 4378 cum
2988 4326 3242 4378 nusquam
3256 4312 3384 4365 alias
3397 4306 3512 4377 ejus
3524 4328 3666 4364 men-

2120 4377 2195 4427 tio
2223 4375 2493 4438 babeutur,
2531 4389 2613 4428 res
2639 4386 2717 4427 est
2757 4390 2819 4427 ex
2863 4376 2959 4428 hoc
3000 4375 3224 4433 Victoris
3258 4381 3375 4434 loco
3415 4375 3663 4432 finienda.

2118 4444 2291 4507 Quare
2320 4445 2551 4496 omnium
2579 4458 2710 4510 quos
2745 4443 2923 4496 videre
2959 4444 3104 4497 licuit
3143 4447 3382 4500 codicum
3415 4449 3666 4501 lectiones

474 4512 635 4601 Quin,
665 4512 1118 4601 iet'cotnplujribus
1143 4522 1751 4592 sanctorttm_martyrum
1780 4512 2017 4601 reliquiis
2045 4543 2092 4601 υ
2122 4513 2739 4601 proferam,utlouisqufe,
2767 4522 2923 4601 ιιι-οβέ
2937 4512 3041 4601 sibi
3068 4515 3261 4592 .tnelius
3292 4517 3454 4595 visum
3486 4516 3664 4577 luerit,

476 4587 697 4639 dilatam
746 4584 903 4637 luisse
950 4584 1198 4636 discimus
1235 4597 1301 4634 ex
1351 4581 2015 4650 antiquis‘martyrologiis

478 4652 957 4714 Ad0uis,Usuardi,
981 4661 1110 4713 etc.,
1141 4650 1226 4703 ubi
1248 4651 1421 4703 idibus
1438 4649 1559 4701 Julii
1584 4650 1695 4702 haec
1718 4649 2010 4703 habentur:

479 4720 544 4773 In
576 4723 767 4788 Africa,
795 4722 988 4773 civitate
1014 4719 1330 4787 Carthagine,
1361 4719 1540 4771 natalis
1561 4727 1845 4769 sanctorum
1865 4719 2015 4782 Cato-

480 4791 571 4841 lini
597 4786 814 4854 diaconi,
859 4798 905 4841 et
943 4790 1250 4854 reliquorum
1275 4786 1573 4853 martyrum,
1597 4788 1683 4851 qui
1710 4788 2018 4852 requiescunt

478 4859 529 4909 in
560 4857 761 4909 basilica
801 4856 997 4910 Fausti.
1028 4854 1129 4909 Pro
1171 4854 1371 4924 Fausti,
1414 4865 1558 4907 vetus
1591 4856 2016 4924 martyrulogittm

479 4937 660 4993 sancto
705 4925 1018 4993 Hieronymo
1057 4927 1212 4991 vulgo
1238 4923 1585 4993 attributum,
1625 4923 1783 4975 habet
1832 4933 2020 4975 sancta!

481 4991 707 5045 Fausta.
738 4993 859 5053 Sed,
900 4991 953 5045 ut
978 4994 1105 5059 jam‘
1128 5008 1155 5042 a
1201 4992 1325 5043 viris
1352 4992 1571 5042 eruditis
1599 5008 1703 5043 non
1740 4993 1898 5045 semel
1927 4993 2021 5044 ob-

478 5072 740 5115 servatum
765 5072 865 5123 est,
888 5063 1023 5128 apud
1050 5072 1254 5113 veteres
1278 5062 1575 5128 frequenter
1602 5070 1881 5113 occurrunt
1906 5061 2019 5113 isL’e

476 5133 769 5185 litterarum
813 5125 1146 5181 mutationes.
1196 5128 1453 5180 Cteterunt
1493 5125 1755 5179 Calatinus
1796 5130 1879 5180 hic
1908 5144 2021 5180 nte-

481 5208 730 5262 moratus,
763 5198 806 5249 is
833 5196 943 5261 ipse
971 5206 1051 5249 est
1078 5194 1457 5264 absquedubio
1479 5196 1543 5247 de
1565 5211 1667 5262 quo
1696 5198 2017 5264 Augustinus

416 5292 419 5293 ν
480 5270 657 5320 habuit
692 5280 987 5319 sermonem
1019 5266 1104 5331 qui
1138 5281 1223 5328 per
1262 5261 1501 5314 Natalem
1530 5264 1745 5317 Catutim'
1779 5261 2018 5317 inscribi-

480 5350 579 5389 tur.
599 5337 723 5402 Ejus
750 5338 870 5386 item
896 5333 1139 5402 memoria
1161 5332 1381 5402 celebris
1400 5342 1480 5383 est
1506 5332 1553 5381 in
1581 5332 2020 5402 kalendarioCar-

482 5400 791 5471 thagiueusi,
816 5402 985 5455 idibus
1012 5400 1549 5471 Julii._Denique_post
1576 5411 1835 5471 receptam
1866 5417 1893 5453 a
1919 5400 2013 5471 Ju-

480 5466 705 5545 8titiiano
749 5468 1367 5545 ίιιιρριιειιρηε.έθλιξςξσειιιιιἰ
1414 5466 1702 5545 Reparattts
1746 5470 2016 5545 Carthagi-

482 5543 655 5591 nnusis
702 5535 916 5592 antistes
966 5538 1019 5590 in
1071 5536 1281 5588 basilica
1331 5535 1505 5587 Falhll
1559 5536 1737 5588 sedem
1787 5538 2017 5589 restituit

482 5608 865 5671 t'I)ISCOp3lCII1,-
888 5619 942 5659 ut
976 5609 1027 5659 in
1068 5603 1454 5671 Commentario
1494 5603 1743 5656 historico
1779 5606 2014 5658 dicemus

491 5668 606 5740 cap.
644 5668 726 5725 l2.
775 5668 990 5731 Basilica
1027 5674 1284 5727 Novarum
1331 5668 1411 5721 hic
1449 5680 1759 5737 memorata,
1808 5688 1866 5727 ca
1904 5675 2012 5739 ipsa

2122 4597 2184 4635 ea
2211 4582 2277 4635 de
2304 4598 2363 4635 re
2397 4582 2646 4648 judicium
2675 4582 2825 4634 lerat.
2854 4582 3147 4635 Cbilﬂetius
3183 4594 3256 4645 et,
3282 4592 3337 4635 ut
3366 4585 3477 4650 ipse
3507 4593 3666 4635 testa-

2118 4661 2223 4713 tur,
2245 4652 2408 4704 codex
2432 4651 2672 4704 cartusire
2700 4651 2975 4703 Portarum
3006 4651 3234 4704 habent:
3262 4650 3537 4703 Ordinatur
3554 4653 3666 4717 qui-

2119 4723 2236 4770 dam
2283 4722 2335 4771 in
2378 4720 2712 4771 sacerdotium
2751 4720 2949 4772 nomine
2993 4719 3230 4784 Thomas,
3270 4721 3352 4785 qui
3390 4720 3530 4780 dum,
3558 4730 3665 4773 etc.

2119 4788 2339 4841 Orthod.
2366 4795 2423 4840 et
2449 4790 2619 4841 versio
2648 4787 2871 4849 Bellen.
2897 4787 3175 4841 Ordinatur
3199 4790 3404 4849 quidam
3425 4790 3662 4841 sacerdo-

2120 4858 2210 4917 tio,
2241 4865 2344 4909 etc.
2378 4855 2516 4909 Edit.
2550 4855 2786 4909 Rhenani
2817 4856 3056 4911 Baldttini
3095 4865 3149 4912 et
3201 4855 3537 4912 Bibliotheca
3568 4857 3666 4911 Pa-

2122 4933 2281 4988 trum,
2309 4920 2584 4977 Ordinator
2609 4926 2863 4991 quondam
2903 4928 3161 4980 memorati
3187 4928 3482 4990 sacerdotis,
3511 4936 3615 4979 etc.
3649 4943 3663 4978 :

2120 5007 2277 5063 gnam
2310 4994 2588 5063 lectionem
2619 4992 2691 5044 uti
2727 5007 3028 5063 germanam
3061 5008 3355 5063 propugnat
3385 4995 3659 5049 Baronius.

2120 5061 2287 5113 Porro
2308 5063 2359 5113 in
2386 5058 2911 5130 Drthodoxograpltia
2934 5071 2986 5115 et
3006 5058 3204 5128 aliquot
3225 5058 3402 5128 Editis,
3421 5075 3539 5130 post
3555 5066 3667 5117 hmo

2118 5130 2313 5191 verba,
2366 5128 2757 5181 0rdinator.....
2798 5128 3011 5183 nomine
3064 5129 3307 5195 Thomas,
3357 5128 3664 5193 resumitur,

2119 5198 2160 5248 T
2166 5201 2343 5249 Itomas
2362 5198 2657 5268 uenerabilis
2685 5198 2967 5265 episcopus,
3008 5200 3147 5262 dum,
3184 5211 3288 5254 etc.
3316 5218 3327 5252 :
3356 5216 3473 5268 qua:
3508 5203 3665 5254 verba

2118 5280 2181 5319 es
2213 5267 2464 5332 margine,
2493 5268 2567 5316 uti
2595 5267 2645 5317 in
2674 5280 2801 5322 mss.
2824 5268 2971 5320 Colb.
3006 5271 3027 5320 I
3062 5279 3115 5321 et
3145 5270 3350 5321 Martio.
3383 5270 3663 5331 habentur,

2121 5335 2171 5387 iu
2216 5343 2410 5385 textum
2442 5334 2685 5385 videntur
2718 5338 2965 5389 translata
2998 5337 3177 5390 luisse.
3224 5339 3356 5391 Hinc
3380 5338 3539 5391 etiam
3566 5337 3665 5389 Lo-

2121 5403 2339 5473 richius
2362 5404 2439 5455 sic
2485 5403 2639 5473 habet
2668 5418 2681 5454 :
2716 5402 2991 5456 Ordinatur
3030 5407 3236 5473 quidam
3262 5407 3539 5473 sacerdotio
3568 5420 3664 5455 no-

2119 5475 2249 5521 mine
2282 5470 2519 5521 Thomas.
2550 5470 2679 5523 Tum
2711 5473 2891 5525 titulus
2913 5470 3124 5541 capiiuli
3147 5476 3414 5541 sequentis
3438 5472 3664 5524 Ordina-

2118 5547 2199 5609 tur
2228 5540 2432 5609 quidam
2462 5541 2741 5609 sacerdotio
2786 5540 2989 5593 nomine
3015 5540 3252 5593 Thomas.
3298 5540 3497 5593 Deinde
3526 5542 3665 5609 capi-

2121 5608 2284 5657 tttlttnt
2310 5608 2386 5658 sic
2410 5608 2591 5671 incipit
2618 5625 2629 5657 :
2662 5608 2873 5660 Thomas
2911 5612 3176 5676 episcopus
3202 5609 3514 5676 venerabilis,
3546 5608 3665 5661 dum

2121 5678 2290 5737 variis,
2314 5685 2416 5727 etc.
2444 5676 2603 5729 l’orru
2632 5678 2910 5732 lectionem
2939 5679 3161 5731 duorunt
3188 5678 3425 5731 Codicum
3448 5675 3663 5733 Culber-
