4358 6436
543 576 957 646 Cogisjustitia),
988 574 1196 629 vindice
1224 574 1490 628 dextera?

295 668 362 723 95
472 667 572 735 Qui
606 677 823 736 pontum
848 666 1047 735 rapidis
1078 664 1296 718 aistibus
1324 664 1527 718 invium

537 756 845 812 Persultare
865 766 1036 817 vetas,
1061 764 1116 808 ut
1138 756 1309 809 reﬂuo
1335 756 1385 808 in
1411 753 1527 807 salo

542 848 776 903 Securus
808 856 1002 917 pateat,
1028 858 1079 900 te
1102 846 1255 910 duce,
1294 847 1566 910 transitus,

551 939 617 991 Et
646 953 767 992 mox
798 938 937 992 unda
969 952 1128 1005 rapax
1160 948 1218 990 ut
1244 946 1399 989 voret
1426 934 1639 1003 impios.

478 1029 635 1099 291
663 1028 757 1082 Cui
781 1028 958 1097 jejuna
989 1029 1156 1083 eremi
1182 1042 1307 1082 saxa
1336 1027 1648 1095 loquacibus

305 1120 375 1177 90
554 1120 844 1172 Exundant
874 1116 1149 1183 scatebris,
1182 1126 1237 1171 et
1264 1119 1445 1171 latices
1477 1134 1644 1173 novos

550 1207 743 1261 Fundit
765 1206 930 1263 scissa
952 1206 1119 1259 silex:
1144 1221 1263 1273 qua:
1293 1206 1594 1261 sitientibus

556 1297 651 1350 Dat
680 1304 862 1364 potum
890 1296 1099 1364 pupulis
1126 1311 1224 1349 axe
1252 1296 1352 1350 sub
1380 1296 1555 1365 igneo.

480 1388 650 1443 lnstar
676 1385 819 1440 fellis
844 1401 977 1453 aqua
1012 1386 1251 1440 tristiﬁco
1284 1387 1336 1439 in
1368 1386 1485 1439 lacu

559 1480 641 1533 Fit
663 1478 787 1547 ligni
814 1477 967 1530 venia
1000 1477 1104 1531 mel
1140 1476 1283 1530 velut
1314 1478 1573 1531 Atticum.

307 1570 375 1625 05
556 1566 776 1635 Lignum
800 1574 904 1631 est,
930 1564 1140 1633 sapiunt
1169 1580 1356 1632 aspera
1387 1565 1629 1627 dulcius;

552 1656 685 1709 Nam
716 1657 929 1725 praellxa
956 1655 1099 1709 cruci
1129 1668 1251 1721 spes
1282 1654 1554 1708 hominum
1582 1657 1745 1721 viget.

486 1746 671 1815 Implet
698 1756 872 1801 castra
902 1746 1053 1799 cibus
1077 1753 1202 1798 tunc
1227 1759 1439 1813 quoque
1470 1745 1753 1813 ninguidus
1776 1786 1792 1811 ,

554 1836 785 1891 lllabens
801 1834 976 1903 gelida
1001 1836 1260 1903 grandine
1282 1834 1520 1889 densius.

554 1926 645 1981 liis
678 1938 892 1980 mensas
916 1923 1109 1993 epulis,
1137 1923 1235 1977 bac
1255 1924 1391 1992 dape
1414 1932 1755 1987 construunt,

956 460 1495 519 CATIIEMERINON
1539 460 1599 516 V.
1644 459 1731 514 DE
1770 457 1956 514 NOVO
1996 457 2253 513 LUMINE
2293 456 2664 515 PASCllALlS
2705 457 3015 514 SABBATl.

1890 573 1939 631 A
1970 569 2070 625 100

1986 1568 2089 1622 110

3447 465 3553 521 8‘36

2214 571 2383 637 Quam
2410 571 2501 625 dat
2530 572 2741 626 sidereo
2762 572 3011 626 Christus
3034 572 3102 627 ab
3129 574 3353 631 aethere.

2150 662 2367 717 Necnon
2396 664 2677 719 imbrifero
2705 674 2897 719 ventus
2920 666 3157 722 anhelitu

2222 753 2415 808 Crassa
2448 757 2589 808 nube
2618 755 2764 811 leves
2795 754 2995 811 invehit
3017 757 3203 823 alites,

2227 845 2387 913 292
2442 843 2572 910 Quae
2620 842 2819 899 dil‘llata
2861 847 2913 900 in
2958 846 3179 901 humum
3224 861 3348 901 cum
3392 848 3557 901 semel

2970 936 3202 1010 [agmina

2233 1026 2552 1091 Fluxerunt,
2580 1026 2764 1081 reduci
2796 1040 2905 1082 non
2932 1028 3174 1082 revolant
3206 1027 3347 1097 iuga.

1983 1119 2086 1173 105
2159 1117 2285 1171 Haec
2312 1117 2441 1171 olim
2476 1120 2716 1187 patribus
2737 1118 2955 1188 praemia
2986 1117 3214 1172 contulit

2230 1206 2459 1275 Insignis
2482 1207 2649 1272 pietas
2672 1206 2905 1259 numinis
2931 1206 3109 1261 unici:

2229 1294 2394 1363 Cujus
2421 1293 2662 1349 subsidio
2692 1310 2791 1350 nos
2812 1310 3025 1365 quoque
3046 1295 3346 1362 vescimur,

2234 1386 2526 1441 Pascentes
2551 1385 2779 1454 dapibus
2802 1396 3018 1455 pectora
3042 1386 3305 1457 mysticis.

2166 1475 2357 1529 Fessos
2381 1475 2475 1531 ille
2497 1484 2652 1529 vocat
2680 1490 2773 1542 per
2804 1476 2937 1530 ﬂeta
2978 1477 3178 1540 s-rcnli,

2238 1566 2485 1620 Discissis
2507 1566 2759 1633 populum
2782 1565 3087 1619 turbinibus
3116 1578 3327 1633 regens,

2232 1655 2571 1725 Jactatasque
2594 1657 2801 1711 animas
2823 1656 2974 1710 mille
2997 1654 3273 1710 laboribus

2236 1745 2510 1799 Justornm
2541 1745 2593 1797 in
2622 1745 2846 1814 patriam
2879 1744 3137 1799 scandere
3165 1743 3401 1814 principii

2167 1833 2280 1888 lllic
2303 1834 2584 1903 purpureis
2614 1842 2752 1888 tecta
2784 1833 3006 1888 rosariis

2242 1926 2430 1981 Omnis
2459 1925 2658 1995 fragrat
2685 1924 2903 1995 humus,
2936 1927 3222 1999 calthaque
3242 1928 3454 1999 pinguia

1606 2036 1888 2092 GLOSSEE
1924 2036 2261 2096 VETERES.

378 2156 467 2211 9‘2.
500 2158 633 2223 Axe,
664 2158 788 2223 sole,
826 2158 867 2213 l.
898 2158 1004 2213 Sub
1036 2164 1239 2225 perusta
1264 2156 1438 2225 plaga,
1468 2154 1504 2206 i.
1538 2169 1584 2206 e.
1628 2170 1719 2223 per
1748 2156 1881 2207 Ara—
1913 2159 1962 2218 B
2060 2156 2182 2210 106.
2208 2156 2475 2222 Numinis,
2506 2156 2631 2211 Filii
2658 2156 2775 2225 Dei,
2810 2158 2930 2213 Vat.
2953 2158 3021 2213 A.

309 2228 465 2292 biam,
493 2227 614 2281 Vat.
647 2230 713 2283 Α.
944 2254 949 2265 π

379 2297 465 2352 94.
500 2297 673 2366 Ligni,
720 2312 907 2350 erucis.
949 2326 1019 2337 -—
1070 2296 1248 2355 Venia,
1282 2293 1542 2361 beneﬁcio,
1569 2292 1691 2366 Vat.
1726 2296 1791 2348 A.
1815 2323 1884 2333 —

310 2363 584 2429 Atticum;
598 2368 733 2434 quod
759 2368 1012 2419 invenitur
1042 2366 1243 2418 dulcius
1272 2367 1407 2418 omni
1436 2366 1605 2431 melle,
1631 2363 1671 2417 1.

381 2436 471 2491 97.
495 2435 811 2504 Ninguidus,
842 2438 1035 2499 niveus,
1061 2434 1103 2488 Ι.

386 2505 504 2559 102.
531 2502 722 2570 Alites,
748 2506 1045 2570 coturnices,
1075 2502 1195 2559 Vat.
1227 2505 1294 2560 A.

2065 2228 2185 2298 103.
2219 2226 2397 2298 Freta.
2430 2236 2765 2298 tempestates,
2801 2229 2843 2282 l.

2064 2295 2185 2349 115.
2217 2297 2483 2363 llosariis,
2528 2295 2688 2362 rosis,
2732 2313 3023 2361 rosarium,
3072 2306 3120 2352 et
3175 2308 3401 2353 rosetum
3447 2296 3575 2351 idem

2003 2374 2146 2428 sunt,
2174 2364 2212 2417 i.
2239 2382 2286 2418 ε.
2313 2366 2455 2419 locus
2476 2368 2525 2419 in
2550 2383 2651 2436 quo
2671 2383 2802 2421 reste
2831 2378 3132 2433 nascuntur,
3157 2368 3196 2421 l.

2071 2436 2193 2508 il}.
2217 2436 2532 2508 Calthaque,
2557 2440 2780 2508 pretiosa
2803 2439 3083 2508 pigmenta,
3108 2438 3278 2492 caltlta
3302 2436 3579 2507 virgultum

1997 2504 2053 2557 in
2074 2504 2328 2575 Egypto,
2352 2504 2486 2561 unde
2516 2504 2813 2563 balsamum
2823 2504 2961 2577 fluit.
2976 2537 3047 2551 --
3063 2508 3308 2580 Pinguia,
3332 2504 3518 2574 herba,
3542 2508 3582 2563 Ι.

1657 2638 2197 2697 COMMENTARIUS

315 2750 541 2821 Moyses,
568 2752 1019 2820 prtesuljustitite.
1053 2750 1327 2807 Giselinus
1348 2750 1482 2816 vult,
1505 2751 1717 2805 dextera
1738 2752 1896 2820 justi-

316 2822 400 2879 tite
428 2823 623 2876 vindice
650 2822 894 2891 intelligi,
937 2838 1041 2876 non
1082 2822 1291 2891 prtesuli
1327 2824 1585 2892 justitiw:
1620 2822 1721 2875 hoc
1762 2821 1893 2875 mihi

317 2893 485 2959 magis
508 2894 699 2961 placet,
731 2901 788 2947 ut
818 2894 1016 2963 hymno
1046 2892 1134 2961 11,
1158 2906 1300 2947 vers.
1331 2891 1458 2957 115,
1508 2892 1693 2957 Quem,
1734 2901 1779 2943 te
1813 2893 1897 2960 fu-

317 2962 451 3014 roris
489 2963 725 3031 prcsule.

344 3042 353 3050 ‘
390 3029 632 3086 85.’Vat.
662 3031 727 3095 A,
756 3041 962 3098 pontum
991 3031 1201 3085 rabidis.
1233 3031 1483 3086 Heinsius
1507 3043 1627 3084 cum
1650 3029 1762 3083 suis
1785 3029 1894 3096 (ni-

318 3099 397 3155 hil
439 3100 581 3154 enim
622 3104 817 3168 notat),
864 3101 1012 3163 Ald.,
1058 3100 1205 3165 Rat.,
1243 3101 1383 3167 Gis.,
1427 3098 1646 3166 Weitz.,
1690 3110 1901 3168 pontum

322 3170 540 3239 rapidis.
573 3169 781 3239 Sciteda
813 3171 1011 3224 Barthii
1040 3170 1256 3222 rabidis.

392 3239 481 3295 86.
529 3240 710 3322 P'rag”
904 3240 991 3322 ed.
1021 3244 1078 3303 2,
1120 3240 1439 3322 persulcare,
1484 3236 1636 3322 Ald...-
1662 3235 1785 3322 Vat.
1834 3235 1897 3322 β,

323 3308 503 3379 Prag.,
530 3308 753 3377 Weitz.,
775 3309 897 3362 Vat.
919 3310 984 3374 0,
1015 3308 1315 3379 persultare,
1342 3308 1513 3379 quod
1554 3308 1764 3379 videtur
1801 3320 1897 3360 vo-

324 3376 489 3433 lnisSe
515 3379 635 3433 Vat.
666 3376 845 3442 A,ubi
867 3387 950 3433 est
975 3376 1293 3445 persultetre.
1336 3376 1538 3431 Barthii
1566 3376 1763 3431 scheda
1798 3390 1897 3445 pro

326 3448 438 3501 salo
468 3448 626 3502 habet
646 3449 776 3513 sale,
804 3449 945 3517 quod
976 3447 1228 3517 Virgilius
1257 3447 1516 3501 adhibuit.

396 3516 487 3573 88.
515 3518 652 3583 PaL,
681 3515 830 3581 Ald.,
856 3515 1092 3580 Weits,
1112 3520 1337 3571 devoret.
1367 3516 1541 3569 Nostri
1569 3524 1624 3569 et
1657 3515 1903 3569 lleinsia-

326 3587 402 3650 ni,
454 3599 506 3639 ut
551 3594 707 3641 voret.
754 3586 867 3640 Gis.
914 3587 983 3642 ad
1031 3601 1225 3657 marg.,
1266 3589 1489 3641 devoret.
1518 3585 1592 3639 ita
1621 3587 1727 3639 duo
1757 3585 1897 3640 Vatt.

326 3658 464 3710 apud
493 3655 639 3710 Teol.

325 3658 464 3711 apud
493 3658 639 3711 Teol.

361 3671 663 3791 ﬁgitfigit
692 3726 807 3782 Gis.
850 3726 902 3779 in
932 3728 1124 3780 textui
1158 3727 1311 3789 edit.,
1354 3727 1448 3779 vita
1499 3742 1597 3795 pro
1642 3724 1816 3779 eremi.
1849 3723 1907 3778 ld

326 3795 449 3850 ideo
477 3796 693 3859 factum,
726 3798 847 3864 quia
894 3798 1050 3849 eremi
1088 3795 1251 3851 habet
1282 3813 1309 3849 e
1336 3797 1629 3851 secundum
1665 3795 1905 3861 longum.

328 3865 435 3921 Sed
462 3866 689 3920 notanda
720 3876 801 3923 est
827 3867 1159 3921 consuetudo
1187 3874 1377 3934 poetze,
1402 3876 1454 3920 et
1483 3865 1600 3934 ejus
1626 3870 1903 3934 temporis,

329 3946 389 3989 ut
417 3935 633 3991 uberius
662 3936 714 3988 in
738 3935 1133 4003 prolegomeuis
1157 3933 1410 4003 explicui.
1440 3933 1656 3989 Teolius
1683 3935 1779 3993 ait.
1811 3933 1911 3987 Se-

330 4007 549 4059 cundam
578 4007 630 4057 in
661 4021 821 4059 snt-2m
844 4007 1105 4073 corripuit,
1134 4006 1264 4057 alias
1313 4006 1584 4074 producit,
1614 4012 1669 4057 et
1712 4006 1913 4071 allegat

330 4089 475 4131 vers.
503 4076 570 4129 59
595 4074 800 4144 praefat.
824 4077 891 4128 At
916 4075 1024 4142 jam
1050 4086 1116 4144 eo
1148 4074 1264 4127 loco
1295 4075 1500 4136 monui,
1532 4074 1824 4128 secundam
1857 4075 1910 4127 in

333 4147 529 4196 hereses
551 4142 770 4212 corripi,
802 4160 908 4198 non
938 4142 1158 4213 produci
1184 4160 1199 4207 ;
1232 4144 1373 4211 quod
1403 4145 1655 4213 putabam
1686 4158 1782 4213 per
1811 4156 1907 4196 ca—

333 4214 459 4269 lami
484 4215 686 4282 lapsum
715 4230 746 4267 a
787 4214 975 4269 Teolio
1004 4213 1226 4269 dictum.
1274 4213 1485 4266 Eremus
1516 4230 1615 4267 vox
1654 4213 1915 4267 ecclesia-

337 4285 582 4353 sticagest
610 4284 747 4349 apud
787 4284 1193 4353 Hieronymum,
1239 4292 1294 4353 et
1320 4284 1571 4351 aequales.
1604 4285 1661 4337 In
1696 4283 1914 4353 Heinsio

336 4351 589 4406 mendum
618 4354 877 4416 arbitror,
908 4351 1051 4423 tluud
1094 4356 1167 4406 ait
1190 4394 1205 4417 ,
1237 4352 1544 4420 lrequeuter
1574 4353 1772 4419 corripi
1807 4352 1917 4423 pri-

337 4438 478 4493 inatn
510 4423 560 4476 in
587 4439 780 4476 eramus
800 4438 830 4477 a
857 4424 1205 4493 scriptoribus
1244 4424 1639 4480 ecclesiasticis.
1672 4424 1787 4478 Non
1818 4422 1915 4476 du-

336 4492 450 4545 bitu
478 4493 603 4560 quin
637 4495 795 4546 homo
836 4492 1099 4560 prosedia:
1142 4495 1343 4561 peritus
1390 4494 1680 4547 secundam
1729 4494 1912 4548 dicere

338 4561 564 4631 t'oluetit
590 4578 603 4615 :
634 4578 752 4616 nam
784 4565 952 4631 prima
984 4573 1131 4616 certo
1156 4572 1237 4615 est
1264 4562 1458 4619 brevis.
1491 4563 1605 4617 Gis.
1630 4563 1683 4617 in
1714 4572 1862 4618 textu
1892 4562 1913 4613 1

338 4630 475 4701 edit.
496 4640 557 4701 et
580 4631 763 4697 Fabr.,
788 4630 1117 4689 madentibus
1144 4648 1240 4701 pro
1278 4634 1593 4699 loquacibus.

413 4700 501 4769 93.
536 4700 816 4767 Tristiﬁcus
849 4717 944 4769 pro
969 4700 1153 4755 amaro
1177 4702 1295 4765 hic,
1326 4712 1380 4755 et
1407 4711 1617 4757 tetrast.
1650 4704 1719 4757 15
1750 4702 1922 4756 Ditto-

338 4768 473 4840 ulmi
498 4786 510 4840 :_
538 4768 817 4836 Tristiﬁcas
852 4768 1031 4824 latices
1062 4774 1322 4840 stagnanti
1356 4772 1474 4838 felle
1523 4771 1742 4829 tenebat.
1788 4772 1920 4828 Vide

341 4839 449 4892 alta
480 4838 699 4893 ibidetu.
730 4841 984 4894 Nebrissa
1015 4838 1180 4893 tristes
1205 4842 1427 4907 Iupitros,
1461 4851 1506 4893 et
1536 4844 1704 4895 tristes
1742 4858 1921 4897 succos

340 4908 545 4981 eadetng
566 4910 959 4981 significatione
1004 4912 1056 4964 in
1100 4908 1249 4979 Virg.
1292 4912 1510 4963 notavit.
1546 4910 1674 4966 Inde
1720 4912 1917 4981 Ap0th.

343 4992 485 5047 vers.
517 4977 644 5044 δικ
682 4977 919 5047 Unguine
943 4996 1121 5032 amaro
1146 4977 1443 5033 contristare
1471 4997 1663 5034 comas.

416 5044 503 5119 9i.
535 5044 846 5115 llecmsnus,
872 5050 941 5103 de
968 5050 1115 5119 Orig.
1150 5049 1279 5117 ling.
1329 5050 1443 5103 Lul.
1466 5090 1481 5114 ,
1514 5054 1677 5104 verbo
1707 5050 1877 5105 νεκιο
1904 5068 1916 5104 :

349 5112 513 5188 genia
544 5133 655 5183 qua:
701 5112 896 5188 optanti
941 5112 1093 5188 venit:
1141 5112 1344 5186 aut'per
1382 5112 1535 5188 quam
1572 5123 1740 5174 venire
1784 5123 1917 5173 licet.

343 5182 513 5259 Plane
534 5182 597 5243 es:
621 5182 813 5257 origine
846 5190 1005 5240 utitur
1031 5182 1361 5254 Prudentius,
1396 5182 1482 5241 Fit
1522 5192 1647 5259 ligni
1678 5194 1842 5254 venia,
1873 5193 1924 5244 id

343 5262 438 5327 est,
459 5255 737 5327 interventu
760 5261 831 5309 vel
861 5261 1163 5319 accessione.
1185 5261 1307 5311 dum
1328 5262 1525 5327 lignum
1546 5255 1764 5314 advenit.
1793 5262 1920 5314 Bar-

348 5324 630 5401 tliius._lib.
660 5342 747 5380 vm
781 5327 939 5401 Adv.,
968 5344 1087 5395 cap.
1107 5328 1199 5401 20,
1230 5324 1636 5401 interpretatur,
1659 5332 1784 5399 ligni
1806 5347 1921 5401 ope,

345 5395 617 5457 medicina,
648 5398 956 5449 correctione
976 5438 990 5461 ,
1022 5400 1242 5452 auxilio.
1277 5395 1441 5453 Recte
1475 5395 1795 5454 Prudentius
1830 5395 1926 5454 au;

348 5472 536 5538 tum_at,
569 5480 634 5538 eo
656 5466 799 5538 ligno
828 5481 1040 5520 crucem
1065 5470 1374 5537 significari.
1404 5470 1577 5522 Lucus
1606 5480 1782 5524 exstat
1802 5484 1921 5538 eap.

345 5548 415 5657 ἓν
433 5532 788 5657 ἒξὲἀξίωει.
816 5538 1073 5602 Atticum,
1101 5532 1158 5591 ιῖι
1186 5554 1347 5608 supra
1378 5539 1693 5607 Cecropium
1726 5532 1925 5609 hymno

385 5642 402 5669 ,
433 5618 574 5655 vers.
607 5618 691 5657 Η.

542 5672 654 5749 gis.
743 5675 1014 5749 ed.,ribus_
1036 5677 1332 5747 pinguidtts.
1359 5680 1605 5733 Correxit
1626 5680 1923 5749 ninguidus.

416 5743 503 5813 90.
539 5741 766 5811 Hailsb.,
794 5763 853 5798 ac
878 5761 972 5813 pro
996 5741 1316 5813 huc,'minus
1340 5750 1497 5803 bene.

421 5812 543 5869 101.
576 5813 823 5873 Barthius
857 5812 1139 5887 Observat,
1184 5825 1468 5875 ventorum
1525 5820 1682 5875 ﬂatus
1725 5822 1923 5881 animas

2004 2750 2108 2806 dici
2130 2767 2198 2805 ex
2230 2752 2466 2824 Arnobio
2492 2752 2585 2806 lib.
2610 2768 2625 2807 ι
2651 2770 2665 2806 :
2698 2752 2952 2824 Nunquid
2976 2754 3357 2824 exspiraverunt
3385 2752 3586 2824 animas

2003 2837 2123 2875 suas
2144 2823 2277 2875 venti
2300 2824 2323 2877 Ρ
2343 2822 2505 2877 Addit
2529 2864 2545 2889 ,
2576 2822 2923 2879 Prudentium
2967 2822 3073 2879 hoc
3114 2838 3275 2880 versu
3303 2822 3587 2876 anhelitum

2004 2906 2103 2959 pro
2127 2894 2397 2945 animabus
2428 2895 2694 2963 posuisse.
2745 2895 2995 2963 lntelligit
3041 2896 3241 2947 animos
3286 2892 3587 2963 ventiasetl

2004 2976 2101 3015 cur
2133 2977 2237 3033 non
2265 2962 2396 3016 dicit
2421 2962 2619 3031 potius,
2644 2962 2994 3018 Prudentium
3020 2964 3315 3018 anhelitum
3344 2976 3440 3033 pro
3460 2962 3587 3017 llatu

2003 3032 2357 3103 posuissent
2386 3034 2655 3103 Arnobius
2680 3038 2879 3087 animus
2910 3050 3005 3102 pro
3036 3035 3241 3103 ﬂatibus
3265 3034 3315 3103 ζ
3349 3032 3357 3033 “
3386 3100 3451 3103 ῳ
3490 3101 3498 3103 Α
3544 3100 3545 3103 η

2077 3102 2203 3183 ills.
2229 3101 2377 3183 λψς,
2413 3102 2559 3183 γεω.
2585 3104 2651 3183 A,
2677 3100 3143 3183 a_p_rima‘_ma'nu,
3184 3107 3264 3183 O_,
3286 3101 3351 3167 Ρ,
3381 3100 3548 3156 Weit.
3571 3140 3589 3166 ,

2004 3171 2233 3241 Widtu"
2255 3171 2445 3233 Hails.,
2470 3170 2585 3224 Pal.
2605 3181 2661 3226 et
2681 3170 2796 3234 alii,
2820 3174 3069 3240 conﬂata,
3102 3172 3243 3241 quod
3264 3186 3329 3226 ex
3359 3185 3460 3225 suo
3483 3185 3588 3225 ms.

2002 3239 2365 3307 amplectitur.
2402 3242 2677 3306 Barthius,
2717 3239 3029 3309 exponens,
3071 3239 3289 3296 ventum
3332 3256 3423 3295 eas
3464 3255 3591 3295 aves

2003 3316 2309 3377 compactas
2337 3310 2697 3372 conglobatim
2741 3321 2899 3365 terra
2923 3312 3160 3367 illisisse.
3189 3311 3309 3367 Vat.
3341 3312 3402 3376 Β,
3433 3310 3590 3375 ltat.,

2005 3379 2188 3463 Prag.,
2218 3379 3259 3463 ΒοιξεηῨνίόςηλειξρςει.(ἒβη-’ἀῆναι
3291 3382 3475 3463 Aliqui
3506 3384 3593 3461 de-

2005 3452 2149 3517 ﬂata,
2180 3448 2323 3521 quod
2366 3451 2469 3521 erit
2491 3448 2651 3502 veluti
2676 3448 2970 3521 disjectaget
2988 3448 3259 3521 dissipata.
3291 3448 3508 3505 Teolius
3539 3452 3591 3503 in

2010 3527 2159 3589 textu
2197 3518 2401 3589 Heinsii
2443 3519 2543 3588 legi
2570 3518 2796 3588 con/lata
2832 3519 3082 3587 allirmat,
3114 3518 3360 3589 quamvis
3400 3521 3446 3574 is
3475 3536 3593 3574 mos

2010 3588 2190 3641 nuerit
2214 3588 2265 3640 in
2293 3588 2458 3653 notis,
2488 3588 2681 3657 dimota
2706 3605 2828 3645 esse
2854 3591 2905 3642 in
2936 3588 3147 3645 duobus
3169 3604 3300 3644 mss.
3329 3592 3595 3645 vetustio-

1929 3646 1975 3709 C
2006 3658 2172 3711 ribus.
2201 3646 2471 3713 Giselinus
2495 3646 2655 3727 vero,
2684 3675 2840 3727 quem
2872 3658 2986 3714 fere
3032 3660 3281 3715 Heinsius
3318 3662 3592 3727 sequitur,

2013 3727 2117 3799 nisi
2140 3742 2272 3799 cum
2294 3728 2625 3799 contrarium
2654 3729 2852 3798 aliquid
2886 3739 3066 3793 notat,
3101 3731 3262 3786 habet
3288 3729 3509 3799 dimota,
3542 3739 3598 3783 et

2012 3796 2064 3850 in
2095 3797 2213 3865 ipso
2234 3797 2437 3870 Heinsii
2470 3807 2615 3852 textu
2653 3796 2797 3853 clare
2828 3800 3021 3869 legitur
3050 3800 3262 3870 difﬂata.
3286 3796 3408 3854 Vat.
3453 3803 3517 3862 A,
3542 3801 3596 3852 in

2012 3881 2202 3940 unum,
2229 3868 2369 3940 quod
2415 3877 2566 3923 recte
2611 3868 2913 3925 correctum
2946 3878 3029 3925 est
3064 3868 3227 3940 supra
3280 3870 3597 3925 charactere

2017 3936 2289 3990 ntinutiori
2320 3938 2371 3991 in
2400 3940 2635 3991 humum.

2086 4006 2209 4060 104.
2243 4006 2493 4079 Heinsius
2520 4010 2705 4064 mallet
2732 4010 2975 4064 revolent.
3011 4012 3081 4065 At
3102 4024 3237 4065 mss.
3270 4023 3377 4064 non
3401 4023 3596 4079 perpe-

2014 4090 2153 4148 ram,
2170 4077 2435 4148 Arevolant.
2459 4078 2733 4145 Barthius,
2760 4080 3008 4148 referunt.

2091 4144 2211 4223 106.
2265 4145 2322 4200 In
2371 4147 2493 4201 Vat.
2517 4152 2742 4219 Asupra
2770 4144 2889 4223 ,vel
2936 4151 3155 4205 nominis
3189 4165 3287 4223 pro
3334 4148 3599 4216 numinis,

2015 4217 2158 4285 quod
2204 4227 2533 4283 postremum
2561 4217 2898 4275 retinendum
2928 4233 3030 4275 est.

2090 4285 2214 4342 108.
2250 4288 2327 4342 Es
2354 4290 2596 4358 dapibus,
2624 4292 2818 4359 quibus
2846 4292 3029 4345 refecti
3060 4300 3186 4347 sunt
3224 4291 3505 4357 Israelita,
3532 4290 3599 4345 ad

2018 4354 2184 4431 dapes
2207 4354 2482 4431 mystics's,
2513 4354 2707 4427 quibus
2751 4362 3042 4415 Christiani
3085 4365 3137 4414 in
3168 4360 3452 4431 pervigilio
3478 4354 3603 4414 sali-

2018 4426 2128 4501 bati
2191 4426 2907 4501 paScltalishvescebantur,
2960 4442 3113 4501 poeta
3165 4426 3404 4486 summ.
3471 4431 3603 4486 Vide

2019 4496 2220 4566 proleg.
2251 4514 2398 4551 num.
2434 4498 2560 4555 Mli.

2092 4567 2217 4651 109_.
2252 4567 2521 4651 Saculum
2537 4584 2635 4651 pro
2656 4570 2856 4651 mundo
2884 4570 3454 4651 rebusqueinundanis
3482 4584 3605 4639 pas-

2022 4636 2122 4691 sim
2157 4639 2225 4690 ab
2252 4636 2632 4693 ecclesiasticis
2654 4642 3009 4708 scriptoribus
3041 4636 3347 4697 adhibetur.

2095 4708 2219 4762 110.
2252 4708 2499 4777 Nonnulli
2538 4709 2779 4763 discussis
2805 4726 2899 4777 pro
2928 4713 3179 4769 discissis.

2095 4778 2217 4830 111.
2242 4776 2411 4852 ϐεδε-1
2439 4777 2605 4852 ed.i_n
2650 4776 2829 4852 tes_tu,
2854 4791 3220 4849 raptatasqtse;
3245 4783 3311 4838 ad
3344 4798 3495 4839 oram
3516 4784 3606 4852 ja-

2024 4855 2307 4967 cta‘t‘asque.
2335 4846 2482 4917 Virg.
2515 4849 2612 4905 lib.
2642 4864 2659 4904 ι
2696 4848 2822 4904 Ain.
2852 4865 2995 4907 vers.
3025 4846 3259 4917 sum.
3278 4846 3532 4925 jactatus,
3558 4863 3606 4907 et

2025 4934 2092 4967 υη
2138 4933 2200 4967 ιδ.

2025 4933 2200 4969 unats.

1947 5002 2002 5063 ι)
2100 4986 2221 5063 lli.
2253 4984 2556 5042 Gronovius
2583 4989 2636 5063 in
2664 4989 2947 5063 Observat.
2977 4991 3176 5063 eccles.
3223 4994 3503 5063 legendum
3533 4996 3609 5049 ait

2029 5056 2281 5134 cultaque,
2308 5060 2897 5134 ut_s_eges_desig_uetur,
2932 5062 3070 5131 quod
3093 5056 3605 5134 aliqus'cunjectura

2031 5127 2352 5202 ltilcire‘vult
2378 5127 2648 5202 Heinsius.
2686 5127 2905 5185 Videtur
2926 5127 3257 5202 distinguere
3282 5134 3362 5188 lso
3383 5127 3552 5188 caltha
3578 5151 3608 5189 a

2032 5196 2326 5267 pinguibus,
2359 5199 2500 5267 quod
2547 5210 2770 5271 nonest
2810 5216 3053 5256 necesse.
3093 5196 3484 5259 Chamillardus
3511 5205 3605 5271 ait,

2033 5280 2246 5343 errasse
2277 5279 2506 5343 poetam,
2538 5270 2681 5338 quod
2722 5280 2912 5324 neutro
2940 5287 3143 5341 genere
3171 5277 3454 5343 protulerit
3504 5277 3612 5330 cal-

2034 5339 2194 5397 tltam,
2226 5350 2345 5415 quae
2367 5340 2504 5461 apud
2528 5355 2717 5395 omnes
2739 5339 2987 5410 antiquos
3007 5352 3090 5397 est
3110 5339 3349 5398 feminini
3375 5347 3608 5415 generis,

2034 5407 2133 5461 ﬂos
2163 5407 2371 5461 sellicet
2421 5411 2525 5461 utei
2556 5412 2640 5461 vel
2671 5415 2845 5461 crocei
2877 5413 3094 5461 coloris-
3127 5414 3191 5461 Et
3223 5415 3336 5461 hmc
3366 5427 3449 5461 est
3477 5417 3608 5461 ralin

2034 5407 2133 5462 llos
2163 5407 2371 5462 scilicet
2400 5407 2525 5463 lutei
2556 5412 2640 5464 vel
2671 5415 2845 5466 crocei
2870 5407 3094 5468 coloris.
3126 5414 3191 5467 Et
3223 5415 3336 5468 lucc
3366 5407 3449 5470 e'st
3477 5407 3613 5471 ratio

2036 5476 2289 5555 Gjonovii
2340 5481 2643 5555 curntalit
2691 5482 3264 5555 cultuque,‘esemplo
3328 5484 3527 5555 Virgilii
3578 5502 3615 5540 ι

2034 5545 2276 5621 ΔΕηβὶᾴἿ
2304 5551 2389 5601 ubi
2418 5552 2629 5618 pinguia
2658 5553 2818 5615 culta,
2844 5545 2958 5605 etc.
2988 5545 3238 5609 Nebrissa
3270 5569 3332 5607 ex
3369 5545 3610 5621 V'i'rgilio,

2034 5626 2089 5671 et
2116 5620 2408 5673 Columella
2433 5622 2766 5689 observarat,
2799 5625 2973 5690 potius
3000 5623 3365 5678 dici.caltham
3384 5620 3615 5680 let-lineo

2031 5690 2632 5765 genere._Net_iue_ego
2671 5692 2919 5765 invenio,
2966 5693 3085 5762 quis
3128 5694 3363 5749 calthum
3398 5695 3616 5765 dixerit,

2034 5768 2229 5828 pratter
2260 5759 2647 5828 Prudentium;
2680 5763 2776 5819 scd
2800 5759 2909 5820 noti
2937 5759 3059 5821 eum
3084 5764 3299 5821 damno.
