  <div class='ocr_page' id='page_1' title='image "/cluster/home/n/w/nwhite01/storage/ocr_20150623/58-59/uc1.31175013991289/1036.png"; bbox 0 0 4358 6412; ppageno 0'>
   <div class='ocr_carea' id='block_1_1' title="bbox 555 532 1174 601">
    <p class='ocr_par' dir='ltr' id='par_1_1' title="bbox 555 532 1174 601">
     <span class='ocr_line' id='line_1_1' title="bbox 555 532 1174 601; baseline -0.016 -6"><span class='ocrx_word' id='word_1_1' title='bbox 555 535 881 595; x_wconf 73' lang='lat' dir='ltr'><strong>lledicabil&#39;s</strong></span> <span class='ocrx_word' id='word_1_2' title='bbox 908 532 1174 601; x_wconf 78' lang='lat' dir='ltr'><strong>voluptas.</strong></span> 
     </span>
    </p>
   </div>
   <div class='ocr_carea' id='block_1_2' title="bbox 306 627 1435 703">
    <p class='ocr_par' dir='ltr' id='par_1_2' title="bbox 306 627 1435 703">
     <span class='ocr_line' id='line_1_2' title="bbox 306 627 1435 703; baseline -0.018 -9"><span class='ocrx_word' id='word_1_3' title='bbox 306 638 378 693; x_wconf 75' lang='grc'><strong>25</strong></span> <span class='ocrx_word' id='word_1_4' title='bbox 482 632 643 703; x_wconf 84' lang='lat'><strong>300</strong></span> <span class='ocrx_word' id='word_1_5' title='bbox 665 628 791 692; x_wconf 86' lang='lat' dir='ltr'><strong>Sed,</strong></span> <span class='ocrx_word' id='word_1_6' title='bbox 818 627 943 681; x_wconf 92' lang='lat' dir='ltr'><strong>dum</strong></span> <span class='ocrx_word' id='word_1_7' title='bbox 977 630 1218 694; x_wconf 90' lang='lat' dir='ltr'><strong>pererrat</strong></span> <span class='ocrx_word' id='word_1_8' title='bbox 1246 636 1435 676; x_wconf 85' lang='lat' dir='ltr'><strong>omnes</strong></span> 
     </span>
    </p>
   </div>
   <div class='ocr_carea' id='block_1_3' title="bbox 552 717 1128 786">
    <p class='ocr_par' dir='ltr' id='par_1_3' title="bbox 552 717 1128 786">
     <span class='ocr_line' id='line_1_3' title="bbox 552 717 1128 786; baseline -0.009 -12"><span class='ocrx_word' id='word_1_9' title='bbox 552 720 715 786; x_wconf 87' lang='lat' dir='ltr'><strong>Quies</strong></span> <span class='ocrx_word' id='word_1_10' title='bbox 742 717 913 772; x_wconf 89' lang='lat' dir='ltr'><strong>amica</strong></span> <span class='ocrx_word' id='word_1_11' title='bbox 938 730 1128 780; x_wconf 89' lang='lat' dir='ltr'><strong>venas,</strong></span> 
     </span>
    </p>
   </div>
   <div class='ocr_carea' id='block_1_4' title="bbox 554 804 1137 876">
    <p class='ocr_par' dir='ltr' id='par_1_4' title="bbox 554 804 1137 876">
     <span class='ocr_line' id='line_1_4' title="bbox 554 804 1137 876; baseline -0.012 -12"><span class='ocrx_word' id='word_1_12' title='bbox 554 810 850 876; x_wconf 78' lang='lat' dir='ltr'><strong>Pectusque</strong></span> <span class='ocrx_word' id='word_1_13' title='bbox 890 804 1137 859; x_wconf 85' lang='lat' dir='ltr'><strong>feriatum</strong></span> 
     </span>
    </p>
   </div>
   <div class='ocr_carea' id='block_1_5' title="bbox 552 896 1209 964">
    <p class='ocr_par' dir='ltr' id='par_1_5' title="bbox 552 896 1209 964">
     <span class='ocr_line' id='line_1_5' title="bbox 552 896 1209 964; baseline -0.014 -10"><span class='ocrx_word' id='word_1_14' title='bbox 552 899 731 953; x_wconf 86' lang='lat' dir='ltr'><strong>Placat</strong></span> <span class='ocrx_word' id='word_1_15' title='bbox 761 896 967 964; x_wconf 76' lang='lat' dir='ltr'><strong>rigante</strong></span> <span class='ocrx_word' id='word_1_16' title='bbox 996 905 1209 957; x_wconf 84' lang='lat' dir='ltr'><strong>somno,</strong></span> 
     </span>
    </p>
   </div>
   <div class='ocr_carea' id='block_1_6' title="bbox 482 989 1141 1056">
    <p class='ocr_par' dir='ltr' id='par_1_6' title="bbox 482 989 1141 1056">
     <span class='ocr_line' id='line_1_6' title="bbox 482 989 1141 1056; baseline -0.017 -10"><span class='ocrx_word' id='word_1_17' title='bbox 482 989 641 1045; x_wconf 84' lang='lat' dir='ltr'><strong>Liber</strong></span> <span class='ocrx_word' id='word_1_18' title='bbox 670 994 825 1056; x_wconf 89' lang='lat' dir='ltr'><strong>vagat</strong></span> <span class='ocrx_word' id='word_1_19' title='bbox 854 998 951 1053; x_wconf 90' lang='lat' dir='ltr'><strong>per</strong></span> <span class='ocrx_word' id='word_1_20' title='bbox 978 996 1141 1036; x_wconf 82' lang='lat' dir='ltr'><strong>auras</strong></span> 
     </span>
    </p>
   </div>
   <div class='ocr_carea' id='block_1_7' title="bbox 552 1074 1205 1147">
    <p class='ocr_par' dir='ltr' id='par_1_7' title="bbox 552 1074 1205 1147">
     <span class='ocr_line' id='line_1_7' title="bbox 552 1074 1205 1147; baseline -0.014 -15"><span class='ocrx_word' id='word_1_21' title='bbox 552 1076 758 1147; x_wconf 79' lang='lat' dir='ltr'><strong>Rapido</strong></span> <span class='ocrx_word' id='word_1_22' title='bbox 789 1074 969 1143; x_wconf 82' lang='lat' dir='ltr'><strong>vigore</strong></span> <span class='ocrx_word' id='word_1_23' title='bbox 989 1084 1205 1133; x_wconf 79' lang='lat' dir='ltr'><strong>sensus,</strong></span> 
     </span>
    </p>
   </div>
   <div class='ocr_carea' id='block_1_8' title="bbox 554 1164 1219 1237">
    <p class='ocr_par' dir='ltr' id='par_1_8' title="bbox 554 1164 1219 1237">
     <span class='ocr_line' id='line_1_8' title="bbox 554 1164 1219 1237; baseline -0.015 -14"><span class='ocrx_word' id='word_1_24' title='bbox 554 1168 845 1237; x_wconf 86' lang='lat' dir='ltr'><strong>Variasque</strong></span> <span class='ocrx_word' id='word_1_25' title='bbox 871 1179 966 1235; x_wconf 86' lang='lat' dir='ltr'><strong>per</strong></span> <span class='ocrx_word' id='word_1_26' title='bbox 996 1164 1219 1232; x_wconf 83' lang='lat' dir='ltr'><strong>figuras,</strong></span> 
     </span>
    </p>
   </div>
   <div class='ocr_carea' id='block_1_9' title="bbox 548 1253 1287 1325">
    <p class='ocr_par' dir='ltr' id='par_1_9' title="bbox 548 1253 1287 1325">
     <span class='ocr_line' id='line_1_9' title="bbox 548 1253 1287 1325; baseline -0.015 -12"><span class='ocrx_word' id='word_1_27' title='bbox 548 1259 679 1325; x_wconf 63' lang='lat' dir='ltr'><strong>Quae</strong></span> <span class='ocrx_word' id='word_1_28' title='bbox 700 1263 827 1310; x_wconf 88' lang='lat' dir='ltr'><strong>sunt</strong></span> <span class='ocrx_word' id='word_1_29' title='bbox 853 1261 1061 1323; x_wconf 88' lang='lat' dir='ltr'><strong>operta,</strong></span> <span class='ocrx_word' id='word_1_30' title='bbox 1093 1253 1287 1305; x_wconf 86' lang='lat' dir='ltr'><strong>cernit.</strong></span> 
     </span>
    </p>
   </div>
   <div class='ocr_carea' id='block_1_10' title="bbox 476 1344 1198 1419">
    <p class='ocr_par' dir='ltr' id='par_1_10' title="bbox 476 1344 1198 1419">
     <span class='ocr_line' id='line_1_10' title="bbox 476 1344 1198 1419; baseline -0.014 -13"><span class='ocrx_word' id='word_1_31' title='bbox 476 1352 612 1419; x_wconf 87' lang='lat' dir='ltr'><strong>Quia</strong></span> <span class='ocrx_word' id='word_1_32' title='bbox 646 1364 798 1404; x_wconf 86' lang='lat' dir='ltr'><strong>mens</strong></span> <span class='ocrx_word' id='word_1_33' title='bbox 822 1348 994 1401; x_wconf 86' lang='lat' dir='ltr'><strong>soluta</strong></span> <span class='ocrx_word' id='word_1_34' title='bbox 1027 1344 1198 1408; x_wconf 87' lang='lat' dir='ltr'><strong>curis,</strong></span> 
     </span>
    </p>
   </div>
   <div class='ocr_carea' id='block_1_11' title="bbox 554 1434 1195 1505">
    <p class='ocr_par' dir='ltr' id='par_1_11' title="bbox 554 1434 1195 1505">
     <span class='ocr_line' id='line_1_11' title="bbox 554 1434 1195 1505; baseline -0.012 -10"><span class='ocrx_word' id='word_1_35' title='bbox 554 1440 650 1495; x_wconf 83' lang='lat' dir='ltr'><strong>Cui</strong></span> <span class='ocrx_word' id='word_1_36' title='bbox 675 1448 757 1493; x_wconf 92' lang='lat' dir='ltr'><strong>est</strong></span> <span class='ocrx_word' id='word_1_37' title='bbox 789 1437 944 1505; x_wconf 80' lang='lat' dir='ltr'><strong>origo</strong></span> <span class='ocrx_word' id='word_1_38' title='bbox 971 1434 1195 1498; x_wconf 71' lang='lat' dir='ltr'><strong>malum,</strong></span> 
     </span>
    </p>
   </div>
   <div class='ocr_carea' id='block_1_12' title="bbox 553 1524 1292 1597">
    <p class='ocr_par' dir='ltr' id='par_1_12' title="bbox 553 1524 1292 1597">
     <span class='ocr_line' id='line_1_12' title="bbox 553 1524 1292 1597; baseline -0.014 -12"><span class='ocrx_word' id='word_1_39' title='bbox 553 1530 833 1597; x_wconf 85' lang='lat' dir='ltr'><strong>Purusque</strong></span> <span class='ocrx_word' id='word_1_40' title='bbox 856 1526 974 1580; x_wconf 89' lang='lat' dir='ltr'><strong>fons</strong></span> <span class='ocrx_word' id='word_1_41' title='bbox 1003 1524 1070 1581; x_wconf 83' lang='lat' dir='ltr'><strong>ab</strong></span> <span class='ocrx_word' id='word_1_42' title='bbox 1098 1524 1292 1587; x_wconf 77' lang='lat' dir='ltr'><strong>tethra,</strong></span> 
     </span>
    </p>
   </div>
   <div class='ocr_carea' id='block_1_13' title="bbox 554 1615 1133 1687">
    <p class='ocr_par' dir='ltr' id='par_1_13' title="bbox 554 1615 1133 1687">
     <span class='ocr_line' id='line_1_13' title="bbox 554 1615 1133 1687; baseline -0.016 -11"><span class='ocrx_word' id='word_1_43' title='bbox 554 1620 700 1675; x_wconf 85' lang='lat' dir='ltr'><strong>Iners</strong></span> <span class='ocrx_word' id='word_1_44' title='bbox 723 1620 904 1687; x_wconf 82' lang='lat' dir='ltr'><strong>jacere</strong></span> <span class='ocrx_word' id='word_1_45' title='bbox 944 1615 1133 1669; x_wconf 90' lang='lat' dir='ltr'><strong>nescit.</strong></span> 
     </span>
    </p>
   </div>
   <div class='ocr_carea' id='block_1_14' title="bbox 482 1708 1069 1767">
    <p class='ocr_par' dir='ltr' id='par_1_14' title="bbox 482 1708 1069 1767">
     <span class='ocr_line' id='line_1_14' title="bbox 482 1708 1069 1767; baseline -0.01 0"><span class='ocrx_word' id='word_1_46' title='bbox 482 1714 686 1767; x_wconf 83' lang='lat' dir='ltr'><strong>lmitata</strong></span> <span class='ocrx_word' id='word_1_47' title='bbox 715 1708 1069 1763; x_wconf 80' lang='lat' dir='ltr'><strong>multiformes</strong></span> 
     </span>
    </p>
   </div>
   <div class='ocr_carea' id='block_1_15' title="bbox 556 1796 1220 1867">
    <p class='ocr_par' dir='ltr' id='par_1_15' title="bbox 556 1796 1220 1867">
     <span class='ocr_line' id='line_1_15' title="bbox 556 1796 1220 1867; baseline -0.012 -11"><span class='ocrx_word' id='word_1_48' title='bbox 556 1802 741 1856; x_wconf 80' lang='lat' dir='ltr'><strong>Facies</strong></span> <span class='ocrx_word' id='word_1_49' title='bbox 768 1798 868 1854; x_wconf 83' lang='lat' dir='ltr'><strong>sibi</strong></span> <span class='ocrx_word' id='word_1_50' title='bbox 900 1797 1015 1867; x_wconf 87' lang='lat' dir='ltr'><strong>ipsa</strong></span> <span class='ocrx_word' id='word_1_51' title='bbox 1049 1796 1220 1867; x_wconf 88' lang='lat' dir='ltr'><strong>lingit,</strong></span> 
     </span>
    </p>
   </div>
   <div class='ocr_carea' id='block_1_16' title="bbox 551 1893 1324 1960">
    <p class='ocr_par' dir='ltr' id='par_1_16' title="bbox 551 1893 1324 1960">
     <span class='ocr_line' id='line_1_16' title="bbox 551 1893 1324 1960; baseline -0.01 -13"><span class='ocrx_word' id='word_1_52' title='bbox 551 1893 652 1947; x_wconf 80' lang='lat' dir='ltr'><strong>Per</strong></span> <span class='ocrx_word' id='word_1_53' title='bbox 680 1905 812 1960; x_wconf 90' lang='lat' dir='ltr'><strong>quas</strong></span> <span class='ocrx_word' id='word_1_54' title='bbox 836 1898 1060 1957; x_wconf 85' lang='lat' dir='ltr'><strong>repente</strong></span> <span class='ocrx_word' id='word_1_55' title='bbox 1094 1900 1324 1941; x_wconf 73' lang='lat' dir='ltr'><strong>curri-ns</strong></span> 
     </span>
    </p>
   </div>
   <div class='ocr_carea' id='block_1_17' title="bbox 550 1981 1125 2036">
    <p class='ocr_par' dir='ltr' id='par_1_17' title="bbox 550 1981 1125 2036">
     <span class='ocr_line' id='line_1_17' title="bbox 550 1981 1125 2036; baseline -0.007 0"><span class='ocrx_word' id='word_1_56' title='bbox 550 1982 719 2036; x_wconf 86' lang='lat' dir='ltr'><strong>Tenui</strong></span> <span class='ocrx_word' id='word_1_57' title='bbox 754 1981 957 2034; x_wconf 81' lang='lat' dir='ltr'><strong>fruatur</strong></span> <span class='ocrx_word' id='word_1_58' title='bbox 982 1986 1125 2032; x_wconf 88' lang='lat' dir='ltr'><strong>actu.</strong></span> 
     </span>
    </p>
   </div>
   <div class='ocr_carea' id='block_1_18' title="bbox 481 2068 1343 2144">
    <p class='ocr_par' dir='ltr' id='par_1_18' title="bbox 481 2068 1343 2144">
     <span class='ocr_line' id='line_1_18' title="bbox 481 2068 1343 2144; baseline -0.019 -10"><span class='ocrx_word' id='word_1_59' title='bbox 481 2073 638 2144; x_wconf 81' lang='lat'><strong>301</strong></span> <span class='ocrx_word' id='word_1_60' title='bbox 667 2071 772 2126; x_wconf 85' lang='lat' dir='ltr'><strong>Sed</strong></span> <span class='ocrx_word' id='word_1_61' title='bbox 802 2082 957 2125; x_wconf 82' lang='lat' dir='ltr'><strong>sensa</strong></span> <span class='ocrx_word' id='word_1_62' title='bbox 984 2068 1343 2122; x_wconf 84' lang='lat' dir='ltr'><strong>somniantum</strong></span> 
     </span>
    </p>
   </div>
   <div class='ocr_carea' id='block_1_19' title="bbox 304 1084 375 1138">
    <p class='ocr_par' dir='ltr' id='par_1_19' title="bbox 304 1084 375 1138">
     <span class='ocr_line' id='line_1_19' title="bbox 304 1084 375 1138; baseline 0 0"><span class='ocrx_word' id='word_1_63' title='bbox 304 1084 375 1138; x_wconf 80' lang='lat'><strong>&#39;50</strong></span> 
     </span>
    </p>
   </div>
   <div class='ocr_carea' id='block_1_20' title="bbox 304 1532 373 1590">
    <p class='ocr_par' dir='ltr' id='par_1_20' title="bbox 304 1532 373 1590">
     <span class='ocr_line' id='line_1_20' title="bbox 304 1532 373 1590; baseline 0 -3"><span class='ocrx_word' id='word_1_64' title='bbox 304 1532 373 1590; x_wconf 82' lang='grc'><strong>55</strong></span> 
     </span>
    </p>
   </div>
   <div class='ocr_carea' id='block_1_21' title="bbox 306 1989 375 2043">
    <p class='ocr_par' dir='ltr' id='par_1_21' title="bbox 306 1989 375 2043">
     <span class='ocr_line' id='line_1_21' title="bbox 306 1989 375 2043; baseline 0 0"><span class='ocrx_word' id='word_1_65' title='bbox 306 1989 375 2043; x_wconf 78' lang='grc' dir='ltr'><strong>ιυ</strong></span> 
     </span>
    </p>
   </div>
   <div class='ocr_carea' id='block_1_22' title="bbox 375 2245 1415 2315">
    <p class='ocr_par' dir='ltr' id='par_1_22' title="bbox 375 2245 1415 2315">
     <span class='ocr_line' id='line_1_22' title="bbox 375 2245 1415 2315; baseline -0.007 -7"><span class='ocrx_word' id='word_1_66' title='bbox 375 2255 465 2309; x_wconf 68' lang='lat'><strong>27.</strong></span> <span class='ocrx_word' id='word_1_67' title='bbox 501 2252 794 2315; x_wconf 84' lang='lat' dir='ltr'><strong>Feriatum,</strong></span> <span class='ocrx_word' id='word_1_68' title='bbox 829 2249 1070 2311; x_wconf 82' lang='lat' dir='ltr'><strong>otiosum,</strong></span> <span class='ocrx_word' id='word_1_69' title='bbox 1094 2248 1335 2315; x_wconf 89' lang='lat' dir='ltr'><strong>quietum,</strong></span> <span class='ocrx_word' id='word_1_70' title='bbox 1371 2245 1415 2301; x_wconf 88' lang='grc' dir='ltr'><strong>Ι.</strong></span> 
     </span>
    </p>
   </div>
   <div class='ocr_carea' id='block_1_23' title="bbox 376 2318 1244 2390">
    <p class='ocr_par' dir='ltr' id='par_1_23' title="bbox 376 2318 1244 2390">
     <span class='ocr_line' id='line_1_23' title="bbox 376 2318 1244 2390; baseline -0.013 -11"><span class='ocrx_word' id='word_1_71' title='bbox 376 2326 466 2379; x_wconf 78' lang='lat'><strong>55.</strong></span> <span class='ocrx_word' id='word_1_72' title='bbox 492 2322 705 2385; x_wconf 61' lang='lat' dir='ltr'><strong>i‘Ethra,</strong></span> <span class='ocrx_word' id='word_1_73' title='bbox 734 2320 996 2390; x_wconf 90' lang='lat' dir='ltr'><strong>splendor,</strong></span> <span class='ocrx_word' id='word_1_74' title='bbox 1034 2318 1151 2372; x_wconf 88' lang='lat' dir='ltr'><strong>Vat.</strong></span> <span class='ocrx_word' id='word_1_75' title='bbox 1179 2318 1244 2370; x_wconf 83' lang='lat' dir='ltr'><strong>A.</strong></span> 
     </span>
    </p>
   </div>
   <div class='ocr_carea' id='block_1_24' title="bbox 379 2391 963 2454">
    <p class='ocr_par' dir='ltr' id='par_1_24' title="bbox 379 2391 963 2454">
     <span class='ocr_line' id='line_1_24' title="bbox 379 2391 963 2454; baseline -0.009 -7"><span class='ocrx_word' id='word_1_76' title='bbox 379 2396 466 2448; x_wconf 78' lang='lat'><strong>&#39;56.</strong></span> <span class='ocrx_word' id='word_1_77' title='bbox 496 2394 658 2454; x_wconf 90' lang='lat' dir='ltr'><strong>Iners,</strong></span> <span class='ocrx_word' id='word_1_78' title='bbox 686 2391 803 2443; x_wconf 76' lang='lat' dir='ltr'><strong>sine</strong></span> <span class='ocrx_word' id='word_1_79' title='bbox 832 2401 963 2446; x_wconf 86' lang='lat' dir='ltr'><strong>arte.</strong></span> 
     </span>
    </p>
   </div>
   <div class='ocr_carea' id='block_1_25' title="bbox 376 2457 1059 2529">
    <p class='ocr_par' dir='ltr' id='par_1_25' title="bbox 376 2457 1059 2529">
     <span class='ocr_line' id='line_1_25' title="bbox 376 2457 1059 2529; baseline -0.013 -11"><span class='ocrx_word' id='word_1_80' title='bbox 376 2464 465 2518; x_wconf 75' lang='lat'><strong>39.</strong></span> <span class='ocrx_word' id='word_1_81' title='bbox 498 2462 599 2517; x_wconf 86' lang='lat' dir='ltr'><strong>Pcr</strong></span> <span class='ocrx_word' id='word_1_82' title='bbox 625 2473 777 2529; x_wconf 85' lang='lat' dir='ltr'><strong>quas,</strong></span> <span class='ocrx_word' id='word_1_83' title='bbox 814 2460 985 2525; x_wconf 72' lang='lat' dir='ltr'><strong>facies.</strong></span> <span class='ocrx_word' id='word_1_84' title='bbox 1018 2457 1059 2511; x_wconf 94' lang='lat' dir='ltr'><strong>l.</strong></span> 
     </span>
    </p>
   </div>
   <div class='ocr_carea' id='block_1_26' title="bbox 379 2524 1890 2595">
    <p class='ocr_par' dir='ltr' id='par_1_26' title="bbox 379 2524 1890 2595">
     <span class='ocr_line' id='line_1_26' title="bbox 379 2524 1890 2595; baseline -0.007 -7"><span class='ocrx_word' id='word_1_85' title='bbox 379 2536 466 2588; x_wconf 76' lang='grc'><strong>41.</strong></span> <span class='ocrx_word' id='word_1_86' title='bbox 500 2524 684 2593; x_wconf 63' lang='lat' dir='ltr'><strong>Sensi,</strong></span> <span class='ocrx_word' id='word_1_87' title='bbox 721 2529 1045 2591; x_wconf 86' lang='lat' dir='ltr'><strong>neutraliter,</strong></span> <span class='ocrx_word' id='word_1_88' title='bbox 1088 2542 1292 2580; x_wconf 84' lang='lat' dir='ltr'><strong>sensum</strong></span> <span class='ocrx_word' id='word_1_89' title='bbox 1338 2542 1550 2589; x_wconf 82' lang='lat' dir='ltr'><strong>meum;</strong></span> <span class='ocrx_word' id='word_1_90' title='bbox 1595 2526 1646 2578; x_wconf 87' lang='lat' dir='ltr'><strong>in</strong></span> <span class='ocrx_word' id='word_1_91' title='bbox 1696 2524 1890 2595; x_wconf 76' lang='lat' dir='ltr'><strong>plurali</strong></span> 
     </span>
    </p>
   </div>
   <div class='ocr_carea' id='block_1_27' title="bbox 309 2598 1889 2669">
    <p class='ocr_par' dir='ltr' id='par_1_27' title="bbox 309 2598 1889 2669">
     <span class='ocr_line' id='line_1_27' title="bbox 309 2598 1889 2669; baseline -0.006 -13"><span class='ocrx_word' id='word_1_92' title='bbox 309 2617 517 2657; x_wconf 84' lang='lat' dir='ltr'><strong>numero</strong></span> <span class='ocrx_word' id='word_1_93' title='bbox 548 2601 665 2669; x_wconf 79' lang='lat' dir='ltr'><strong>facit</strong></span> <span class='ocrx_word' id='word_1_94' title='bbox 692 2601 745 2651; x_wconf 80' lang='lat' dir='ltr'><strong>lii</strong></span> <span class='ocrx_word' id='word_1_95' title='bbox 773 2614 982 2660; x_wconf 86' lang='lat' dir='ltr'><strong>sensus,</strong></span> <span class='ocrx_word' id='word_1_96' title='bbox 1035 2608 1080 2651; x_wconf 88' lang='lat' dir='ltr'><strong>et</strong></span> <span class='ocrx_word' id='word_1_97' title='bbox 1118 2598 1229 2669; x_wconf 73' lang='lat' dir='ltr'><strong>lta&#39;c</strong></span> <span class='ocrx_word' id='word_1_98' title='bbox 1275 2612 1434 2669; x_wconf 56' lang='lat' dir='ltr'><strong>sensti</strong></span> <span class='ocrx_word' id='word_1_99' title='bbox 1472 2607 1649 2650; x_wconf 84' lang='lat' dir='ltr'><strong>neutro</strong></span> <span class='ocrx_word' id='word_1_100' title='bbox 1688 2612 1889 2669; x_wconf 38' lang='lat' dir='ltr'><strong>genere,</strong></span> 
     </span>
    </p>
   </div>
   <div class='ocr_carea' id='block_1_28' title="bbox 311 2666 1891 2738">
    <p class='ocr_par' dir='ltr' id='par_1_28' title="bbox 311 2666 1891 2738">
     <span class='ocr_line' id='line_1_28' title="bbox 311 2666 1891 2738; baseline -0.005 -12"><span class='ocrx_word' id='word_1_101' title='bbox 311 2676 350 2727; x_wconf 88' lang='grc' dir='ltr'><strong>Ι.</strong></span> <span class='ocrx_word' id='word_1_102' title='bbox 382 2666 580 2725; x_wconf 79' lang='lat' dir='ltr'><strong>l’lural.</strong></span> <span class='ocrx_word' id='word_1_103' title='bbox 611 2686 701 2738; x_wconf 89' lang='lat' dir='ltr'><strong>pro</strong></span> <span class='ocrx_word' id='word_1_104' title='bbox 730 2684 921 2733; x_wconf 84' lang='lat' dir='ltr'><strong>sensu;</strong></span> <span class='ocrx_word' id='word_1_105' title='bbox 964 2670 1081 2720; x_wconf 82' lang='lat' dir='ltr'><strong>hinc</strong></span> <span class='ocrx_word' id='word_1_106' title='bbox 1112 2668 1315 2720; x_wconf 78' lang='lat' dir='ltr'><strong>Tullius</strong></span> <span class='ocrx_word' id='word_1_107' title='bbox 1348 2684 1365 2721; x_wconf 89' lang='lat'><strong><em>:</em></strong></span> <span class='ocrx_word' id='word_1_108' title='bbox 1396 2666 1531 2719; x_wconf 86' lang='lat' dir='ltr'><strong>Caro</strong></span> <span class='ocrx_word' id='word_1_109' title='bbox 1573 2666 1701 2720; x_wconf 29' lang='lat' dir='ltr'><strong>ltesa’</strong></span> <span class='ocrx_word' id='word_1_110' title='bbox 1750 2668 1891 2738; x_wconf 71' lang='lat' dir='ltr'><strong>[redit</strong></span> 
     </span>
    </p>
   </div>
   <div class='ocr_carea' id='block_1_29' title="bbox 312 2737 1888 2810">
    <p class='ocr_par' dir='ltr' id='par_1_29' title="bbox 312 2737 1888 2810">
     <span class='ocr_line' id='line_1_29' title="bbox 312 2737 1888 2810; baseline -0.004 -14"><span class='ocrx_word' id='word_1_111' title='bbox 312 2758 493 2806; x_wconf 64' lang='lat' dir='ltr'><strong>sensa;</strong></span> <span class='ocrx_word' id='word_1_112' title='bbox 546 2737 619 2796; x_wconf 79' lang='lat' dir='ltr'><strong>sic</strong></span> <span class='ocrx_word' id='word_1_113' title='bbox 664 2756 836 2795; x_wconf 84' lang='lat' dir='ltr'><strong>verum</strong></span> <span class='ocrx_word' id='word_1_114' title='bbox 887 2754 979 2807; x_wconf 90' lang='lat' dir='ltr'><strong>pro</strong></span> <span class='ocrx_word' id='word_1_115' title='bbox 1023 2740 1250 2802; x_wconf 80' lang='lat' dir='ltr'><strong>veritate,</strong></span> <span class='ocrx_word' id='word_1_116' title='bbox 1292 2741 1495 2810; x_wconf 85' lang='lat' dir='ltr'><strong>justum</strong></span> <span class='ocrx_word' id='word_1_117' title='bbox 1538 2754 1631 2808; x_wconf 88' lang='lat' dir='ltr'><strong>pro</strong></span> <span class='ocrx_word' id='word_1_118' title='bbox 1664 2737 1888 2808; x_wconf 87' lang='lat' dir='ltr'><strong>justitia,</strong></span> 
     </span>
    </p>
   </div>
   <div class='ocr_carea' id='block_1_30' title="bbox 316 2816 524 2870">
    <p class='ocr_par' dir='ltr' id='par_1_30' title="bbox 316 2816 524 2870">
     <span class='ocr_line' id='line_1_30' title="bbox 316 2816 524 2870; baseline -0.01 0"><span class='ocrx_word' id='word_1_119' title='bbox 316 2816 428 2870; x_wconf 86' lang='lat' dir='ltr'><strong>Vat.</strong></span> <span class='ocrx_word' id='word_1_120' title='bbox 459 2817 524 2869; x_wconf 86' lang='lat' dir='ltr'><strong>A.</strong></span> 
     </span>
    </p>
   </div>
   <div class='ocr_carea' id='block_1_31' title="bbox 1323 404 2557 473">
    <p class='ocr_par' dir='ltr' id='par_1_31' title="bbox 1323 404 2557 473">
     <span class='ocr_line' id='line_1_31' title="bbox 1323 404 2557 473; baseline -0.012 0"><span class='ocrx_word' id='word_1_121' title='bbox 1323 410 1859 473; x_wconf 72' lang='lat' dir='ltr'><strong>CATllEMERINON</strong></span> <span class='ocrx_word' id='word_1_122' title='bbox 1904 409 1989 464; x_wconf 90' lang='lat' dir='ltr'><strong>Vl.</strong></span> <span class='ocrx_word' id='word_1_123' title='bbox 2032 408 2215 465; x_wconf 82' lang='lat' dir='ltr'><strong>ANTE</strong></span> <span class='ocrx_word' id='word_1_124' title='bbox 2255 404 2557 463; x_wconf 71' lang='lat' dir='ltr'><strong>SOMNUM.</strong></span> 
     </span>
    </p>
   </div>
   <div class='ocr_carea' id='block_1_32' title="bbox 1916 528 1965 587">
    <p class='ocr_par' dir='ltr' id='par_1_32' title="bbox 1916 528 1965 587">
     <span class='ocr_line' id='line_1_32' title="bbox 1916 528 1965 587; baseline 0 0"><span class='ocrx_word' id='word_1_125' title='bbox 1916 528 1965 587; x_wconf 83' lang='lat' dir='ltr'><strong>A</strong></span> 
     </span>
    </p>
   </div>
   <div class='ocr_carea' id='block_1_33' title="bbox 3474 394 3586 448">
    <p class='ocr_par' dir='ltr' id='par_1_33' title="bbox 3474 394 3586 448">
     <span class='ocr_line' id='line_1_33' title="bbox 3474 394 3586 448; baseline -0.018 0"><span class='ocrx_word' id='word_1_126' title='bbox 3474 394 3586 448; x_wconf 67' lang='lat' dir='ltr'><strong>83l</strong></span> 
     </span>
    </p>
   </div>
   <div class='ocr_carea' id='block_1_34' title="bbox 2244 518 2899 591">
    <p class='ocr_par' dir='ltr' id='par_1_34' title="bbox 2244 518 2899 591">
     <span class='ocr_line' id='line_1_34' title="bbox 2244 518 2899 591; baseline -0.005 -14"><span class='ocrx_word' id='word_1_127' title='bbox 2244 522 2435 591; x_wconf 83' lang='lat' dir='ltr'><strong>Dispar</strong></span> <span class='ocrx_word' id='word_1_128' title='bbox 2463 520 2651 591; x_wconf 77' lang='lat' dir='ltr'><strong>fatigat</strong></span> <span class='ocrx_word' id='word_1_129' title='bbox 2680 518 2899 575; x_wconf 85' lang='lat' dir='ltr'><strong>horror.</strong></span> 
     </span>
    </p>
   </div>
   <div class='ocr_carea' id='block_1_35' title="bbox 2241 612 3015 683">
    <p class='ocr_par' dir='ltr' id='par_1_35' title="bbox 2241 612 3015 683">
     <span class='ocr_line' id='line_1_35' title="bbox 2241 612 3015 683; baseline -0.005 -15"><span class='ocrx_word' id='word_1_130' title='bbox 2241 613 2395 669; x_wconf 87' lang='lat' dir='ltr'><strong>Nunc</strong></span> <span class='ocrx_word' id='word_1_131' title='bbox 2418 612 2674 683; x_wconf 87' lang='lat' dir='ltr'><strong>splendor</strong></span> <span class='ocrx_word' id='word_1_132' title='bbox 2704 613 3015 678; x_wconf 84' lang='lat' dir='ltr'><strong>intererrat,</strong></span> 
     </span>
    </p>
   </div>
   <div class='ocr_carea' id='block_1_36' title="bbox 2241 703 2874 771">
    <p class='ocr_par' dir='ltr' id='par_1_36' title="bbox 2241 703 2874 771">
     <span class='ocr_line' id='line_1_36' title="bbox 2241 703 2874 771; baseline -0.002 -13"><span class='ocrx_word' id='word_1_133' title='bbox 2241 703 2342 771; x_wconf 90' lang='lat' dir='ltr'><strong>Qui</strong></span> <span class='ocrx_word' id='word_1_134' title='bbox 2365 704 2458 759; x_wconf 90' lang='lat' dir='ltr'><strong>dat</strong></span> <span class='ocrx_word' id='word_1_135' title='bbox 2486 704 2662 758; x_wconf 91' lang='lat' dir='ltr'><strong>futura</strong></span> <span class='ocrx_word' id='word_1_136' title='bbox 2692 717 2874 758; x_wconf 87' lang='lat' dir='ltr'><strong>nosse.</strong></span> 
     </span>
    </p>
   </div>
   <div class='ocr_carea' id='block_1_37' title="bbox 2172 793 2805 862">
    <p class='ocr_par' dir='ltr' id='par_1_37' title="bbox 2172 793 2805 862">
     <span class='ocr_line' id='line_1_37' title="bbox 2172 793 2805 862; baseline -0.002 -14"><span class='ocrx_word' id='word_1_137' title='bbox 2172 794 2499 862; x_wconf 83' lang='lat' dir='ltr'><strong>Plerumque</strong></span> <span class='ocrx_word' id='word_1_138' title='bbox 2526 793 2805 862; x_wconf 84' lang='lat' dir='ltr'><strong>dissipatis</strong></span> 
     </span>
    </p>
   </div>
   <div class='ocr_carea' id='block_1_38' title="bbox 2242 884 2857 955">
    <p class='ocr_par' dir='ltr' id='par_1_38' title="bbox 2242 884 2857 955">
     <span class='ocr_line' id='line_1_38' title="bbox 2242 884 2857 955; baseline -0.005 -14"><span class='ocrx_word' id='word_1_139' title='bbox 2242 885 2472 941; x_wconf 78' lang='lat' dir='ltr'><strong>Mendax</strong></span> <span class='ocrx_word' id='word_1_140' title='bbox 2503 884 2684 955; x_wconf 87' lang='lat' dir='ltr'><strong>imago</strong></span> <span class='ocrx_word' id='word_1_141' title='bbox 2712 887 2857 940; x_wconf 88' lang='lat' dir='ltr'><strong>veris</strong></span> 
     </span>
    </p>
   </div>
   <div class='ocr_carea' id='block_1_39' title="bbox 2241 977 2945 1043">
    <p class='ocr_par' dir='ltr' id='par_1_39' title="bbox 2241 977 2945 1043">
     <span class='ocr_line' id='line_1_39' title="bbox 2241 977 2945 1043; baseline -0.001 -12"><span class='ocrx_word' id='word_1_142' title='bbox 2241 977 2468 1031; x_wconf 79' lang='lat' dir='ltr'><strong>Animos</strong></span> <span class='ocrx_word' id='word_1_143' title='bbox 2499 991 2698 1043; x_wconf 79' lang='lat' dir='ltr'><strong>pavore</strong></span> <span class='ocrx_word' id='word_1_144' title='bbox 2717 984 2945 1031; x_wconf 74' lang='lat' dir='ltr'><strong>nitestos</strong></span> 
     </span>
    </p>
   </div>
   <div class='ocr_carea' id='block_1_40' title="bbox 2237 1066 2803 1137">
    <p class='ocr_par' dir='ltr' id='par_1_40' title="bbox 2237 1066 2803 1137">
     <span class='ocr_line' id='line_1_40' title="bbox 2237 1066 2803 1137; baseline 0 -16"><span class='ocrx_word' id='word_1_145' title='bbox 2237 1066 2477 1137; x_wconf 77' lang='lat' dir='ltr'><strong>Ambage</strong></span> <span class='ocrx_word' id='word_1_146' title='bbox 2506 1068 2641 1121; x_wconf 82' lang='lat' dir='ltr'><strong>fallit</strong></span> <span class='ocrx_word' id='word_1_147' title='bbox 2661 1076 2803 1122; x_wconf 87' lang='lat' dir='ltr'><strong>atra.</strong></span> 
     </span>
    </p>
   </div>
   <div class='ocr_carea' id='block_1_41' title="bbox 2172 1158 2926 1227">
    <p class='ocr_par' dir='ltr' id='par_1_41' title="bbox 2172 1158 2926 1227">
     <span class='ocr_line' id='line_1_41' title="bbox 2172 1158 2926 1227; baseline 0.001 -15"><span class='ocrx_word' id='word_1_148' title='bbox 2172 1158 2345 1225; x_wconf 84' lang='lat' dir='ltr'><strong>Quem</strong></span> <span class='ocrx_word' id='word_1_149' title='bbox 2376 1173 2495 1213; x_wconf 82' lang='lat' dir='ltr'><strong>rara</strong></span> <span class='ocrx_word' id='word_1_150' title='bbox 2524 1160 2682 1227; x_wconf 85' lang='lat' dir='ltr'><strong>culpa</strong></span> <span class='ocrx_word' id='word_1_151' title='bbox 2714 1173 2926 1213; x_wconf 82' lang='lat' dir='ltr'><strong>morum</strong></span> 
     </span>
    </p>
   </div>
   <div class='ocr_carea' id='block_1_42' title="bbox 2245 1248 2953 1319">
    <p class='ocr_par' dir='ltr' id='par_1_42' title="bbox 2245 1248 2953 1319">
     <span class='ocr_line' id='line_1_42' title="bbox 2245 1248 2953 1319; baseline 0.006 -18"><span class='ocrx_word' id='word_1_152' title='bbox 2245 1248 2362 1303; x_wconf 88' lang='lat' dir='ltr'><strong>Non</strong></span> <span class='ocrx_word' id='word_1_153' title='bbox 2396 1250 2590 1317; x_wconf 83' lang='lat' dir='ltr'><strong>polluit</strong></span> <span class='ocrx_word' id='word_1_154' title='bbox 2619 1249 2953 1319; x_wconf 82' lang='lat' dir='ltr'><strong>frequenter,</strong></span> 
     </span>
    </p>
   </div>
   <div class='ocr_carea' id='block_1_43' title="bbox 2246 1339 2993 1395">
    <p class='ocr_par' dir='ltr' id='par_1_43' title="bbox 2246 1339 2993 1395">
     <span class='ocr_line' id='line_1_43' title="bbox 2246 1339 2993 1395; baseline -0.001 -2"><span class='ocrx_word' id='word_1_155' title='bbox 2246 1339 2397 1393; x_wconf 85' lang='lat' dir='ltr'><strong>llunc</strong></span> <span class='ocrx_word' id='word_1_156' title='bbox 2429 1340 2516 1393; x_wconf 77' lang='lat' dir='ltr'><strong>lux</strong></span> <span class='ocrx_word' id='word_1_157' title='bbox 2548 1355 2741 1395; x_wconf 82' lang='lat' dir='ltr'><strong>serena</strong></span> <span class='ocrx_word' id='word_1_158' title='bbox 2773 1340 2993 1393; x_wconf 82' lang='lat' dir='ltr'><strong>vibrans</strong></span> 
     </span>
    </p>
   </div>
   <div class='ocr_carea' id='block_1_44' title="bbox 2244 1430 3037 1501">
    <p class='ocr_par' dir='ltr' id='par_1_44' title="bbox 2244 1430 3037 1501">
     <span class='ocr_line' id='line_1_44' title="bbox 2244 1430 3037 1501; baseline -0.009 -12"><span class='ocrx_word' id='word_1_159' title='bbox 2244 1430 2407 1501; x_wconf 72' lang='lat'><strong>302</strong></span> <span class='ocrx_word' id='word_1_160' title='bbox 2438 1430 2545 1485; x_wconf 82' lang='lat' dir='ltr'><strong>Res</strong></span> <span class='ocrx_word' id='word_1_161' title='bbox 2567 1431 2760 1486; x_wconf 84' lang='lat' dir='ltr'><strong>edocet</strong></span> <span class='ocrx_word' id='word_1_162' title='bbox 2785 1431 3037 1485; x_wconf 88' lang='lat' dir='ltr'><strong>latentes.</strong></span> 
     </span>
    </p>
   </div>
   <div class='ocr_carea' id='block_1_45' title="bbox 2176 1522 2831 1592">
    <p class='ocr_par' dir='ltr' id='par_1_45' title="bbox 2176 1522 2831 1592">
     <span class='ocr_line' id='line_1_45' title="bbox 2176 1522 2831 1592; baseline 0 -16"><span class='ocrx_word' id='word_1_163' title='bbox 2176 1523 2269 1586; x_wconf 85' lang='lat' dir='ltr'><strong>At,</strong></span> <span class='ocrx_word' id='word_1_164' title='bbox 2295 1522 2386 1590; x_wconf 89' lang='lat' dir='ltr'><strong>qui</strong></span> <span class='ocrx_word' id='word_1_165' title='bbox 2424 1523 2831 1592; x_wconf 87' lang='lat' dir='ltr'><strong>coinquinatum</strong></span> 
     </span>
    </p>
   </div>
   <div class='ocr_carea' id='block_1_46' title="bbox 2247 1612 2830 1683">
    <p class='ocr_par' dir='ltr' id='par_1_46' title="bbox 2247 1612 2830 1683">
     <span class='ocr_line' id='line_1_46' title="bbox 2247 1612 2830 1683; baseline 0.003 -20"><span class='ocrx_word' id='word_1_166' title='bbox 2247 1612 2405 1668; x_wconf 80' lang='lat' dir='ltr'><strong>\‘itiis</strong></span> <span class='ocrx_word' id='word_1_167' title='bbox 2433 1628 2529 1668; x_wconf 91' lang='lat' dir='ltr'><strong>cor</strong></span> <span class='ocrx_word' id='word_1_168' title='bbox 2560 1614 2830 1683; x_wconf 81' lang='lat' dir='ltr'><strong>impiavit,</strong></span> 
     </span>
    </p>
   </div>
   <div class='ocr_carea' id='block_1_47' title="bbox 2247 1701 2843 1772">
    <p class='ocr_par' dir='ltr' id='par_1_47' title="bbox 2247 1701 2843 1772">
     <span class='ocr_line' id='line_1_47' title="bbox 2247 1701 2843 1772; baseline -0.003 -15"><span class='ocrx_word' id='word_1_169' title='bbox 2247 1701 2419 1757; x_wconf 86' lang='lat' dir='ltr'><strong>Lusus</strong></span> <span class='ocrx_word' id='word_1_170' title='bbox 2449 1718 2647 1772; x_wconf 86' lang='lat' dir='ltr'><strong>pavore</strong></span> <span class='ocrx_word' id='word_1_171' title='bbox 2672 1703 2843 1757; x_wconf 89' lang='lat' dir='ltr'><strong>multo</strong></span> 
     </span>
    </p>
   </div>
   <div class='ocr_carea' id='block_1_48' title="bbox 2249 1791 2999 1863">
    <p class='ocr_par' dir='ltr' id='par_1_48' title="bbox 2249 1791 2999 1863">
     <span class='ocr_line' id='line_1_48' title="bbox 2249 1791 2999 1863; baseline -0.004 -14"><span class='ocrx_word' id='word_1_172' title='bbox 2249 1794 2470 1863; x_wconf 77' lang='lat' dir='ltr'><strong>Species</strong></span> <span class='ocrx_word' id='word_1_173' title='bbox 2501 1795 2647 1849; x_wconf 85' lang='lat' dir='ltr'><strong>videt</strong></span> <span class='ocrx_word' id='word_1_174' title='bbox 2673 1791 2999 1849; x_wconf 83' lang='lat' dir='ltr'><strong>tremendas.</strong></span> 
     </span>
    </p>
   </div>
   <div class='ocr_carea' id='block_1_49' title="bbox 2177 1882 2840 1950">
    <p class='ocr_par' dir='ltr' id='par_1_49' title="bbox 2177 1882 2840 1950">
     <span class='ocr_line' id='line_1_49' title="bbox 2177 1882 2840 1950; baseline -0.003 -13"><span class='ocrx_word' id='word_1_175' title='bbox 2177 1882 2293 1937; x_wconf 86' lang='lat' dir='ltr'><strong>lloc</strong></span> <span class='ocrx_word' id='word_1_176' title='bbox 2324 1882 2627 1950; x_wconf 84' lang='lat' dir='ltr'><strong>patriarcha</strong></span> <span class='ocrx_word' id='word_1_177' title='bbox 2654 1890 2840 1937; x_wconf 92' lang='lat' dir='ltr'><strong>noster</strong></span> 
     </span>
    </p>
   </div>
   <div class='ocr_carea' id='block_1_50' title="bbox 2246 1974 2827 2030">
    <p class='ocr_par' dir='ltr' id='par_1_50' title="bbox 2246 1974 2827 2030">
     <span class='ocr_line' id='line_1_50' title="bbox 2246 1974 2827 2030; baseline -0.005 -1"><span class='ocrx_word' id='word_1_178' title='bbox 2246 1974 2359 2029; x_wconf 90' lang='lat' dir='ltr'><strong>Sub</strong></span> <span class='ocrx_word' id='word_1_179' title='bbox 2380 1976 2614 2030; x_wconf 87' lang='lat' dir='ltr'><strong>carceris</strong></span> <span class='ocrx_word' id='word_1_180' title='bbox 2637 1984 2827 2029; x_wconf 88' lang='lat' dir='ltr'><strong>catena</strong></span> 
     </span>
    </p>
   </div>
   <div class='ocr_carea' id='block_1_51' title="bbox 2254 2064 2974 2123">
    <p class='ocr_par' dir='ltr' id='par_1_51' title="bbox 2254 2064 2974 2123">
     <span class='ocr_line' id='line_1_51' title="bbox 2254 2064 2974 2123; baseline 0.003 -4"><span class='ocrx_word' id='word_1_181' title='bbox 2254 2065 2495 2123; x_wconf 86' lang='lat' dir='ltr'><strong>Geminis</strong></span> <span class='ocrx_word' id='word_1_182' title='bbox 2523 2067 2683 2121; x_wconf 85' lang='lat' dir='ltr'><strong>simul</strong></span> <span class='ocrx_word' id='word_1_183' title='bbox 2714 2064 2974 2121; x_wconf 85' lang='lat' dir='ltr'><strong>ministris</strong></span> 
     </span>
    </p>
   </div>
   <div class='ocr_carea' id='block_1_52' title="bbox 1992 792 2062 849">
    <p class='ocr_par' dir='ltr' id='par_1_52' title="bbox 1992 792 2062 849">
     <span class='ocr_line' id='line_1_52' title="bbox 1992 792 2062 849; baseline -0.029 0"><span class='ocrx_word' id='word_1_184' title='bbox 1992 792 2062 849; x_wconf 60' lang='lat' dir='ltr'><strong>i5</strong></span> 
     </span>
    </p>
   </div>
   <div class='ocr_carea' id='block_1_53' title="bbox 1994 1247 2064 1301">
    <p class='ocr_par' dir='ltr' id='par_1_53' title="bbox 1994 1247 2064 1301">
     <span class='ocr_line' id='line_1_53' title="bbox 1994 1247 2064 1301; baseline 0 0"><span class='ocrx_word' id='word_1_185' title='bbox 1994 1247 2064 1301; x_wconf 56' lang='lat'><strong>5.)</strong></span> 
     </span>
    </p>
   </div>
   <div class='ocr_carea' id='block_1_54' title="bbox 1995 1702 2065 1758">
    <p class='ocr_par' dir='ltr' id='par_1_54' title="bbox 1995 1702 2065 1758">
     <span class='ocr_line' id='line_1_54' title="bbox 1995 1702 2065 1758; baseline 0.014 -1"><span class='ocrx_word' id='word_1_186' title='bbox 1995 1702 2065 1758; x_wconf 75' lang='grc'><strong>55</strong></span> 
     </span>
    </p>
   </div>
   <div class='ocr_carea' id='block_1_55' title="bbox 1597 2153 2272 2211">
    <p class='ocr_par' dir='ltr' id='par_1_55' title="bbox 1597 2153 2272 2211">
     <span class='ocr_line' id='line_1_55' title="bbox 1597 2153 2272 2211; baseline 0.003 -2"><span class='ocrx_word' id='word_1_187' title='bbox 1597 2153 1887 2209; x_wconf 70' lang='lat' dir='ltr'><strong>GLOSSAS</strong></span> <span class='ocrx_word' id='word_1_188' title='bbox 1929 2154 2272 2211; x_wconf 78' lang='lat' dir='ltr'><strong>VETERES.</strong></span> 
     </span>
    </p>
   </div>
   <div class='ocr_carea' id='block_1_56' title="bbox 2070 2247 2707 2313">
    <p class='ocr_par' dir='ltr' id='par_1_56' title="bbox 2070 2247 2707 2313">
     <span class='ocr_line' id='line_1_56' title="bbox 2070 2247 2707 2313; baseline -0.002 -12"><span class='ocrx_word' id='word_1_189' title='bbox 2070 2247 2162 2303; x_wconf 67' lang='grc'><strong>42.</strong></span> <span class='ocrx_word' id='word_1_190' title='bbox 2194 2248 2419 2313; x_wconf 86' lang='lat' dir='ltr'><strong>Horror,</strong></span> <span class='ocrx_word' id='word_1_191' title='bbox 2452 2249 2636 2311; x_wconf 87' lang='lat' dir='ltr'><strong>somni,</strong></span> <span class='ocrx_word' id='word_1_192' title='bbox 2665 2247 2707 2301; x_wconf 86' lang='grc'><strong>1.</strong></span> 
     </span>
    </p>
   </div>
   <div class='ocr_carea' id='block_1_57' title="bbox 2068 2316 3589 2389">
    <p class='ocr_par' dir='ltr' id='par_1_57' title="bbox 2068 2316 3589 2389">
     <span class='ocr_line' id='line_1_57' title="bbox 2068 2316 3589 2389; baseline 0.001 -18"><span class='ocrx_word' id='word_1_193' title='bbox 2068 2317 2157 2371; x_wconf 74' lang='grc'><strong>45.</strong></span> <span class='ocrx_word' id='word_1_194' title='bbox 2189 2318 2479 2389; x_wconf 85' lang='lat' dir='ltr'><strong>Splendor,</strong></span> <span class='ocrx_word' id='word_1_195' title='bbox 2511 2321 2634 2372; x_wconf 89' lang='lat' dir='ltr'><strong>visio</strong></span> <span class='ocrx_word' id='word_1_196' title='bbox 2660 2334 2904 2389; x_wconf 69' lang='lat' dir='ltr'><strong>superna,</strong></span> <span class='ocrx_word' id='word_1_197' title='bbox 2934 2318 3053 2373; x_wconf 86' lang='lat' dir='ltr'><strong>Vat.</strong></span> <span class='ocrx_word' id='word_1_198' title='bbox 3080 2318 3146 2374; x_wconf 76' lang='grc' dir='ltr'><strong>Α.</strong></span> <span class='ocrx_word' id='word_1_199' title='bbox 3172 2347 3241 2359; x_wconf 84' lang='lat'><strong>-—-</strong></span> <span class='ocrx_word' id='word_1_200' title='bbox 3273 2316 3589 2386; x_wconf 79' lang='lat' dir='ltr'><strong>intererrat,</strong></span> 
     </span>
    </p>
   </div>
   <div class='ocr_carea' id='block_1_58' title="bbox 1999 2388 2361 2452">
    <p class='ocr_par' dir='ltr' id='par_1_58' title="bbox 1999 2388 2361 2452">
     <span class='ocr_line' id='line_1_58' title="bbox 1999 2388 2361 2452; baseline 0.003 -13"><span class='ocrx_word' id='word_1_201' title='bbox 1999 2388 2289 2452; x_wconf 84' lang='lat' dir='ltr'><strong>intermeat,</strong></span> <span class='ocrx_word' id='word_1_202' title='bbox 2322 2388 2361 2441; x_wconf 91' lang='lat' dir='ltr'><strong>l.</strong></span> 
     </span>
    </p>
   </div>
   <div class='ocr_carea' id='block_1_59' title="bbox 2071 2458 2852 2520">
    <p class='ocr_par' dir='ltr' id='par_1_59' title="bbox 2071 2458 2852 2520">
     <span class='ocr_line' id='line_1_59' title="bbox 2071 2458 2852 2520; baseline 0 -9"><span class='ocrx_word' id='word_1_203' title='bbox 2071 2458 2160 2511; x_wconf 77' lang='grc'><strong>47.</strong></span> <span class='ocrx_word' id='word_1_204' title='bbox 2195 2460 2418 2520; x_wconf 89' lang='lat' dir='ltr'><strong>Pavore,</strong></span> <span class='ocrx_word' id='word_1_205' title='bbox 2450 2459 2513 2512; x_wconf 80' lang='lat' dir='ltr'><strong>de</strong></span> <span class='ocrx_word' id='word_1_206' title='bbox 2543 2459 2620 2512; x_wconf 85' lang='lat' dir='ltr'><strong>vel</strong></span> <span class='ocrx_word' id='word_1_207' title='bbox 2648 2475 2784 2520; x_wconf 80' lang='lat' dir='ltr'><strong>cum,</strong></span> <span class='ocrx_word' id='word_1_208' title='bbox 2813 2458 2852 2511; x_wconf 94' lang='lat' dir='ltr'><strong>l.</strong></span> 
     </span>
    </p>
   </div>
   <div class='ocr_carea' id='block_1_60' title="bbox 2074 2525 3012 2596">
    <p class='ocr_par' dir='ltr' id='par_1_60' title="bbox 2074 2525 3012 2596">
     <span class='ocr_line' id='line_1_60' title="bbox 2074 2525 3012 2596; baseline 0.002 -17"><span class='ocrx_word' id='word_1_209' title='bbox 2074 2525 2166 2580; x_wconf 74' lang='grc'><strong>48.</strong></span> <span class='ocrx_word' id='word_1_210' title='bbox 2202 2530 2461 2596; x_wconf 77' lang='lat' dir='ltr'><strong>Ambage,</strong></span> <span class='ocrx_word' id='word_1_211' title='bbox 2494 2530 2939 2593; x_wconf 84' lang='lat' dir='ltr'><strong>circumventioue,</strong></span> <span class='ocrx_word' id='word_1_212' title='bbox 2972 2526 3012 2581; x_wconf 95' lang='grc' dir='ltr'><strong>Ι.</strong></span> 
     </span>
    </p>
   </div>
   <div class='ocr_carea' id='block_1_61' title="bbox 2074 2597 2930 2668">
    <p class='ocr_par' dir='ltr' id='par_1_61' title="bbox 2074 2597 2930 2668">
     <span class='ocr_line' id='line_1_61' title="bbox 2074 2597 2930 2668; baseline 0.002 -17"><span class='ocrx_word' id='word_1_213' title='bbox 2074 2597 2165 2652; x_wconf 64' lang='grc' dir='ltr'><strong>ΔΞ).</strong></span> <span class='ocrx_word' id='word_1_214' title='bbox 2192 2599 2387 2665; x_wconf 82' lang='lat' dir='ltr'><strong>Quem,</strong></span> <span class='ocrx_word' id='word_1_215' title='bbox 2416 2599 2640 2668; x_wconf 82' lang='lat' dir='ltr'><strong>aliquem</strong></span> <span class='ocrx_word' id='word_1_216' title='bbox 2668 2602 2855 2663; x_wconf 84' lang='lat' dir='ltr'><strong>virum,</strong></span> <span class='ocrx_word' id='word_1_217' title='bbox 2890 2602 2930 2653; x_wconf 93' lang='grc' dir='ltr'><strong>Ι.</strong></span> 
     </span>
    </p>
   </div>
   <div class='ocr_carea' id='block_1_62' title="bbox 2072 2668 2860 2733">
    <p class='ocr_par' dir='ltr' id='par_1_62' title="bbox 2072 2668 2860 2733">
     <span class='ocr_line' id='line_1_62' title="bbox 2072 2668 2860 2733; baseline 0 -10"><span class='ocrx_word' id='word_1_218' title='bbox 2072 2668 2161 2723; x_wconf 76' lang='grc'><strong>51.</strong></span> <span class='ocrx_word' id='word_1_219' title='bbox 2190 2670 2434 2731; x_wconf 88' lang='lat' dir='ltr'><strong>Vibraus,</strong></span> <span class='ocrx_word' id='word_1_220' title='bbox 2468 2670 2792 2733; x_wconf 84' lang='lat' dir='ltr'><strong>illuminans,</strong></span> <span class='ocrx_word' id='word_1_221' title='bbox 2822 2670 2860 2723; x_wconf 92' lang='grc' dir='ltr'><strong>Ι.</strong></span> 
     </span>
    </p>
   </div>
   <div class='ocr_carea' id='block_1_63' title="bbox 2077 2736 3214 2809">
    <p class='ocr_par' dir='ltr' id='par_1_63' title="bbox 2077 2736 3214 2809">
     <span class='ocr_line' id='line_1_63' title="bbox 2077 2736 3214 2809; baseline 0.007 -20"><span class='ocrx_word' id='word_1_222' title='bbox 2077 2736 2166 2791; x_wconf 76' lang='grc'><strong>54.</strong></span> <span class='ocrx_word' id='word_1_223' title='bbox 2200 2739 2464 2809; x_wconf 88' lang='lat' dir='ltr'><strong>lmpiavit,</strong></span> <span class='ocrx_word' id='word_1_224' title='bbox 2492 2741 2797 2808; x_wconf 79' lang='lat' dir='ltr'><strong>inquinavit,</strong></span> <span class='ocrx_word' id='word_1_225' title='bbox 2830 2738 3080 2809; x_wconf 85' lang='lat' dir='ltr'><strong>corrupit,</strong></span> <span class='ocrx_word' id='word_1_226' title='bbox 3112 2739 3214 2799; x_wconf 83' lang='lat' dir='ltr'><strong>l50.</strong></span> 
     </span>
    </p>
   </div>
   <div class='ocr_carea' id='block_1_64' title="bbox 2075 2808 2848 2881">
    <p class='ocr_par' dir='ltr' id='par_1_64' title="bbox 2075 2808 2848 2881">
     <span class='ocr_line' id='line_1_64' title="bbox 2075 2808 2848 2881; baseline 0.001 -19"><span class='ocrx_word' id='word_1_227' title='bbox 2075 2810 2165 2862; x_wconf 82' lang='grc'><strong>57.</strong></span> <span class='ocrx_word' id='word_1_228' title='bbox 2200 2808 2533 2876; x_wconf 85' lang='lat' dir='ltr'><strong>Patriarciia,</strong></span> <span class='ocrx_word' id='word_1_229' title='bbox 2557 2808 2775 2881; x_wconf 77' lang='lat' dir='ltr'><strong>Josepli,</strong></span> <span class='ocrx_word' id='word_1_230' title='bbox 2808 2810 2848 2863; x_wconf 95' lang='grc' dir='ltr'><strong>Ι.</strong></span> 
     </span>
    </p>
   </div>
   <div class='ocr_carea' id='block_1_65' title="bbox 1668 2918 2230 2979">
    <p class='ocr_par' dir='ltr' id='par_1_65' title="bbox 1668 2918 2230 2979">
     <span class='ocr_line' id='line_1_65' title="bbox 1668 2918 2230 2979; baseline 0.012 -7"><span class='ocrx_word' id='word_1_231' title='bbox 1668 2918 2230 2979; x_wconf 78' lang='lat' dir='ltr'><strong>COMMENTARIUS.</strong></span> 
     </span>
    </p>
   </div>
   <div class='ocr_carea' id='block_1_66' title="bbox 385 3012 1893 3084">
    <p class='ocr_par' dir='ltr' id='par_1_66' title="bbox 385 3012 1893 3084">
     <span class='ocr_line' id='line_1_66' title="bbox 385 3012 1893 3084; baseline -0.005 -11"><span class='ocrx_word' id='word_1_232' title='bbox 385 3020 475 3073; x_wconf 68' lang='grc'><strong>24.</strong></span> <span class='ocrx_word' id='word_1_233' title='bbox 508 3018 629 3072; x_wconf 84' lang='lat' dir='ltr'><strong>Vat.</strong></span> <span class='ocrx_word' id='word_1_234' title='bbox 657 3018 719 3080; x_wconf 85' lang='grc' dir='ltr'><strong>Β,</strong></span> <span class='ocrx_word' id='word_1_235' title='bbox 749 3014 931 3084; x_wconf 84' lang='lat' dir='ltr'><strong>Prag.,</strong></span> <span class='ocrx_word' id='word_1_236' title='bbox 962 3014 1189 3078; x_wconf 76' lang='lat' dir='ltr'><strong>\Vidm.,</strong></span> <span class='ocrx_word' id='word_1_237' title='bbox 1223 3013 1403 3076; x_wconf 83' lang='lat' dir='ltr'><strong>Cold.,</strong></span> <span class='ocrx_word' id='word_1_238' title='bbox 1446 3012 1731 3075; x_wconf 83' lang='lat' dir='ltr'><strong>medicalis,</strong></span> <span class='ocrx_word' id='word_1_239' title='bbox 1763 3027 1893 3084; x_wconf 80' lang='lat' dir='ltr'><strong>con-</strong></span> 
     </span>
    </p>
   </div>
   <div class='ocr_carea' id='block_1_67' title="bbox 317 3083 1887 3154">
    <p class='ocr_par' dir='ltr' id='par_1_67' title="bbox 317 3083 1887 3154">
     <span class='ocr_line' id='line_1_67' title="bbox 317 3083 1887 3154; baseline -0.006 -9"><span class='ocrx_word' id='word_1_240' title='bbox 317 3102 396 3145; x_wconf 85' lang='lat' dir='ltr'><strong>tra</strong></span> <span class='ocrx_word' id='word_1_241' title='bbox 428 3088 637 3154; x_wconf 78' lang='lat' dir='ltr'><strong>regulas</strong></span> <span class='ocrx_word' id='word_1_242' title='bbox 677 3083 870 3139; x_wconf 80' lang='lat' dir='ltr'><strong>metri.</strong></span> <span class='ocrx_word' id='word_1_243' title='bbox 912 3085 1003 3139; x_wconf 84' lang='lat' dir='ltr'><strong>Est</strong></span> <span class='ocrx_word' id='word_1_244' title='bbox 1046 3096 1225 3137; x_wconf 81' lang='lat' dir='ltr'><strong>autem</strong></span> <span class='ocrx_word' id='word_1_245' title='bbox 1282 3098 1502 3136; x_wconf 87' lang='lat' dir='ltr'><strong>somnus</strong></span> <span class='ocrx_word' id='word_1_246' title='bbox 1554 3083 1887 3144; x_wconf 85' lang='lat' dir='ltr'><strong>medicabilis,</strong></span> 
     </span>
    </p>
   </div>
   <div class='ocr_carea' id='block_1_68' title="bbox 318 3153 1893 3231">
    <p class='ocr_par' dir='ltr' id='par_1_68' title="bbox 318 3153 1893 3231">
     <span class='ocr_line' id='line_1_68' title="bbox 318 3153 1893 3231; baseline -0.006 -17"><span class='ocrx_word' id='word_1_247' title='bbox 318 3162 439 3231; x_wconf 88' lang='lat' dir='ltr'><strong>quia</strong></span> <span class='ocrx_word' id='word_1_248' title='bbox 468 3153 883 3231; x_wconf 74' lang='lat' dir='ltr'><strong>aiit_sanita&#39;tem</strong></span> <span class='ocrx_word' id='word_1_249' title='bbox 910 3153 1448 3231; x_wconf 42' lang='lat' dir='ltr'><strong>corporiszri-stitnit,</strong></span> <span class='ocrx_word' id='word_1_250' title='bbox 1477 3160 1893 3231; x_wconf 34' lang='lat' dir='ltr'><strong>aut.e.im‘_cnn-</strong></span> 
     </span>
    </p>
   </div>
   <div class='ocr_carea' id='block_1_69' title="bbox 319 3222 1889 3290">
    <p class='ocr_par' dir='ltr' id='par_1_69' title="bbox 319 3222 1889 3290">
     <span class='ocr_line' id='line_1_69' title="bbox 319 3222 1889 3290; baseline -0.006 -5"><span class='ocrx_word' id='word_1_251' title='bbox 319 3222 519 3285; x_wconf 73' lang='lat' dir='ltr'><strong>servat.</strong></span> <span class='ocrx_word' id='word_1_252' title='bbox 545 3227 720 3283; x_wconf 84' lang='lat' dir='ltr'><strong>Utitur</strong></span> <span class='ocrx_word' id='word_1_253' title='bbox 753 3227 852 3277; x_wconf 87' lang='lat' dir='ltr'><strong>hoc</strong></span> <span class='ocrx_word' id='word_1_254' title='bbox 882 3225 1043 3278; x_wconf 82' lang='lat' dir='ltr'><strong>verbo</strong></span> <span class='ocrx_word' id='word_1_255' title='bbox 1068 3224 1289 3276; x_wconf 75' lang='lat' dir='ltr'><strong>Ovidius</strong></span> <span class='ocrx_word' id='word_1_256' title='bbox 1313 3238 1407 3290; x_wconf 89' lang='lat' dir='ltr'><strong>pro</strong></span> <span class='ocrx_word' id='word_1_257' title='bbox 1431 3238 1495 3273; x_wconf 72' lang='lat' dir='ltr'><strong>eo</strong></span> <span class='ocrx_word' id='word_1_258' title='bbox 1517 3223 1598 3275; x_wconf 91' lang='lat' dir='ltr'><strong>cui</strong></span> <span class='ocrx_word' id='word_1_259' title='bbox 1627 3222 1889 3277; x_wconf 89' lang='lat' dir='ltr'><strong>medicina</strong></span> 
     </span>
    </p>
   </div>
   <div class='ocr_carea' id='block_1_70' title="bbox 2000 3013 3595 3084">
    <p class='ocr_par' dir='ltr' id='par_1_70' title="bbox 2000 3013 3595 3084">
     <span class='ocr_line' id='line_1_70' title="bbox 2000 3013 3595 3084; baseline 0.003 -18"><span class='ocrx_word' id='word_1_260' title='bbox 2000 3015 2171 3082; x_wconf 80' lang='lat' dir='ltr'><strong>imago</strong></span> <span class='ocrx_word' id='word_1_261' title='bbox 2199 3014 2327 3067; x_wconf 82' lang='lat' dir='ltr'><strong>veris</strong></span> <span class='ocrx_word' id='word_1_262' title='bbox 2354 3015 2639 3083; x_wconf 68' lang='lat' dir='ltr'><strong>dissipatis,</strong></span> <span class='ocrx_word' id='word_1_263' title='bbox 2667 3015 2881 3083; x_wconf 85' lang='lat' dir='ltr'><strong>ambage</strong></span> <span class='ocrx_word' id='word_1_264' title='bbox 2917 3013 3081 3080; x_wconf 79' lang='lat' dir='ltr'><strong>fallit,</strong></span> <span class='ocrx_word' id='word_1_265' title='bbox 3121 3023 3177 3068; x_wconf 90' lang='lat' dir='ltr'><strong>et</strong></span> <span class='ocrx_word' id='word_1_266' title='bbox 3209 3015 3369 3084; x_wconf 81' lang='lat' dir='ltr'><strong>lusus</strong></span> <span class='ocrx_word' id='word_1_267' title='bbox 3413 3032 3595 3084; x_wconf 75' lang='lat' dir='ltr'><strong>pavore</strong></span> 
     </span>
    </p>
   </div>
   <div class='ocr_carea' id='block_1_71' title="bbox 2002 3083 3596 3154">
    <p class='ocr_par' dir='ltr' id='par_1_71' title="bbox 2002 3083 3596 3154">
     <span class='ocr_line' id='line_1_71' title="bbox 2002 3083 3596 3154; baseline 0.003 -19"><span class='ocrx_word' id='word_1_268' title='bbox 2002 3086 2183 3135; x_wconf 81' lang='lat' dir='ltr'><strong>multo.</strong></span> <span class='ocrx_word' id='word_1_269' title='bbox 2216 3084 2349 3137; x_wconf 83' lang='lat' dir='ltr'><strong>Vide</strong></span> <span class='ocrx_word' id='word_1_270' title='bbox 2382 3101 2524 3138; x_wconf 85' lang='lat' dir='ltr'><strong>vers.</strong></span> <span class='ocrx_word' id='word_1_271' title='bbox 2564 3087 2681 3145; x_wconf 75' lang='lat' dir='ltr'><strong>litt,</strong></span> <span class='ocrx_word' id='word_1_272' title='bbox 2720 3086 2857 3148; x_wconf 84' lang='lat' dir='ltr'><strong>Quos</strong></span> <span class='ocrx_word' id='word_1_273' title='bbox 2888 3084 3058 3137; x_wconf 84' lang='lat' dir='ltr'><strong>creber</strong></span> <span class='ocrx_word' id='word_1_274' title='bbox 3087 3083 3263 3154; x_wconf 82' lang='lat' dir='ltr'><strong>implet</strong></span> <span class='ocrx_word' id='word_1_275' title='bbox 3289 3083 3456 3139; x_wconf 83' lang='lat' dir='ltr'><strong>error.</strong></span> <span class='ocrx_word' id='word_1_276' title='bbox 3489 3086 3596 3141; x_wconf 81' lang='lat' dir='ltr'><strong>Cur</strong></span> 
     </span>
    </p>
   </div>
   <div class='ocr_carea' id='block_1_72' title="bbox 2002 3154 3595 3224">
    <p class='ocr_par' dir='ltr' id='par_1_72' title="bbox 2002 3154 3595 3224">
     <span class='ocr_line' id='line_1_72' title="bbox 2002 3154 3595 3224; baseline 0.003 -19"><span class='ocrx_word' id='word_1_277' title='bbox 2002 3162 2183 3208; x_wconf 89' lang='lat' dir='ltr'><strong>autem</strong></span> <span class='ocrx_word' id='word_1_278' title='bbox 2213 3154 2383 3222; x_wconf 83' lang='lat' dir='ltr'><strong>magis</strong></span> <span class='ocrx_word' id='word_1_279' title='bbox 2406 3170 2547 3207; x_wconf 81' lang='lat' dir='ltr'><strong>error</strong></span> <span class='ocrx_word' id='word_1_280' title='bbox 2575 3169 2734 3224; x_wconf 89' lang='lat' dir='ltr'><strong>quam</strong></span> <span class='ocrx_word' id='word_1_281' title='bbox 2761 3155 2944 3207; x_wconf 84' lang='lat' dir='ltr'><strong>horror</strong></span> <span class='ocrx_word' id='word_1_282' title='bbox 2966 3157 3033 3207; x_wconf 90' lang='lat' dir='ltr'><strong>sit</strong></span> <span class='ocrx_word' id='word_1_283' title='bbox 3059 3154 3479 3221; x_wconf 65' lang='lat' dir='ltr'><strong>prasferendum,</strong></span> <span class='ocrx_word' id='word_1_284' title='bbox 3508 3172 3595 3209; x_wconf 84' lang='lat' dir='ltr'><strong>ra-</strong></span> 
     </span>
    </p>
   </div>
   <div class='ocr_carea' id='block_1_73' title="bbox 2004 3224 3599 3290">
    <p class='ocr_par' dir='ltr' id='par_1_73' title="bbox 2004 3224 3599 3290">
     <span class='ocr_line' id='line_1_73' title="bbox 2004 3224 3599 3290; baseline 0.002 -14"><span class='ocrx_word' id='word_1_285' title='bbox 2004 3224 2201 3277; x_wconf 87' lang='lat' dir='ltr'><strong>tionem</strong></span> <span class='ocrx_word' id='word_1_286' title='bbox 2234 3234 2355 3289; x_wconf 81' lang='lat' dir='ltr'><strong>peto</strong></span> <span class='ocrx_word' id='word_1_287' title='bbox 2380 3238 2445 3277; x_wconf 83' lang='lat' dir='ltr'><strong>ex</strong></span> <span class='ocrx_word' id='word_1_288' title='bbox 2481 3225 2611 3290; x_wconf 80' lang='lat' dir='ltr'><strong>ipsis</strong></span> <span class='ocrx_word' id='word_1_289' title='bbox 2636 3224 2922 3277; x_wconf 89' lang='lat' dir='ltr'><strong>insomniis</strong></span> <span class='ocrx_word' id='word_1_290' title='bbox 2951 3224 3321 3278; x_wconf 85' lang='lat' dir='ltr'><strong>ministrorum</strong></span> <span class='ocrx_word' id='word_1_291' title='bbox 3357 3224 3599 3279; x_wconf 76' lang='lat' dir='ltr'><strong>Pharao-</strong></span> 
     </span>
    </p>
   </div>
   <div class='ocr_carea' id='block_1_74' title="bbox 321 3291 3597 3373">
    <p class='ocr_par' dir='ltr' id='par_1_74' title="bbox 321 3291 3597 3373">
     <span class='ocr_line' id='line_1_74' title="bbox 321 3291 3597 3373; baseline -0.002 -20"><span class='ocrx_word' id='word_1_292' title='bbox 321 3298 563 3354; x_wconf 88' lang='lat' dir='ltr'><strong>adliiberi</strong></span> <span class='ocrx_word' id='word_1_293' title='bbox 597 3294 877 3373; x_wconf 70' lang='lat' dir='ltr'><strong>potest,</strong></span> <span class='ocrx_word' id='word_1_294' title='bbox 898 3294 1064 3373; x_wconf 72' lang='lat' dir='ltr'><strong>epist.</strong></span> <span class='ocrx_word' id='word_1_295' title='bbox 1092 3291 1345 3348; x_wconf 83' lang='lat' dir='ltr'><strong>OEuones</strong></span> <span class='ocrx_word' id='word_1_296' title='bbox 1369 3294 1433 3345; x_wconf 86' lang='lat' dir='ltr'><strong>ad</strong></span> <span class='ocrx_word' id='word_1_297' title='bbox 1458 3292 1724 3360; x_wconf 86' lang='lat' dir='ltr'><strong>Paridem,</strong></span> <span class='ocrx_word' id='word_1_298' title='bbox 1751 3307 1893 3344; x_wconf 88' lang='lat' dir='ltr'><strong>amor</strong></span> <span class='ocrx_word' id='word_1_299' title='bbox 1927 3309 1973 3370; x_wconf 73' lang='grc' dir='ltr'>ο</span> <span class='ocrx_word' id='word_1_300' title='bbox 2007 3293 2114 3373; x_wconf 65' lang='lat' dir='ltr'><strong>riis,</strong></span> <span class='ocrx_word' id='word_1_301' title='bbox 2146 3292 2450 3373; x_wconf 41' lang='lat' dir='ltr'><strong>inquibus.</strong></span> <span class='ocrx_word' id='word_1_302' title='bbox 2481 3293 2612 3372; x_wconf 76' lang='lat' dir='ltr'><strong>nihil</strong></span> <span class='ocrx_word' id='word_1_303' title='bbox 2658 3293 2952 3373; x_wconf 70' lang='lat' dir='ltr'><strong>apparebat</strong></span> <span class='ocrx_word' id='word_1_304' title='bbox 2997 3292 3274 3373; x_wconf 75' lang='lat' dir='ltr'><strong>horridum</strong></span> <span class='ocrx_word' id='word_1_305' title='bbox 3294 3334 3309 3355; x_wconf 84' lang='lat'><strong>.</strong></span> <span class='ocrx_word' id='word_1_306' title='bbox 3353 3296 3597 3373; x_wconf 78' lang='lat' dir='ltr'><strong>quamvis</strong></span> 
     </span>
    </p>
   </div>
   <div class='ocr_carea' id='block_1_75' title="bbox 322 3363 1073 3423">
    <p class='ocr_par' dir='ltr' id='par_1_75' title="bbox 322 3363 1073 3423">
     <span class='ocr_line' id='line_1_75' title="bbox 322 3363 1073 3423; baseline -0.012 0"><span class='ocrx_word' id='word_1_307' title='bbox 322 3386 425 3423; x_wconf 89' lang='lat' dir='ltr'><strong>non</strong></span> <span class='ocrx_word' id='word_1_308' title='bbox 456 3377 528 3421; x_wconf 76' lang='lat' dir='ltr'><strong>est</strong></span> <span class='ocrx_word' id='word_1_309' title='bbox 550 3365 860 3420; x_wconf 83' lang='lat' dir='ltr'><strong>medicabilis</strong></span> <span class='ocrx_word' id='word_1_310' title='bbox 888 3363 1073 3417; x_wconf 81' lang='lat' dir='ltr'><strong>herbis.</strong></span> 
     </span>
    </p>
   </div>
   <div class='ocr_carea' id='block_1_76' title="bbox 393 3434 1111 3501">
    <p class='ocr_par' dir='ltr' id='par_1_76' title="bbox 393 3434 1111 3501">
     <span class='ocr_line' id='line_1_76' title="bbox 393 3434 1111 3501; baseline -0.007 -11"><span class='ocrx_word' id='word_1_311' title='bbox 393 3439 483 3491; x_wconf 71' lang='lat'><strong>25.</strong></span> <span class='ocrx_word' id='word_1_312' title='bbox 519 3437 664 3495; x_wconf 77' lang='lat' dir='ltr'><strong>Rat.,</strong></span> <span class='ocrx_word' id='word_1_313' title='bbox 695 3450 808 3487; x_wconf 80' lang='lat' dir='ltr'><strong>cum</strong></span> <span class='ocrx_word' id='word_1_314' title='bbox 840 3448 937 3501; x_wconf 90' lang='lat' dir='ltr'><strong>pro</strong></span> <span class='ocrx_word' id='word_1_315' title='bbox 969 3434 1111 3485; x_wconf 88' lang='lat' dir='ltr'><strong>dum.</strong></span> 
     </span>
    </p>
   </div>
   <div class='ocr_carea' id='block_1_77' title="bbox 393 3500 1431 3569">
    <p class='ocr_par' dir='ltr' id='par_1_77' title="bbox 393 3500 1431 3569">
     <span class='ocr_line' id='line_1_77' title="bbox 393 3500 1431 3569; baseline -0.004 -8"><span class='ocrx_word' id='word_1_316' title='bbox 393 3508 487 3561; x_wconf 75' lang='grc'><strong>27.</strong></span> <span class='ocrx_word' id='word_1_317' title='bbox 514 3500 852 3558; x_wconf 65' lang='lat' dir='ltr'><strong>tiliamillardi</strong></span> <span class='ocrx_word' id='word_1_318' title='bbox 885 3504 1134 3557; x_wconf 85' lang='lat' dir='ltr'><strong>mendum</strong></span> <span class='ocrx_word' id='word_1_319' title='bbox 1163 3500 1431 3569; x_wconf 80' lang='lat' dir='ltr'><strong>feriarum.</strong></span> 
     </span>
    </p>
   </div>
   <div class='ocr_carea' id='block_1_78' title="bbox 391 3570 1900 3639">
    <p class='ocr_par' dir='ltr' id='par_1_78' title="bbox 391 3570 1900 3639">
     <span class='ocr_line' id='line_1_78' title="bbox 391 3570 1900 3639; baseline -0.005 -8"><span class='ocrx_word' id='word_1_320' title='bbox 391 3578 483 3631; x_wconf 77' lang='lat'><strong>‘29.</strong></span> <span class='ocrx_word' id='word_1_321' title='bbox 515 3576 650 3631; x_wconf 88' lang='lat' dir='ltr'><strong>Vatt.</strong></span> <span class='ocrx_word' id='word_1_322' title='bbox 688 3578 745 3627; x_wconf 79' lang='grc' dir='ltr'><strong>Β.</strong></span> <span class='ocrx_word' id='word_1_323' title='bbox 780 3573 816 3634; x_wconf 91' lang='lat' dir='ltr'><strong>l,</strong></span> <span class='ocrx_word' id='word_1_324' title='bbox 853 3574 995 3635; x_wconf 57' lang='grc' dir='ltr'><strong>Βᾶθι,</strong></span> <span class='ocrx_word' id='word_1_325' title='bbox 1028 3572 1207 3635; x_wconf 87' lang='lat' dir='ltr'><strong>Gold.,</strong></span> <span class='ocrx_word' id='word_1_326' title='bbox 1241 3572 1424 3639; x_wconf 89' lang='lat' dir='ltr'><strong>Fabr.,</strong></span> <span class='ocrx_word' id='word_1_327' title='bbox 1451 3570 1677 3635; x_wconf 87' lang='lat' dir='ltr'><strong>Widm.,</strong></span> <span class='ocrx_word' id='word_1_328' title='bbox 1710 3571 1900 3639; x_wconf 84' lang='lat' dir='ltr'><strong>Bong.,</strong></span> 
     </span>
    </p>
   </div>
   <div class='ocr_carea' id='block_1_79' title="bbox 321 3641 1899 3712">
    <p class='ocr_par' dir='ltr' id='par_1_79' title="bbox 321 3641 1899 3712">
     <span class='ocr_line' id='line_1_79' title="bbox 321 3641 1899 3712; baseline -0.005 -11"><span class='ocrx_word' id='word_1_329' title='bbox 321 3657 486 3712; x_wconf 84' lang='lat' dir='ltr'><strong>vacat,</strong></span> <span class='ocrx_word' id='word_1_330' title='bbox 508 3646 645 3699; x_wconf 90' lang='lat' dir='ltr'><strong>Vatt.</strong></span> <span class='ocrx_word' id='word_1_331' title='bbox 666 3645 727 3708; x_wconf 76' lang='grc' dir='ltr'><strong>Α,</strong></span> <span class='ocrx_word' id='word_1_332' title='bbox 742 3644 806 3708; x_wconf 86' lang='lat'><strong>0,</strong></span> <span class='ocrx_word' id='word_1_333' title='bbox 829 3644 885 3706; x_wconf 93' lang='lat' dir='ltr'><strong>P,</strong></span> <span class='ocrx_word' id='word_1_334' title='bbox 904 3645 967 3709; x_wconf 83' lang='lat' dir='ltr'><strong>Q,</strong></span> <span class='ocrx_word' id='word_1_335' title='bbox 985 3643 1090 3695; x_wconf 85' lang='lat' dir='ltr'><strong>duo</strong></span> <span class='ocrx_word' id='word_1_336' title='bbox 1110 3642 1466 3712; x_wconf 72' lang='lat' dir='ltr'><strong>Torrentiani,</strong></span> <span class='ocrx_word' id='word_1_337' title='bbox 1486 3653 1593 3696; x_wconf 89' lang='lat' dir='ltr'><strong>tres</strong></span> <span class='ocrx_word' id='word_1_338' title='bbox 1611 3641 1899 3712; x_wconf 86' lang='lat' dir='ltr'><strong>ileiusiani,</strong></span> 
     </span>
    </p>
   </div>
   <div class='ocr_carea' id='block_1_80' title="bbox 324 3710 1901 3790">
    <p class='ocr_par' dir='ltr' id='par_1_80' title="bbox 324 3710 1901 3790">
     <span class='ocr_line' id='line_1_80' title="bbox 324 3710 1901 3790; baseline -0.006 -19"><span class='ocrx_word' id='word_1_339' title='bbox 324 3710 480 3790; x_wconf 58' lang='grc' dir='ltr'><strong>επιςσί</strong></span> <span class='ocrx_word' id='word_1_340' title='bbox 510 3733 597 3790; x_wconf 70' lang='lat' dir='ltr'><strong>per</strong></span> <span class='ocrx_word' id='word_1_341' title='bbox 624 3731 796 3768; x_wconf 80' lang='lat' dir='ltr'><strong>auras.</strong></span> <span class='ocrx_word' id='word_1_342' title='bbox 822 3713 966 3777; x_wconf 78' lang='lat' dir='ltr'><strong>Ald.,</strong></span> <span class='ocrx_word' id='word_1_343' title='bbox 998 3712 1204 3790; x_wconf 80' lang='lat' dir='ltr'><strong>llein_s.,</strong></span> <span class='ocrx_word' id='word_1_344' title='bbox 1238 3710 1635 3790; x_wconf 41' lang='lat' dir='ltr'><strong>Weitz.,.i_’ut.,</strong></span> <span class='ocrx_word' id='word_1_345' title='bbox 1667 3711 1901 3790; x_wconf 75' lang='lat' dir='ltr'><strong>Thua_n.,</strong></span> 
     </span>
    </p>
   </div>
   <div class='ocr_carea' id='block_1_81' title="bbox 324 3783 1902 3856">
    <p class='ocr_par' dir='ltr' id='par_1_81' title="bbox 324 3783 1902 3856">
     <span class='ocr_line' id='line_1_81' title="bbox 324 3783 1902 3856; baseline -0.004 -15"><span class='ocrx_word' id='word_1_346' title='bbox 324 3783 507 3856; x_wconf 51' lang='lat' dir='ltr'><strong>Pr&#39;agu</strong></span> <span class='ocrx_word' id='word_1_347' title='bbox 537 3785 671 3847; x_wconf 85' lang='lat' dir='ltr'><strong>Gis..</strong></span> <span class='ocrx_word' id='word_1_348' title='bbox 704 3794 875 3852; x_wconf 77' lang='lat' dir='ltr'><strong>vagat,</strong></span> <span class='ocrx_word' id='word_1_349' title='bbox 900 3783 1037 3856; x_wconf 64' lang='lat' dir='ltr'><strong>quod</strong></span> <span class='ocrx_word' id='word_1_350' title='bbox 1070 3784 1229 3856; x_wconf 72' lang='lat' dir='ltr'><strong>etiam</strong></span> <span class='ocrx_word' id='word_1_351' title='bbox 1263 3793 1440 3856; x_wconf 77' lang='lat' dir='ltr'><strong>tuetur</strong></span> <span class='ocrx_word' id='word_1_352' title='bbox 1462 3783 1701 3856; x_wconf 68' lang='lat' dir='ltr'><strong>Gifanius</strong></span> <span class='ocrx_word' id='word_1_353' title='bbox 1731 3784 1783 3856; x_wconf 82' lang='lat' dir='ltr'><strong>in</strong></span> <span class='ocrx_word' id='word_1_354' title='bbox 1813 3783 1902 3856; x_wconf 76' lang='lat' dir='ltr'><strong>ln-</strong></span> 
     </span>
    </p>
   </div>
   <div class='ocr_carea' id='block_1_82' title="bbox 323 3852 1904 3920">
    <p class='ocr_par' dir='ltr' id='par_1_82' title="bbox 323 3852 1904 3920">
     <span class='ocr_line' id='line_1_82' title="bbox 323 3852 1904 3920; baseline -0.004 -8"><span class='ocrx_word' id='word_1_355' title='bbox 323 3852 456 3912; x_wconf 54' lang='lat' dir='ltr'><strong>dice&#39;</strong></span> <span class='ocrx_word' id='word_1_356' title='bbox 485 3856 731 3915; x_wconf 85' lang='lat' dir='ltr'><strong>Lucretii,</strong></span> <span class='ocrx_word' id='word_1_357' title='bbox 768 3869 882 3920; x_wconf 84' lang='lat' dir='ltr'><strong>pag.</strong></span> <span class='ocrx_word' id='word_1_358' title='bbox 915 3853 1042 3916; x_wconf 74' lang='lat'><strong>49.3,</strong></span> <span class='ocrx_word' id='word_1_359' title='bbox 1084 3862 1138 3905; x_wconf 91' lang='lat' dir='ltr'><strong>et</strong></span> <span class='ocrx_word' id='word_1_360' title='bbox 1165 3853 1400 3906; x_wconf 80' lang='lat' dir='ltr'><strong>Latinius</strong></span> <span class='ocrx_word' id='word_1_361' title='bbox 1432 3855 1482 3905; x_wconf 91' lang='lat' dir='ltr'><strong>in</strong></span> <span class='ocrx_word' id='word_1_362' title='bbox 1515 3853 1651 3906; x_wconf 88' lang='lat' dir='ltr'><strong>Bibl.</strong></span> <span class='ocrx_word' id='word_1_363' title='bbox 1677 3854 1775 3906; x_wconf 86' lang='lat' dir='ltr'><strong>sel.</strong></span> <span class='ocrx_word' id='word_1_364' title='bbox 1812 3852 1904 3905; x_wconf 81' lang='lat' dir='ltr'><strong>Vi-</strong></span> 
     </span>
    </p>
   </div>
   <div class='ocr_carea' id='block_1_83' title="bbox 288 3920 1903 3994">
    <p class='ocr_par' dir='ltr' id='par_1_83' title="bbox 288 3920 1903 3994">
     <span class='ocr_line' id='line_1_83' title="bbox 288 3920 1903 3994; baseline -0.004 -12"><span class='ocrx_word' id='word_1_365' title='bbox 288 3920 442 3982; x_wconf 76' lang='lat' dir='ltr'><strong>‘deri</strong></span> <span class='ocrx_word' id='word_1_366' title='bbox 471 3935 641 3994; x_wconf 88' lang='lat' dir='ltr'><strong>potest</strong></span> <span class='ocrx_word' id='word_1_367' title='bbox 686 3925 989 3978; x_wconf 88' lang='lat' dir='ltr'><strong>Priscianus</strong></span> <span class='ocrx_word' id='word_1_368' title='bbox 1036 3922 1127 3975; x_wconf 87' lang='lat' dir='ltr'><strong>lib.</strong></span> <span class='ocrx_word' id='word_1_369' title='bbox 1172 3938 1263 3976; x_wconf 86' lang='lat' dir='ltr'><strong>vui</strong></span> <span class='ocrx_word' id='word_1_370' title='bbox 1294 3963 1307 3986; x_wconf 92' lang='lat'><strong>,</strong></span> <span class='ocrx_word' id='word_1_371' title='bbox 1346 3923 1435 3991; x_wconf 89' lang='lat' dir='ltr'><strong>qui</strong></span> <span class='ocrx_word' id='word_1_372' title='bbox 1480 3925 1548 3977; x_wconf 93' lang='lat' dir='ltr'><strong>de</strong></span> <span class='ocrx_word' id='word_1_373' title='bbox 1602 3922 1903 3987; x_wconf 87' lang='lat' dir='ltr'><strong>liujusmodi</strong></span> 
     </span>
    </p>
   </div>
   <div class='ocr_carea' id='block_1_84' title="bbox 326 3994 1899 4064">
    <p class='ocr_par' dir='ltr' id='par_1_84' title="bbox 326 3994 1899 4064">
     <span class='ocr_line' id='line_1_84' title="bbox 326 3994 1899 4064; baseline -0.005 -13"><span class='ocrx_word' id='word_1_374' title='bbox 326 3998 533 4060; x_wconf 81' lang='lat' dir='ltr'><strong>verbis,</strong></span> <span class='ocrx_word' id='word_1_375' title='bbox 582 4011 701 4064; x_wconf 66' lang='lat' dir='ltr'><strong>quae</strong></span> <span class='ocrx_word' id='word_1_376' title='bbox 753 3994 879 4048; x_wconf 92' lang='lat' dir='ltr'><strong>olim</strong></span> <span class='ocrx_word' id='word_1_377' title='bbox 928 3994 1131 4064; x_wconf 81' lang='lat' dir='ltr'><strong>antiqui</strong></span> <span class='ocrx_word' id='word_1_378' title='bbox 1185 3995 1533 4064; x_wconf 83' lang='lat' dir='ltr'><strong>usurpabant,</strong></span> <span class='ocrx_word' id='word_1_379' title='bbox 1576 4002 1631 4064; x_wconf 90' lang='lat' dir='ltr'><strong>ut</strong></span> <span class='ocrx_word' id='word_1_380' title='bbox 1680 4007 1899 4064; x_wconf 84' lang='lat' dir='ltr'><strong>auguro,</strong></span> 
     </span>
    </p>
   </div>
   <div class='ocr_carea' id='block_1_85' title="bbox 325 4062 1901 4133">
    <p class='ocr_par' dir='ltr' id='par_1_85' title="bbox 325 4062 1901 4133">
     <span class='ocr_line' id='line_1_85' title="bbox 325 4062 1901 4133; baseline -0.003 -13"><span class='ocrx_word' id='word_1_381' title='bbox 325 4068 501 4133; x_wconf 84' lang='lat' dir='ltr'><strong>opino,</strong></span> <span class='ocrx_word' id='word_1_382' title='bbox 533 4062 756 4126; x_wconf 69' lang='lat' dir='ltr'><strong>exsecro,</strong></span> <span class='ocrx_word' id='word_1_383' title='bbox 787 4064 892 4131; x_wconf 81' lang='lat' dir='ltr'><strong>agit</strong></span> <span class='ocrx_word' id='word_1_384' title='bbox 919 4063 1360 4131; x_wconf 84' lang='lat' dir='ltr'><strong>diligentissime;</strong></span> <span class='ocrx_word' id='word_1_385' title='bbox 1384 4073 1437 4117; x_wconf 87' lang='lat' dir='ltr'><strong>et</strong></span> <span class='ocrx_word' id='word_1_386' title='bbox 1469 4062 1693 4126; x_wconf 76' lang='lat' dir='ltr'><strong>Nonius,</strong></span> <span class='ocrx_word' id='word_1_387' title='bbox 1722 4063 1807 4127; x_wconf 89' lang='lat' dir='ltr'><strong>qui</strong></span> <span class='ocrx_word' id='word_1_388' title='bbox 1837 4064 1901 4116; x_wconf 91' lang='lat' dir='ltr'><strong>de</strong></span> 
     </span>
    </p>
   </div>
   <div class='ocr_carea' id='block_1_86' title="bbox 324 4133 1901 4204">
    <p class='ocr_par' dir='ltr' id='par_1_86' title="bbox 324 4133 1901 4204">
     <span class='ocr_line' id='line_1_86' title="bbox 324 4133 1901 4204; baseline -0.004 -15"><span class='ocrx_word' id='word_1_389' title='bbox 324 4139 491 4191; x_wconf 86' lang='lat' dir='ltr'><strong>verbo</strong></span> <span class='ocrx_word' id='word_1_390' title='bbox 517 4152 639 4204; x_wconf 89' lang='lat' dir='ltr'><strong>vago</strong></span> <span class='ocrx_word' id='word_1_391' title='bbox 672 4134 885 4187; x_wconf 84' lang='lat' dir='ltr'><strong>adducit</strong></span> <span class='ocrx_word' id='word_1_392' title='bbox 912 4134 1175 4204; x_wconf 82' lang='lat' dir='ltr'><strong>Plautum,</strong></span> <span class='ocrx_word' id='word_1_393' title='bbox 1206 4135 1429 4204; x_wconf 79' lang='lat' dir='ltr'><strong>Attium,</strong></span> <span class='ocrx_word' id='word_1_394' title='bbox 1458 4133 1763 4195; x_wconf 81' lang='lat' dir='ltr'><strong>Pacuvium,</strong></span> <span class='ocrx_word' id='word_1_395' title='bbox 1795 4134 1901 4204; x_wconf 60' lang='lat' dir='ltr'><strong>iiu-</strong></span> 
     </span>
    </p>
   </div>
   <div class='ocr_carea' id='block_1_87' title="bbox 326 4202 1902 4273">
    <p class='ocr_par' dir='ltr' id='par_1_87' title="bbox 326 4202 1902 4273">
     <span class='ocr_line' id='line_1_87' title="bbox 326 4202 1902 4273; baseline -0.004 -12"><span class='ocrx_word' id='word_1_396' title='bbox 326 4208 495 4273; x_wconf 90' lang='lat' dir='ltr'><strong>nium,</strong></span> <span class='ocrx_word' id='word_1_397' title='bbox 542 4202 857 4273; x_wconf 76' lang='lat' dir='ltr'><strong>Turpilium,</strong></span> <span class='ocrx_word' id='word_1_398' title='bbox 911 4203 1294 4271; x_wconf 78' lang='lat' dir='ltr'><strong>Pomponium,</strong></span> <span class='ocrx_word' id='word_1_399' title='bbox 1342 4203 1667 4267; x_wconf 88' lang='lat' dir='ltr'><strong>Varronem,</strong></span> <span class='ocrx_word' id='word_1_400' title='bbox 1717 4212 1771 4256; x_wconf 92' lang='lat' dir='ltr'><strong>et</strong></span> <span class='ocrx_word' id='word_1_401' title='bbox 1818 4202 1902 4256; x_wconf 89' lang='lat' dir='ltr'><strong>his</strong></span> 
     </span>
    </p>
   </div>
   <div class='ocr_carea' id='block_1_88' title="bbox 324 4274 1164 4345">
    <p class='ocr_par' dir='ltr' id='par_1_88' title="bbox 324 4274 1164 4345">
     <span class='ocr_line' id='line_1_88' title="bbox 324 4274 1164 4345; baseline -0.011 -12"><span class='ocrx_word' id='word_1_402' title='bbox 324 4280 482 4341; x_wconf 75' lang='lat' dir='ltr'><strong>longe</strong></span> <span class='ocrx_word' id='word_1_403' title='bbox 514 4276 857 4345; x_wconf 85' lang='lat' dir='ltr'><strong>posteriorem</strong></span> <span class='ocrx_word' id='word_1_404' title='bbox 881 4274 1164 4329; x_wconf 81' lang='lat' dir='ltr'><strong>Serenum.</strong></span> 
     </span>
    </p>
   </div>
   <div class='ocr_carea' id='block_1_89' title="bbox 396 4344 1901 4413">
    <p class='ocr_par' dir='ltr' id='par_1_89' title="bbox 396 4344 1901 4413">
     <span class='ocr_line' id='line_1_89' title="bbox 396 4344 1901 4413; baseline -0.003 -11"><span class='ocrx_word' id='word_1_405' title='bbox 396 4348 484 4403; x_wconf 76' lang='lat'><strong>55.</strong></span> <span class='ocrx_word' id='word_1_406' title='bbox 516 4344 741 4399; x_wconf 81' lang='lat' dir='ltr'><strong>Fontem</strong></span> <span class='ocrx_word' id='word_1_407' title='bbox 774 4346 982 4413; x_wconf 88' lang='lat' dir='ltr'><strong>igneum</strong></span> <span class='ocrx_word' id='word_1_408' title='bbox 1015 4345 1311 4397; x_wconf 87' lang='lat' dir='ltr'><strong>animarum</strong></span> <span class='ocrx_word' id='word_1_409' title='bbox 1363 4344 1528 4397; x_wconf 82' lang='lat' dir='ltr'><strong>Deum</strong></span> <span class='ocrx_word' id='word_1_410' title='bbox 1562 4351 1718 4395; x_wconf 75' lang='lat' dir='ltr'><strong>vorat</strong></span> <span class='ocrx_word' id='word_1_411' title='bbox 1747 4355 1901 4409; x_wconf 86' lang='lat' dir='ltr'><strong>poeta</strong></span> 
     </span>
    </p>
   </div>
   <div class='ocr_carea' id='block_1_90' title="bbox 327 4414 1898 4486">
    <p class='ocr_par' dir='ltr' id='par_1_90' title="bbox 327 4414 1898 4486">
     <span class='ocr_line' id='line_1_90' title="bbox 327 4414 1898 4486; baseline -0.003 -13"><span class='ocrx_word' id='word_1_412' title='bbox 327 4422 381 4473; x_wconf 90' lang='lat' dir='ltr'><strong>in</strong></span> <span class='ocrx_word' id='word_1_413' title='bbox 416 4418 613 4486; x_wconf 81' lang='lat' dir='ltr'><strong>hymno</strong></span> <span class='ocrx_word' id='word_1_414' title='bbox 648 4416 1030 4486; x_wconf 78' lang='lat' dir='ltr'><strong>Exsequiarum</strong></span> <span class='ocrx_word' id='word_1_415' title='bbox 1056 4429 1195 4467; x_wconf 87' lang='lat' dir='ltr'><strong>vers.</strong></span> <span class='ocrx_word' id='word_1_416' title='bbox 1232 4417 1282 4467; x_wconf 83' lang='lat' dir='ltr'><strong>l.</strong></span> <span class='ocrx_word' id='word_1_417' title='bbox 1320 4414 1461 4473; x_wconf 80' lang='lat' dir='ltr'><strong>Rat.,</strong></span> <span class='ocrx_word' id='word_1_418' title='bbox 1494 4415 1552 4465; x_wconf 88' lang='lat' dir='ltr'><strong>ab</strong></span> <span class='ocrx_word' id='word_1_419' title='bbox 1577 4415 1781 4486; x_wconf 69' lang='lat' dir='ltr'><strong>(vt/tere,</strong></span> <span class='ocrx_word' id='word_1_420' title='bbox 1806 4416 1898 4468; x_wconf 88' lang='lat' dir='ltr'><strong>sed</strong></span> 
     </span>
    </p>
   </div>
   <div class='ocr_carea' id='block_1_91' title="bbox 324 4483 1897 4553">
    <p class='ocr_par' dir='ltr' id='par_1_91' title="bbox 324 4483 1897 4553">
     <span class='ocr_line' id='line_1_91' title="bbox 324 4483 1897 4553; baseline -0.003 -11"><span class='ocrx_word' id='word_1_421' title='bbox 324 4483 599 4542; x_wconf 86' lang='lat' dir='ltr'><strong>inductum</strong></span> <span class='ocrx_word' id='word_1_422' title='bbox 631 4496 713 4540; x_wconf 88' lang='lat' dir='ltr'><strong>est</strong></span> <span class='ocrx_word' id='word_1_423' title='bbox 739 4485 968 4539; x_wconf 87' lang='lat' dir='ltr'><strong>medium</strong></span> <span class='ocrx_word' id='word_1_424' title='bbox 1002 4500 1026 4535; x_wconf 86' lang='lat' dir='ltr'><strong>e</strong></span> <span class='ocrx_word' id='word_1_425' title='bbox 1052 4494 1216 4551; x_wconf 66' lang='lat' dir='ltr'><strong>recte,</strong></span> <span class='ocrx_word' id='word_1_426' title='bbox 1250 4494 1305 4537; x_wconf 90' lang='lat' dir='ltr'><strong>ut</strong></span> <span class='ocrx_word' id='word_1_427' title='bbox 1337 4486 1426 4537; x_wconf 90' lang='lat' dir='ltr'><strong>liat</strong></span> <span class='ocrx_word' id='word_1_428' title='bbox 1454 4486 1515 4536; x_wconf 86' lang='lat' dir='ltr'><strong>ub</strong></span> <span class='ocrx_word' id='word_1_429' title='bbox 1545 4483 1729 4548; x_wconf 67' lang='lat' dir='ltr'><strong>(ct/ira,</strong></span> <span class='ocrx_word' id='word_1_430' title='bbox 1755 4486 1897 4553; x_wconf 87' lang='lat' dir='ltr'><strong>qttod</strong></span> 
     </span>
    </p>
   </div>
   <div class='ocr_carea' id='block_1_92' title="bbox 323 4556 1110 4614">
    <p class='ocr_par' dir='ltr' id='par_1_92' title="bbox 323 4556 1110 4614">
     <span class='ocr_line' id='line_1_92' title="bbox 323 4556 1110 4614; baseline -0.006 -2"><span class='ocrx_word' id='word_1_431' title='bbox 323 4567 602 4614; x_wconf 88' lang='lat' dir='ltr'><strong>corrector</strong></span> <span class='ocrx_word' id='word_1_432' title='bbox 628 4556 829 4609; x_wconf 85' lang='lat' dir='ltr'><strong>videtur</strong></span> <span class='ocrx_word' id='word_1_433' title='bbox 858 4557 1110 4607; x_wconf 88' lang='lat' dir='ltr'><strong>voluisse.</strong></span> 
     </span>
    </p>
   </div>
   <div class='ocr_carea' id='block_1_93' title="bbox 399 4622 1898 4687">
    <p class='ocr_par' dir='ltr' id='par_1_93' title="bbox 399 4622 1898 4687">
     <span class='ocr_line' id='line_1_93' title="bbox 399 4622 1898 4687; baseline -0.004 -5"><span class='ocrx_word' id='word_1_434' title='bbox 399 4630 489 4682; x_wconf 81' lang='grc'><strong>57.</strong></span> <span class='ocrx_word' id='word_1_435' title='bbox 523 4628 668 4679; x_wconf 85' lang='lat' dir='ltr'><strong>Mens</strong></span> <span class='ocrx_word' id='word_1_436' title='bbox 690 4624 790 4678; x_wconf 87' lang='lat' dir='ltr'><strong>sibi</strong></span> <span class='ocrx_word' id='word_1_437' title='bbox 834 4626 1187 4677; x_wconf 76' lang='lat' dir='ltr'><strong>multiformes</strong></span> <span class='ocrx_word' id='word_1_438' title='bbox 1238 4624 1402 4676; x_wconf 85' lang='lat' dir='ltr'><strong>facies</strong></span> <span class='ocrx_word' id='word_1_439' title='bbox 1450 4622 1651 4687; x_wconf 77' lang='lat' dir='ltr'><strong>lingere</strong></span> <span class='ocrx_word' id='word_1_440' title='bbox 1703 4623 1898 4677; x_wconf 86' lang='lat' dir='ltr'><strong>dicitur</strong></span> 
     </span>
    </p>
   </div>
   <div class='ocr_carea' id='block_1_94' title="bbox 2008 3360 3589 3433">
    <p class='ocr_par' dir='ltr' id='par_1_94' title="bbox 2008 3360 3589 3433">
     <span class='ocr_line' id='line_1_94' title="bbox 2008 3360 3589 3433; baseline 0.003 -19"><span class='ocrx_word' id='word_1_441' title='bbox 2008 3361 2103 3428; x_wconf 91' lang='lat' dir='ltr'><strong>ipsi</strong></span> <span class='ocrx_word' id='word_1_442' title='bbox 2136 3360 2281 3415; x_wconf 84' lang='lat' dir='ltr'><strong>vultu</strong></span> <span class='ocrx_word' id='word_1_443' title='bbox 2314 3360 2582 3415; x_wconf 74' lang='lat' dir='ltr'><strong>tristitiam</strong></span> <span class='ocrx_word' id='word_1_444' title='bbox 2614 3362 3037 3433; x_wconf 68' lang='lat' dir='ltr'><strong>inaoifestareiit,</strong></span> <span class='ocrx_word' id='word_1_445' title='bbox 3073 3363 3195 3431; x_wconf 85' lang='lat' dir='ltr'><strong>quia</strong></span> <span class='ocrx_word' id='word_1_446' title='bbox 3226 3379 3331 3418; x_wconf 85' lang='lat' dir='ltr'><strong>non</strong></span> <span class='ocrx_word' id='word_1_447' title='bbox 3362 3360 3589 3433; x_wconf 84' lang='lat' dir='ltr'><strong>eratqui</strong></span> 
     </span>
    </p>
   </div>
   <div class='ocr_carea' id='block_1_95' title="bbox 2006 3432 3596 3502">
    <p class='ocr_par' dir='ltr' id='par_1_95' title="bbox 2006 3432 3596 3502">
     <span class='ocr_line' id='line_1_95' title="bbox 2006 3432 3596 3502; baseline 0.002 -16"><span class='ocrx_word' id='word_1_448' title='bbox 2006 3446 2067 3486; x_wconf 88' lang='lat' dir='ltr'><strong>ea</strong></span> <span class='ocrx_word' id='word_1_449' title='bbox 2105 3433 2572 3499; x_wconf 87' lang='lat' dir='ltr'><strong>interpretaretur.</strong></span> <span class='ocrx_word' id='word_1_450' title='bbox 2630 3432 2830 3486; x_wconf 89' lang='lat' dir='ltr'><strong>Eorum</strong></span> <span class='ocrx_word' id='word_1_451' title='bbox 2864 3448 2992 3487; x_wconf 90' lang='lat' dir='ltr'><strong>vero</strong></span> <span class='ocrx_word' id='word_1_452' title='bbox 3039 3434 3415 3502; x_wconf 84' lang='lat' dir='ltr'><strong>interpretatio</strong></span> <span class='ocrx_word' id='word_1_453' title='bbox 3441 3432 3596 3489; x_wconf 88' lang='lat' dir='ltr'><strong>alteri</strong></span> 
     </span>
    </p>
   </div>
   <div class='ocr_carea' id='block_1_96' title="bbox 2007 3502 3598 3568">
    <p class='ocr_par' dir='ltr' id='par_1_96' title="bbox 2007 3502 3598 3568">
     <span class='ocr_line' id='line_1_96' title="bbox 2007 3502 3598 3568; baseline 0.003 -15"><span class='ocrx_word' id='word_1_454' title='bbox 2007 3502 2221 3568; x_wconf 89' lang='lat' dir='ltr'><strong>quidem</strong></span> <span class='ocrx_word' id='word_1_455' title='bbox 2250 3502 2573 3555; x_wconf 89' lang='lat' dir='ltr'><strong>famulorum</strong></span> <span class='ocrx_word' id='word_1_456' title='bbox 2602 3502 2885 3555; x_wconf 86' lang='lat' dir='ltr'><strong>horrorem</strong></span> <span class='ocrx_word' id='word_1_457' title='bbox 2930 3503 3178 3565; x_wconf 88' lang='lat' dir='ltr'><strong>incussit,</strong></span> <span class='ocrx_word' id='word_1_458' title='bbox 3207 3504 3438 3558; x_wconf 89' lang='lat' dir='ltr'><strong>alterum</strong></span> <span class='ocrx_word' id='word_1_459' title='bbox 3469 3519 3598 3559; x_wconf 85' lang='lat' dir='ltr'><strong>vero</strong></span> 
     </span>
    </p>
   </div>
   <div class='ocr_carea' id='block_1_97' title="bbox 2006 3570 3598 3641">
    <p class='ocr_par' dir='ltr' id='par_1_97' title="bbox 2006 3570 3598 3641">
     <span class='ocr_line' id='line_1_97' title="bbox 2006 3570 3598 3641; baseline 0.006 -21"><span class='ocrx_word' id='word_1_460' title='bbox 2006 3572 2201 3639; x_wconf 78' lang='lat' dir='ltr'><strong>gaudio</strong></span> <span class='ocrx_word' id='word_1_461' title='bbox 2226 3573 2536 3639; x_wconf 82' lang='lat' dir='ltr'><strong>complevit.</strong></span> <span class='ocrx_word' id='word_1_462' title='bbox 2572 3572 2755 3640; x_wconf 85' lang='lat' dir='ltr'><strong>Itaque</strong></span> <span class='ocrx_word' id='word_1_463' title='bbox 2781 3570 3101 3627; x_wconf 85' lang='lat' dir='ltr'><strong>Prudentius</strong></span> <span class='ocrx_word' id='word_1_464' title='bbox 3126 3573 3305 3641; x_wconf 78' lang='lat' dir='ltr'><strong>dispar</strong></span> <span class='ocrx_word' id='word_1_465' title='bbox 3327 3575 3598 3629; x_wconf 90' lang='lat' dir='ltr'><strong>somnium</strong></span> 
     </span>
    </p>
   </div>
   <div class='ocr_carea' id='block_1_98' title="bbox 2007 3642 3596 3711">
    <p class='ocr_par' dir='ltr' id='par_1_98' title="bbox 2007 3642 3596 3711">
     <span class='ocr_line' id='line_1_98' title="bbox 2007 3642 3596 3711; baseline 0.003 -17"><span class='ocrx_word' id='word_1_466' title='bbox 2007 3642 2311 3711; x_wconf 85' lang='lat' dir='ltr'><strong>distinguit,</strong></span> <span class='ocrx_word' id='word_1_467' title='bbox 2343 3651 2399 3695; x_wconf 93' lang='lat' dir='ltr'><strong>et</strong></span> <span class='ocrx_word' id='word_1_468' title='bbox 2428 3642 2494 3696; x_wconf 89' lang='lat' dir='ltr'><strong>de</strong></span> <span class='ocrx_word' id='word_1_469' title='bbox 2518 3642 2692 3709; x_wconf 90' lang='lat' dir='ltr'><strong>primo</strong></span> <span class='ocrx_word' id='word_1_470' title='bbox 2726 3656 2995 3711; x_wconf 87' lang='lat' dir='ltr'><strong>nunquam</strong></span> <span class='ocrx_word' id='word_1_471' title='bbox 3037 3642 3197 3696; x_wconf 87' lang='lat' dir='ltr'><strong>verba</strong></span> <span class='ocrx_word' id='word_1_472' title='bbox 3232 3644 3473 3698; x_wconf 88' lang='lat' dir='ltr'><strong>horroris</strong></span> <span class='ocrx_word' id='word_1_473' title='bbox 3499 3646 3596 3699; x_wconf 89' lang='lat' dir='ltr'><strong>ad-</strong></span> 
     </span>
    </p>
   </div>
   <div class='ocr_carea' id='block_1_99' title="bbox 2010 3711 3596 3780">
    <p class='ocr_par' dir='ltr' id='par_1_99' title="bbox 2010 3711 3596 3780">
     <span class='ocr_line' id='line_1_99' title="bbox 2010 3711 3596 3780; baseline 0.002 -15"><span class='ocrx_word' id='word_1_474' title='bbox 2010 3711 2181 3765; x_wconf 85' lang='lat' dir='ltr'><strong>hibuit</strong></span> <span class='ocrx_word' id='word_1_475' title='bbox 2213 3730 2225 3764; x_wconf 87' lang='lat'><strong>:</strong></span> <span class='ocrx_word' id='word_1_476' title='bbox 2255 3712 2410 3769; x_wconf 77' lang='lat' dir='ltr'><strong>Nunc</strong></span> <span class='ocrx_word' id='word_1_477' title='bbox 2436 3712 2681 3779; x_wconf 83' lang='lat' dir='ltr'><strong>splendor</strong></span> <span class='ocrx_word' id='word_1_478' title='bbox 2718 3714 2985 3765; x_wconf 75' lang='lat' dir='ltr'><strong>intererrat</strong></span> <span class='ocrx_word' id='word_1_479' title='bbox 3023 3714 3122 3777; x_wconf 85' lang='lat' dir='ltr'><strong>Qui</strong></span> <span class='ocrx_word' id='word_1_480' title='bbox 3155 3713 3244 3765; x_wconf 85' lang='lat' dir='ltr'><strong>dat</strong></span> <span class='ocrx_word' id='word_1_481' title='bbox 3268 3714 3444 3780; x_wconf 76' lang='lat' dir='ltr'><strong>futura</strong></span> <span class='ocrx_word' id='word_1_482' title='bbox 3472 3730 3596 3768; x_wconf 81' lang='lat' dir='ltr'><strong>nos—</strong></span> 
     </span>
    </p>
   </div>
   <div class='ocr_carea' id='block_1_100' title="bbox 2007 3781 3597 3853">
    <p class='ocr_par' dir='ltr' id='par_1_100' title="bbox 2007 3781 3597 3853">
     <span class='ocr_line' id='line_1_100' title="bbox 2007 3781 3597 3853; baseline 0.001 -18"><span class='ocrx_word' id='word_1_483' title='bbox 2007 3798 2129 3853; x_wconf 74' lang='lat' dir='ltr'><strong>se...</strong></span> <span class='ocrx_word' id='word_1_484' title='bbox 2150 3783 2313 3847; x_wconf 82' lang='lat' dir='ltr'><strong>Quem</strong></span> <span class='ocrx_word' id='word_1_485' title='bbox 2360 3800 2479 3835; x_wconf 83' lang='lat' dir='ltr'><strong>rara</strong></span> <span class='ocrx_word' id='word_1_486' title='bbox 2506 3785 2659 3845; x_wconf 85' lang='lat' dir='ltr'><strong>culpa</strong></span> <span class='ocrx_word' id='word_1_487' title='bbox 2691 3800 2887 3835; x_wconf 88' lang='lat' dir='ltr'><strong>morum</strong></span> <span class='ocrx_word' id='word_1_488' title='bbox 2923 3781 3045 3836; x_wconf 84' lang='lat' dir='ltr'><strong>Non</strong></span> <span class='ocrx_word' id='word_1_489' title='bbox 3069 3783 3253 3848; x_wconf 85' lang='lat' dir='ltr'><strong>polluit</strong></span> <span class='ocrx_word' id='word_1_490' title='bbox 3286 3783 3597 3853; x_wconf 82' lang='lat' dir='ltr'><strong>frequenter,</strong></span> 
     </span>
    </p>
   </div>
   <div class='ocr_carea' id='block_1_101' title="bbox 2009 3852 3596 3909">
    <p class='ocr_par' dir='ltr' id='par_1_101' title="bbox 2009 3852 3596 3909">
     <span class='ocr_line' id='line_1_101' title="bbox 2009 3852 3596 3909; baseline 0.004 -6"><span class='ocrx_word' id='word_1_491' title='bbox 2009 3852 2166 3905; x_wconf 76' lang='lat' dir='ltr'><strong>[Iuno</strong></span> <span class='ocrx_word' id='word_1_492' title='bbox 2198 3854 2289 3905; x_wconf 75' lang='lat' dir='ltr'><strong>lux</strong></span> <span class='ocrx_word' id='word_1_493' title='bbox 2317 3870 2496 3906; x_wconf 83' lang='lat' dir='ltr'><strong>serena</strong></span> <span class='ocrx_word' id='word_1_494' title='bbox 2522 3852 2727 3905; x_wconf 81' lang='lat' dir='ltr'><strong>vibrans</strong></span> <span class='ocrx_word' id='word_1_495' title='bbox 2759 3853 2854 3905; x_wconf 83' lang='lat' dir='ltr'><strong>Res</strong></span> <span class='ocrx_word' id='word_1_496' title='bbox 2897 3854 3073 3905; x_wconf 82' lang='lat' dir='ltr'><strong>edocet</strong></span> <span class='ocrx_word' id='word_1_497' title='bbox 3115 3854 3341 3905; x_wconf 80' lang='lat' dir='ltr'><strong>latentes.</strong></span> <span class='ocrx_word' id='word_1_498' title='bbox 3399 3853 3596 3909; x_wconf 84' lang='lat' dir='ltr'><strong>Contra</strong></span> 
     </span>
    </p>
   </div>
   <div class='ocr_carea' id='block_1_102' title="bbox 2007 3923 3593 3992">
    <p class='ocr_par' dir='ltr' id='par_1_102' title="bbox 2007 3923 3593 3992">
     <span class='ocr_line' id='line_1_102' title="bbox 2007 3923 3593 3992; baseline 0.002 -17"><span class='ocrx_word' id='word_1_499' title='bbox 2007 3923 2075 3992; x_wconf 79' lang='lat' dir='ltr'><strong>de</strong></span> <span class='ocrx_word' id='word_1_500' title='bbox 2102 3923 2269 3976; x_wconf 89' lang='lat' dir='ltr'><strong>altero</strong></span> <span class='ocrx_word' id='word_1_501' title='bbox 2298 3939 2312 3979; x_wconf 86' lang='lat'><strong>:</strong></span> <span class='ocrx_word' id='word_1_502' title='bbox 2347 3924 2555 3975; x_wconf 73' lang='lat' dir='ltr'><strong>Animos</strong></span> <span class='ocrx_word' id='word_1_503' title='bbox 2576 3940 2761 3991; x_wconf 81' lang='lat' dir='ltr'><strong>pavore</strong></span> <span class='ocrx_word' id='word_1_504' title='bbox 2794 3933 2993 3975; x_wconf 80' lang='lat' dir='ltr'><strong>mteslos</strong></span> <span class='ocrx_word' id='word_1_505' title='bbox 3018 3924 3240 3991; x_wconf 75' lang='lat' dir='ltr'><strong>Ambage</strong></span> <span class='ocrx_word' id='word_1_506' title='bbox 3256 3923 3390 3992; x_wconf 79' lang='lat' dir='ltr'><strong>fallit</strong></span> <span class='ocrx_word' id='word_1_507' title='bbox 3411 3934 3593 3978; x_wconf 87' lang='lat' dir='ltr'><strong>atra...</strong></span> 
     </span>
    </p>
   </div>
   <div class='ocr_carea' id='block_1_103' title="bbox 2005 3991 3301 4062">
    <p class='ocr_par' dir='ltr' id='par_1_103' title="bbox 2005 3991 3301 4062">
     <span class='ocr_line' id='line_1_103' title="bbox 2005 3991 3301 4062; baseline 0.003 -19"><span class='ocrx_word' id='word_1_508' title='bbox 2005 3991 2173 4062; x_wconf 76' lang='lat' dir='ltr'><strong>Lusus</strong></span> <span class='ocrx_word' id='word_1_509' title='bbox 2204 4009 2388 4062; x_wconf 80' lang='lat' dir='ltr'><strong>pavore</strong></span> <span class='ocrx_word' id='word_1_510' title='bbox 2418 3997 2579 4045; x_wconf 85' lang='lat' dir='ltr'><strong>multo</strong></span> <span class='ocrx_word' id='word_1_511' title='bbox 2611 3992 2817 4062; x_wconf 84' lang='lat' dir='ltr'><strong>Species</strong></span> <span class='ocrx_word' id='word_1_512' title='bbox 2836 3995 2967 4045; x_wconf 83' lang='lat' dir='ltr'><strong>videt</strong></span> <span class='ocrx_word' id='word_1_513' title='bbox 2995 3991 3301 4047; x_wconf 80' lang='lat' dir='ltr'><strong>tremendas.</strong></span> 
     </span>
    </p>
   </div>
   <div class='ocr_carea' id='block_1_104' title="bbox 2078 4060 3596 4132">
    <p class='ocr_par' dir='ltr' id='par_1_104' title="bbox 2078 4060 3596 4132">
     <span class='ocr_line' id='line_1_104' title="bbox 2078 4060 3596 4132; baseline 0.005 -20"><span class='ocrx_word' id='word_1_514' title='bbox 2078 4060 2169 4116; x_wconf 67' lang='lat'><strong>45.</strong></span> <span class='ocrx_word' id='word_1_515' title='bbox 2194 4060 2410 4116; x_wconf 88' lang='lat' dir='ltr'><strong>Somnia</strong></span> <span class='ocrx_word' id='word_1_516' title='bbox 2452 4079 2481 4115; x_wconf 91' lang='lat' dir='ltr'><strong>a</strong></span> <span class='ocrx_word' id='word_1_517' title='bbox 2526 4064 2635 4115; x_wconf 90' lang='lat' dir='ltr'><strong>Deo</strong></span> <span class='ocrx_word' id='word_1_518' title='bbox 2656 4060 3209 4132; x_wconf 15' lang='lat' dir='ltr'><strong>&#39;aliquandoiimmitti</strong></span> <span class='ocrx_word' id='word_1_519' title='bbox 3252 4064 3596 4132; x_wconf 70' lang='lat' dir='ltr'><strong>perspicuum</strong></span> 
     </span>
    </p>
   </div>
   <div class='ocr_carea' id='block_1_105' title="bbox 2007 4131 3597 4201">
    <p class='ocr_par' dir='ltr' id='par_1_105' title="bbox 2007 4131 3597 4201">
     <span class='ocr_line' id='line_1_105' title="bbox 2007 4131 3597 4201; baseline 0.003 -16"><span class='ocrx_word' id='word_1_520' title='bbox 2007 4142 2109 4194; x_wconf 88' lang='lat' dir='ltr'><strong>est,</strong></span> <span class='ocrx_word' id='word_1_521' title='bbox 2137 4141 2192 4186; x_wconf 87' lang='lat' dir='ltr'><strong>et</strong></span> <span class='ocrx_word' id='word_1_522' title='bbox 2222 4135 2447 4201; x_wconf 86' lang='lat' dir='ltr'><strong>plurima</strong></span> <span class='ocrx_word' id='word_1_523' title='bbox 2482 4144 2604 4185; x_wconf 85' lang='lat' dir='ltr'><strong>sunt</strong></span> <span class='ocrx_word' id='word_1_524' title='bbox 2646 4134 2696 4185; x_wconf 87' lang='lat' dir='ltr'><strong>in</strong></span> <span class='ocrx_word' id='word_1_525' title='bbox 2728 4133 2905 4187; x_wconf 88' lang='lat' dir='ltr'><strong>Veteri</strong></span> <span class='ocrx_word' id='word_1_526' title='bbox 2939 4131 3196 4200; x_wconf 79' lang='lat' dir='ltr'><strong>Novoque</strong></span> <span class='ocrx_word' id='word_1_527' title='bbox 3242 4134 3597 4189; x_wconf 89' lang='lat' dir='ltr'><strong>Testamento</strong></span> 
     </span>
    </p>
   </div>
   <div class='ocr_carea' id='block_1_106' title="bbox 2008 4202 3597 4271">
    <p class='ocr_par' dir='ltr' id='par_1_106' title="bbox 2008 4202 3597 4271">
     <span class='ocr_line' id='line_1_106' title="bbox 2008 4202 3597 4271; baseline 0.004 -17"><span class='ocrx_word' id='word_1_528' title='bbox 2008 4204 2275 4269; x_wconf 76' lang='lat' dir='ltr'><strong>exempla.</strong></span> <span class='ocrx_word' id='word_1_529' title='bbox 2306 4220 2421 4269; x_wconf 63' lang='lat' dir='ltr'><strong>quae</strong></span> <span class='ocrx_word' id='word_1_530' title='bbox 2449 4204 2717 4256; x_wconf 84' lang='lat' dir='ltr'><strong>Dnrantus</strong></span> <span class='ocrx_word' id='word_1_531' title='bbox 2749 4202 2967 4271; x_wconf 74' lang='lat' dir='ltr'><strong>collegit</strong></span> <span class='ocrx_word' id='word_1_532' title='bbox 3006 4213 3161 4256; x_wconf 91' lang='lat' dir='ltr'><strong>tract.</strong></span> <span class='ocrx_word' id='word_1_533' title='bbox 3188 4203 3255 4256; x_wconf 90' lang='lat' dir='ltr'><strong>de</strong></span> <span class='ocrx_word' id='word_1_534' title='bbox 3290 4204 3597 4260; x_wconf 82' lang='lat' dir='ltr'><strong>Visionibus</strong></span> 
     </span>
    </p>
   </div>
   <div class='ocr_carea' id='block_1_107' title="bbox 2006 4272 3593 4343">
    <p class='ocr_par' dir='ltr' id='par_1_107' title="bbox 2006 4272 3593 4343">
     <span class='ocr_line' id='line_1_107' title="bbox 2006 4272 3593 4343; baseline 0.003 -18"><span class='ocrx_word' id='word_1_535' title='bbox 2006 4286 2123 4338; x_wconf 74' lang='lat' dir='ltr'><strong>cip.</strong></span> <span class='ocrx_word' id='word_1_536' title='bbox 2153 4273 2205 4327; x_wconf 87' lang='lat'><strong>9.</strong></span> <span class='ocrx_word' id='word_1_537' title='bbox 2238 4272 2413 4342; x_wconf 64' lang='lat' dir='ltr'><strong>Eque</strong></span> <span class='ocrx_word' id='word_1_538' title='bbox 2434 4282 2614 4325; x_wconf 89' lang='lat' dir='ltr'><strong>autem</strong></span> <span class='ocrx_word' id='word_1_539' title='bbox 2644 4282 2847 4326; x_wconf 88' lang='lat' dir='ltr'><strong>certum</strong></span> <span class='ocrx_word' id='word_1_540' title='bbox 2877 4284 2981 4335; x_wconf 86' lang='lat' dir='ltr'><strong>est,</strong></span> <span class='ocrx_word' id='word_1_541' title='bbox 3025 4273 3311 4337; x_wconf 85' lang='lat' dir='ltr'><strong>insomnia,</strong></span> <span class='ocrx_word' id='word_1_542' title='bbox 3344 4290 3463 4343; x_wconf 81' lang='lat' dir='ltr'><strong>qua:</strong></span> <span class='ocrx_word' id='word_1_543' title='bbox 3490 4276 3593 4329; x_wconf 81' lang='lat' dir='ltr'><strong>ali-</strong></span> 
     </span>
    </p>
   </div>
   <div class='ocr_carea' id='block_1_108' title="bbox 2006 4343 3594 4411">
    <p class='ocr_par' dir='ltr' id='par_1_108' title="bbox 2006 4343 3594 4411">
     <span class='ocr_line' id='line_1_108' title="bbox 2006 4343 3594 4411; baseline 0.003 -18"><span class='ocrx_word' id='word_1_544' title='bbox 2006 4344 2220 4409; x_wconf 84' lang='lat' dir='ltr'><strong>quando</strong></span> <span class='ocrx_word' id='word_1_545' title='bbox 2251 4359 2375 4397; x_wconf 84' lang='lat' dir='ltr'><strong>vera</strong></span> <span class='ocrx_word' id='word_1_546' title='bbox 2406 4343 2674 4407; x_wconf 82' lang='lat' dir='ltr'><strong>accidunt,</strong></span> <span class='ocrx_word' id='word_1_547' title='bbox 2707 4343 2973 4396; x_wconf 85' lang='lat' dir='ltr'><strong>interdum</strong></span> <span class='ocrx_word' id='word_1_548' title='bbox 2998 4343 3062 4397; x_wconf 88' lang='lat' dir='ltr'><strong>ad</strong></span> <span class='ocrx_word' id='word_1_549' title='bbox 3092 4358 3271 4396; x_wconf 83' lang='lat' dir='ltr'><strong>casum</strong></span> <span class='ocrx_word' id='word_1_550' title='bbox 3304 4347 3594 4411; x_wconf 76' lang='lat' dir='ltr'><strong>pertinere.</strong></span> 
     </span>
    </p>
   </div>
   <div class='ocr_carea' id='block_1_109' title="bbox 2006 4412 3598 4482">
    <p class='ocr_par' dir='ltr' id='par_1_109' title="bbox 2006 4412 3598 4482">
     <span class='ocr_line' id='line_1_109' title="bbox 2006 4412 3598 4482; baseline 0.003 -20"><span class='ocrx_word' id='word_1_551' title='bbox 2006 4415 2211 4476; x_wconf 84' lang='lat' dir='ltr'><strong>Quotus</strong></span> <span class='ocrx_word' id='word_1_552' title='bbox 2240 4417 2381 4467; x_wconf 87' lang='lat' dir='ltr'><strong>enim</strong></span> <span class='ocrx_word' id='word_1_553' title='bbox 2408 4414 2630 4482; x_wconf 87' lang='lat' dir='ltr'><strong>quisque</strong></span> <span class='ocrx_word' id='word_1_554' title='bbox 2654 4412 2732 4466; x_wconf 75' lang='lat' dir='ltr'><strong>vir</strong></span> <span class='ocrx_word' id='word_1_555' title='bbox 2759 4413 2973 4482; x_wconf 89' lang='lat' dir='ltr'><strong>sapiens</strong></span> <span class='ocrx_word' id='word_1_556' title='bbox 2999 4414 3073 4467; x_wconf 90' lang='lat' dir='ltr'><strong>rei</strong></span> <span class='ocrx_word' id='word_1_557' title='bbox 3102 4414 3289 4467; x_wconf 67' lang='lat' dir='ltr'><strong>futurae</strong></span> <span class='ocrx_word' id='word_1_558' title='bbox 3316 4418 3598 4469; x_wconf 84' lang='lat' dir='ltr'><strong>veritatem</strong></span> 
     </span>
    </p>
   </div>
   <div class='ocr_carea' id='block_1_110' title="bbox 2006 4484 3595 4552">
    <p class='ocr_par' dir='ltr' id='par_1_110' title="bbox 2006 4484 3595 4552">
     <span class='ocr_line' id='line_1_110' title="bbox 2006 4484 3595 4552; baseline 0.003 -18"><span class='ocrx_word' id='word_1_559' title='bbox 2006 4484 2280 4537; x_wconf 83' lang='lat' dir='ltr'><strong>dormiens</strong></span> <span class='ocrx_word' id='word_1_560' title='bbox 2307 4485 2556 4551; x_wconf 79' lang='lat' dir='ltr'><strong>agnovit?</strong></span> <span class='ocrx_word' id='word_1_561' title='bbox 2594 4484 2662 4537; x_wconf 83' lang='lat' dir='ltr'><strong>At</strong></span> <span class='ocrx_word' id='word_1_562' title='bbox 2696 4498 2885 4538; x_wconf 90' lang='lat' dir='ltr'><strong>omnes</strong></span> <span class='ocrx_word' id='word_1_563' title='bbox 2916 4484 3076 4552; x_wconf 80' lang='lat' dir='ltr'><strong>vulgo</strong></span> <span class='ocrx_word' id='word_1_564' title='bbox 3110 4487 3402 4537; x_wconf 86' lang='lat' dir='ltr'><strong>somniant.</strong></span> <span class='ocrx_word' id='word_1_565' title='bbox 3453 4485 3595 4550; x_wconf 88' lang='lat' dir='ltr'><strong>Quid</strong></span> 
     </span>
    </p>
   </div>
   <div class='ocr_carea' id='block_1_111' title="bbox 2005 4554 3597 4622">
    <p class='ocr_par' dir='ltr' id='par_1_111' title="bbox 2005 4554 3597 4622">
     <span class='ocr_line' id='line_1_111' title="bbox 2005 4554 3597 4622; baseline 0.001 -17"><span class='ocrx_word' id='word_1_566' title='bbox 2005 4562 2183 4606; x_wconf 89' lang='lat' dir='ltr'><strong>autem</strong></span> <span class='ocrx_word' id='word_1_567' title='bbox 2210 4556 2421 4617; x_wconf 67' lang='lat' dir='ltr'><strong>mirum,</strong></span> <span class='ocrx_word' id='word_1_568' title='bbox 2449 4554 2490 4607; x_wconf 91' lang='lat' dir='ltr'><strong>si</strong></span> <span class='ocrx_word' id='word_1_569' title='bbox 2517 4554 2568 4606; x_wconf 92' lang='lat' dir='ltr'><strong>in</strong></span> <span class='ocrx_word' id='word_1_570' title='bbox 2600 4563 2746 4607; x_wconf 87' lang='lat' dir='ltr'><strong>tanto</strong></span> <span class='ocrx_word' id='word_1_571' title='bbox 2776 4568 2999 4607; x_wconf 68' lang='lat' dir='ltr'><strong>numero</strong></span> <span class='ocrx_word' id='word_1_572' title='bbox 3027 4554 3226 4622; x_wconf 88' lang='lat' dir='ltr'><strong>aliquid</strong></span> <span class='ocrx_word' id='word_1_573' title='bbox 3254 4569 3439 4607; x_wconf 88' lang='lat' dir='ltr'><strong>verum</strong></span> <span class='ocrx_word' id='word_1_574' title='bbox 3467 4570 3597 4609; x_wconf 68' lang='lat' dir='ltr'><strong>con~</strong></span> 
     </span>
    </p>
   </div>
   <div class='ocr_carea' id='block_1_112' title="bbox 2008 4623 3593 4691">
    <p class='ocr_par' dir='ltr' id='par_1_112' title="bbox 2008 4623 3593 4691">
     <span class='ocr_line' id='line_1_112' title="bbox 2008 4623 3593 4691; baseline 0.003 -17"><span class='ocrx_word' id='word_1_575' title='bbox 2008 4623 2209 4691; x_wconf 79' lang='lat' dir='ltr'><strong>tingat?</strong></span> <span class='ocrx_word' id='word_1_576' title='bbox 2240 4624 2399 4676; x_wconf 80' lang='lat' dir='ltr'><strong>Recte</strong></span> <span class='ocrx_word' id='word_1_577' title='bbox 2426 4624 2614 4677; x_wconf 87' lang='lat' dir='ltr'><strong>Cicero</strong></span> <span class='ocrx_word' id='word_1_578' title='bbox 2645 4624 2735 4676; x_wconf 86' lang='lat' dir='ltr'><strong>lib.</strong></span> <span class='ocrx_word' id='word_1_579' title='bbox 2764 4640 2799 4677; x_wconf 86' lang='lat' dir='ltr'><strong>ll</strong></span> <span class='ocrx_word' id='word_1_580' title='bbox 2831 4624 2895 4677; x_wconf 83' lang='lat' dir='ltr'><strong>de</strong></span> <span class='ocrx_word' id='word_1_581' title='bbox 2926 4623 3157 4676; x_wconf 82' lang='lat' dir='ltr'><strong>Divinat.</strong></span> <span class='ocrx_word' id='word_1_582' title='bbox 3182 4638 3302 4690; x_wconf 89' lang='lat' dir='ltr'><strong>cap.</strong></span> <span class='ocrx_word' id='word_1_583' title='bbox 3329 4623 3396 4675; x_wconf 77' lang='lat'><strong>5‘.)</strong></span> <span class='ocrx_word' id='word_1_584' title='bbox 3424 4640 3434 4675; x_wconf 91' lang='lat'><strong>:</strong></span> <span class='ocrx_word' id='word_1_585' title='bbox 3467 4627 3593 4689; x_wconf 80' lang='lat' dir='ltr'><strong>Quis</strong></span> 
     </span>
    </p>
   </div>
   <div class='ocr_carea' id='block_1_113' title="bbox 326 4681 3555 4763">
    <p class='ocr_par' dir='ltr' id='par_1_113' title="bbox 326 4681 3555 4763">
     <span class='ocr_line' id='line_1_113' title="bbox 326 4681 3555 4763; baseline -0.002 -11"><span class='ocrx_word' id='word_1_586' title='bbox 326 4681 419 4752; x_wconf 15' lang='lat' dir='ltr'><strong>ob,</strong></span> <span class='ocrx_word' id='word_1_587' title='bbox 443 4681 802 4750; x_wconf 84' lang='lat' dir='ltr'><strong>diversitatem</strong></span> <span class='ocrx_word' id='word_1_588' title='bbox 838 4697 1244 4747; x_wconf 61' lang='lat' dir='ltr'><strong>insomniorum.</strong></span> <span class='ocrx_word' id='word_1_589' title='bbox 1277 4693 1405 4746; x_wconf 81' lang='lat' dir='ltr'><strong>Nam</strong></span> <span class='ocrx_word' id='word_1_590' title='bbox 1434 4681 1895 4747; x_wconf 35' lang='lat' dir='ltr'><strong>etsi-somniorum</strong></span> <span class='ocrx_word' id='word_1_591' title='bbox 1926 4681 1977 4741; x_wconf 85' lang='lat' dir='ltr'><strong>D</strong></span> <span class='ocrx_word' id='word_1_592' title='bbox 2002 4681 2394 4763; x_wconf 42' lang='lat' dir='ltr'><strong>estfquitotum</strong></span> <span class='ocrx_word' id='word_1_593' title='bbox 2416 4696 2548 4745; x_wconf 88' lang='lat' dir='ltr'><strong>diem</strong></span> <span class='ocrx_word' id='word_1_594' title='bbox 2570 4693 2815 4761; x_wconf 78' lang='lat' dir='ltr'><strong>jaculans</strong></span> <span class='ocrx_word' id='word_1_595' title='bbox 2840 4711 2939 4746; x_wconf 88' lang='lat' dir='ltr'><strong>non</strong></span> <span class='ocrx_word' id='word_1_596' title='bbox 2968 4681 3555 4763; x_wconf 49' lang='lat' dir='ltr'><strong>aliquando&#39;collinee&#39;t?</strong></span> 
     </span>
    </p>
   </div>
   <div class='ocr_carea' id='block_1_114' title="bbox 322 4764 1897 4827">
    <p class='ocr_par' dir='ltr' id='par_1_114' title="bbox 322 4764 1897 4827">
     <span class='ocr_line' id='line_1_114' title="bbox 322 4764 1897 4827; baseline -0.003 -5"><span class='ocrx_word' id='word_1_597' title='bbox 322 4781 485 4822; x_wconf 84' lang='lat' dir='ltr'><strong>causa</strong></span> <span class='ocrx_word' id='word_1_598' title='bbox 523 4781 625 4819; x_wconf 92' lang='lat' dir='ltr'><strong>non</strong></span> <span class='ocrx_word' id='word_1_599' title='bbox 671 4767 842 4816; x_wconf 88' lang='lat' dir='ltr'><strong>solum</strong></span> <span class='ocrx_word' id='word_1_600' title='bbox 876 4770 946 4815; x_wconf 85' lang='lat' dir='ltr'><strong>sit</strong></span> <span class='ocrx_word' id='word_1_601' title='bbox 984 4766 1211 4823; x_wconf 80' lang='lat' dir='ltr'><strong>interna,</strong></span> <span class='ocrx_word' id='word_1_602' title='bbox 1246 4764 1335 4815; x_wconf 56' lang='lat' dir='ltr'><strong>Sed</strong></span> <span class='ocrx_word' id='word_1_603' title='bbox 1370 4764 1529 4815; x_wconf 78' lang='lat' dir='ltr'><strong>etiam</strong></span> <span class='ocrx_word' id='word_1_604' title='bbox 1564 4771 1802 4827; x_wconf 71' lang='lat' dir='ltr'><strong>externa,</strong></span> <span class='ocrx_word' id='word_1_605' title='bbox 1842 4776 1897 4818; x_wconf 88' lang='lat' dir='ltr'><strong>ut</strong></span> 
     </span>
    </p>
   </div>
   <div class='ocr_carea' id='block_1_115' title="bbox 321 4833 1893 4902">
    <p class='ocr_par' dir='ltr' id='par_1_115' title="bbox 321 4833 1893 4902">
     <span class='ocr_line' id='line_1_115' title="bbox 321 4833 1893 4902; baseline -0.005 -10"><span class='ocrx_word' id='word_1_606' title='bbox 321 4854 388 4892; x_wconf 80' lang='lat' dir='ltr'><strong>ex</strong></span> <span class='ocrx_word' id='word_1_607' title='bbox 421 4837 517 4891; x_wconf 89' lang='lat' dir='ltr'><strong>SS.</strong></span> <span class='ocrx_word' id='word_1_608' title='bbox 556 4836 799 4889; x_wconf 81' lang='lat' dir='ltr'><strong>Patrilms</strong></span> <span class='ocrx_word' id='word_1_609' title='bbox 827 4834 1054 4899; x_wconf 66' lang='lat' dir='ltr'><strong>exillicat</strong></span> <span class='ocrx_word' id='word_1_610' title='bbox 1087 4834 1143 4886; x_wconf 88' lang='lat' dir='ltr'><strong>S.</strong></span> <span class='ocrx_word' id='word_1_611' title='bbox 1172 4835 1404 4887; x_wconf 78' lang='lat' dir='ltr'><strong>Thomas</strong></span> <span class='ocrx_word' id='word_1_612' title='bbox 1438 4833 1555 4895; x_wconf 59' lang='grc' dir='ltr'><strong>Ξ-ἳ,</strong></span> <span class='ocrx_word' id='word_1_613' title='bbox 1583 4844 1770 4898; x_wconf 65' lang='lat' dir='ltr'><strong>qui-st.</strong></span> <span class='ocrx_word' id='word_1_614' title='bbox 1804 4836 1893 4902; x_wconf 77' lang='grc'><strong>95,</strong></span> 
     </span>
    </p>
   </div>
   <div class='ocr_carea' id='block_1_116' title="bbox 319 4903 1894 4968">
    <p class='ocr_par' dir='ltr' id='par_1_116' title="bbox 319 4903 1894 4968">
     <span class='ocr_line' id='line_1_116' title="bbox 319 4903 1894 4968; baseline -0.003 -8"><span class='ocrx_word' id='word_1_615' title='bbox 319 4920 376 4961; x_wconf 90' lang='lat' dir='ltr'><strong>et</strong></span> <span class='ocrx_word' id='word_1_616' title='bbox 409 4908 641 4959; x_wconf 79' lang='lat' dir='ltr'><strong>Thomas</strong></span> <span class='ocrx_word' id='word_1_617' title='bbox 684 4903 918 4957; x_wconf 85' lang='lat' dir='ltr'><strong>ilurtadu</strong></span> <span class='ocrx_word' id='word_1_618' title='bbox 968 4915 1092 4955; x_wconf 87' lang='lat' dir='ltr'><strong>tom.</strong></span> <span class='ocrx_word' id='word_1_619' title='bbox 1141 4903 1155 4953; x_wconf 98' lang='lat' dir='ltr'><strong>l</strong></span> <span class='ocrx_word' id='word_1_620' title='bbox 1188 4903 1369 4955; x_wconf 86' lang='lat' dir='ltr'><strong>Tract.</strong></span> <span class='ocrx_word' id='word_1_621' title='bbox 1402 4905 1622 4964; x_wconf 87' lang='lat' dir='ltr'><strong>varior.,</strong></span> <span class='ocrx_word' id='word_1_622' title='bbox 1656 4914 1810 4957; x_wconf 88' lang='lat' dir='ltr'><strong>tract.</strong></span> <span class='ocrx_word' id='word_1_623' title='bbox 1841 4907 1894 4968; x_wconf 70' lang='grc' dir='ltr'><strong>ὅ,</strong></span> 
     </span>
    </p>
   </div>
   <div class='ocr_carea' id='block_1_117' title="bbox 318 4973 1898 5042">
    <p class='ocr_par' dir='ltr' id='par_1_117' title="bbox 318 4973 1898 5042">
     <span class='ocr_line' id='line_1_117' title="bbox 318 4973 1898 5042; baseline -0.001 -13"><span class='ocrx_word' id='word_1_624' title='bbox 318 4992 446 5042; x_wconf 90' lang='lat' dir='ltr'><strong>cap.</strong></span> <span class='ocrx_word' id='word_1_625' title='bbox 479 4976 531 5038; x_wconf 88' lang='lat'><strong>6,</strong></span> <span class='ocrx_word' id='word_1_626' title='bbox 575 4975 792 5028; x_wconf 76' lang='lat' dir='ltr'><strong>resolui.</strong></span> <span class='ocrx_word' id='word_1_627' title='bbox 826 4973 916 5036; x_wconf 76' lang='grc'><strong>56,</strong></span> <span class='ocrx_word' id='word_1_628' title='bbox 948 4989 1091 5025; x_wconf 89' lang='lat' dir='ltr'><strong>num.</strong></span> <span class='ocrx_word' id='word_1_629' title='bbox 1127 4974 1261 5026; x_wconf 75' lang='grc'><strong>1155</strong></span> <span class='ocrx_word' id='word_1_630' title='bbox 1299 4984 1351 5027; x_wconf 91' lang='lat' dir='ltr'><strong>et</strong></span> <span class='ocrx_word' id='word_1_631' title='bbox 1394 4987 1566 5039; x_wconf 74' lang='lat' dir='ltr'><strong>seqq.,</strong></span> <span class='ocrx_word' id='word_1_632' title='bbox 1602 4982 1776 5026; x_wconf 84' lang='lat' dir='ltr'><strong>tamen</strong></span> <span class='ocrx_word' id='word_1_633' title='bbox 1825 4975 1898 5027; x_wconf 83' lang='lat' dir='ltr'><strong>fa-</strong></span> 
     </span>
    </p>
   </div>
   <div class='ocr_carea' id='block_1_118' title="bbox 320 5042 1899 5111">
    <p class='ocr_par' dir='ltr' id='par_1_118' title="bbox 320 5042 1899 5111">
     <span class='ocr_line' id='line_1_118' title="bbox 320 5042 1899 5111; baseline -0.003 -11"><span class='ocrx_word' id='word_1_634' title='bbox 320 5048 436 5100; x_wconf 87' lang='lat' dir='ltr'><strong>cies</strong></span> <span class='ocrx_word' id='word_1_635' title='bbox 466 5047 577 5099; x_wconf 89' lang='lat' dir='ltr'><strong>sive</strong></span> <span class='ocrx_word' id='word_1_636' title='bbox 604 5046 798 5111; x_wconf 85' lang='lat' dir='ltr'><strong>figuras</strong></span> <span class='ocrx_word' id='word_1_637' title='bbox 836 5052 888 5096; x_wconf 90' lang='lat' dir='ltr'><strong>et</strong></span> <span class='ocrx_word' id='word_1_638' title='bbox 926 5046 1292 5108; x_wconf 84' lang='lat' dir='ltr'><strong>phantasmata</strong></span> <span class='ocrx_word' id='word_1_639' title='bbox 1336 5056 1485 5095; x_wconf 88' lang='lat' dir='ltr'><strong>meus</strong></span> <span class='ocrx_word' id='word_1_640' title='bbox 1519 5042 1629 5108; x_wconf 87' lang='lat' dir='ltr'><strong>ipsa</strong></span> <span class='ocrx_word' id='word_1_641' title='bbox 1662 5043 1760 5097; x_wconf 82' lang='lat' dir='ltr'><strong>siiii</strong></span> <span class='ocrx_word' id='word_1_642' title='bbox 1795 5046 1899 5098; x_wconf 89' lang='lat' dir='ltr'><strong>for-</strong></span> 
     </span>
    </p>
   </div>
   <div class='ocr_carea' id='block_1_119' title="bbox 320 5112 1895 5183">
    <p class='ocr_par' dir='ltr' id='par_1_119' title="bbox 320 5112 1895 5183">
     <span class='ocr_line' id='line_1_119' title="bbox 320 5112 1895 5183; baseline -0.002 -13"><span class='ocrx_word' id='word_1_643' title='bbox 320 5126 437 5170; x_wconf 87' lang='lat' dir='ltr'><strong>mat</strong></span> <span class='ocrx_word' id='word_1_644' title='bbox 471 5133 482 5165; x_wconf 93' lang='lat'>:</span> <span class='ocrx_word' id='word_1_645' title='bbox 513 5114 621 5183; x_wconf 85' lang='lat' dir='ltr'><strong>agit</strong></span> <span class='ocrx_word' id='word_1_646' title='bbox 648 5113 788 5165; x_wconf 89' lang='lat' dir='ltr'><strong>enim</strong></span> <span class='ocrx_word' id='word_1_647' title='bbox 829 5113 986 5183; x_wconf 87' lang='lat' dir='ltr'><strong>etiam</strong></span> <span class='ocrx_word' id='word_1_648' title='bbox 1021 5122 1144 5165; x_wconf 92' lang='lat' dir='ltr'><strong>tunc</strong></span> <span class='ocrx_word' id='word_1_649' title='bbox 1190 5114 1385 5165; x_wconf 84' lang='lat' dir='ltr'><strong>anima.</strong></span> <span class='ocrx_word' id='word_1_650' title='bbox 1448 5112 1665 5164; x_wconf 80' lang='lat' dir='ltr'><strong>Videtur</strong></span> <span class='ocrx_word' id='word_1_651' title='bbox 1718 5124 1895 5167; x_wconf 89' lang='lat' dir='ltr'><strong>autem</strong></span> 
     </span>
    </p>
   </div>
   <div class='ocr_carea' id='block_1_120' title="bbox 320 5182 1897 5255">
    <p class='ocr_par' dir='ltr' id='par_1_120' title="bbox 320 5182 1897 5255">
     <span class='ocr_line' id='line_1_120' title="bbox 320 5182 1897 5255; baseline -0.001 -16"><span class='ocrx_word' id='word_1_652' title='bbox 320 5194 482 5255; x_wconf 84' lang='lat' dir='ltr'><strong>poeta</strong></span> <span class='ocrx_word' id='word_1_653' title='bbox 517 5183 751 5255; x_wconf 60' lang='lat' dir='ltr'><strong>loquide</strong></span> <span class='ocrx_word' id='word_1_654' title='bbox 778 5182 1023 5234; x_wconf 88' lang='lat' dir='ltr'><strong>omnibus</strong></span> <span class='ocrx_word' id='word_1_655' title='bbox 1046 5183 1343 5249; x_wconf 89' lang='lat' dir='ltr'><strong>insomniis,</strong></span> <span class='ocrx_word' id='word_1_656' title='bbox 1382 5183 1627 5250; x_wconf 84' lang='lat' dir='ltr'><strong>quamvis</strong></span> <span class='ocrx_word' id='word_1_657' title='bbox 1658 5197 1796 5237; x_wconf 83' lang='lat' dir='ltr'><strong>vers.</strong></span> <span class='ocrx_word' id='word_1_658' title='bbox 1827 5183 1897 5238; x_wconf 76' lang='grc'><strong>40</strong></span> 
     </span>
    </p>
   </div>
   <div class='ocr_carea' id='block_1_121' title="bbox 316 5252 1110 5319">
    <p class='ocr_par' dir='ltr' id='par_1_121' title="bbox 316 5252 1110 5319">
     <span class='ocr_line' id='line_1_121' title="bbox 316 5252 1110 5319; baseline -0.005 -10"><span class='ocrx_word' id='word_1_659' title='bbox 316 5252 488 5319; x_wconf 75' lang='lat' dir='ltr'><strong>dicat,</strong></span> <span class='ocrx_word' id='word_1_660' title='bbox 514 5252 678 5305; x_wconf 85' lang='lat' dir='ltr'><strong>Tenui</strong></span> <span class='ocrx_word' id='word_1_661' title='bbox 711 5267 949 5304; x_wconf 72' lang='lat' dir='ltr'><strong>HtUA’l‘Uit</strong></span> <span class='ocrx_word' id='word_1_662' title='bbox 976 5263 1110 5305; x_wconf 89' lang='lat' dir='ltr'><strong>actu.</strong></span> 
     </span>
    </p>
   </div>
   <div class='ocr_carea' id='block_1_122' title="bbox 394 5322 1515 5389">
    <p class='ocr_par' dir='ltr' id='par_1_122' title="bbox 394 5322 1515 5389">
     <span class='ocr_line' id='line_1_122' title="bbox 394 5322 1515 5389; baseline -0.004 -13"><span class='ocrx_word' id='word_1_663' title='bbox 394 5323 489 5379; x_wconf 73' lang='grc'><strong>41.</strong></span> <span class='ocrx_word' id='word_1_664' title='bbox 523 5324 667 5383; x_wconf 78' lang='lat' dir='ltr'><strong>Bat.,</strong></span> <span class='ocrx_word' id='word_1_665' title='bbox 698 5323 1056 5374; x_wconf 83' lang='lat' dir='ltr'><strong>somniantium</strong></span> <span class='ocrx_word' id='word_1_666' title='bbox 1082 5338 1110 5375; x_wconf 89' lang='lat' dir='ltr'><strong>a</strong></span> <span class='ocrx_word' id='word_1_667' title='bbox 1142 5337 1301 5375; x_wconf 90' lang='lat' dir='ltr'><strong>manu</strong></span> <span class='ocrx_word' id='word_1_668' title='bbox 1326 5322 1515 5389; x_wconf 89' lang='lat' dir='ltr'><strong>prima.</strong></span> 
     </span>
    </p>
   </div>
   <div class='ocr_carea' id='block_1_123' title="bbox 392 5392 1898 5461">
    <p class='ocr_par' dir='ltr' id='par_1_123' title="bbox 392 5392 1898 5461">
     <span class='ocr_line' id='line_1_123' title="bbox 392 5392 1898 5461; baseline -0.001 -14"><span class='ocrx_word' id='word_1_669' title='bbox 392 5394 486 5447; x_wconf 63' lang='lat'><strong>42.</strong></span> <span class='ocrx_word' id='word_1_670' title='bbox 512 5392 753 5461; x_wconf 86' lang='lat' dir='ltr'><strong>Conjicio</strong></span> <span class='ocrx_word' id='word_1_671' title='bbox 782 5392 1058 5461; x_wconf 84' lang='lat' dir='ltr'><strong>legendum</strong></span> <span class='ocrx_word' id='word_1_672' title='bbox 1078 5407 1198 5445; x_wconf 88' lang='lat' dir='ltr'><strong>esse</strong></span> <span class='ocrx_word' id='word_1_673' title='bbox 1219 5408 1358 5444; x_wconf 83' lang='lat' dir='ltr'><strong>error</strong></span> <span class='ocrx_word' id='word_1_674' title='bbox 1386 5407 1480 5459; x_wconf 87' lang='lat' dir='ltr'><strong>pro</strong></span> <span class='ocrx_word' id='word_1_675' title='bbox 1503 5392 1702 5456; x_wconf 82' lang='lat' dir='ltr'><strong>horror,</strong></span> <span class='ocrx_word' id='word_1_676' title='bbox 1728 5406 1898 5461; x_wconf 88' lang='lat' dir='ltr'><strong>quan-</strong></span> 
     </span>
    </p>
   </div>
   <div class='ocr_carea' id='block_1_124' title="bbox 317 5460 1903 5529">
    <p class='ocr_par' dir='ltr' id='par_1_124' title="bbox 317 5460 1903 5529">
     <span class='ocr_line' id='line_1_124' title="bbox 317 5460 1903 5529; baseline -0.001 -11"><span class='ocrx_word' id='word_1_677' title='bbox 317 5464 526 5519; x_wconf 87' lang='lat' dir='ltr'><strong>tumvis</strong></span> <span class='ocrx_word' id='word_1_678' title='bbox 549 5476 704 5515; x_wconf 89' lang='lat' dir='ltr'><strong>nemo</strong></span> <span class='ocrx_word' id='word_1_679' title='bbox 735 5460 834 5513; x_wconf 88' lang='lat' dir='ltr'><strong>hac</strong></span> <span class='ocrx_word' id='word_1_680' title='bbox 862 5460 928 5514; x_wconf 92' lang='lat' dir='ltr'><strong>de</strong></span> <span class='ocrx_word' id='word_1_681' title='bbox 954 5476 1011 5515; x_wconf 90' lang='lat' dir='ltr'><strong>re</strong></span> <span class='ocrx_word' id='word_1_682' title='bbox 1038 5461 1375 5515; x_wconf 87' lang='lat' dir='ltr'><strong>dubitaverit.</strong></span> <span class='ocrx_word' id='word_1_683' title='bbox 1413 5463 1617 5514; x_wconf 80' lang='lat' dir='ltr'><strong>Etenim</strong></span> <span class='ocrx_word' id='word_1_684' title='bbox 1647 5460 1759 5513; x_wconf 80' lang='lat' dir='ltr'><strong>erro</strong></span> <span class='ocrx_word' id='word_1_685' title='bbox 1779 5479 1903 5529; x_wconf 86' lang='lat' dir='ltr'><strong>pro-</strong></span> 
     </span>
    </p>
   </div>
   <div class='ocr_carea' id='block_1_125' title="bbox 316 5530 1900 5605">
    <p class='ocr_par' dir='ltr' id='par_1_125' title="bbox 316 5530 1900 5605">
     <span class='ocr_line' id='line_1_125' title="bbox 316 5530 1900 5605; baseline 0.001 -19"><span class='ocrx_word' id='word_1_686' title='bbox 316 5538 437 5605; x_wconf 85' lang='lat' dir='ltr'><strong>prie</strong></span> <span class='ocrx_word' id='word_1_687' title='bbox 453 5543 540 5605; x_wconf 76' lang='lat' dir='ltr'><strong>ost</strong></span> <span class='ocrx_word' id='word_1_688' title='bbox 565 5547 739 5600; x_wconf 81' lang='lat' dir='ltr'><strong>vagor,</strong></span> <span class='ocrx_word' id='word_1_689' title='bbox 772 5540 830 5583; x_wconf 92' lang='lat' dir='ltr'><strong>ut</strong></span> <span class='ocrx_word' id='word_1_690' title='bbox 858 5531 994 5596; x_wconf 83' lang='lat' dir='ltr'><strong>apud</strong></span> <span class='ocrx_word' id='word_1_691' title='bbox 1029 5531 1299 5590; x_wconf 73' lang='lat' dir='ltr'><strong>Virgilium</strong></span> <span class='ocrx_word' id='word_1_692' title='bbox 1330 5531 1514 5600; x_wconf 78' lang='lat' dir='ltr'><strong>egIOga</strong></span> <span class='ocrx_word' id='word_1_693' title='bbox 1549 5532 1599 5597; x_wconf 80' lang='grc'><strong>1,</strong></span> <span class='ocrx_word' id='word_1_694' title='bbox 1636 5530 1736 5605; x_wconf 84' lang='lat' dir='ltr'><strong>Ille</strong></span> <span class='ocrx_word' id='word_1_695' title='bbox 1759 5549 1900 5605; x_wconf 67' lang='lat' dir='ltr'><strong>ineas</strong></span> 
     </span>
    </p>
   </div>
   <div class='ocr_carea' id='block_1_126' title="bbox 315 5601 1901 5669">
    <p class='ocr_par' dir='ltr' id='par_1_126' title="bbox 315 5601 1901 5669">
     <span class='ocr_line' id='line_1_126' title="bbox 315 5601 1901 5669; baseline 0 -12"><span class='ocrx_word' id='word_1_696' title='bbox 315 5601 497 5658; x_wconf 76' lang='lat' dir='ltr'><strong>errare</strong></span> <span class='ocrx_word' id='word_1_697' title='bbox 519 5601 681 5661; x_wconf 82' lang='lat' dir='ltr'><strong>boves,</strong></span> <span class='ocrx_word' id='word_1_698' title='bbox 709 5608 763 5654; x_wconf 91' lang='lat' dir='ltr'><strong>et</strong></span> <span class='ocrx_word' id='word_1_699' title='bbox 800 5609 982 5653; x_wconf 73' lang='lat' dir='ltr'><strong>noster</strong></span> <span class='ocrx_word' id='word_1_700' title='bbox 1029 5612 1182 5669; x_wconf 89' lang='lat' dir='ltr'><strong>poeta</strong></span> <span class='ocrx_word' id='word_1_701' title='bbox 1226 5616 1387 5655; x_wconf 84' lang='lat' dir='ltr'><strong>versu</strong></span> <span class='ocrx_word' id='word_1_702' title='bbox 1435 5604 1698 5669; x_wconf 85' lang='lat' dir='ltr'><strong>sequenti.</strong></span> <span class='ocrx_word' id='word_1_703' title='bbox 1745 5601 1901 5657; x_wconf 85' lang='lat' dir='ltr'><strong>Nunc</strong></span> 
     </span>
    </p>
   </div>
   <div class='ocr_carea' id='block_1_127' title="bbox 317 5671 1901 5742">
    <p class='ocr_par' dir='ltr' id='par_1_127' title="bbox 317 5671 1901 5742">
     <span class='ocr_line' id='line_1_127' title="bbox 317 5671 1901 5742; baseline -0.001 -15"><span class='ocrx_word' id='word_1_704' title='bbox 317 5672 569 5742; x_wconf 80' lang='lat' dir='ltr'><strong>splendor</strong></span> <span class='ocrx_word' id='word_1_705' title='bbox 598 5672 883 5724; x_wconf 86' lang='lat' dir='ltr'><strong>intererrat.</strong></span> <span class='ocrx_word' id='word_1_706' title='bbox 912 5671 976 5742; x_wconf 89' lang='lat' dir='ltr'><strong>Et</strong></span> <span class='ocrx_word' id='word_1_707' title='bbox 994 5671 1245 5742; x_wconf 79' lang='lat' dir='ltr'><strong>quamvis</strong></span> <span class='ocrx_word' id='word_1_708' title='bbox 1271 5671 1497 5725; x_wconf 88' lang='lat' dir='ltr'><strong>lictionis</strong></span> <span class='ocrx_word' id='word_1_709' title='bbox 1533 5673 1773 5725; x_wconf 85' lang='lat' dir='ltr'><strong>nonnihil</strong></span> <span class='ocrx_word' id='word_1_710' title='bbox 1807 5689 1901 5727; x_wconf 80' lang='lat' dir='ltr'><strong>ex-</strong></span> 
     </span>
    </p>
   </div>
   <div class='ocr_carea' id='block_1_128' title="bbox 318 5741 1900 5813">
    <p class='ocr_par' dir='ltr' id='par_1_128' title="bbox 318 5741 1900 5813">
     <span class='ocr_line' id='line_1_128' title="bbox 318 5741 1900 5813; baseline -0.001 -16"><span class='ocrx_word' id='word_1_711' title='bbox 318 5741 480 5813; x_wconf 85' lang='lat' dir='ltr'><strong>primi</strong></span> <span class='ocrx_word' id='word_1_712' title='bbox 511 5756 603 5806; x_wconf 88' lang='lat' dir='ltr'><strong>per</strong></span> <span class='ocrx_word' id='word_1_713' title='bbox 622 5754 863 5813; x_wconf 85' lang='lat' dir='ltr'><strong>errorem</strong></span> <span class='ocrx_word' id='word_1_714' title='bbox 901 5741 1057 5813; x_wconf 82' lang='lat' dir='ltr'><strong>velis,</strong></span> <span class='ocrx_word' id='word_1_715' title='bbox 1098 5756 1214 5813; x_wconf 87' lang='lat' dir='ltr'><strong>eam</strong></span> <span class='ocrx_word' id='word_1_716' title='bbox 1239 5742 1308 5813; x_wconf 32' lang='lat' dir='ltr'><strong>‘in</strong></span> <span class='ocrx_word' id='word_1_717' title='bbox 1342 5743 1549 5813; x_wconf 83' lang='lat' dir='ltr'><strong>somnio</strong></span> <span class='ocrx_word' id='word_1_718' title='bbox 1582 5743 1780 5810; x_wconf 88' lang='lat' dir='ltr'><strong>poteris</strong></span> <span class='ocrx_word' id='word_1_719' title='bbox 1805 5758 1900 5809; x_wconf 73' lang='lat' dir='ltr'><strong>ag-</strong></span> 
     </span>
    </p>
   </div>
   <div class='ocr_carea' id='block_1_129' title="bbox 317 5809 1897 5881">
    <p class='ocr_par' dir='ltr' id='par_1_129' title="bbox 317 5809 1897 5881">
     <span class='ocr_line' id='line_1_129' title="bbox 317 5809 1897 5881; baseline 0.001 -13"><span class='ocrx_word' id='word_1_720' title='bbox 317 5809 551 5870; x_wconf 75' lang='lat' dir='ltr'><strong>noscere</strong></span> <span class='ocrx_word' id='word_1_721' title='bbox 583 5826 598 5865; x_wconf 85' lang='lat'><strong>:</strong></span> <span class='ocrx_word' id='word_1_722' title='bbox 629 5811 705 5867; x_wconf 88' lang='lat' dir='ltr'><strong>sic</strong></span> <span class='ocrx_word' id='word_1_723' title='bbox 754 5824 911 5881; x_wconf 72' lang='lat' dir='ltr'><strong>sulira</strong></span> <span class='ocrx_word' id='word_1_724' title='bbox 958 5811 1127 5881; x_wconf 68' lang='lat' dir='ltr'><strong>lingit.</strong></span> <span class='ocrx_word' id='word_1_725' title='bbox 1174 5809 1309 5868; x_wconf 77' lang='lat' dir='ltr'><strong>inira</strong></span> <span class='ocrx_word' id='word_1_726' title='bbox 1348 5809 1636 5879; x_wconf 84' lang='lat' dir='ltr'><strong>intererrat,</strong></span> <span class='ocrx_word' id='word_1_727' title='bbox 1680 5815 1897 5871; x_wconf 67' lang='lat' dir='ltr'><strong>mendax</strong></span> 
     </span>
    </p>
   </div>
   <div class='ocr_carea' id='block_1_130' title="bbox 2039 4761 3588 4884">
    <p class='ocr_par' dir='ltr' id='par_1_130' title="bbox 2039 4761 3588 4884">
     <span class='ocr_line' id='line_1_130' title="bbox 2039 4761 3588 4884; baseline 0.003 -69"><span class='ocrx_word' id='word_1_728' title='bbox 2039 4765 2163 4884; x_wconf 46' lang='lat' dir='ltr'><strong>liii.</strong></span> <span class='ocrx_word' id='word_1_729' title='bbox 2208 4761 2418 4816; x_wconf 78' lang='lat' dir='ltr'><strong>Vibrare</strong></span> <span class='ocrx_word' id='word_1_730' title='bbox 2441 4779 2536 4832; x_wconf 84' lang='lat' dir='ltr'><strong>pro</strong></span> <span class='ocrx_word' id='word_1_731' title='bbox 2559 4764 2776 4832; x_wconf 79' lang='lat' dir='ltr'><strong>fulgere.</strong></span> <span class='ocrx_word' id='word_1_732' title='bbox 2796 4761 3067 4833; x_wconf 79' lang='lat' dir='ltr'><strong>Virgilius,</strong></span> <span class='ocrx_word' id='word_1_733' title='bbox 3094 4763 3353 4826; x_wconf 83' lang='lat' dir='ltr'><strong>Catullus,</strong></span> <span class='ocrx_word' id='word_1_734' title='bbox 3375 4765 3588 4833; x_wconf 71' lang='lat' dir='ltr'><strong>Cicero,</strong></span> 
     </span>
     <span class='ocr_line' id='line_1_131' title="bbox 2061 4848 2222 4884; baseline 0 0"><span class='ocrx_word' id='word_1_735' title='bbox 2061 4848 2222 4884; x_wconf 83' lang='lat' dir='ltr'><strong>naue.</strong></span> 
     </span>
    </p>
   </div>
   <div class='ocr_carea' id='block_1_131' title="bbox 2003 4846 2222 4900">
    <p class='ocr_par' dir='ltr' id='par_1_131' title="bbox 2003 4846 2222 4900">
     <span class='ocr_line' id='line_1_132' title="bbox 2003 4846 2222 4900; baseline 0.014 -17"><span class='ocrx_word' id='word_1_736' title='bbox 2003 4846 2222 4900; x_wconf 82' lang='lat' dir='ltr'><strong>aliique.</strong></span> 
     </span>
    </p>
   </div>
   <div class='ocr_carea' id='block_1_132' title="bbox 2075 4904 3587 4973">
    <p class='ocr_par' dir='ltr' id='par_1_132' title="bbox 2075 4904 3587 4973">
     <span class='ocr_line' id='line_1_133' title="bbox 2075 4904 3587 4973; baseline 0.003 -17"><span class='ocrx_word' id='word_1_737' title='bbox 2075 4905 2161 4957; x_wconf 72' lang='lat'><strong>5&#39;2.</strong></span> <span class='ocrx_word' id='word_1_738' title='bbox 2199 4904 2312 4955; x_wconf 77' lang='lat' dir='ltr'><strong>Vat.</strong></span> <span class='ocrx_word' id='word_1_739' title='bbox 2343 4904 2407 4961; x_wconf 84' lang='lat' dir='ltr'><strong>A.</strong></span> <span class='ocrx_word' id='word_1_740' title='bbox 2436 4904 2739 4972; x_wconf 74' lang='lat' dir='ltr'><strong>frequenter,</strong></span> <span class='ocrx_word' id='word_1_741' title='bbox 2774 4918 2934 4973; x_wconf 88' lang='lat' dir='ltr'><strong>supra</strong></span> <span class='ocrx_word' id='word_1_742' title='bbox 2961 4904 3276 4960; x_wconf 87' lang='lat' dir='ltr'><strong>charactere</strong></span> <span class='ocrx_word' id='word_1_743' title='bbox 3310 4905 3587 4962; x_wconf 89' lang='lat' dir='ltr'><strong>minutiori</strong></span> 
     </span>
    </p>
   </div>
   <div class='ocr_carea' id='block_1_133' title="bbox 2004 4973 2769 5040">
    <p class='ocr_par' dir='ltr' id='par_1_133' title="bbox 2004 4973 2769 5040">
     <span class='ocr_line' id='line_1_134' title="bbox 2004 4973 2769 5040; baseline 0 -15"><span class='ocrx_word' id='word_1_744' title='bbox 2004 4973 2239 5037; x_wconf 80' lang='lat' dir='ltr'><strong>latentes,</strong></span> <span class='ocrx_word' id='word_1_745' title='bbox 2282 4974 2420 5040; x_wconf 85' lang='lat' dir='ltr'><strong>quod</strong></span> <span class='ocrx_word' id='word_1_746' title='bbox 2456 4990 2636 5027; x_wconf 86' lang='lat' dir='ltr'><strong>verum</strong></span> <span class='ocrx_word' id='word_1_747' title='bbox 2669 4985 2769 5029; x_wconf 67' lang='lat' dir='ltr'><strong>est.</strong></span> 
     </span>
    </p>
   </div>
   <div class='ocr_carea' id='block_1_134' title="bbox 2076 5043 3588 5114">
    <p class='ocr_par' dir='ltr' id='par_1_134' title="bbox 2076 5043 3588 5114">
     <span class='ocr_line' id='line_1_135' title="bbox 2076 5043 3588 5114; baseline 0.003 -19"><span class='ocrx_word' id='word_1_748' title='bbox 2076 5044 2163 5114; x_wconf 76' lang='grc'><strong>55.</strong></span> <span class='ocrx_word' id='word_1_749' title='bbox 2194 5043 2361 5097; x_wconf 85' lang='lat' dir='ltr'><strong>Aldus</strong></span> <span class='ocrx_word' id='word_1_750' title='bbox 2406 5043 2543 5099; x_wconf 89' lang='lat' dir='ltr'><strong>male</strong></span> <span class='ocrx_word' id='word_1_751' title='bbox 2584 5043 2860 5114; x_wconf 81' lang='lat' dir='ltr'><strong>conjungit</strong></span> <span class='ocrx_word' id='word_1_752' title='bbox 2896 5045 3068 5113; x_wconf 79' lang='lat' dir='ltr'><strong>Atqui.</strong></span> <span class='ocrx_word' id='word_1_753' title='bbox 3111 5044 3363 5099; x_wconf 83' lang='lat' dir='ltr'><strong>Horatius</strong></span> <span class='ocrx_word' id='word_1_754' title='bbox 3417 5047 3588 5100; x_wconf 85' lang='lat' dir='ltr'><strong>utitur</strong></span> 
     </span>
    </p>
   </div>
   <div class='ocr_carea' id='block_1_135' title="bbox 2004 5113 2493 5181">
    <p class='ocr_par' dir='ltr' id='par_1_135' title="bbox 2004 5113 2493 5181">
     <span class='ocr_line' id='line_1_136' title="bbox 2004 5113 2493 5181; baseline 0.004 -18"><span class='ocrx_word' id='word_1_755' title='bbox 2004 5113 2169 5167; x_wconf 83' lang='lat' dir='ltr'><strong>verbo</strong></span> <span class='ocrx_word' id='word_1_756' title='bbox 2200 5114 2493 5181; x_wconf 81' lang='lat' dir='ltr'><strong>coinquino.</strong></span> 
     </span>
    </p>
   </div>
   <div class='ocr_carea' id='block_1_136' title="bbox 2075 5184 3590 5253">
    <p class='ocr_par' dir='ltr' id='par_1_136' title="bbox 2075 5184 3590 5253">
     <span class='ocr_line' id='line_1_137' title="bbox 2075 5184 3590 5253; baseline 0.001 -16"><span class='ocrx_word' id='word_1_757' title='bbox 2075 5184 2165 5237; x_wconf 70' lang='grc'><strong>54.</strong></span> <span class='ocrx_word' id='word_1_758' title='bbox 2199 5184 2475 5247; x_wconf 80' lang='lat' dir='ltr'><strong>Sidonius,</strong></span> <span class='ocrx_word' id='word_1_759' title='bbox 2510 5184 2765 5253; x_wconf 86' lang='lat' dir='ltr'><strong>Apuleius</strong></span> <span class='ocrx_word' id='word_1_760' title='bbox 2797 5193 2850 5237; x_wconf 88' lang='lat' dir='ltr'><strong>et</strong></span> <span class='ocrx_word' id='word_1_761' title='bbox 2891 5184 2976 5237; x_wconf 90' lang='lat' dir='ltr'><strong>alii</strong></span> <span class='ocrx_word' id='word_1_762' title='bbox 3012 5184 3091 5237; x_wconf 91' lang='lat' dir='ltr'><strong>usi</strong></span> <span class='ocrx_word' id='word_1_763' title='bbox 3124 5195 3247 5236; x_wconf 88' lang='lat' dir='ltr'><strong>sunt</strong></span> <span class='ocrx_word' id='word_1_764' title='bbox 3274 5184 3375 5238; x_wconf 90' lang='lat' dir='ltr'><strong>hoc</strong></span> <span class='ocrx_word' id='word_1_765' title='bbox 3406 5185 3590 5238; x_wconf 77' lang='lat' dir='ltr'><strong>verlio.</strong></span> 
     </span>
    </p>
   </div>
   <div class='ocr_carea' id='block_1_137' title="bbox 2004 5250 3593 5324">
    <p class='ocr_par' dir='ltr' id='par_1_137' title="bbox 2004 5250 3593 5324">
     <span class='ocr_line' id='line_1_138' title="bbox 2004 5250 3593 5324; baseline 0.003 -20"><span class='ocrx_word' id='word_1_766' title='bbox 2004 5250 2215 5317; x_wconf 88' lang='lat' dir='ltr'><strong>Festus,</strong></span> <span class='ocrx_word' id='word_1_767' title='bbox 2249 5255 2510 5324; x_wconf 83' lang='lat' dir='ltr'><strong>impiatus,</strong></span> <span class='ocrx_word' id='word_1_768' title='bbox 2539 5250 2839 5308; x_wconf 67' lang='lat' dir='ltr'><strong>sceleratus.</strong></span> <span class='ocrx_word' id='word_1_769' title='bbox 2874 5254 2993 5308; x_wconf 79' lang='lat' dir='ltr'><strong>Rat.</strong></span> <span class='ocrx_word' id='word_1_770' title='bbox 3029 5270 3093 5308; x_wconf 80' lang='lat' dir='ltr'><strong>ex</strong></span> <span class='ocrx_word' id='word_1_771' title='bbox 3130 5255 3309 5323; x_wconf 84' lang='lat' dir='ltr'><strong>glussa</strong></span> <span class='ocrx_word' id='word_1_772' title='bbox 3355 5271 3452 5324; x_wconf 89' lang='lat' dir='ltr'><strong>pro</strong></span> <span class='ocrx_word' id='word_1_773' title='bbox 3496 5258 3593 5309; x_wconf 85' lang='lat' dir='ltr'><strong>im-</strong></span> 
     </span>
    </p>
   </div>
   <div class='ocr_carea' id='block_1_138' title="bbox 2004 5323 2689 5415">
    <p class='ocr_par' dir='ltr' id='par_1_138' title="bbox 2004 5323 2689 5415">
     <span class='ocr_line' id='line_1_139' title="bbox 2004 5323 2689 5415; baseline 0.004 -41"><span class='ocrx_word' id='word_1_774' title='bbox 2004 5324 2159 5390; x_wconf 83' lang='lat' dir='ltr'><strong>piavit</strong></span> <span class='ocrx_word' id='word_1_775' title='bbox 2184 5323 2359 5389; x_wconf 88' lang='lat' dir='ltr'><strong>posuit</strong></span> <span class='ocrx_word' id='word_1_776' title='bbox 2388 5324 2689 5415; x_wconf 66' lang='lat' dir='ltr'><strong>inquinavit.</strong></span> 
     </span>
     <span class='ocr_line' id='line_1_140' title="bbox 2078 5393 2689 5415; baseline 0 0"><span class='ocrx_word' id='word_1_777' title='bbox 2078 5394 2136 5415; x_wconf 68' lang='lat' dir='ltr'><strong>E&#39;r</strong></span> <span class='ocrx_word' id='word_1_778' title='bbox 2194 5393 2289 5415; x_wconf 72' lang='grc' dir='ltr'><strong>η-.</strong></span> <span class='ocrx_word' id='word_1_779' title='bbox 2348 5402 2393 5415; x_wconf 61' lang='grc' dir='ltr'><strong>,ι</strong></span> <span class='ocrx_word' id='word_1_780' title='bbox 2432 5394 2451 5415; x_wconf 85' lang='lat' dir='ltr'><strong>I</strong></span> <span class='ocrx_word' id='word_1_781' title='bbox 2477 5404 2525 5415; x_wconf 59' lang='grc' dir='ltr'><strong>Α.</strong></span> <span class='ocrx_word' id='word_1_782' title='bbox 2581 5395 2622 5415; x_wconf 84' lang='lat' dir='ltr'><strong>n</strong></span> <span class='ocrx_word' id='word_1_783' title='bbox 2683 5412 2689 5415; x_wconf 92' lang='lat'><strong>.</strong></span> 
     </span>
    </p>
   </div>
   <div class='ocr_carea' id='block_1_139' title="bbox 2076 5393 3590 5465">
    <p class='ocr_par' dir='ltr' id='par_1_139' title="bbox 2076 5393 3590 5465">
     <span class='ocr_line' id='line_1_141' title="bbox 2076 5393 3590 5465; baseline 0.001 -18"><span class='ocrx_word' id='word_1_784' title='bbox 2076 5394 2161 5465; x_wconf 73' lang='lat'><strong>$6.</strong></span> <span class='ocrx_word' id='word_1_785' title='bbox 2192 5393 2311 5465; x_wconf 68' lang='lat' dir='ltr'><strong>Rat.</strong></span> <span class='ocrx_word' id='word_1_786' title='bbox 2344 5402 2398 5447; x_wconf 88' lang='lat' dir='ltr'><strong>et</strong></span> <span class='ocrx_word' id='word_1_787' title='bbox 2432 5393 2547 5448; x_wconf 87' lang='lat' dir='ltr'><strong>Vat.</strong></span> <span class='ocrx_word' id='word_1_788' title='bbox 2579 5395 2644 5461; x_wconf 90' lang='lat' dir='ltr'><strong>Q,</strong></span> <span class='ocrx_word' id='word_1_789' title='bbox 2682 5395 2829 5460; x_wconf 80' lang='lat' dir='ltr'><strong>vidit,</strong></span> <span class='ocrx_word' id='word_1_790' title='bbox 2870 5402 3203 5463; x_wconf 88' lang='lat' dir='ltr'><strong>repugnante</strong></span> <span class='ocrx_word' id='word_1_791' title='bbox 3250 5403 3447 5454; x_wconf 88' lang='lat' dir='ltr'><strong>metro.</strong></span> <span class='ocrx_word' id='word_1_792' title='bbox 3492 5411 3590 5465; x_wconf 89' lang='lat' dir='ltr'><strong>pro</strong></span> 
     </span>
    </p>
   </div>
   <div class='ocr_carea' id='block_1_140' title="bbox 2002 5463 3588 5531">
    <p class='ocr_par' dir='ltr' id='par_1_140' title="bbox 2002 5463 3588 5531">
     <span class='ocr_line' id='line_1_142' title="bbox 2002 5463 3588 5531; baseline 0.001 -16"><span class='ocrx_word' id='word_1_793' title='bbox 2002 5463 2157 5517; x_wconf 77' lang='lat' dir='ltr'><strong>videt.</strong></span> <span class='ocrx_word' id='word_1_794' title='bbox 2190 5464 2264 5517; x_wconf 92' lang='lat' dir='ltr'><strong>De</strong></span> <span class='ocrx_word' id='word_1_795' title='bbox 2294 5465 2576 5531; x_wconf 90' lang='lat' dir='ltr'><strong>impiorum</strong></span> <span class='ocrx_word' id='word_1_796' title='bbox 2609 5466 2853 5528; x_wconf 81' lang='lat' dir='ltr'><strong>somniis,</strong></span> <span class='ocrx_word' id='word_1_797' title='bbox 2885 5474 3143 5519; x_wconf 89' lang='lat' dir='ltr'><strong>terrorem</strong></span> <span class='ocrx_word' id='word_1_798' title='bbox 3178 5463 3588 5529; x_wconf 89' lang='lat' dir='ltr'><strong>incutientibus,</strong></span> 
     </span>
    </p>
   </div>
   <div class='ocr_carea' id='block_1_141' title="bbox 2002 5534 3590 5602">
    <p class='ocr_par' dir='ltr' id='par_1_141' title="bbox 2002 5534 3590 5602">
     <span class='ocr_line' id='line_1_143' title="bbox 2002 5534 3590 5602; baseline -0.001 -15"><span class='ocrx_word' id='word_1_799' title='bbox 2002 5534 2255 5587; x_wconf 84' lang='lat' dir='ltr'><strong>Salomon</strong></span> <span class='ocrx_word' id='word_1_800' title='bbox 2283 5548 2405 5602; x_wconf 86' lang='lat' dir='ltr'><strong>cap.</strong></span> <span class='ocrx_word' id='word_1_801' title='bbox 2432 5550 2559 5589; x_wconf 79' lang='lat' dir='ltr'><strong>xvtu</strong></span> <span class='ocrx_word' id='word_1_802' title='bbox 2590 5534 2741 5600; x_wconf 84' lang='lat' dir='ltr'><strong>Sap.,</strong></span> <span class='ocrx_word' id='word_1_803' title='bbox 2777 5550 2919 5589; x_wconf 90' lang='lat' dir='ltr'><strong>vers.</strong></span> <span class='ocrx_word' id='word_1_804' title='bbox 2952 5536 3042 5599; x_wconf 75' lang='lat' dir='ltr'><strong>i7,</strong></span> <span class='ocrx_word' id='word_1_805' title='bbox 3072 5534 3218 5587; x_wconf 86' lang='lat' dir='ltr'><strong>Tum:</strong></span> <span class='ocrx_word' id='word_1_806' title='bbox 3242 5537 3483 5588; x_wconf 86' lang='lat' dir='ltr'><strong>continuo</strong></span> <span class='ocrx_word' id='word_1_807' title='bbox 3514 5536 3590 5586; x_wconf 55' lang='lat' dir='ltr'><strong>vi.</strong></span> 
     </span>
    </p>
   </div>
   <div class='ocr_carea' id='block_1_142' title="bbox 2003 5604 3585 5669">
    <p class='ocr_par' dir='ltr' id='par_1_142' title="bbox 2003 5604 3585 5669">
     <span class='ocr_line' id='line_1_144' title="bbox 2003 5604 3585 5669; baseline 0.001 -14"><span class='ocrx_word' id='word_1_808' title='bbox 2003 5619 2089 5655; x_wconf 71' lang='lat' dir='ltr'><strong>sui</strong></span> <span class='ocrx_word' id='word_1_809' title='bbox 2112 5604 2426 5657; x_wconf 83' lang='lat' dir='ltr'><strong>somniorum</strong></span> <span class='ocrx_word' id='word_1_810' title='bbox 2449 5606 2705 5657; x_wconf 87' lang='lat' dir='ltr'><strong>malorum</strong></span> <span class='ocrx_word' id='word_1_811' title='bbox 2745 5606 3073 5658; x_wconf 77' lang='lat' dir='ltr'><strong>turbaverunt</strong></span> <span class='ocrx_word' id='word_1_812' title='bbox 3111 5606 3246 5669; x_wconf 88' lang='lat' dir='ltr'><strong>illos,</strong></span> <span class='ocrx_word' id='word_1_813' title='bbox 3293 5615 3337 5658; x_wconf 89' lang='lat' dir='ltr'><strong>et</strong></span> <span class='ocrx_word' id='word_1_814' title='bbox 3384 5615 3585 5658; x_wconf 78' lang='lat' dir='ltr'><strong>timores</strong></span> 
     </span>
    </p>
   </div>
   <div class='ocr_carea' id='block_1_143' title="bbox 2006 5672 3595 5743">
    <p class='ocr_par' dir='ltr' id='par_1_143' title="bbox 2006 5672 3595 5743">
     <span class='ocr_line' id='line_1_145' title="bbox 2006 5672 3595 5743; baseline 0 -15"><span class='ocrx_word' id='word_1_815' title='bbox 2006 5684 2403 5741; x_wconf 81' lang='lat' dir='ltr'><strong>supervenrunt</strong></span> <span class='ocrx_word' id='word_1_816' title='bbox 2430 5674 2695 5743; x_wconf 79' lang='lat' dir='ltr'><strong>insperati.</strong></span> <span class='ocrx_word' id='word_1_817' title='bbox 2746 5675 2810 5729; x_wconf 86' lang='lat' dir='ltr'><strong>Et</strong></span> <span class='ocrx_word' id='word_1_818' title='bbox 2838 5674 2937 5728; x_wconf 87' lang='lat' dir='ltr'><strong>Job</strong></span> <span class='ocrx_word' id='word_1_819' title='bbox 2968 5688 3086 5743; x_wconf 88' lang='lat' dir='ltr'><strong>cap.</strong></span> <span class='ocrx_word' id='word_1_820' title='bbox 3124 5691 3217 5739; x_wconf 88' lang='lat' dir='ltr'><strong>vu,</strong></span> <span class='ocrx_word' id='word_1_821' title='bbox 3244 5675 3333 5734; x_wconf 77' lang='grc' dir='ltr'><strong>Η.</strong></span> <span class='ocrx_word' id='word_1_822' title='bbox 3366 5672 3595 5728; x_wconf 80' lang='lat' dir='ltr'><strong>Terrcbis</strong></span> 
     </span>
    </p>
   </div>
   <div class='ocr_carea' id='block_1_144' title="bbox 2006 5744 3410 5813">
    <p class='ocr_par' dir='ltr' id='par_1_144' title="bbox 2006 5744 3410 5813">
     <span class='ocr_line' id='line_1_146' title="bbox 2006 5744 3410 5813; baseline 0.003 -18"><span class='ocrx_word' id='word_1_823' title='bbox 2006 5760 2085 5797; x_wconf 87' lang='lat' dir='ltr'><strong>me</strong></span> <span class='ocrx_word' id='word_1_824' title='bbox 2110 5760 2201 5813; x_wconf 83' lang='lat' dir='ltr'><strong>per</strong></span> <span class='ocrx_word' id='word_1_825' title='bbox 2224 5744 2441 5807; x_wconf 80' lang='lat' dir='ltr'><strong>somnia,</strong></span> <span class='ocrx_word' id='word_1_826' title='bbox 2474 5754 2523 5797; x_wconf 89' lang='lat' dir='ltr'><strong>et</strong></span> <span class='ocrx_word' id='word_1_827' title='bbox 2550 5761 2642 5813; x_wconf 81' lang='lat' dir='ltr'><strong>per</strong></span> <span class='ocrx_word' id='word_1_828' title='bbox 2667 5746 2877 5798; x_wconf 83' lang='lat' dir='ltr'><strong>visiones</strong></span> <span class='ocrx_word' id='word_1_829' title='bbox 2900 5745 3111 5799; x_wconf 81' lang='lat' dir='ltr'><strong>horrore</strong></span> <span class='ocrx_word' id='word_1_830' title='bbox 3134 5745 3410 5799; x_wconf 82' lang='lat' dir='ltr'><strong>conculies.</strong></span> 
     </span>
    </p>
   </div>
   <div class='ocr_carea' id='block_1_145' title="bbox 2099 5812 3593 5887">
    <p class='ocr_par' dir='ltr' id='par_1_145' title="bbox 2099 5812 3593 5887">
     <span class='ocr_line' id='line_1_147' title="bbox 2099 5812 3593 5887; baseline 0.001 -19"><span class='ocrx_word' id='word_1_831' title='bbox 2099 5816 2166 5871; x_wconf 82' lang='lat' dir='ltr'><strong>i9.</strong></span> <span class='ocrx_word' id='word_1_832' title='bbox 2193 5814 2351 5871; x_wconf 82' lang='lat' dir='ltr'><strong>Gold.</strong></span> <span class='ocrx_word' id='word_1_833' title='bbox 2396 5824 2451 5871; x_wconf 85' lang='lat' dir='ltr'><strong>et</strong></span> <span class='ocrx_word' id='word_1_834' title='bbox 2496 5812 2695 5872; x_wconf 77' lang='lat' dir='ltr'><strong>Widm.</strong></span> <span class='ocrx_word' id='word_1_835' title='bbox 2736 5829 2899 5886; x_wconf 84' lang='lat' dir='ltr'><strong>supra</strong></span> <span class='ocrx_word' id='word_1_836' title='bbox 2928 5816 3209 5887; x_wconf 81' lang='lat' dir='ltr'><strong>magistris.</strong></span> <span class='ocrx_word' id='word_1_837' title='bbox 3257 5814 3402 5882; x_wconf 83' lang='lat' dir='ltr'><strong>Ald.,</strong></span> <span class='ocrx_word' id='word_1_838' title='bbox 3441 5830 3593 5870; x_wconf 81' lang='lat' dir='ltr'><strong>Ineu-</strong></span> 
     </span>
    </p>
   </div>
  </div>
