3912 6404
203 362 299 414 193

1169 356 1249 408 DIC
1290 352 1794 409 PEllSECUTIONE
1836 353 2211 409 \’.\ND.\[.ICA
2253 356 2374 409 LIB.
2417 357 2451 409 l.

3303 358 3399 411 ιη

202 470 354 523 variis
376 471 444 523 ab
471 470 551 524 eis
571 468 775 522 insidiis
793 466 987 534 saepius
1014 476 1325 529 arctaretur,
1365 467 1590 533 quodam
1618 474 1751 518 tem-
1780 470 1825 525 Λ
1856 467 2087 518 membra
2119 468 2218 521 mei
2262 468 2499 535 corporis
2527 468 2786 532 dedicavi,
2830 482 2928 521 nec
2969 482 3182 536 possum
3216 470 3400 523 huma-

202 576 325 627 pore
371 558 728 613 venerabilem
776 570 962 612 senem
1016 556 1065 608 in
1117 553 1211 627 [αι.
1254 554 1484 625 publica]
1538 555 1749 623 publico

202 652 329 706 faeie
356 651 581 704 catomis
608 648 935 710 ceciderunt.
990 647 1138 714 Quod
1192 646 1282 700 ille
1323 662 1425 698 non
1466 647 1529 697 ad
1559 659 1751 712 oppro-

202 744 391 804 hrium,
419 742 511 795 sed
536 741 603 793 ad
632 740 927 793 mercedem
958 746 1267 805 computans
1302 737 1483 803 gloria:
1522 751 1653 799 sum,
1696 736 1749 787 in

205 834 425 885 Domino
454 832 749 884 laetabatur.
783 828 930 882 l‘nde
968 827 1161 881 factum
1194 836 1273 880 est
1309 836 1363 877 ut
1407 836 1519 892 post
1550 825 1749 876 obitum

202 920 431 993 episcopi
467 922 524 990 8
549 916 903 987 Carthaginis,
940 915 1241 985 Zeugitante
1279 924 1333 969 et
1385 912 1748 967 Proconsulari

203 1012 489 1081 provincia!
511 1011 787 1076 episcopos
807 1006 1148 1061 interdiceret
1166 1004 1508 1067 ordinandas,
1523 1018 1746 1072 quorum

208 1109 321 1154 erat
341 1113 591 1153 numerus
616 1106 827 1152 centum
864 1095 1132 1164 sexaginta
1162 1103 1407 1163 quatuor.
1437 1093 1537 1159 Qui
1569 1094 1750 1160 paula-

202 1192 291 1242 tim
316 1189 646 1251 deﬁcientes,
672 1200 833 1252 nunc,
854 1186 901 1242 si
928 1186 1011 1240 vel
1034 1185 1133 1254 ipsi
1155 1194 1459 1252 supersunt,
1499 1191 1606 1237 tres
1635 1193 1753 1235 tan-

201 1292 306 1334 tum
347 1295 469 1335 esse
501 1279 780 1333 videnlur:
812 1278 1113 1331 Vincentius
1141 1285 1167 1313 ⁸
1204 1275 1511 1343 Gigitanus,
1560 1272 1754 1327 Paulus

203 1370 227 1407 δ
251 1370 641 1434 Sinnaritanus,
682 1383 807 1421 vere
847 1367 1041 1421 merito
1079 1376 1131 1419 et
1171 1366 1386 1419 nomine
1426 1364 1651 1425 Paulus;
1697 1371 1751 1416 et

199 1462 333 1514 alius
360 1459 700 1527 Quintianus,
749 1458 836 1524 qui
881 1471 1021 1511 nunc
1064 1456 1487 1525 persecutionem
1518 1452 1745 1521 fugiens,

200 1550 338 1618 apud
386 1558 410 1588 ο
462 1549 710 1602 Edessam
768 1546 1085 1601 Macedonia
1135 1544 1401 1599 civitatem
1454 1554 1755 1595 commauet

204 1642 540 1709 peregrinus.

273 1732 343 1784 Χ.
376 1731 608 1784 llas-iuta
634 1738 681 1783 et
706 1728 798 1781 alii
825 1737 1068 1797 martyres
1095 1736 1140 1779 et
1169 1728 1492 1792 confessores.
1521 1720 1624 1761 -ά
1651 1719 1754 1776 Sed

1852 544 1976 607 num
1999 556 2179 608 sortiri
2207 556 2527 623 coniugium,
2563 556 2761 609 habens
2782 556 2893 623 jam
2927 557 3198 611 caelestem
3225 568 3279 612 et
3313 574 3405 613 ve-

1852 659 1966 696 rum
1999 659 2270 710 sponsum.
2301 645 2404 699 Sed
2429 646 2565 699 dabo
2588 646 2883 699 consilium.
2923 646 2979 701 Si
3018 649 3169 714 velis,
3208 652 3405 716 poteris

1851 744 1905 787 et
1934 734 2047 802 ipse
2078 736 2167 788 tibi
2198 746 2449 804 prazstare
2472 775 2487 799 ,
2534 738 2659 788 dum
2691 737 2838 799 licet,
2888 748 2946 789 ut
2973 737 3057 791 cui
3086 753 3184 806 ego
3205 753 3402 792 concu-

1852 825 1954 892 pivi
1986 828 2200 889 nubere,
2227 826 2508 882 delecteris
2535 837 2588 882 et
2615 828 2728 896 ipse
2744 830 2963 882 servire.
2984 830 3055 882 Ita
3084 829 3276 882 factum
3298 840 3402 894 est,

1828 916 2075 969 ‘Dnmino
2100 927 2445 985 procurante,
2477 926 2535 970 ut
2560 916 2815 971 obediens
2847 918 3043 983 Virgini
3077 918 3235 972 etiam
3276 920 3408 973 ado-

1852 1004 2059 1058 lescens
2102 1020 2253 1060 suam
2292 1004 2521 1057 animam
2573 1005 2882 1058 lucraretur.
2927 1006 3205 1060 Nesciente
3247 1008 3403 1075 igitur

1855 1094 2090 1147 Vandale
2117 1094 2373 1162 spiritalis
2407 1095 2599 1148 secreti
2628 1095 3026 1159 commercium,
3058 1107 3403 1161 compunctus

1852 1198 2009 1251 atque
2038 1194 2265 1239 mutatus
2295 1185 2657 1248 Martiniauus,
2690 1186 2849 1239 etiam
2876 1186 2987 1239 suis
3015 1187 3259 1240 fratribus
3283 1203 3402 1255 per-

1851 1276 2014 1328 suasit
2036 1288 2091 1327 ut
2114 1264 2413 1328 thesaurum
2435 1291 2590 1344 quem
2615 1276 2887 1330 invenerat
2908 1277 3179 1344 haberent,
3205 1286 3261 1330 ut
3284 1289 3406 1345 pote

1852 1370 2113 1435 germani,
2143 1382 2503 1421 communem.
2548 1367 2849 1421 Conversus
2882 1358 3058 1435 itaque
3091 1382 3211 1421 cum
3242 1369 3407 1420 tribus

1855 1460 2103 1512 fratribus
2132 1460 2264 1525 suis,
2312 1459 2402 1513 Dei
2426 1473 2635 1527 quoque
2686 1460 2859 1527 puella
2903 1461 3211 1521 comitante.
3253 1468 3407 1514 nocte

1854 1550 1990 1603 clam
2020 1549 2372 1618 egredientes,
2401 1550 2414 1585 ί
2448 1551 2753 1603 Tabraceno
2788 1552 3129 1614 monasterio,
3158 1552 3241 1605 cui
3280 1540 3407 1619 pia:-

1856 1650 1965 1693 erat
1994 1649 2117 1693 tunc
2146 1639 2333 1693 nobilis
2355 1648 2533 1707 pastor
2548 1640 2807 1702 Andreas,
2834 1642 3121 1693 sociantur.
3154 1640 3244 1695 Illa
3276 1654 3405 1694 vero

1860 1728 1998 1781 haud
2040 1729 2220 1796 procul
2266 1729 2640 1783 monasterium
2688 1728 2905 1782 incoluit
2936 1731 3243 1797 puellarum.
3294 1730 3407 1785 Soi—

199 1823 357 1874 etiam
391 1830 515 1873 tunc
537 1826 796 1887 martyres
831 1815 1200 1883 quamplurimi
1243 1813 1407 1867 fuisse
1445 1813 1748 1880 probantur.

1860 1821 2081 1872 scitante
2106 1818 2263 1884 igitur
2293 1819 2515 1891 barbaro
2557 1818 2977 1887 inquisitionibus
3006 1827 3057 1871 et
3095 1819 3405 1871 muneribus

198 1909 581 1962 Confessorum
604 1915 779 1959 autem
811 1905 996 1974 ingens
1020 1914 1074 1959 et
1103 1904 1327 1973 plurima
1358 1901 1659 1965 multitudo,
1689 1917 1755 1954 ex

197 1998 389 2067 quibus
438 1996 649 2063 aliquos
692 2008 912 2048 narrare
960 1993 1191 2047 tentabo.
1235 1993 1397 2045 Erant
1448 2002 1572 2044 tunc
1616 1990 1757 2044 servi

197 2085 477 2153 cujusdam
511 2083 733 2138 Vandali
760 2100 771 2134 :
805 2082 901 2135 fuit
920 2092 1097 2135 autem
1130 2082 1217 2135 hie
1245 2080 1509 2133 Vandalus
1536 2079 1603 2132 de
1628 2080 1753 2144 illis,

198 2189 331 2244 quos
364 2172 687 2229 Millenarios
713 2180 920 2236 vocant,
965 2179 991 2207 °
1022 2170 1383 2234 Martinianus,
1422 2168 1751 2230 Saturianus,

200 2274 255 2319 et
294 2278 482 2317 eorum
530 2264 638 2317 duo
679 2262 950 2330 germani;
998 2268 1110 2314 erat
1140 2268 1193 2314 et
1218 2258 1459 2327 quzcdam
1496 2271 1754 2311 conserva

200 2368 386 2408 eorum
412 2352 626 2421 egregia
650 2351 843 2405 Christi
864 2349 1057 2404 ancilla
1088 2350 1303 2405 nomine
1327 2348 1552 2403 Maxima
1574 2387 1589 2412 ,
1631 2361 1755 2401 cor-

199 2460 328 2514 pore
354 2444 595 2498 simulet
624 2442 715 2514 [aL
744 2440 942 2513 mente]
964 2441 1125 2495 corde
1151 2441 1363 2497 decora.
1393 2440 1460 2493 Et
1478 2442 1597 2507 quia
1621 2439 1758 2492 Mar-

199 2535 431 2587 tiniauus
460 2531 771 2587 armifactor
796 2540 931 2593 erat,
970 2539 1026 2583 et
1050 2529 1267 2583 domino
1301 2544 1400 2583 suo
1445 2530 1573 2582 satis
1611 2527 1757 2582 vide-

200 2623 355 2678 batur
375 2630 651 2690 acceptus,
682 2630 736 2674 et
764 2619 989 2674 Maxima
1018 2620 1278 2673 universae
1302 2618 1478 2672 domui
1508 2618 1755 2671 domina-

198 2716 390 2776 luatur,
447 2711 675 2766 credidit
724 2710 1020 2775 Vandalus,
1077 2716 1136 2763 ut
1187 2708 1367 2762 ﬁdeles
1429 2708 1529 2762 sibi
1591 2709 1760 2777 magis

199 2812 525 2856 memoratos
554 2801 755 2879 faceret
778 2800 1020 2863 famulos,
1052 2799 1417 2853 Martinianum
1452 2800 1757 2853 Maximam-

199 2906 300 2960 que
324 2889 597 2959 conjugali
622 2890 893 2943 consortio
920 2891 1149 2943 sociare.
1189 2889 1535 2943 Martinianus
1579 2890 1761 2944 adole-

199 2982 561 3055 scentulorum
588 2979 924 3033 szecularium
952 2993 1099 3034 more
1118 2979 1419 3047 coniugium
1444 2979 1754 3043 all‘eetabat;

201 3071 556 3137 Maximaque,
587 3070 695 3135 jam
735 3068 842 3121 Deo
867 3076 1093 3131 sacrata,
1141 3067 1397 3120 humanas
1428 3068 1636 3135 nuptias
1677 3084 1758 3121 re-

1858 1909 2077 1973 crebris,
2100 1909 2237 1977 quod
2258 1918 2460 1977 gestum
2479 1917 2591 1962 erat
2607 1909 2764 1961 celari
2791 1922 2893 1960 non
2918 1908 3104 1976 potuit.
3131 1908 3407 1960 lnveniens

1858 2000 2034 2065 itaque
2080 1997 2187 2065 jam
2235 2011 2337 2050 nun
2381 2012 2499 2059 sua,
2544 1998 2635 2051 sed
2663 1996 2854 2049 Christi
2885 1996 3165 2062 mancipia,
3197 1996 3409 2062 ennjicit

1860 2088 1911 2139 in
1944 2087 2184 2149 vinculis,
2217 2095 2271 2139 et
2299 2088 2458 2138 variis
2494 2080 2775 2138 tormentis
2802 2086 2893 2139 Dei
2927 2085 3147 2139 f.uuulos
3184 2088 3409 2139 insecta—

1858 2184 1970 2239 tur;
2002 2188 2163 2241 agens
2190 2189 2307 2227 cum
2337 2176 2415 2227 eis
2444 2189 2546 2227 non
2582 2186 2781 2227 tantum
2806 2185 2863 2227 ut
2892 2176 3088 2244 pariter
3123 2177 3408 2229 misceren-

1860 2274 1963 2331 tur,
1994 2266 2110 2329 sed,
2142 2266 2279 2333 quod
2308 2266 2520 2333 gravius
2560 2275 2661 2329 est,
2708 2280 2801 2331 per
2835 2267 3265 2333 rebaptizationis
3304 2281 3410 2319 ειε-

1859 2371 2007 2421 ηιιιη,
2040 2354 2160 2409 fidei
2187 2370 2294 2407 sine
2329 2364 2635 2407 ornamenta
2683 2364 2979 2422 turparent.
3026 2356 3268 2409 Pervenit
3310 2354 3410 2407 hoc

1858 2446 2026 2513 ipsum
2058 2460 2225 2511 usque
2251 2444 2314 2496 ad
2342 2443 2579 2496 notitiam
2608 2443 2860 2496 Geiserici
2890 2444 3049 2512 regis,
3095 2446 3181 2512 qui
3211 2459 3409 2512 przeceo

1859 2537 1935 2602 pit
1976 2544 2032 2587 ut
2074 2534 2252 2587 tandiu
2302 2532 2653 2601 implacabilis
2697 2532 2858 2585 herus
2904 2546 3086 2586 servos
3130 2530 3407 2599 afﬂigeret,

1858 2624 2089 2693 quandiu
2122 2624 2262 2677 illius
2287 2622 2695 2677 succumberent
2719 2623 2999 2676 voluntati.
3029 2622 3187 2677 Jubet
3213 2622 3265 2676 in
3297 2637 3408 2673 ιιιο‹

1858 2716 1981 2769 dum
2033 2709 2261 2768 ferarum
2304 2712 2466 2767 fustes
2504 2713 2748 2767 robustos
2783 2712 2946 2766 veluti
2987 2710 3245 2781 palma'tos
3289 2728 3408 2764 cum

1859 2806 2114 2873 stirpibus
2143 2803 2393 2871 fieri.,qui
2425 2801 2592 2873 [Colb.
2628 2803 2679 2866 l,
2708 2800 3025 2870 quatientes]
3054 2802 3410 2868 quatientibus

1860 2894 2022 2963 tergis
2048 2909 2150 2947 non
2175 2894 2344 2946 solum
2375 2906 2496 2945 ossa
2520 2890 2932 2959 confringerent,
2961 2890 3052 2943 sed
3080 2890 3239 2943 etiam
3271 2899 3408 2941 tene-

1861 2984 2076 3037 brantes
2124 2984 2293 3036 aculei
2347 2981 2663 3033 intrinsecus
2714 2988 3067 3032 remanerent.
3135 2978 3234 3042 Qui
3281 2978 3405 3030 dum

1859 3073 2070 3141 sanguis
2102 3071 2361 3133 efflueret,
2406 3079 2459 3121 et
2496 3068 2762 3140 dissipatis
2797 3067 3043 3120 Carnibtts
3070 3069 3273 3122 viscera
3310 3083 3403 3121 nu-

202 3159 421 3213 futabat.
460 3162 533 3210 At
558 3156 643 3211 ubi
673 3165 883 3209 ventum
913 3163 995 3209 est
1028 3163 1085 3207 ut
1108 3155 1333 3207 cubiculi
1365 3154 1635 3208 adirentur
1664 3170 1749 3209 se-
1780 3145 1827 3209 C
1858 3162 2131 3227 darentur,
2163 3158 2402 3225 srquenli
2425 3157 2532 3221 die,
2560 3155 2773 3209 Christo
2801 3157 3067 3222 Inedente,
3094 3171 3305 3225 semper
3327 3163 3399 3211 iu-

199 3259 338 3305 creta
369 3249 606 3311 silentia,
632 3256 687 3302 et
732 3246 1074 3301 Martinianns
1117 3245 1358 3299 nesciens
1392 3245 1516 3313 quid
1564 3246 1631 3300 de
1664 3248 1754 3300 illo

198 3342 507 3395 decreverat
537 3339 697 3400 Deus,
719 3336 944 3390 maritali
975 3336 1161 3390 fiducia
1203 3340 1348 3400 quasi
1382 3351 1502 3389 cum
1528 3337 1753 3405 conjuge

202 3441 417 3499 cuperet
459 3430 734 3493 cubitare,
786 3428 903 3480 viva
946 3441 1075 3480 voce
1120 3430 1165 3479 ei
1221 3436 1506 3479 memorata
1561 3427 1753 3481 famula

197 3521 393 3575 Christi
430 3517 750 3590 respondit:
778 3516 993 3571 Christo
1023 3532 1143 3585 ego,
1183 3531 1214 3569 ο
1240 3516 1545 3571 Martiniane
1569 3518 1748 3585 frater,

198 3691 418 3745 tinorum
449 3687 759 3758 selegimus,
779 3686 860 3758 cui
891 3701 1025 3752 pene
1052 3686 1439 3758 eonformisrest
1456 3704 1518 3742 ea
1545 3705 1662 3758 qua:
1696 3694 1748 3745 in

196 3760 344 3813 Colb.
378 3758 545 3811 tertio
573 3766 626 3808 et
654 3757 704 3809 iu
744 3756 927 3809 codice
954 3758 1119 3809 sancti
1150 3756 1350 3810 Martini
1382 3756 1621 3821 habetur,
1662 3762 1749 3814 ulii

196 3831 459 3881 ordinatur
490 3824 743 3890 quondam
770 3826 1067 3888 sacerdotio,
1114 3836 1243 3890 etc.,
1270 3826 1408 3893 quod
1434 3830 1639 3881 creteris
1673 3832 1753 3882 vi-

194 3900 375 3951 deatur
409 3894 583 3949 textui
609 3895 946 3947 conformior.
980 3894 1044 3947 Et
1067 3895 1276 3961 quidem
1302 3894 1402 3948 hoc
1430 3910 1514 3949 me
1542 3899 1745 3963 potissi-

195 3983 333 4019 mum
364 3973 577 4027 movet,
608 3972 663 4015 ut
702 3963 919 4017 'l'bomze
948 3978 1139 4015 nomen
1165 3978 1228 4016 ex
1257 3963 1745 4030 Carthaginensium

193 4037 489 4089 antistitum
516 4034 753 4099 ealalogo
779 4046 1097 4099 expungam,
1122 4032 1255 4099 quod
1281 4032 1419 4082 nulla
1447 4033 1610 4095 ipsius
1632 4047 1744 4085 me-

194 4106 355 4157 moria
387 4106 441 4157 in
493 4097 859 4154 vetustissimo
888 4097 1193 4150 kalendario
1218 4097 1615 4164 Carthaginensi
1650 4102 1743 4151 ha-

197 4176 396 4233 beatur,
426 4174 479 4223 in
509 4183 618 4236 quo
633 4176 813 4236 tamen
839 4169 1015 4218 caeteri
1048 4165 1266 4217 istorum
1295 4174 1588 4233 temporum
1614 4168 1744 4221 Car-

196 4234 539 4308 thaginenses
558 4234 790 4308 episcopi
814 4241 1053 4308 accurate
1075 4237 1512 4308 recensentur._Et
1532 4238 1741 4308 quidem

196 4312 243 4360 in
267 4302 328 4360 ἕο
359 4320 465 4375 non
494 4304 670 4358 solum
704 4304 951 4375 Aurelius,
980 4302 1275 4375 Capreolus,
1306 4302 1741 4375 autADeog'ratias,

194 4378 275 4444 qui
306 4378 358 4429 in
378 4373 563 4428 Africa
586 4387 617 4444 ε
638 4373 769 4425 vivis
793 4381 1155 4444 excesserunt,
1179 4374 1270 4444 sed
1297 4382 1360 4444 et;
1382 4373 1744 4444 Quotuultdeus

195 4441 243 4499 et
272 4444 561 4515 Eugenius,
592 4442 650 4515 in
675 4442 923 4515 externis
946 4441 1067 4495 licet
1114 4442 1393 4515 provinciis
1434 4443 1540 4496 fato
1580 4444 1739 4497 functi

196 4510 580 4569 memorantur.
623 4510 820 4563 Deinde
848 4511 963 4564 Ado
990 4522 1199 4563 sanctos
1228 4512 1503 4579 episcopos
1530 4514 1614 4579 qui
1645 4514 1743 4565 sub

193 4584 459 4639 chsericl
514 4581 884 4649 perseeutione
914 4582 1049 4645 passi
1095 4579 1319 4642 fuerant,
1367 4596 1648 4636 recensens
1676 4597 1737 4635 ex

196 4653 415 4709 Victoris
446 4646 695 4712 historia,
726 4646 971 4700 Thomam
1000 4649 1137 4701 hunc
1162 4651 1357 4701 omisit.
1500 4664 1507 4671 ·

258 4732 283 4758 ⁸
311 4720 541 4776 Ortbod.
564 4729 618 4772 et
638 4716 912 4787 Loricbius
940 4716 1133 4787 habent
1162 4717 1443 4787 Vigitanus.
1470 4718 1524 4771 In
1552 4719 1741 4773 Notitia

197 4790 376 4845 Africa:
406 4787 645 4843 Occurrit
675 4785 962 4839 Vincentius
989 4784 1249 4853 Ziggensii
1276 4788 1327 4839 in
1360 4789 1741 4853 proconsulari,

193 4874 338 4923 quem
359 4859 506 4911 hunc
532 4858 705 4923 ipsum
731 4867 851 4923 esse
873 4855 960 4921 qui
983 4853 1067 4906 hic
1092 4866 1434 4923 memoratur,
1455 4866 1601 4923 putat
1622 4872 1743 4909 eru-

192 4921 323 4979 ditus
359 4921 609 4979 Baluzius
652 4922 703 4973 in
734 4922 873 4975 notis
913 4923 978 4974 ad
1021 4937 1137 4988 cap.
1172 4921 1269 4976 128
1293 4921 1589 4977 collationis
1614 4925 1741 4978 Car-

196 4994 544 5061 tliagineusis,
560 4991 649 5045 ubi
675 4988 1129 5061 inter‘Catlmlims
1155 4993 1411 5061 antistites
1437 5005 1743 5047 recensetur

194 5056 478 5126 Quadratus
492 5062 764 5131 episcOpus
778 5056 931 5125 plebis
948 5058 1224 5131 Gegilanw.
1247 5060 1445 5114 Videsis
1459 5063 1588 5114 infra
1609 5062 1743 5131 (Col.
1769 5076 1777 5097 ·

192 5128 591 5199 288)notam_41
606 5129 659 5180 in
675 5128 946 5199 episcopos
962 5129 1243 5199 provincia:
1257 5135 1561 5195 proconsula
1571 5128 1639 5183 ris
1656 5134 1743 5199 qui

195 5203 242 5254 in
272 5196 460 5254 Nomia
504 5196 791 5250 habentur.
829 5196 992 5249 Porro
1020 5198 1199 5251 sedem
1233 5199 1315 5252 hic
1340 5214 1369 5251 a
1402 5201 1608 5253 Victore
1631 5196 1741 5253 nie-

195 5279 441 5323 moratam
458 5280 582 5322 esse
605 5264 817 5330 (ἱέρεια,
846 5281 963 5335 quae
984 5268 1117 5318 ultra
1158 5267 1509 5335 Naraggaram
1556 5282 1741 5322 versus

194 5338 481 5391 Numidiam
513 5338 618 5387 sita
663 5344 744 5387 est
784 5335 832 5385 in
871 5334 1059 5387 tabulis
1096 5334 1530 5402 Peutingerianis,
1561 5348 1741 5390 censet

196 5407 422 5460 Norisius
471 5406 524 5457 in
556 5403 799 5456 'ccnsura
848 5414 1086 5455 natarum
1129 5403 1365 5458 Garnerii
1417 5406 1466 5457 in
1518 5406 1735 5459 Marium

196 5478 557 5529 Mercatorem.
596 5471 729 5524 Hine
755 5484 1045 5540 auenymus
1073 5472 1347 5525 Ravennas
1378 5474 1467 5527 lib.
1497 5489 1735 5530 m.nnm.

196 5548 241 5606 6.
268 5542 453 5612 Cegetu
481 5542 715 5596 Collocat
746 5541 794 5591 in
835 5540 1096 5612 Numidia.
1127 5540 1268 5595 Inter
1294 5542 1567 5612 episeopos
1597 5544 1739 5596 Mau-

198 5610 386 5669 ritania:
412 5613 685 5668 Sitifensis
713 5624 856 5661 num.
890 5610 952 5661 15
978 5615 1027 5664 in
1058 5610 1247 5663 Notitia
1277 5611 1520 5663 Africana
1552 5627 1738 5665 recen-

197 5696 330 5736 setur
360 5683 692 5735 Conslanlius
716 5677 1003 5743 (imitantis.
1035 5679 1137 5734 Sed
1168 5681 1249 5732 hic
1278 5683 1505 5747 aliquem
1532 5685 1735 5734 antisti-

1857 3249 2093 3303 cnlnmes
2123 3246 2494 3299 reddebantur.
2528 3244 2636 3297 lloc
2671 3246 2862 3310 saapius
2899 3260 2960 3297 ac
3002 3246 3166 3299 multo
3214 3247 3405 3300 factum

1852 3350 1931 3393 est
1956 3352 2212 3406 tempore,
2244 3336 2430 3407 [Μαι-ι.
2469 3336 2553 3406 ιιι]
2592 3346 2645 3391 ει
2694 3338 2834 3389 nulla
2879 3338 3145 3404 plagarum
3186 3337 3403 3402 vestigia

1852 3430 2179 3491 videbantur,
2211 3435 2393 3480 sancto
2419 3425 2619 3494 Spiritu
2647 3426 2868 3483 subinde
2890 3434 3129 3481 curante.
3158 3424 3284 3477 Post
3308 3429 3405 3476 line

1856 3530 1880 3567 κ
1909 3526 2177 3573 arctantur
2212 3515 2439 3570 maxime
2465 3515 2594 3569 dura
2614 3516 2874 3585 custodia,
2896 3513 3255 3583 compedeque
3293 3528 3405 3565 cru-

1855 3702 1961 3747 tem
1986 3707 2016 3746 e
2038 3690 2501 3760 proconsularibus
2519 3690 2765 3745 aVictore
2782 3690 2997 3745 iudicari
3019 3699 3165 3745 extra
3183 3692 3400 3747 dubium

1853 3771 1954 3816 est.

1918 3829 1947 3868 ι’
1978 3830 2063 3883 Sic
2092 3829 2240 3882 Colh.
2272 3828 2306 3880 Ξ
2326 3844 2443 3882 cum
2477 3828 2729 3881 Rhenano
2754 3838 2805 3881 et
2826 3829 2942 3881 aliis
2969 3828 3141 3882 editis.
3162 3832 3228 3883 At
3248 3829 3397 3883 Mart.

1851 3911 1899 3952 et
1930 3900 2079 3953 Colb.
2115 3900 2135 3951 1
2176 3898 2367 3950 habent
2391 3897 2773 3951 Sitinaritanus.
2808 3898 2995 3951 Etlit.‘2
3018 3899 3399 3952 Silmart'lanus.

1850 3969 2054 4019 Nosme
2100 3968 2343 4019 lectionis
2374 3966 2566 4018 veritas
2596 3980 2656 4017 ex
2703 3966 2892 4019 Notitia
2936 3966 3178 4021 Africana
3209 3970 3402 4019 conlir.

1849 4043 2041 4093 matur,
2086 4036 2171 4085 uhi
2207 4047 2341 4085 inter
2362 4036 2638 4100 episcopos
2671 4034 2950 4099 provinciae
2982 4036 3393 4096 procoosnlaris,

1851 4118 1994 4154 num.
2027 4104 2080 4162 5,
2118 4100 2309 4153 Paulus
2336 4100 2677 4161 Sinnarensis,
2708 4106 2780 4152 uti
2819 4115 2881 4151 ex
2912 4102 3029 4152 cod.
3062 4102 3398 4156 Landnnensi

1849 4170 2454 4230 rcstituimuaoccurrit.
2477 4168 2765 4221 Videuotas
2785 4170 2833 4221 in
2847 4184 2965 4221 eum
2986 4170 3389 4226 Notitimloenm.

1922 4250 1944 4277 ο
1976 4239 2269 4301 Loricliius,
2302 4238 2558 4290 Adessam.
2585 4238 2810 4292 :Edessa
2858 4254 3013 4299 porro
3041 4240 3165 4292 urbs
3190 4252 3269 4291 est
3294 4241 3399 4293 Ma-

1849 4309 2083 4362 cedmim
2111 4308 2160 4359 iu
2194 4305 2483 4365 Emathia,
2515 4322 2631 4374 qua:
2662 4308 2813 4374 vulgo
2850 4306 3056 4359 Vodena
3082 4310 3395 4375 appellatur.

1854 4378 1909 4430 In
1938 4378 2131 4430 Nntitia
2178 4376 2365 4431 Africae
2408 4377 2543 4428 inter
2577 4376 2862 4443 Episcopos
2896 4380 3279 4443 proconsularis
3310 4395 3395 4431 re-

1850 4458 2097 4501 censetur
2141 4446 2443 4510 Quintianus
2476 4445 2771 4516 AUrcimnns,
2814 4449 2898 4510 qui
2941 4446 3180 4499 fortassis
3212 4449 3255 4499 is
3285 4448 3397 4516 ipso

1838 4528 1927 4570 est
1959 4517 2261 4581 Quintianus
2286 4529 2440 4579 quem
2474 4514 2556 4567 hic
2590 4515 2767 4566 Vietnr
2795 4528 2975 4569 no~ter
3004 4516 3196 4568 laudat.

1916 4584 1943 4621 ἀ
1973 4586 2059 4637 Sic
2085 4582 2235 4636 Colb.
2264 4583 2314 4635 l.
2340 4582 2673 4654 Caeteri,_8ed
2697 4586 2844 4635 etiam
2864 4585 3104 4651 nutrtyria
3133 4586 3398 4654 quamplu-

1846 4654 1975 4705 rima
2004 4668 2195 4703 αεσξη..
2228 4667 2289 4701 rx
2315 4652 2491 4718 quibus
2520 4652 2708 4717 aliqua,
2740 4662 2841 4705 etc.

1923 4731 1946 4759 ε
1968 4719 2210 4779 Ortliod.,
2230 4721 2338 4788 69
2356 4720 2703 4784 Maturianus;
2724 4720 3017 4782 Lorirliius,
3042 4718 3355 4773 Mam-iustus
3376 4737 3394 4783 ;

1846 4790 1938 4842 sed
1959 4790 2170 4841 inferius
2186 4802 2397 4852 semper
2410 4790 2593 4841 scribit
2608 4788 2943 4840 Maturianus.
2958 4788 3102 4840 Colb.
3123 4790 3144 4841 1
3164 4806 3392 4855 sequen-

1849 4868 1951 4911 tem
1974 4859 2199 4923 appellat
2229 4857 2613 4925 Saturnianum.
2648 4858 3009 4925 hlartyrologia
3038 4868 3209 4911 vetera
3252 4860 3392 4911 Adn-

1848 4930 1949 4991 nis,
1987 4926 2225 4989 Usuardi,
2258 4924 2417 4987 Flori,
2437 4938 2541 4979 etc.
2566 4929 2652 4979 die
2676 4931 2738 4979 lli
2763 4924 3003 4979 Octobris
3033 4926 3219 4980 habent
3252 4927 3393 4979 Mar-

1851 4997 2015 5053 tianus
2040 5004 2089 5046 et
2116 4994 2439 5062 Satyrianus.
2476 4995 2547 5047 De
2573 4995 2872 5048 Millenariis
2911 5011 3037 5047 vero
3080 4996 3162 5048 hic
3194 5012 3389 5048 memo-

1850 5075 1975 5116 ratis
1994 5103 2007 5125 ,
2030 5064 2133 5134 jam
2154 5078 2310 5129 supra
2345 5065 2571 5117 diximus
2596 5080 2658 5119 ex
2689 5065 2942 5132 ProcOpio
2972 5064 3083 5134 (Ad
3110 5067 3259 5117 imam
3291 5066 3387 5116 col.

1849 5134 1971 5193 181,
2000 5150 2052 5185 n.
2088 5134 2161 5193 ⁸).

2088 5142 2111 5167 ι

1919 5135 1943 5238 ἓ
1958 5133 2198 5253 0'l"ii.hra)t.-a
2236 5200 2361 5253 urbs
2400 5210 2480 5253 est
2519 5213 2638 5253 nota
2674 5203 2809 5267 apud
2849 5202 3089 5266 antiquos
3124 5210 3386 5265 auctores,

1844 5272 1984 5323 inter
2010 5270 2440 5322 Proconsularem
2465 5279 2516 5323 et
2539 5270 2852 5330 Numidiam.
2878 5272 2926 5323 in
2958 5273 3210 5324 hodierno
3233 5269 3386 5331 Alge-

1844 5340 1907 5393 rii
1940 5351 2098 5405 regno
2126 5338 2245 5398 sita,
2275 5339 2424 5405 cujus
2452 5338 2729 5405 cpiscopus
2773 5340 3047 5392 Victoriuu
3072 5357 3102 5389 a
3132 5337 3389 5388 Thabraca

1841 5404 2153 5461 sententiam
2198 5404 2511 5459 dixit’num’.
2553 5404 2712 5461 95in
2753 5410 2977 5463 concilio
3016 5404 3257 5470 Carthag.
3290 5407 3389 5458 sub

1842 5485 2025 5529 sancto
2050 5474 2347 5544 Cypriane;
2380 5486 2434 5529 et
2459 5476 2773 5528 Rusticianus
2800 5476 3059 5530 collationi
3080 5474 3385 5544 Carthagini.

1840 5544 2024 5606 adfuit,
2050 5542 2168 5595 eum
2194 5544 2454 5597 Clareutio
2476 5544 2590 5610 ejus
2613 5547 2911 5598 adversario
2938 5560 2999 5595 es
3029 5554 3175 5607 parte
3198 5542 3385 5596 Donati

1840 5613 2043 5681 Cognit.
2085 5613 2129 5672 l,
2158 5626 2273 5679 cap.
2312 5613 2407 5665 125
2431 5624 2482 5665 et
2509 5614 2626 5667 itS'l.

1914 5692 1936 5727 ε
1970 5683 2055 5735 Sic
2086 5682 2405 5735 restituimus
2426 5697 2489 5736 ex
2513 5684 2715 5737 duobus
2739 5696 2887 5742 mss.,
2912 5694 3016 5732 uno
3040 5680 3242 5734 scilicet
3266 5680 3381 5731 Col-
