3922 6450
502 462 599 517 193

1760 440 2060 497 VICTORIS
2102 437 2398 497 VI'I'ENSIS

3550 452 3647 507 196

497 574 598 626 deli
624 567 992 629 extenduntur,
1025 564 1208 633 quibus
1229 577 1347 616 eum
1379 563 1466 616 Dei
1492 575 1758 616 servorum
1795 563 2013 615 visitan-
2041 571 2086 625 Α
2115 570 2172 614 ιιι
2201 562 2447 630 agerjam
2471 560 2640 614 cultus
2670 568 2724 614 et
2765 561 3140 629 ingraminatus
3165 574 3371 615 vomere
3398 563 3647 628 pradica-

499 661 625 712 tium
659 673 760 710 non
808 657 1013 708 deesset
1045 653 1329 718 frcquenl‘a
1366 651 1660 704 videntibus
1701 652 1898 703 cunctis
1941 651 2018 702 in-

497 743 727 809 gentium
779 741 1032 808 lignorum
1075 746 1380 804 putrescens
1425 737 1589 788 soluta
1630 745 1709 789 est
1754 737 2021 788 fortitudo.

497 831 790 883 Miraculum
806 830 859 896 9
881 829 976 879 hoc
1005 837 1057 878 et
1084 841 1207 879 voce
1229 829 1457 878 omnium
1475 827 1781 882 celebratur.
1805 834 1857 878 et
1877 826 2027 877 nobis

497 919 582 971 ille
612 917 673 969 ad
705 931 857 983 quem
902 915 1136 967 custodia
1176 915 1484 982 pertinebat,
1535 929 1651 967 cum
1700 924 2026 966 sacramento

496 1015 714 1060 testatus
741 1014 820 1057 est
849 1006 916 1058 ita
945 1004 1124 1056 fuisse.

433 1157 440 1164 _
563 1096 652 1147 XI.
682 1095 979 1162 Martyrium
1021 1095 1286 1158 complent.
1307 1119 1372 1133 -—-
1412 1095 1477 1145 At
1518 1094 1603 1145 ubi
1636 1092 1896 1143 Vandalus
1925 1091 2025 1141 vir-

497 1195 655 1238 tutem
689 1184 916 1250 neglexit
955 1196 1272 1245 cognoscere
1321 1181 1568 1244 divinam,
1611 1179 1765 1245 C(Bpit
1792 1179 1842 1230 in
1872 1179 2026 1230 domo

498 1275 614 1340 ejus
645 1273 950 1325 vindicatrix
987 1273 1061 1323 ira
1102 1271 1348 1337 grassari.
1391 1269 1601 1320 Moritur
1632 1270 1740 1334 ipse
1783 1267 1935 1319 simul
1974 1274 2028 1319 et

496 1361 622 1424 filii;
671 1360 886 1412 familia:
935 1371 1090 1422 atque
1132 1357 1453 1417 animalium,
1483 1370 1803 1423 quacunque
1832 1357 2023 1420 Optima

498 1456 683 1509 erant,
715 1438 912 1513 pariter
957 1447 1239 1498 intereunt.
1287 1443 1580 1496 liemanens
1610 1445 1779 1508 itaque
1817 1442 2023 1494 domina

504 1534 678 1598 vidua,
714 1535 921 1601 marito,
950 1533 1069 1586 filiis
1089 1573 1103 1598 ,
1133 1542 1187 1586 et
1212 1532 1494 1586 substantia
1538 1533 1800 1593 destituta,
1846 1546 2025 1584 servos

497 1620 688 1675 Chiisti
738 1633 957 1689 cognato
1001 1621 1134 1689 regis
1183 1622 1272 1690 lat.
1301 1618 1534 1688 Sesacui]
1579 1619 1820 1672 Sersaoni
1860 1620 2021 1687 gratia

495 1711 726 1763 muneris
771 1711 939 1782 oden.
971 1711 1072 1774 Qui
1111 1725 1227 1763 cum
1258 1725 1379 1783 eos,
1433 1717 1612 1776 utpote
1641 1709 1873 1780 oblatos,
1905 1723 2023 1760 cum

493 1799 838 1865 gratulatione
880 1801 1037 1851 ulmia
1082 1802 1430 1867 suscepisset,
1464 1798 1597 1850 filios
1625 1806 1678 1850 et
1709 1797 2022 1850 domesticos

2123 654 2276 704 tionis
2303 652 2652 718 evangelicum
2700 652 2988 716 susciperet
3013 665 3210 715 semen,
3243 661 3295 704 et
3321 653 3487 705 imbre
3515 654 3645 706 sacri

2123 739 2448 805 baptismatis
2491 739 2763 804 rigarelur.
2822 738 3029 790 Mittunt
3073 739 3272 805 legatos
3318 752 3411 804 per
3463 740 3646 792 itinera

2125 827 2344 880 distenta
2367 826 2592 890 deserti;
2627 826 2916 892 pervenitur
2939 826 3145 879 tandem
3174 827 3236 879 ad
3253 827 3516 882 civitatem
3547 829 3663 882 Roc'

2123 931 2360 978 matiam;
2399 926 2608 983 rogatur
2631 918 2906 983 episcopus
2935 925 2990 968 ut
3020 917 3379 985 presbyterum
3408 933 3470 971 ac
3497 919 3648 973 mini-

2122 1013 2260 1056 stros
2285 1004 2514 1056 credenti
2541 1006 2727 1071 p0pulo
2749 1003 3049 1057 destinaret.
3066 1001 3296 1070 bExpiet
3318 1019 3434 1058 eum
3463 1008 3648 1072 gaudio

2123 1093 2261 1157 quod
2294 1092 2562 1157 petebatur
2593 1090 2852 1155 pontifex;
2896 1091 2983 1144 Dei
3036 1093 3354 1144 construitur
3395 1093 3647 1155 ecclesia,

2123 1181 2418 1246 baptizatur
2463 1182 2614 1232 simul
2641 1180 2914 1232 multitudo
2955 1181 3178 1232 maxima
3205 1181 3568 1244 barbarorum,
3598 1191 3648 1235 et

2123 1270 2188 1322 de
2219 1272 2352 1333 lupis
2382 1284 2506 1337 grex
2555 1268 2805 1321 fecundus
2845 1269 3213 1335 multiplicatur
3239 1283 3509 1337 agnorum.
3543 1270 3649 1324 Hoc

2124 1359 2393 1412 Ceiserico
2434 1358 2682 1409 relatione
2712 1371 2802 1409 sua
2830 1359 3092 1408 renuntiat
3113 1357 3329 1423 Capsur.
3367 1357 3443 1410 De
3469 1372 3567 1425 qua
3595 1371 3648 1410 re

2125 1463 2343 1515 surgens
2367 1449 2560 1499 invidia
2581 1448 2725 1514 jubet
2747 1446 2967 1499 famulos
2989 1447 3076 1499 Dei
3107 1447 3274 1514 ligatis
3293 1447 3509 1512 pedibus
3537 1457 3646 1514 post

2125 1545 2266 1603 terga
2313 1537 2632 1589 currentium
2681 1536 3075 1604 quadrigarum,
3118 1537 3252 1588 inter
3301 1539 3508 1603 spinosa
3538 1536 3646 1590 loca

2123 1625 2370 1676 silvarum
2401 1627 2591 1691 pariter
2621 1624 2864 1687 interire;
2887 1633 2940 1675 ut
2966 1623 3116 1676 ducta
3139 1632 3293 1690 atque
3318 1625 3527 1677 reducta
3555 1626 3648 1678 du-

2076 1748 2081 1752 -
2125 1712 2285 1764 mosis
2318 1713 2570 1778 lignorum
2612 1711 2808 1764 aculeis
2839 1711 3190 1764 innocentium
3227 1725 3444 1778 corpora
3472 1727 3650 1779 carpe-

2125 1808 2326 1862 rentur,
2359 1800 2425 1851 ita
2456 1801 2685 1868 deligati,
2713 1809 2763 1852 ut
2787 1800 2980 1852 exitum
3006 1814 3152 1852 suum
3177 1801 3395 1853 invicem
3417 1802 3648 1866 pervide-

491 1890 606 1957 ejus
631 1895 926 1942 sanctorum
954 1889 1145 1942 merito
1163 1888 1297 1941 male
1318 1889 1477 1952 erepit
1498 1888 1701 1938 daamon
1729 1886 1883 1938 variis
1910 1901 2021 1936 mo-
2051 1884 2095 1941 Β
2121 1901 2256 1942 rent.
2293 1899 2316 1927 ο
2339 1890 2435 1952 Qui
2462 1906 2580 1943 cum
2612 1893 2770 1943 vincti
2788 1932 2802 1954 ,
2831 1891 3160 1944 currentibus
3180 1891 3446 1944 indomitis
3472 1893 3644 1959 equis,

492 1979 630 2033 tibus
649 1980 864 2047 agitare.
890 1978 970 2031 Ex
989 1979 1173 2032 ordine
1194 1977 1282 2030 ille
1303 1987 1574 2044 cognatus,
1593 1984 1648 2027 ut
1666 1983 1866 2042 gestum
1888 1985 2020 2038 erat,

492 2069 724 2136 suggerit
752 2068 880 2135 regi.
911 2067 1155 2120 Decernit
1173 2065 1349 2118 statim
1373 2081 1464 2118 rex
1489 2063 1690 2116 cuidam
1720 2063 1895 2130 gentili
1915 2058 2020 2129 regi

492 2146 786 2210 Maurorum
816 2156 900 2208 cui
932 2169 1119 2208 nomen
1172 2155 1342 2206 inerat
1382 2150 1473 2222 [a..
1505 2151 1750 2220 Capsam]
1798 2151 2016 2217 Capsu’r,

494 2244 785 2313 religandos
809 2244 1000 2298 debere
1029 2243 1326 2297 transmitti.
1368 2242 1638 2293 Maximam
1680 2255 1802 2292 vero
1827 2239 2020 2292 Christi

495 2334 740 2386 famulam
775 2331 1020 2386 confusus
1059 2341 1115 2385 et
1142 2333 1308 2384 victus
1342 2339 1366 2366 ⁸
1395 2331 1614 2396 propri:e
1645 2330 1893 2384 \oluntati
1940 2328 2020 2380 di-

494 2421 662 2485 misit;
681 2436 796 2489 qute
819 2435 955 2474 nunc
980 2428 1218 2488 superest
1238 2421 1402 2486 virgo,
1428 2427 1595 2471 mater
1624 2420 1897 2470 multarum
1919 2419 2021 2468 vir-

490 2513 667 2580 ginum
699 2511 809 2578 Dt-i,
857 2495 1006 2564 nobis
1038 2510 1196 2564 etiam
1234 2523 1560 2577 nequaquam
1606 2508 1798 2571 ignota.
1836 2508 2022 2559 Peri-e-

493 2600 698 2652 nientes
727 2610 900 2652 autem
930 2598 1202 2650 traduntur
1243 2603 1530 2648 memorato
1559 2594 1667 2661 regi
1697 2596 1984 2647 Maurorum
2005 2635 2019 2658 ,

491 2691 836 2740 commanenti
867 2689 917 2738 in
941 2696 1087 2751 parte
1115 2685 1276 2736 eremi
1307 2700 1422 2760 qua:
1448 2683 1636 2734 dicitur
1657 2683 2018 2749 C'ipra-Picta.

495 2778 740 2831 Videntcs
767 2776 920 2843 igitur
953 2775 1147 2827 Christi
1176 2773 1414 2840 discipuli
1444 2773 1603 2826 multa
1646 2773 1780 2838 apud
1804 2773 2022 2839 gentiles

493 2865 670 2920 illicita
713 2863 1086 2918 sacrificiorum
1133 2861 1423 2929 sacrilegia,
1465 2868 1739 2927 ctepeiunt
1776 2862 2023 2928 prtcdica-

493 2956 635 3009 tione
666 2962 718 3006 et
758 2951 1159 3007 conversatione
1200 2965 1292 3003 sua
1323 2950 1388 3003 ad
1433 2937 1782 3016 cognitionem
1817 2949 2020 3002 Domini

491 3047 584 3100 Dei
614 3046 774 3099 nostri
807 3026 1057 3097 barbaros
1089 3042 1311 3095 invitare
1337 3055 1350 3104 ;
1379 3050 1432 3094 et
1456 3039 1547 3094 tali
1576 3040 1732 3092 modo
1761 3040 2020 3106 ingentem

490 3136 868 3190 multitudinem
895 3133 1168 3200 gentilium
1194 3131 1533 3184 barbarorum
1565 3129 1772 3182 Christo
1803 3129 2018 3180 Domino

2124 1977 2482 2045 plangentibus
2506 1979 2718 2042 Mauris,
2742 1993 2857 2032 sese
2897 1991 3075 2032 mutuo
3104 1982 3497 2047 conspicerent,
3530 1982 3648 2034 vale

2121 2067 2217 2118 sibi
2246 2066 2296 2118 in
2321 2078 2540 2135 angusto
2562 2067 2692 2135 fuga:
2716 2069 3066 2135 unusquisque
3087 2069 3155 2122 ita
3175 2068 3378 2122 dicebat
3405 2085 3420 2121 :
3443 2067 3647 2132 Frater,

2120 2169 2209 2207 ora
2234 2170 2326 2221 pro
2350 2170 2465 2218 me;
2494 2156 2725 2222 implevit
2752 2155 2886 2208 Deus
2914 2155 3226 2208 desiderium
3264 2167 3516 2210 nostrum.
3547 2158 3648 2209 'f‘a-

2121 2241 2240 2294 liter
2267 2242 2563 2318 pervenitur
2589 2244 2652 2294 ad
2685 2257 2898 2310 regnum
2947 2243 3220 2296 caelorum.
3250 2243 3425 2310 Itaque
3448 2245 3648 2296 orando

2119 2339 2275 2396 atque
2316 2329 2621 2396 psallendo,
2665 2330 3010 2396 gaudentibus
3037 2329 3234 2397 angelis
3282 2333 3395 2396 pias
3447 2331 3648 2383 animas

2120 2420 2363 2470 emisere.
2407 2417 2504 2470 Ubi
2548 2431 2709 2485 usque
2751 2418 2801 2470 in
2833 2418 3140 2471 hodiernum
3170 2418 3305 2470 diem
3332 2432 3432 2470 non
3460 2418 3648 2471 desinit

2121 2505 2349 2572 ingentia
2395 2506 2650 2558 mirabilia
2702 2507 2854 2560 Jesus
2898 2505 3137 2559 Christus
3178 2505 3424 2558 Dominus
3471 2515 3648 2560 noster

2119 2597 2343 2662 operari.
2368 2596 2494 2648 Nam
2523 2597 2670 2649 nobis
2698 2597 2878 2649 beatus
2901 2598 3160 2664 quondam
3194 2595 3218 2632 ά
3249 2597 3472 2650 Faustus
3493 2598 3648 2650 Burn-

2121 2686 2326 2738 nitanus
2347 2689 2621 2752 episcopus
2641 2695 2911 2740 attestatus
2932 2701 3008 2740 es:
3032 2702 3218 2740 ctecam
3241 2687 3514 2754 quamdam
3537 2703 3648 2739 mu-

2119 2775 2297 2828 lierem
2327 2776 2664 2828 illuminatam
2698 2776 2878 2839 fuisse.
2913 2778 2995 2830 tibi
3039 2776 3150 2843 ipse
3175 2776 3355 2829 aderat
3394 2791 3645 2843 prmsens.

2190 2863 2298 2916 XII.
2345 2863 2630 2915 Pt-rsecutio
2660 2865 2714 2928 ﬁt
2737 2866 2917 2923 acrior.
2948 2893 3017 2903 —
3042 2865 3356 2918 Accenditur
3383 2873 3504 2932 post
3535 2864 3647 2918 lucc

2120 2951 2374 3003 adversus
2412 2951 2498 3003 Dei
2533 2952 2816 3005 Ecclesium
2839 2950 3153 3006 Geiserieus.
3182 2953 3333 3005 Mittit
3372 2952 3644 3006 Proculum

2119 3039 2394 3107 quemdam
2423 3040 2475 3092 in
2517 3040 2834 3106 provinciam
2863 3040 3222 3107 Zeugitanam,
3251 3042 3336 3108 qui
3359 3049 3647 3093 coarctaret

2119 3130 2182 3181 ad
2215 3128 2518 3181 tradendum
2556 3129 2838 3182 ministeria
2881 3130 3072 3191 divina,
3103 3131 3183 3182 vel
3209 3130 3368 3183 libros
3390 3140 3606 3183 cunctos
3626 3169 3643 3190 ,

490 3225 843 3287 lucraveruut,
869 3224 954 3276 ubi
984 3232 1134 3275 antea
1165 3236 1193 3273 a
1214 3214 1367 3274 nullo
1388 3222 1522 3274 fama
1551 3219 1830 3273 Christiani
1854 3219 2018 3271 nomi-
2043 3200 2092 3262 (ἶ
2125 3219 2322 3271 Domini
2363 3219 2678 3280 sacerdotes,
2727 3227 2780 3270 ut
2828 3219 2996 3285 primo
3020 3219 3177 3272 armis
3206 3220 3454 3282 nudaret,
3493 3220 3544 3272 et
3574 3219 3642 3271 ita

489 3313 573 3366 nis
592 3308 759 3366 fuerat
779 3312 1059 3381 divulgata.
1078 3312 1223 3365 Tuuc
1241 3311 1429 3365 deinde
1449 3310 1682 3379 cogitant
1701 3309 1824 3379 quid
1848 3310 2016 3374 fieret,

487 3469 709 3531 bertino,
739 3477 792 3521 et
813 3470 978 3521 altero
1003 3467 1231 3529 Martim,
1263 3466 1450 3532 quibus
1471 3464 1753 3517 conformis
1779 3473 1860 3517 est
1887 3479 2007 3515 ver-

487 3539 565 3587 sio
596 3537 901 3591 Bclforestii.
935 3536 1031 3588 Alii
1063 3551 1185 3587 vero
1211 3536 1438 3594 codices,
1470 3536 1615 3597 quasi
1645 3534 1730 3582 uni
1781 3532 2014 3584 Maxima:

488 3604 536 3656 id
565 3606 867 3656 miraculum
891 3603 1214 3668 contigisset,
1240 3601 1314 3650 sic
1338 3600 1527 3650 habent
1552 3615 1564 3648 :
1599 3597 1831 3668 Posthac
1852 3609 2017 3649 arcta-

487 3679 569 3722 tur
602 3670 820 3722 Maxima
849 3671 975 3721 dura
1007 3667 1252 3727 custodia,
1284 3668 1578 3784 cusfideque
1618 3667 1803 3717 crudeli
1845 3679 2011 3716 exten-

487 3741 641 3784 ditur-
669 3739 749 3784 cui
771 3753 902 3784 cum.
928 3747 1056 3784 etc._
1085 3750 1175 3784 oro
1206 3736 1344 3784 curui
1384 3743 1429 3784 ὶι.
1462 3734 1628 3784 Aliqui
1662 3733 1853 3784 habent
1891 3749 2011 3784 sem-

486 3741 642 3800 ditur,
669 3739 749 3788 cui
771 3753 903 3799 cum,
928 3747 1056 3801 etc.,
1085 3750 1175 3802 pro
1206 3733 1429 3798 cuspide.
1462 3734 1628 3800 Aliqui
1662 3733 1853 3802 habent
1891 3749 2014 3784 sem-

488 3821 593 3873 per.
648 3805 1016 3873 Porronostra
1074 3802 1226 3855 lectio
1266 3803 1600 3873 conlirmatur
1648 3816 1711 3852 ex
1755 3801 2011 3873 Usnardo,

488 3870 669 3926 Adone
697 3882 750 3925 et
787 3871 1037 3934 Notkero,
1083 3873 1169 3936 qui
1211 3870 1573 3935 compendium
1623 3871 1854 3936 martyrii
1895 3883 2015 3920 san-

487 3951 685 3993 ctorum
725 3941 956 3993 Maxima:
994 3949 1044 3992 et
1077 3943 1335 3991 sociorum
1373 3954 1433 3989 ex
1471 3937 1687 3988 Vit-toris
1719 3937 2014 3990 n..rratione

487 4020 700 4064 texuere
722 4010 770 4060 in
798 4009 903 4060 suis
925 4007 1326 4075 martyrologiis,
1355 4006 1437 4057 die
1459 4004 1519 4055 l6
1541 4007 1796 4075 Octobris.
1820 4007 2013 4059 Adonis

489 4080 643 4131 \erba
672 4079 782 4129 haec
807 4086 926 4129 sunt
968 4093 980 4128 :
1022 4072 1319 4128 Sanctorum
1360 4086 1632 4139 martyrum
1683 4072 1920 4125 Murtiani
1965 4086 2012 4126 et

485 4146 743 4214 bjatyriani
790 4161 900 4195 cum
942 4143 1150 4214 duobus.
1185 4159 1374 4214 corum_
1409 4144 1661 4214 fratribus,
1715 4147 1759 4192 et
1799 4146 2013 4214 egregia:

420 4247 425 4256 ι
485 4211 663 4265 Christi
690 4214 885 4265 ancilla:
932 4212 1165 4264 Maxima:
1196 4211 1422 4276 virginis.
1472 4212 1659 4274 (ληίην
1710 4212 1907 4278 nodosis
1933 4213 2014 4278 fu-

485 4283 634 4333 stibus
654 4283 784 4340 cmi,
807 4293 851 4332 et
873 4297 1023 4345 usque
1048 4284 1113 4330 ad
1138 4296 1246 4330 ossa
1269 4279 1464 4336 laniati,
1488 4295 1594 4327 cum
1620 4277 1773 4329 multo
1797 4277 2014 4342 terripOre

485 4351 605 4399 talia
636 4359 935 4414 paterentur,
967 4353 1181 4410 sequenti
1213 4349 1291 4396 die
1316 4362 1502 4407 semper
1541 4347 1808 4397 incolumes
1835 4350 2011 4398 redde-

486 4417 681 4466 bantur.
726 4415 848 4465 Post
891 4416 1040 4464 etiam
1079 4415 1207 4462 dura
1247 4416 1456 4462 carceris
1499 4415 1722 4461 custodia
1765 4415 2010 4476 damnati,

485 4497 598 4532 cum
619 4485 822 4546 fuissent
843 4483 1016 4530 arctati
1041 4481 1090 4529 in
1119 4494 1337 4540 nervum,
1368 4477 1617 4547 miragDci
1641 4481 1832 4547 virtute,
1849 4481 2012 4547 ingen-

468 4545 877 4614 ‘tium'lignorum
908 4557 1188 4611 putresccns
1212 4547 1373 4596 soluta
1397 4556 1466 4596 est
1494 4545 1754 4614 fortitudo,
1780 4561 1881 4598 etc.

557 4626 581 4691 ξ
612 4616 698 4669 Sic
735 4617 836 4666 duo
862 4628 1007 4691 nios.
1042 4614 1320 4691 Culliertini
1367 4629 1482 4666 cum
1509 4613 1782 4691 _Lor_it-hio.
1823 4615 2009 4691 Cmtgi

485 4679 905 4772 habei‘itlpmpriaI
931 4683 1194 4761 voluntate.
1245 4682 1479 4734 Nostram
1499 4679 2008 4772 le'Ction-emnconfii-
2043 4718 2084 4772 l)

483 4762 592 4805 ruat
622 4754 754 4812 Atio,
781 4753 865 4818 qui
895 4752 1007 4802 loco
1032 4751 1080 4801 itt
1112 4761 1230 4802 nota
1262 4752 1512 4816 superiori
1539 4751 1761 4816 laudato,
1779 4753 2006 4804 Maritum

485 4819 876 4886 niartyriuntex
908 4819 1111 4870 Victore
1151 4822 1226 4870 sic
1257 4825 1619 4885 prosequitur:
1650 4820 1727 4870 Ad
1755 4821 1887 4885 quod
1917 4822 2007 4870 mi-

484 4883 727 4942 raculum.
749 4883 970 4937 Maxima
993 4887 1171 4938 Christi
1196 4888 1406 4951 famula,
1427 4883 1526 4939 ante
1546 4883 2002 4952 libertati-dimissa,

485 4965 638 5006 muter
668 4955 972 5015 postmodum
1002 4955 1264 5005 multarum
1290 4956 1537 5021 virginum
1570 4953 1658 5005 Dei
1683 4956 1875 5019 effecta.
1900 4968 2002 5008 etc.

553 5023 577 5058 δ
607 5022 693 5073 Sic
737 5026 889 5073 etiam
933 5025 1081 5074 habet
1121 5022 1419 5083 Rhenanus.
1456 5025 1550 5074 nisi
1587 5027 1721 5088 quod
1760 5039 1850 5089 pro
1887 5039 2002 5076 con-

484 5091 688 5156 struitur
713 5089 864 5141 habet
884 5091 1214 5141 constituitur.
1247 5090 1393 5140 Colb.
1429 5092 1479 5151 1,
1507 5089 1766 5156 EIpletum
1795 5101 1865 5143 est
1893 5107 2003 5143 cum

484 5152 668 5227 gaudio
706 5161 841 5227 quod,
878 5159 1147 5227 petebatur.
1183 5158 1454 5227 Ordinatur
1496 5152 1736 5227 pontifex,
1769 5171 1870 5212 etc.
1917 5163 2003 5213 Sic

486 5224 595 5279 lere
619 5226 772 5275 habet
798 5224 930 5276 alter
951 5225 1095 5276 Coll).
1112 5225 1225 5294 Sed
1247 5225 1539 5294 Lorichius.
1557 5224 1794 5290 Expletur
1819 5230 2003 5294 gaudio

484 5296 540 5346 ob
570 5297 621 5344 id
657 5293 786 5358 quod
818 5295 1068 5358 petebatur
1091 5293 1316 5360 pontilex
1362 5293 1472 5343 Dei.
1506 5292 2001 5347 Construituneccle-

482 5365 579 5424 sia,
612 5373 712 5415 εις.

555 5443 576 5467 ε
608 5427 895 5481 (Lhiflletius
922 5434 974 5479 ct
1001 5425 1084 5478 alii
1111 5437 1215 5478 tres
1235 5426 1380 5486 editi,
1418 5428 1496 5492 qui
1529 5443 1638 5478 cum
1663 5448 1688 5480 e
1711 5429 1866 5481 vicino
1894 5447 2006 5482 cur-

483 5500 697 5549 rentibus
737 5496 946 5558 Mauris,
988 5511 1089 5546 σιω
1126 5502 1298 5544 mutuo
1332 5496 1683 5553 conspicerent.
1735 5499 1874 5558 Vale,
1900 5509 2002 5552 etc.

483 5566 568 5616 Sic
588 5569 741 5618 etiam
777 5567 963 5630 legisse
991 5564 1192 5614 videtur
1219 5561 1354 5631 Ado,
1385 5564 1470 5628 qui
1499 5563 1610 5614 loco
1648 5565 1754 5631 jam
1799 5567 2003 5618 laudato

484 5635 560 5682 sic
603 5634 753 5684 habet
795 5629 1027 5683 :iVicitto
1059 5629 1367 5682 currentibus
1406 5629 1661 5684 indomitis
1699 5634 1850 5695 equis,
1900 5636 2006 5685 ante

484 5701 604 5760 sibi,
629 5704 753 5762 ωας
792 5700 916 5752 nihil
945 5700 1124 5752 dicens
1154 5697 1218 5751 de
1246 5696 1537 5750 Maurorum
1566 5700 1790 5766 planctu.
1824 5704 1924 5756 Sed
1951 5712 2003 5755 et

2125 3309 2331 3362 facilius
2360 3309 2587 3361 inermes
2626 3309 2791 3361 hostis
2819 3309 3035 3362 collidus
3066 3309 3368 3376 captivaret.
3401 3317 3423 3344 ε
3445 3308 3644 3374 Quibus

2118 3479 2212 3530 ρπο
2240 3465 2582 3531 p'angeniibus
2611 3462 2820 3523 Mauris,
2853 3463 3008 3525 aliqui
3036 3463 3241 3515 codices
3272 3464 3479 3523 habent,
3499 3465 3643 3526 plau-

2116 3535 2343 3582 dentibus
2371 3531 2575 3581 Mauris.
2606 3533 2828 3595 Utraque
2855 3532 3004 3581 let-tio
3033 3531 3150 3583 ferri
3175 3539 3359 3595 potest.
3377 3533 3501 3584 Nam
3528 3532 3642 3592 har-

2117 3600 2227 3650 hari
2275 3599 2371 3659 illi,
2421 3599 2497 3648 vel
2541 3600 2697 3663 quod,
2731 3608 2785 3649 ut
2813 3614 2964 3662 supra
2995 3598 3184 3650 diclum
3230 3608 3330 3662 est,
3375 3602 3436 3650 ad
3484 3599 3639 3654 fidem

2115 3675 2289 3718 essent
2338 3669 2607 3732 conversi,
2654 3667 2733 3718 vel
2786 3667 3005 3718 naturali
3054 3668 3297 3719 omnibus
3346 3669 3644 3723 hominibus

2115 3735 2589 3804 commiseratione,
2631 3745 2684 3784 ιιι
2725 3734 2851 3785 alias
2882 3735 3068 3796 szt'pius
3117 3737 3164 3786 in
3204 3745 3490 3804 martyrum
3521 3753 3644 3804 ago-

2117 3803 2268 3852 nii-us
2316 3803 2518 3857 evenit.
2566 3816 2701 3864 mgrc
2747 3812 2986 3867 poterant
3031 3804 3205 3860 uidere
3256 3803 3492 3857 homines
3539 3803 3643 3858 tam

2113 3871 2272 3921 atroci
2302 3870 2552 3934 supplicio
2577 3869 2814 3928 afflictos,
2843 3873 3063 3921 maxime
3092 3871 3224 3936 quod
3251 3873 3370 3922 illud
3399 3873 3527 3924 adeo
3559 3889 3642 3936 pa-

2115 3940 2302 3990 tienter
2350 3939 2542 3989 ferrent
2588 3949 2864 4003 martyres.
2912 3938 3164 3989 Plaudere
3201 3939 3355 3990 etiam
3404 3950 3645 4003 poterant

2114 4021 2218 4070 prie
2247 4007 2434 4073 gaudio
2463 4021 2564 4070 quo
2602 4006 2734 4057 allici
2763 4005 2998 4056 solebant
3040 4005 3274 4068 homines
3301 4017 3635 4058 cruentornm

2112 4077 2518 4140 spectaculorum
2542 4074 2987 4139 certaminumque
3008 4073 3309 4124 avidissimi.
3328 4073 3489 4124 I’orro
3513 4089 3644 4140 qua-

2113 4153 2229 4195 tuor
2278 4145 2460 4195 horum
2507 4141 2718 4192 fratrum
2763 4143 2913 4193 simul
2957 4151 3010 4193 et
3038 4141 3268 4192 Maxima:
3309 4141 3641 4193 festivitatem

2111 4213 2374 4263 celebrant
2403 4211 2606 4274 vulgata
2637 4211 3002 4276 martyrologia
3031 4210 3114 4262 die
3146 4208 3209 4260 16
3238 4209 3496 4276 Octobris,
3526 4210 3643 4277 qui-

2113 4279 2208 4328 bus
2238 4279 2286 4329 in
2315 4279 2573 4330 nonnullis
2610 4279 2988 4345 martyrologiis
3026 4277 3108 4327 alii
3137 4277 3239 4330 270
3263 4287 3516 4344 martyres
3543 4278 3637 4328 ad-

2107 4346 2412 4411 junguutnr.
2435 4346 2526 4397 Sl'd
2555 4350 2637 4412 qui
2664 4347 2712 4396 iu
2745 4347 2843 4396 alia
2867 4346 3227 4411 persecutione
3250 4347 3382 4409 passi
3411 4346 3638 4398 luerunt.

2180 4412 2203 4446 ά
2235 4414 2380 4464 Mart.
2397 4412 2542 4463 Orth.
2561 4421 2611 4464 et
2628 4411 3222 4472 Lerichius,Faustinus.
3245 4414 3403 4477 Major
3416 4413 3643 4465 estdil'fi-

2112 4482 2276 4530 cultas
2311 4482 2374 4530 de
2420 4482 2576 4543 ipsius
2619 4479 2756 4530 sedis
2793 4480 3019 4530 numine.
3063 4480 3254 4530 Omnes
3299 4480 3407 4532 fere
3446 4480 3644 4533 habent

2163 4549 2215 4614 ο
2239 4547 2588 4597 Βιιι-οιιὶιαηιιδ.
2608 4546 2899 4604 Legeudum
2932 4548 3060 4614 forte
3083 4545 3436 4597 Buronitanus.
3455 4547 3508 4598 In
3534 4549 3644 4599 col-

2115 4613 2201 4666 lat.
2231 4616 2473 4680 (Zartltag.
2497 4630 2609 4679 cap.
2641 4617 2737 4666 198
2760 4614 2940 4677 adfuit,
2971 4613 3190 4663 Donatus
3221 4616 3478 4681 episcopus
3509 4614 3642 4666 Buc-

2111 4685 2431 4734 coniensis'cx
2456 4692 2596 4744 parte
2618 4682 3017 4734 Donatistarum.
3043 4682 3292 4732 Buccunm
3320 4693 3490 4732 autem
3518 4685 3645 4734 urbs

2111 4761 2223 4804 erat
2248 4751 2498 4803 Numidim
2523 4767 2682 4815 suam
2716 4751 2849 4801 inter
2879 4750 3029 4809 hu;us
3063 4749 3642 4815 rroviucuugcpiscopos

2113 4832 2412 4875 recensetur
2437 4820 2487 4871 in
2519 4813 2704 4870 Nolitia
2749 4819 2987 4874 Africana
3023 4817 3306 4868 Vitalianus
3339 4813 3641 4870 Bocconim~

2109 4890 2198 4945 sis.
2244 4891 2543 4948 Anonymus
2592 4888 2863 4940 Ravennas
2918 4888 3053 4938 inter
3105 4889 3257 4937 nrbes
3303 4885 3640 4948 Mauritaniui,

2108 4972 2262 5023 quam
2291 4947 2596 5009 Gaditanam
2638 4957 2882 5023 appellat,
2915 4957 3004 5006 lih.
3041 4969 3114 5015 Ill,
3149 4969 3290 5004 num.
3323 4954 3407 5023 11,
3442 4947 3638 5007 turrem

2111 5022 2332 5078 Bucouis
2359 5035 2628 5077 memorat.
2673 5022 2749 5076 An
2794 5040 2855 5075 ex
2905 5039 2963 5074 ea
3010 5023 3344 5074 Buconitanus
3369 5022 3537 5074 dictus
3564 5034 3643 5073 cst

2106 5094 2421 5160 episcopus?
2450 5093 2611 5160 Porro
2637 5092 2784 5143 Colb.
2808 5089 2862 5153 2,
2910 5090 3180 5160 Loric_bius
3222 5095 3275 5160 et
3316 5091 3424 5160 alii,
3452 5091 3644 5160 habent

2111 5157 2470 5212 Burtinitmtus.
2512 5159 2690 5210 Adfuit
2729 5160 2779 5210 in
2827 5160 3004 5209 collat.
3037 5157 3428 5226 Cartliaginensi
3471 5159 3642 5222 capite

2108 5229 2207 5280 I53
2233 5227 2457 5279 Donatus
2479 5230 2612 5291 epist:
2633 5244 2738 5290 :pus
2769 5227 3223 5291 ρἐὸὶδ,11ιιι-ἱιιιιι.,
3254 5242 3406 5292 quam
3459 5229 3639 5278 urbem

2110 5296 2319 5348 incerta:
2369 5299 2646 5362 provinciae
2691 5295 2848 5346 fuisse
2892 5295 3015 5345 dicit
3055 5293 3293 5346 Morisius
3327 5295 3377 5345 in
3420 5307 3638 5345 censura

2110 5364 2366 5420 Garuerii,
2390 5365 2625 5428 quamvis
2647 5378 2758 5415 eam
2785 5363 2847 5413 ad
2881 5362 3298 5427 proetin~ularem
3323 5362 3639 5426 pertinuisse

2111 5434 2424 5497 suspicetur,
2455 5446 2672 5495 eamque
2701 5434 2859 5494 ipsam
2892 5445 3010 5481 esse
3052 5429 3198 5494 cujus
3226 5433 3498 5496 episcopus
3524 5428 3641 5497 Cre-

2111 5499 2324 5551 sciturus
2372 5498 2637 5549 Busitanus
2678 5499 2984 5561 subscripsit
3022 5499 3279 5564 S)lt(idlCIB
3326 5498 3376 5549 in
3420 5496 3641 5549 concilio

2112 5567 2275 5619 sancti
2306 5567 2506 5617 Martini
2534 5569 2734 5620 actione
2754 5569 2806 5619 ‘2.
2840 5566 2943 5618 Sed
2974 5567 3054 5617 hic
3078 5569 3186 5631 epis
3220 5579 3373 5631 Opum
3413 5566 3639 5630 aliquem

2111 5649 2139 5685 e
2172 5635 2472 5686 Mauritania
2502 5635 2838 5696 indicare,uti
2872 5636 3096 5699 videtur,
3128 5634 3302 5685 Victor
3329 5631 3511 5682 voluit.

2181 5711 2204 5736 θ
2238 5701 2525 5765 Lorichius,
2554 5703 2674 5764 Quis
2700 5720 2792 5754 non
2826 5716 2981 5756 oosset
3006 5701 3264 5754 condolcre
3287 5699 3616 5751 clamantibus
