4358 6442
476 414 575 469 861

646 530 771 585 Sive
799 537 854 583 tu
878 540 1117 582 mensam
1140 539 1356 588 renuas,
1384 524 1630 577 cibumve

928 622 1154 674 Sumere
1182 627 1376 682 tentes,

649 709 851 768 Annuit
884 708 1268 770 dexterﬂeus,
1296 715 1351 760 et
1377 704 1619 760 secundo

643 800 806 872 335.
829 799 1118 868 Prosperat
1143 798 1288 852 vultu
1315 813 1328 850 :
1363 797 1507 849 velut
1540 795 1642 849 hoc
1671 794 1888 849 salubre

649 891 886 947 Fidimus
908 889 1062 944 nobis
1090 886 1227 950 fore,
1261 885 1400 954 quod
1423 884 1629 939 dicatas

925 979 1208 1050 Carpimus
1229 991 1400 1033 escas.

641 1078 724 1133 Sil.
745 1078 967 1140 bonum,
997 1075 1222 1144 supplex
1245 1085 1457 1141 precor,
1485 1082 1538 1126 et
1563 1069 1829 1126 medelam

642 1165 897 1222 Conferat
922 1162 1197 1228 membris,
1231 1162 1574 1226 animumque
1599 1166 1782 1225 pascat

643 1259 870 1326 Sparsus
893 1255 946 1308 in
979 1266 1143 1308 venas
1170 1252 1320 1308 cibus
1354 1250 1738 1305 obsecrantum

467 1349 537 1404 80
928 1341 1391 1399 Christicolarum.

508 895 540 949 5

1552 404 2098 462 CATIIEMERINUN
2142 405 2231 459 IX.
2277 403 2442 458 (‘MNI
2484 403 2692 457 llOllA.

2089 531 2137 586 A

3649 408 3759 466 δὸἱ

2529 518 2620 572 ΙΧ.
2667 517 2951 574 ιιῑιικυε
2984 517 3144 572 ΟΜΝΙ
3189 517 3392 572 ΙΙΟΒᾹ.

2345 640 2446 702 Da,
2481 655 2632 708 puer,
2667 640 2951 708 plectrum.
2977 639 3189 693 choreis
3205 650 3260 692 ιιι
3291 654 3479 694 canam
3511 641 3754 698 ﬁdelibus

2335 741 2495 811 335
2529 740 2692 794 Dulce
2717 753 2957 800 carmen,
2999 748 3053 792 ct
3082 739 3373 805 melodum,
3421 750 3569 809 gesta
3596 743 3755 798 Chri-

3311 837 3398 910 [sti
3432 839 3680 910 insignia.

2336 942 2488 998 llnnc
2509 954 2752 996 eumcena
2781 949 2964 996 nostra
2997 940 3170 995 solum
3232 950 3448 1011 pangat,
3473 942 3617 996 hunc
3647 943 3756 997 lau-

3411 1043 3523 1116 [det
3547 1043 3682 1114 lyra.

2476 1142 2722 1198 Christus
2752 1151 3032 1214 est,quem
3064 1158 3157 1198 rex
3176 1142 3428 1199 sacerdos
3448 1143 3755 1199 adfuturum

3420 1243 3687 1315 [protinus

2157 1344 2191 1399 5
2339 1343 2596 1400 lnl‘ulatus
2623 1343 2945 1401 concinebat
2970 1358 3122 1411 vore,
3147 1344 3373 1411 chorda,
3403 1356 3455 1400 et
3478 1357 3752 1417 tympano,

1760 1449 2048 1507 (ΠιΟὸεῶ
2092 1452 2434 1512 VETERES.

535 1575 626 1630 7'5.
655 1570 872 1636 Annuit,
905 1568 1172 1624 consentit.
1198 1586 1268 1606 -ἀ
1295 1564 1507 1624 Dexter.
1555 1577 1787 1632 prosper.
1830 1590 1902 1601 -
1942 1561 2045 1617 se-

464 1646 666 1709 eundo,
699 1655 963 1709 prospera,
993 1640 1030 1692 Ι.

537 1715 626 1769 ⁸η.
653 1707 838 1776 Velut,
871 1711 1022 1773 sicut,
1047 1707 1090 1761 l.

535 1784 624 1838 77.
657 1783 885 1846 Bonum,
925 1780 1085 1843 cibus,
1127 1777 1168 1832 l.

535 1854 620 1908 79.
655 1844 906 1920 Sparsus,
939 1850 1052 1917 ipsa
1083 1864 1217 1920 esca,
1248 1847 1323 1900 vel
1346 1844 1510 1912 cibus,
1539 1845 1578 1898 l.

537 1925 589 1977 1.
618 1910 777 1984 Puer,
807 1910 1021 1972 Christe.
1063 1947 1124 1961 ρ-
1154 1917 1443 1981 Plectrum,
1473 1910 1567 1983 pro
1589 1916 1784 1985 lingua.
1807 1944 1876 1954 —
1902 1910 2046 1967 Cho-

465 1992 594 2059 rcii,
617 1991 847 2056 canicis,
877 1989 914 2044 Ι.

2223 1563 2278 1616 2.
2309 1562 2601 1629 Melodum,
2628 1565 2957 1629 modulabile,
2990 1565 3029 1620 l.

2226 1633 2276 1686 5.
2309 1633 2709 1705 Ρειιιεωηιοιιει.
2733 1665 2803 1675 —-
2825 1635 2987 1705 Lyra,
3012 1636 3200 1690 dicitur
3220 1652 3252 1689 α
3277 1637 3516 1690 varietate
3535 1636 3755 1690 chorda-

2155 1720 2270 1757 rum
2287 1721 2306 1757 :
2341 1704 2684 1774 lyritrGrtcce
2711 1706 2947 1760 varietas.

2225 1773 2280 1828 4.
2312 1773 2450 1838 Rex,
2480 1773 2664 1839 Dauid,
2712 1776 2750 1830 Ι.
2781 1803 2851 1814 -
2873 1775 3159 1836 Sacerdos.
3196 1773 3384 1840 David,
3419 1777 3506 1844 qui
3528 1777 3625 1842 fuit
3673 1794 3755 1831 sa-

2153 1850 2354 1964 :erdaz,
2385 1844 2506 1914 quia
2536 1844 2705 1911 ephod
2741 1847 2950 1899 vestitus
2992 1844 3196 1899 saltavit
3238 1862 3411 1900 coram
3459 1864 3582 1900 arca
3636 1848 3734 1902 Dei

2204 1924 2274 1964 at.
2353 1955 2366 1964 .

2183 1914 2274 1965 Fat.
2304 1917 2366 1967 Α.

2224 1984 2278 2038 5.
2311 1984 2592 2050 lnlulatus,
2645 1995 2777 2039 veste
2798 1986 3106 2040 sacerdotali
3126 1985 3361 2054 indutus,
3389 1987 3496 2042 lso.

1814 2101 2384 2158 COMMENTARIUS.
2590 2134 2634 2179 ς,

465 2204 772 2274 coniecerat
798 2221 1046 2270 remaves,
1077 2211 1133 2257 ct
1161 2216 1304 2256 vers.
1335 2215 1476 2274 seq.,
1508 2212 1670 2256 tentus
1713 2217 1729 2253 :
1762 2198 1957 2274 frustra
1988 2211 2048 2255 ut
2085 2205 2129 2262 Β
2159 2200 2269 2252 ullo
2291 2198 2900 2274 vocalium__concursu_
2927 2199 3265 2274 Alcmanium
3291 2210 3365 2274 _et
3403 2201 3754 2274 ‘Euripidium

465 2272 649 2342 postea
682 2277 854 2330 lassus
882 2285 986 2336 est,
1023 2289 1142 2326 nam
1176 2288 1302 2327 vera
1337 2272 1496 2326 lectio
1531 2281 1614 2326 est
1657 2287 1866 2324 renuas.
1906 2272 2048 2325 idem

465 2341 518 2400 in
546 2347 657 2400 suis
692 2347 1076 2399 vetustioribus
1119 2343 1318 2410 reperit
1355 2344 1640 2409 cibumque.
1684 2341 1737 2394 in
1787 2343 2053 2396 recentio-

466 2416 618 2470 ribus
638 2415 879 2469 cibumce.
901 2415 1012 2468 Hoc
1035 2422 1362 2482 postremum
1397 2413 1446 2465 in
1480 2412 1676 2465 nostris
1706 2426 1898 2465 sensus
1921 2427 2050 2467 con-

466 2487 665 2540 ﬁrmat.
698 2485 793 2538 Est
820 2485 964 2538 enim
987 2481 1270 2541 sententia.
1302 2483 1403 2536 sive
1435 2496 1672 2535 mensam
1699 2497 1912 2543 renuas,
1948 2484 2053 2535 site

463 2555 643 2610 οειιιιιιι
673 2569 878 2618 sumas,
906 2570 970 2610 ex
1002 2552 1180 2608 verbis
1206 2553 1467 2620 Apostoli.
1493 2551 1711 2606 Teulius
1743 2551 1870 2619 legit
1896 2568 2049 2606 rena-

464 2641 571 2691 ues,
603 2626 830 2680 cibumve
856 2639 1056 2679 sumere
1080 2631 1290 2682 temptes
1318 2636 1437 2676 eum
1463 2637 1570 2674 uno
1616 2621 1738 2676 Vat.
1788 2623 2025 2688 antiquis

463 2695 624 2761 sima,
654 2706 708 2750 et
726 2694 984 2749 Weitzio.
1003 2691 1109 2748 Sed
1132 2691 1393 2747 Wcitzius
1415 2693 1558 2746 clare
1583 2691 1740 2744 habet
1763 2691 2048 2759 cibumque,

464 2774 518 2819 et
543 2765 612 2818 ita
635 2765 796 2819 etiam
824 2764 942 2822 Vat.
976 2763 1401 2830 antiquissimus,
1435 2763 1477 2816 si
1509 2772 1592 2816 est
1616 2761 1739 2814 Vat.
1776 2761 1816 2823 l,
1852 2771 2052 2817 utesse

467 2846 616 2903 puto.
637 2834 748 2890 Nec
775 2833 1106 2902 placetquod
1133 2832 1274 2889 idem
1299 2834 1460 2888 sumit
1487 2840 1697 2903 temptes
1721 2847 1816 2903 pro
1833 2843 2048 2900 temnes,

462 2901 588 2959 nam
615 2916 827 2974 temptes
848 2901 994 2960 idem
1009 2914 1089 2960 est
1113 2919 1174 2957 ac
1190 2914 1373 2967 tentes,
1392 2905 1442 2956 in
1465 2902 1634 2956 vett-ri
1662 2901 1931 2974 scribendi
1962 2917 2017 2956 ra
2033 2933 2048 2945 ο

465 2976 632 3038 tione,
662 2973 767 3030 non
800 2976 1246 3044 frequentatiVum
1280 2985 1518 3044 aiteuma.
1547 2973 1864 3026 Parrhasius
1893 2974 2050 3028 nobis

464 3046 627 3107 lavet,
658 3047 753 3100 sed
787 3043 1058 3115 non’hene
1080 3053 1238 3115 lentas
1265 3043 1431 3115 edidit
1459 3060 1552 3110 pro
1585 3052 1761 3096 lentes.

538 3119 625 3170 77.
653 3117 886 3181 Dixerat,
922 3113 1034 3169 iure
1059 3113 1271 3168 salubre
1296 3114 1390 3166 hoc
1411 3116 1765 3180 qttod~dicatas
1792 3113 2049 3176 carpimus

463 3203 625 3249 escas,
657 3197 810 3254 prout
839 3187 1039 3239 lidebat
1075 3205 1088 3240 :
1120 3197 1366 3249 precatur
1397 3195 1451 3254 ut
1484 3184 1584 3254 hoc
1625 3184 1796 3254 ipsum
1847 3184 1917 3234 sit
1949 3185 2052 3236 rei-

465 3270 560 3324 psa
589 3253 824 3320 salubre,
862 3260 1080 3317 bonum,
1108 3257 1358 3308 faustum.
1396 3253 1469 3306 Ex
1506 3253 1732 3306 formula
1771 3254 2050 3319 auspicato

463 3327 660 3393 aliquid
682 3327 991 3388 inchoauili,
1012 3325 1160 3391 Quod
1175 3324 1379 3387 bonum,
1399 3324 1522 3393 felix
1536 3324 2046 3390 fortunatumquesit.

465 3397 525 3450 In
547 3399 698 3450 Alex.
726 3407 779 3449 et
808 3397 957 3458 Urb.,
981 3413 1126 3448 amen
1156 3406 1274 3466 pust
1299 3396 1440 3466 hunc
1463 3395 1717 3462 hymnum
1742 3394 2046 3466 ast-ribitur.

613 3466 891 3532 Inscriptio
933 3467 965 3519 9
997 3462 1177 3537 hymni
1211 3483 1315 3537 non
1345 3464 1533 3537 eadem
1566 3462 1814 3537 ρει-ειμιιά
1839 3477 2047 3537 omnes.

466 3536 658 3601 Aldus,
716 3538 783 3589 ad
823 3553 993 3590 omnes
1033 3533 1221 3590 'horas.
1270 3535 1408 3587 Vatt.
1457 3535 1517 3593 ll.
1566 3533 1602 3596 1,
1661 3533 1808 3595 “aL,
1854 3534 2048 3600 llong.,

465 3607 702 3670 Tltuan.,
731 3609 868 3660 enini
899 3613 1043 3660 hora.
1074 3609 1273 3667 0xon.,
1300 3606 1531 3658 omnibus
1557 3603 1719 3657 horis.
1764 3604 1930 3666 llott.,
1957 3606 2052 3674 hy-

462 3694 615 3729 mnus
636 3694 832 3745 semper
853 3679 1128 3732 canendus.
1155 3678 1291 3745 Gis..
1325 3677 1542 3744 hymnus
1573 3675 1712 3726 omni
1732 3673 1880 3745 hora,
1907 3686 2054 3740 atque

463 3749 569 3810 die,
601 3757 653 3801 et
683 3743 750 3800 ad
778 3763 971 3816 marg.,
1007 3749 1069 3799 de
1093 3743 1592 3816 miraculis'CIn-isti.
1613 3744 1935 3813 Spiegelius,
1962 3745 2050 3812 qui

464 3820 520 3872 in
546 3817 734 3871 codice
791 3815 1099 3886 Petttingeri
1157 3819 1359 3871 invenit
1390 3817 1526 3886 omni
1575 3815 1724 3886 liora,
1766 3826 1812 3868 et
1855 3817 1915 3886 diu
1949 3816 2051 3866 alio

460 3890 779 3957 exemplari,
815 3887 922 3941 Ode
948 3883 1012 3942 de
1043 3890 1195 3958 gestis
1224 3897 1270 3943 et
1294 3885 1558 3939 miraculis
1584 3883 1807 3945 Christi;
1832 3885 1900 3958 in
1933 3886 2048 3958 aliis

461 3973 592 4012 vero
619 3956 1307 4028 exemplaribusfﬂymnus
1336 3958 1402 4010 ad
1434 3973 1604 4009 omnes
1630 3957 1782 4020 horas
1804 3956 1869 4008 de
1893 3956 2050 4008 mira-

461 4030 595 4080 culis
650 4027 874 4090 Christi,
928 4029 1068 4082 bunt:
1110 4027 1436 4096 postremum
1497 4028 1704 4079 titulum
1759 4028 2049 4093 przegosuit

462 4099 739 4152 uberrimo
767 4101 1156 4154 commentario
1204 4101 1253 4154 iu
1291 4100 1428 4152 hunc
1460 4097 1741 4166 hymnum.
1788 4098 1850 4147 ad
1885 4113 2044 4163 quem

465 4171 848 4234 perliciendum
887 4185 1015 4223 usus
1045 4179 1127 4224 est
1149 4170 1336 4224 codice
1367 4167 1669 4234 Peutingéri
1699 4168 1956 4225 absolute.
1992 4177 2046 4219 ut

459 4239 562 4306 ait,
594 4241 873 4292 uetustatis.
905 4241 1080 4293 Alium
1108 4240 1316 4294 titulum
1347 4257 1361 4292 :
1407 4238 1482 4290 De
1522 4239 1782 4291 miraculis
1808 4238 2046 4293 Saltato-

459 4309 536 4392 ris
574 4310 939 4392 _ttoptri."vide
986 4311 1192 4392 proleg.
1240 4326 1387 4392 rrum.
1446 4309 1566 4362 ιοδ.
1617 4308 1733 4392 vat:
1782 4310 1848 4371 Α,
1896 4308 2044 4392 P_ut.,

463 4379 678 4442 Ambr.,
724 4379 916 4433 Wi-itz.
969 4389 1024 4434 et
1068 4379 1183 4446 alii,
1238 4381 1479 4450 "gamus
1521 4380 1684 4450 omnis
1714 4379 1873 4440 hertz,
1906 4379 2048 4432 sicut

458 4451 601 4504 solet
630 4451 750 4514 dici,
783 4453 932 4503 homo
963 4453 1184 4504 omnium
1233 4448 1492 4503 horarum.
1547 4448 1610 4502 Et
1637 4465 1756 4502 cum
1791 4449 2046 4502 bat-tenus

459 4520 781 4574 Prudentius
815 4521 1041 4588 hymnos
1068 4522 1221 4574 statis
1251 4521 1394 4573 boris
1433 4521 1703 4573 canendos
1748 4519 2043 4583 scripserit,

460 4591 608 4644 hunc
640 4589 798 4644 olli-rt
827 4606 922 4658 pro
957 4591 1189 4659 qualibet
1219 4592 1323 4645 dici
1360 4592 1508 4642 hora.
1563 4589 1876 4642 Mozarabcs
1910 4592 2047 4641 hune

461 4661 721 4730 hymnum
759 4662 988 4714 recitant
1018 4661 1070 4716 in
1116 4663 1512 4716 resurrectione
1549 4659 1759 4730 Domini
1804 4669 1858 4713 ct
1900 4661 2046 4713 feriis

458 4731 833 4797 sequentibus,
861 4732 949 4798 qui
984 4731 1036 4784 iu
1071 4732 1308 4786 editione
1357 4731 1557 4785 recenti
1591 4729 1846 4784 Breviarii
1882 4730 2048 4783 Isido-

461 4801 601 4856 riani
626 4812 799 4855 exstat
829 4816 947 4869 pag.
979 4803 1085 4856 585
1107 4810 1160 4856 et
1191 4817 1310 4869 pag.
1335 4817 1457 4856 xcrx
1480 4801 1620 4854 inter
1643 4801 2046 4869 Itylttntts,5lr0-

463 4872 692 4939 plltll'llm
715 4872 904 4926 ordine
928 4872 1263 4939 aliquatenus
1286 4873 1518 4926 inverso.
1545 4869 1828 4924 Vat-iantes
1861 4871 2044 4924 lectio-

2158 2269 2513 2342 continuavit.
2543 2269 2674 2342 Vide
2697 2269 3074 2342 etiamrbymn.
3101 2270 3123 2325 1
3165 2270 3260 2342 lib.
3291 2271 3486 2342 Perist.
3517 2271 3754 2328 Crinitns

2157 2338 2300 2394 inter
2325 2339 2562 2462 hymnos
2604 2339 2902 2401 Prudentii,
2927 2338 3065 2410 quos
3108 2339 3371 2396 celebrari
3409 2343 3624 2404 asserit,
3672 2359 3755 2400 re-

2157 2422 2334 2462 cvnset
2383 2423 2623 2462 tvmnum
2656 2408 2734 2462 De
2763 2413 2917 2462 uestis
2945 2420 2991 2462 et
3034 2410 3298 2462 miraculis
3321 2410 3534 2462 Christi.
3562 2413 3753 2462 Fabri-

2156 2422 2334 2464 eenset
2365 2408 2623 2480 hymnum
2656 2408 2734 2463 De
2763 2413 2917 2480 gestis
2945 2408 2991 2464 et
3034 2410 3298 2465 miraculis
3321 2410 3534 2467 Christi.
3562 2413 3753 2468 Fabri-

2157 2479 2271 2534 cius
2296 2479 2439 2534 bunc
2469 2482 2728 2550 hymnum
2761 2479 3109 2548 expositurus
3149 2482 3421 2547 inscripsit
3454 2499 3469 2536 :
3505 2481 3665 2536 Piran
3689 2484 3755 2536 de

2156 2552 2255 2603 vita
2282 2560 2329 2604 et
2359 2559 2523 2602 morte
2549 2550 2761 2612 Christi,
2791 2562 2976 2618 postea
3001 2565 3130 2606 vero
3157 2551 3360 2606 addidit
3389 2569 3401 2604 :
3432 2553 3586 2606 Omni
3628 2553 3754 2606 hora

2154 2631 2303 2684 atque
2328 2621 2432 2674 die.
2470 2619 2625 2674 Paean
2664 2628 2749 2675 est
2797 2636 3014 2676 carmen
3055 2622 3465 2689 gratulatorium
3528 2637 3751 2692 prop'er

2157 2701 2364 2757 partam
2404 2691 2637 2758 aliquam
2697 2693 3007 2754 victoriam,
3058 2692 3202 2758 quod
3260 2691 3479 2746 Christo
3518 2691 3753 2748 maxime

2155 2762 2422 2828 congruit.
2457 2760 2670 2816 Nemini
2710 2760 2939 2816 fortasse
2979 2763 3032 2815 in
3073 2771 3309 2818 mentem
3349 2763 3557 2817 venerit
3587 2763 3754 2818 inter-

2157 2833 2384 2902 pretatio
2405 2832 2601 2902 glossm
2636 2850 2649 2885 :
2685 2831 2850 2890 Pusn.
2877 2832 3099 2887 Christe.
3139 2833 3466 2887 Prudentius
3497 2849 3646 2889 more
3675 2835 3753 2902 ly-

2157 2901 2390 2956 ricorum
2433 2912 2712 2969 poetarum
2748 2919 2965 2956 servum
2995 2913 3174 2967 Vocat,
3205 2903 3294 2970 qui
3325 2903 3585 2970 plectrum
3617 2901 3750 2958 alle-

2156 2984 2259 3026 rat.
2293 2972 2569 3028 Fabricius
2591 2972 2667 3025 ait
2696 2974 2999 3040 respexisse
3023 2973 3087 3025 ad
3121 2973 3568 3028 consuetudinem
3613 2978 3752 3027 anti-

2157 3057 2405 3112 quorum,
2433 3054 2489 3097 ut
2539 3044 2690 3110 pueri
2725 3044 2834 3112 lyra
2872 3050 3162 3102 canerent.
3212 3051 3303 3094 aut
3346 3059 3513 3108 puero
3543 3043 3750 3098 cithara

2158 3111 2401 3173 ludenle,
2436 3113 2524 3167 alii
2566 3111 2862 3175 cauerent;
2907 3112 3048 3178 Quod
3098 3122 3310 3165 constat
3347 3128 3414 3166 ex
3464 3114 3747 3168 Albeuaéo.

2157 3179 2297 3234 Puer
2315 3183 2553 3250 antiquis
2578 3193 2661 3236 est
2682 3196 2895 3245 servus,
2926 3183 3038 3235 sive
3069 3181 3319 3244 fatuttlus,
3351 3183 3462 3236 fere
3492 3193 3549 3237 ut
3582 3200 3746 3246 nunc.

2158 3252 2343 3305 Italico
2365 3263 2418 3304 et
2445 3253 2732 3317 Hispanico
2764 3252 3037 3314 idiomate,
3071 3252 3106 3304 ii
3129 3259 3216 3318 qui
3267 3253 3511 3306 serviunt
3548 3256 3747 3320 giaviue

2155 3329 2210 3373 et
2240 3338 2383 3374 mozo
2411 3323 2770 3390 appellantur.
2800 3322 3072 3379 Horatius.
3099 3322 3191 3374 lib.
3226 3339 3262 3386 ι,
3295 3323 3394 3373 uda
3442 3323 3539 3377 58:
3570 3323 3740 3376 Persio

2155 3407 2240 3443 cos
2266 3394 2371 3454 odi,
2406 3409 2554 3458 puer,
2579 3401 2894 3462 apparatus;
2921 3403 2973 3444 et
3007 3392 3097 3444 lib.
3127 3407 3164 3448 ι,
3194 3407 3356 3444 δοιιη.
3399 3395 3487 3448 l0:
3525 3393 3562 3456 I,
3596 3411 3740 3462 putr,

2157 3472 2305 3530 atque
2328 3478 2439 3513 meo
2463 3465 2592 3514 citus
2633 3461 2742 3514 Ittrc
2766 3461 3022 3514 subscribe
3057 3461 3243 3514 libello.
3280 3461 3614 3529 Pmpcrtius,
3650 3465 3743 3518 lib.

2156 3546 2235 3592 ιιι,
2281 3532 2541 3601 elngO:
2571 3530 2768 3600 l,ptter.
2802 3543 2847 3584 et
2889 3533 3019 3584 citus
3041 3532 3150 3584 htcc
3179 3534 3353 3600 aliqua
3401 3550 3630 3601 propone
3659 3551 3743 3585 co-

2160 3602 2355 3673 lumna.
2386 3602 2462 3655 Ex
2495 3603 2617 3671 jure
2647 3603 2789 3655 civili
2822 3603 2936 3656 hme
2961 3604 3070 3668 ipsa
3097 3603 3418 3667 signiﬁcatio
3449 3605 3740 3673 colligitur.

2159 3670 2214 3722 lu
2245 3674 2412 3726 sacris
2436 3670 2649 3741 quoque
2682 3673 2875 3726 litteris
2906 3674 3045 3726 idem
3078 3688 3193 3725 mos
3223 3670 3744 3729 observaturmen

2158 3751 2234 3794 tra
2270 3754 2415 3808 pulo,
2453 3762 2477 3794 ιι
2507 3744 2809 3796 senioribus
2842 3743 3024 3798 ltalicc
3047 3755 3098 3796 et
3125 3743 3410 3808 lltspauice
3459 3747 3652 3813 signari
3691 3761 3742 3798 et

2154 3830 2354 3865 stt-ires
2383 3815 2664 3879 appellari,
2699 3814 2788 3882 qui
2821 3815 3023 3867 dutttiui
3077 3825 3221 3866 sunt.
3253 3813 3386 3867 Cum
3431 3818 3571 3868 enim
3614 3817 3740 3868 τυιίιιι

2152 3885 2333 3937 senior
2355 3902 2382 3935 ιε
2418 3885 2581 3938 domo
2612 3896 2703 3937 aut
2735 3886 2931 3936 familia
2959 3885 3204 3937 dominus
3253 3901 3433 3938 rerum
3470 3896 3638 3948 esset,
3689 3898 3741 3937 et

2150 3956 2578 4009 antonomastice
2646 3958 2816 4006 senior
2866 3965 3168 4013 vocaretur,
3206 3955 3348 4008 illisit
3389 3957 3509 4008 inde
3555 3972 3615 4009 ea
3644 3972 3740 4009 vox

2149 4024 2215 4076 ad
2248 4040 2340 4078 eos
2367 4041 2554 4078 omnes
2589 4027 2675 4092 qui
2713 4026 3055 4078 facultatibus
3084 4037 3266 4079 essent
3306 4028 3534 4093 praediti.
3563 4027 3634 4079 Ila
3661 4027 3739 4080 di-

2152 4093 2293 4148 vitia:
2321 4105 2561 4147 naturam
2591 4110 2789 4163 susque
2819 4099 2993 4163 deque
3023 4104 3240 4148 vertunt
3262 4140 3274 4154 .
3308 4099 3658 4162 adiciuntque
3685 4113 3736 4148 ιιι

2149 4175 2196 4217 el
2230 4179 2388 4220 senes
2421 4182 2709 4231 puerorum
2755 4167 3016 4219 vocabulo
3060 4175 3332 4226 notmtur.
3385 4178 3437 4218 ct
3476 4168 3623 4234 pueri
3665 4183 3725 4220 se

2150 4235 2360 4288 nierum
2398 4238 2614 4306 nomine
2650 4239 2934 4305 gaudeant.
2966 4237 3018 4289 ln
3058 4238 3329 4290 nonnullis
3373 4241 3519 4306 vnlg.
3550 4253 3738 4304 perpc~

2150 4321 2264 4358 ram
2293 4305 2483 4374 ﬁdibus
2524 4322 2619 4375 pro
2647 4309 2905 4373 ﬁdelibus.
2957 4307 3150 4360 (lliorei
3216 4308 3326 4362 sive
3370 4305 3575 4363 trorhei
3617 4321 3741 4362 sunt

2150 4379 2315 4443 pedes
2341 4376 2767 4443 ltujuscarminis
2793 4378 3012 4446 proprii,
3041 4388 3135 4430 aut
3163 4379 3369 4431 cantica
3403 4379 3486 4431 bis
3518 4379 3742 4445 pedibus

2151 4447 2420 4513 insignita.
2455 4445 2640 4500 C/torti
2664 4459 2839 4501 autem
2866 4450 3042 4514 ﬁdeles
3086 4459 3365 4505 vocantur.
3393 4459 3449 4502 ut
3473 4449 3738 4504 Fortuna-

2153 4528 2260 4580 tus,
2290 4519 2400 4569 sive
2426 4518 2600 4585 quivis
2628 4519 2763 4588 alius
2785 4531 2972 4570 auctor
3005 4520 3186 4587 hymni
3219 4518 3421 4572 Vexillu
3461 4521 3593 4588 regis
3623 4537 3742 4585 pro-

2153 4590 2327 4652 deum,
2380 4588 2512 4639 tilxll
2555 4606 2566 4639 :
2623 4587 2790 4641 Darid
2845 4590 2989 4657 ﬁdeli
3030 4590 3274 4650 carmine.
3325 4598 3381 4642 et
3424 4587 3742 4643 Prudentius

2154 4658 2352 4728 hymno
2377 4659 2427 4718 7,
2458 4659 2600 4725 ﬁdeli
2632 4660 2891 4728 proditum
2921 4661 3198 4724 volumine,
3229 4668 3284 4713 et
3315 4660 3449 4713 inira
3475 4675 3617 4714 vers.
3642 4660 3736 4726 9.6,

2150 4730 2324 4796 ﬁdeles
2353 4746 2451 4798 pag
2474 4743 2575 4781 me.

2221 4799 2276 4851 ‘2.
2312 4800 2490 4863 Μυκη
2524 4799 2790 4862 nteladias,
2821 4799 2954 4854 forte
2999 4800 3258 4854 melodon.
3292 4798 3412 4852 Vat.
3447 4804 3510 4860 A.
3546 4818 3605 4854 ac
3647 4817 3743 4869 pro

2153 4880 2219 4924 et.
2250 4870 2478 4939 Etymou
2510 4871 2657 4940 vocis
2675 4871 2785 4938 lyra
2809 4872 3144 4940 deprompsit
3177 4871 3260 4924 lso
3287 4885 3349 4923 ex
3394 4872 3621 4936 Isidoro,
3647 4874 3740 4926 lib.

457 4938 560 4996 nrs
592 4944 943 5004 ascribemus,
973 4938 1132 4996 etiam
1165 4944 1408 5006 vitiosas,
1440 4950 1498 4994 ut
1538 4943 1703 5008 possit
1753 4943 2041 5006 aliquando
2074 4938 2123 4997 D
2151 4955 2224 5004 Ill,
2258 4938 2378 5007 cap.
2415 4941 2522 4992 9'2:
2570 4938 2708 5012 Lyra
2749 4938 2892 4994 dicta
2936 4944 3038 4995 ἀπὸ
3077 4950 3171 4996 τεῦ
3219 4943 3388 5012 λυρεῐν
3427 4960 3456 4994 a
3504 4946 3744 4996 rarietate

454 5012 1246 5067 emendatiorexhiberiJoan.
1280 5012 1578 5066 Ludovicus
1613 5011 1769 5066 Vivis
1793 5012 2040 5067 eumdem

458 5083 721 5149 hymnum
761 5082 873 5138 l'ere
914 5092 1080 5136 totum
1114 5083 1342 5137 inseruit
1380 5083 1641 5148 epusculo
1677 5098 1776 5134 suo
1820 5083 2042 5135 Sacrum

455 5153 706 5221 diurnum
738 5154 797 5204 tte
844 5154 1029 5207 sudore
1073 5153 1296 5214 Christi,
1336 5154 1428 5205 sed
1479 5169 1543 5207 ex
1585 5152 1823 5207 editione
1863 5153 2041 5221 aliqua

457 5220 740 5284 mendosa,
773 5225 959 5290 quales
997 5235 1120 5278 tunc
1148 5234 1302 5277 erant
1327 5226 1376 5278 in
1399 5239 1517 5280 llStt.

538 5291 588 5346 l.
621 5290 887 5374 Giselinus
925 5292 1125 5374 .lacobo
1151 5294 1658 5374 ldeyeruattribuit,
1715 5295 1856 5363 quod
1898 5295 2043 5374 hunc

457 5364 745 5430 hymnum.
781 5372 834 5417 et
877 5366 1106 5430 primum
1151 5364 1269 5418 libri
1303 5366 1495 5419 Perist.
1547 5375 1748 5418 mutata
1787 5365 2042 5419 carminis

461 5437 634 5488 lorma
667 5434 981 5488 restituerit.
1013 5435 1178 5488 Erant
1201 5437 1342 5489 enim
1382 5435 1513 5490 secti
1541 5436 1592 5489 iu
1642 5436 1953 5490 Alcmanios
1988 5445 2041 5489 et

458 5502 785 5570 Euripidios.
809 5503 887 5571 De
908 5520 1008 5571 qua
1039 5507 1277 5560 sectione
1318 5507 1426 5559 dixi
1457 5507 1508 5560 in
1533 5506 1743 5571 l'roleg.
1771 5507 1938 5560 Aldus
1960 5507 2040 5558 in.

460 5586 644 5645 tegros
684 5570 983 5627 trochaicas
1022 5577 1182 5630 etiam
1211 5575 1398 5638 edidit,
1431 5586 1484 5628 et
1526 5580 1577 5628 in
1617 5570 1892 5630 codicibus
1923 5580 2039 5645 qui-

459 5644 688 5700 busdam
713 5657 850 5715 ⁸ιιιιιε.
883 5646 1080 5709 pariter
1112 5659 1174 5700 ea
1205 5648 1371 5700 forma
1399 5647 1736 5712 observatur,
1775 5647 1913 5715 quod
1944 5644 2038 5699 'vi-

459 5715 621 5769 detur
641 5712 876 5784 voluisse
906 5715 1252 5770 Prudentius:
1274 5731 1541 5784 nunquam
1567 5717 1708 5770 enim
1730 5712 1846 5784 post
1862 5727 2040 5772 extre-

461 5799 582 5838 mas
609 5783 844 5850 syllabas
898 5787 1157 5839 Alcmanii
1209 5786 1278 5840 ita
1315 5783 1528 5840 versum
1573 5783 1858 5850 conclusit,
1903 5797 1960 5840 ut
1991 5787 2036 5841 si

459 5862 607 5912 esset
634 5857 939 5921 distinctus,
965 5857 1057 5914 Sed
1091 5865 1338 5925 tanquam
1366 5859 1624 5927 integrum
1663 5873 1874 5913 Versum
1923 5859 2038 5913 sine

2146 5015 2506 5082 uacum,quod
2546 5011 2768 5082 diversas
2810 5028 2961 5065 sanos
3010 5012 3228 5079 efﬁciat.
3273 5011 3516 5068 Creduut
3555 5015 3740 5082 aliqui.

2148 5081 2314 5148 lyram
2349 5079 2530 5134 Graece
2558 5091 2608 5134 ct
2635 5081 2820 5134 Latine
2841 5082 3038 5136 dictam
3064 5083 3132 5134 ab
3154 5098 3340 5150 aspera
3366 5085 3451 5136 illa
3480 5087 3598 5137 soni
3628 5079 3746 5140 exi-

2147 5152 2295 5204 litate
2327 5153 2456 5219 lyr.,
2493 5152 2594 5222 lyr.
2625 5149 2754 5205 Vide
2781 5151 2830 5205 J.
2863 5152 2921 5205 C.
2955 5149 3284 5221 Scaligcrum
3319 5155 3410 5207 lib.
3443 5170 3456 5206 I
3489 5155 3639 5210 l’oct.

2216 5223 2270 5275 4.
2301 5223 2564 5276 Sacerdos
2598 5224 2698 5274 iste
2738 5238 2764 5273 a
2800 5223 3072 5276 nonnullis
3099 5224 3338 5279 creditur
3376 5240 3497 5278 e-se
3530 5225 3718 5280 Melchi

2148 5293 2343 5364 sedech
2373 5309 2388 5345 :
2421 5294 2562 5364 quod
2590 5294 2855 5364 ignorent,
2884 5303 3095 5361 poetam
3130 5295 3178 5345 id
3213 5295 3446 5348 nominis
3471 5298 3747 5364 prophetis

2146 5363 2381 5434 dedisse,
2401 5375 2456 5416 ut
2477 5363 2742 5434 byttiiio7,
2760 5378 2904 5418 vers.
2924 5365 3010 5426 9.7,
3035 5374 3175 5417 vetus
3202 5368 3438 5418 sacerdos
3464 5366 3532 5420 de
3575 5363 3742 5420 llclia.

2221 5435 2274 5488 5.
2310 5432 2575 5503 Irtfulattts
2596 5433 2790 5487 dicitur
2825 5435 3006 5498 David,
3037 5435 3114 5487 vel
3140 5437 3259 5502 quia
3291 5437 3467 5500 ephod
3501 5438 3639 5490 lineo
3659 5453 3749 5490 ac-

2149 5504 2355 5557 cinctus
2386 5505 2600 5558 saltavit
2620 5514 2744 5558 ante
2769 5522 2946 5559 arcam
2975 5506 3202 5566 Domini,
3227 5508 3309 5560 vel
3338 5507 3462 5574 quia
3493 5523 3582 5560 rex
3610 5520 3718 5560 erat

2149 5585 2202 5628 et
2246 5575 2409 5627 infula
2438 5575 2703 5629 estfascia
2750 5576 2803 5629 in
2852 5575 3068 5629 mrudnm
3124 5577 3468 5632 diadematis.
3525 5577 3750 5629 lul'ulam

2150 5645 2373 5713 pulchre
2404 5645 2659 5699 describit
2690 5646 2973 5700 Lucretius
3005 5648 3094 5699 lib.
3127 5663 3140 5700 t
3190 5665 3198 5698 :
3227 5646 3322 5700 Cui
3379 5650 3532 5701 simul
3585 5650 3752 5717 infula

2145 5717 2399 5784 virgineos
2429 5719 2742 5769 circumdata
2772 5729 3002 5780 comptus
3034 5717 3114 5768 Ex
3155 5728 3374 5786 utraque
3424 5720 3536 5784 pari
3593 5719 3758 5770 malu-

2150 5803 2262 5838 rum
2293 5799 2437 5858 parte
2467 5791 2677 5858 profusa
2722 5798 2815 5840 est.
2873 5788 3010 5840 Valt.
3056 5787 3122 5858 Λ,
3173 5789 3230 5855 li,
3260 5793 3327 5856 ρ,
3381 5789 3564 5858 legunt
3606 5792 3755 5842 τοιάδ

2151 5872 2246 5924 pro
2277 5857 2490 5912 churtlu.
2525 5857 2680 5912 Guld.
2717 5869 2761 5911 ct
2785 5858 2955 5914 elidit.
