4358 6444
494 537 660 607 315,6
692 533 824 588 llinc
849 531 1057 588 cruoris
1094 530 1246 586 ﬂuxit
1275 529 1448 597 unda,
1493 530 1706 600 lympha
1747 538 1899 599 parte
1928 530 1977 587 A

1497 622 1586 689 lex
1618 622 1784 675 altera
1812 637 1826 672 :

499 718 734 789 Lympha
767 730 959 786 nempe
989 714 1081 770 dat
1105 714 1376 770 lavacrum
1399 756 1411 770 .
1451 724 1562 767 tum
1606 727 1804 767 corona
1834 726 1899 766 ex

1415 802 1700 873 [sanguine
1727 814 1829 856 εει.

576 899 712 953 Vidit
753 897 942 968 anguis
981 895 1310 950 immolatam
1341 896 1587 964 corporis
1625 895 1764 948 sacri
1803 894 1904 947 ho-

1627 985 1827 1056 [stiam,

498 1079 663 1146 Vidit,
691 1089 747 1134 et
777 1079 915 1134 fellis
944 1078 1149 1149 perusti
1182 1091 1306 1130 mox
1336 1091 1600 1130 venenum
1641 1076 1902 1144 perdidit,

317 1171 390 1221 9t)
500 1171 726 1224 Saucius
753 1171 940 1224 dolore
968 1170 1158 1234 multo,
1187 1167 1322 1222 colla
1350 1167 1552 1221 fractus
1581 1167 1754 1220 sibila.

567 1262 698 1326 Quid
715 1261 831 1325 tibi,
853 1260 1073 1330 profane
1093 1273 1338 1326 serpens,
1358 1257 1556 1328 profuit
1573 1260 1734 1313 rebus
1757 1258 1908 1312 novis

498 1349 702 1405 Phasma
735 1355 962 1419 primum
997 1352 1290 1418 perculisse
1318 1350 1587 1416 versipelli
1615 1352 1808 1402 astutia
1835 1349 1859 1400 τ

499 1441 654 1510 347
677 1442 836 1494 Dilnit
861 1442 1070 1509 rulpam
1102 1451 1318 1506 recepto
1335 1442 1500 1494 forma
1524 1441 1762 1494 mortalis
1780 1442 1904 1493 Deo.

568 1532 646 1583 Ad
689 1532 901 1584 brevem
939 1544 996 1585 se
1036 1531 1225 1585 mortis
1257 1545 1408 1585 usum
1448 1531 1556 1584 dux
1599 1531 1785 1584 salutis
1816 1531 1910 1585 de-

1660 1623 1835 1693 idid“,

353 1714 424 1769 95
499 1714 738 1769 Mortuus
768 1715 894 1768 olim
923 1713 1161 1781 sepultos
1191 1721 1250 1765 ut
1280 1712 1457 1766 redire
1485 1713 1835 1779 insuesceret,

500 1806 784 1858 Dissivlutis
816 1804 1158 1871 pristinorum
1184 1802 1410 1856 vinculis
1439 1803 1827 1870 peccaminum.

570 1897 719 1949 Tune
777 1904 992 1964 patres,
1036 1894 1318 1962 sanctique
1368 1895 1518 1947 multi
1571 1897 1902 1950 conditorem
1941 1892 1982 1949 Β

1554 1984 1833 2054 [praevium

492 2077 609 2131 .lam
643 2086 999 2132 revertentem
1031 2075 1222 2142 secuti,
1258 2077 1413 2129 tertio
1439 2077 1649 2129 demum
1680 2079 1764 2130 die

1392 417 1938 474 CATIIEMERINON
1981 416 2072 470 IX.
2114 414 2278 470 OMNI
2321 413 2528 469 llORA.

3499 414 3600 467 871

2184 525 2377 581 Carnis
2441 523 2752 578 indumenta
2795 530 3046 588 sumunt,
3087 535 3226 589 eque
3267 523 3438 578 buetis
3483 542 3607 593 pro-

3324 613 3534 683 [deunt.

2257 705 2521 758 Cerneres
2552 703 2696 758 coire
2725 702 2964 756 membra
2995 701 3063 756 de
3090 701 3284 756 favillis
3306 703 3495 771 aridis,

2187 796 2352 868 348
2380 795 2656 865 Frigidum
2707 794 2858 848 venis
2887 794 3179 862 resumptis
3224 793 3496 863 pulverem
3522 805 3601 850 le-

3265 882 3532 954 [pescere,

2188 977 2344 1042 Ossa,
2376 989 2593 1042 nervos,
2628 987 2690 1027 ac
2719 971 2982 1028 medullas
3008 972 3214 1040 glutino
3244 973 3385 1027 cutis
3417 976 3543 1043 tegi.

2264 1067 2428 1134 Post,
2459 1075 2520 1120 ut
2549 1078 2799 1120 occasum
2831 1064 3073 1130 resolvit,
3102 1064 3227 1117 vitae
3249 1073 3305 1120 et
3330 1066 3608 1120 hominem

3258 1153 3506 1225 [reddidit
3520 1198 3532 1219 ,

2199 1252 2441 1307 Arduum
2481 1248 2715 1304 tribunal
2743 1247 2836 1300 alti
2867 1247 3041 1301 victor
3062 1248 3304 1302 ascendit
3329 1249 3531 1314 Patris,

2197 1346 2453 1416 Inclytam
2482 1344 2618 1396 malo
2648 1349 2930 1408 reportans
2961 1340 3228 1408 passionis
3258 1342 3506 1413 gloriam.

2264 1438 2432 1490 Macte
2469 1436 2631 1502 jutlcx
2684 1441 3053 1498 mortuorum,
3087 1441 3261 1487 mat-te
3298 1449 3389 1488 rex
3425 1436 3608 1489 viven-

2595 1509 2598 1512 ⁴
3354 1523 3532 1595 [tium,

2195 1617 2392 1670 Dexter
2423 1615 2472 1667 in
2515 1616 2752 1682 parentis
2776 1629 2900 1668 arce
2938 1614 3027 1682 qui
3057 1615 3192 1668 cluis
3224 1616 3534 1682 virtutibus,

2194 1709 2444 1761 Omnium
2489 1714 2749 1760 venturus
2780 1705 2904 1759 inde
2927 1705 3105 1773 justus
3136 1707 3277 1759 ultor
3297 1710 3603 1764 criminum.

2273 1797 2349 1851 Te
2407 1811 2596 1856 senes,
2648 1805 2701 1849 et
2747 1805 2798 1849 te
2840 1795 3114 1864 juventus,
3165 1798 3507 1865 parvulorum
3555 1810 3610 1854 te

3295 1887 3533 1960 [chorus,

2019 1983 2121 2036 llt)
2197 1979 2373 2034 Turba
2408 1986 2661 2040 matrum,
2699 1975 3104 2045 virginumque,
3153 1977 3422 2046 simplices
3457 1985 3606 2046 puel-

3369 2066 3537 2138 fiala},

2013 707 2113 760 100

2019 1347 2118 1400 105

1599 2166 1888 2224 ΟΕΟΞΞΑΞ
1932 2164 2272 2222 VETERES.

386 2259 475 2310 87.
516 2255 724 2309 Corona
757 2271 818 2307 ev
854 2257 1130 2316 sanguine,
1165 2274 1256 2323 per
1280 2258 1581 2324 martyrum
1608 2269 1700 2323 est,
1729 2258 1767 2311 l.

383 2328 475 2381 88.
522 2328 744 2394 Anguis.
774 2326 1013 2392 antiquus
1043 2329 1221 2386 hostis,
1249 2327 1286 2378 Ι.

385 2398 473 2451 89.
521 2397 742 2456 l‘et'ttsti,
773 2400 1077 2458 caustmmti,
1110 2400 1147 2448 Ι,

385 2468 474 2521 sit).
517 2466 702 2525 Sibila,
729 2466 961 2527 sililosn,
991 2467 1111 2519 lim.
1134 2475 1192 2517 et
1217 2463 1254 2517 l.

319 2536 834 2656 "9!..‘Versipelli,
889 2537 1102 2588 callido.
1149 2564 1218 2573 -—
1277 2534 1626 2600 llortamine,
1678 2539 1901 2600 astutia,

345 2616 436 2656 ‘zil.
467 2631 482 2656 ι
517 2643 532 2656 .

345 2605 436 2658 ἶῑιι.
467 2607 532 2659 Α.

385 2678 472 2727 95.
509 2677 684 2736 Diltlil,
718 2675 897 2736 al’luil,
933 2674 969 2726 l.

388 2747 475 2800 9i.
515 2746 647 2808 llus,
684 2747 838 2803 L'eus,
875 2744 911 2795 Ι.

2212 2258 2570 2323 lnsuescerel,
2602 2260 2974 2315 consueuerat,
3003 2255 3245 2318 activum,
3277 2253 3314 2306 Ι.

2088 2328 2211 2380 100.
2246 2327 2533 2390 Cerneres,
2563 2328 2606 2378 si
2635 2328 2857 2384 adesses,
2889 2339 3095 2376 cernere
3123 2341 3314 2392 posset.
3349 2326 3448 2382 lso.

2089 2400 2205 2450 lUl.
2239 2396 2561 2464 Tepescere,
2592 2395 2919 2459 incalescerc,
2951 2394 2989 2446 Ι.

2082 2469 2209 2522 105.
2241 2467 2527 2527 Occasum,
2559 2475 2793 2525 mortem,
2826 2464 2867 2517 Ι.

2090 2538 2213 2591 105.
2241 2537 2416 2599 leo,
2442 2538 2509 2589 ad
2539 2533 2742 2597 cmlum,
2773 2535 2812 2586 1.
3156 2600 3160 2603 _

2090 2608 2209 2661 106.
2246 2607 2439 2668 Macte,
2471 2607 2630 2666 salve,
2663 2606 2828 2672 magis
2854 2612 3020 2666 aucte,
3051 2603 3091 2656 I.

2088 2679 2208 2730 107.
2243 2676 2411 2742 Cluis,
2436 2677 2695 2745 splendes,
2720 2677 2797 2728 vel
2826 2675 3082 2737 abundas,
3114 2674 3150 2726 Ι.
3184 2672 3380 2740 Palles,
3403 2675 3518 2731 Vat.
3540 2680 3606 2732 Δ.

2014 2747 2293 2812 Gloriaris,
2323 2747 2482 2816 Prag.

1662 2838 2224 2895 COMMENTARIUS.

307 2946 432 2993 cea,
479 2944 577 2998 qua
618 2926 748 2980 latus
773 2924 963 2999 Christi
993 2927 1279 2999 perfossum
1305 2937 1408 2992 est,
1459 2928 1548 2984 ubi
1597 2929 1792 2999 allegat
1844 2934 1903 2985 S.

310 2999 549 3053 Leonem
583 2999 828 3064 Magnum
876 2998 1035 3065 epist.
1068 2998 1156 3064 98,
1196 3012 1316 3065 cap.
1346 2999 1401 3058 '5,
1450 3002 1538 3067 qui
1575 2998 1732 3054 vocat
1784 3002 1905 3055 vul-

309 3085 434 3122 nera
467 3069 662 3130 lateris,
708 3076 762 3120 et
802 3067 1138 3121 Eustathinm
1178 3067 1317 3134 apud
1351 3068 1750 3124 Tlieodoretum
1782 3073 1901 3125 dia-

309 3141 434 3213 logo
463 3141 485 3190 1
523 3141 614 3213 τᾲς
643 3138 961 3213 τετρωμένας
988 3140 1238 3213 ἔλευρὰς.
1272 3138 1440 3213 Negat
1472 3155 1602 3213 vero
1633 3142 1846 3213 dialogo
1871 3142 1906 3193 2

311 3211 419 3275 legi
453 3209 709 3277 perforata
737 3208 929 3260 latera.
987 3208 1097 3275 Ego
1124 3208 1268 3261 'vero
1315 3209 1435 3277 lego
1475 3210 1689 3274 dialogo
1734 3212 1770 3264 ‘2.

311 3236 419 3275 ιιτδι
453 3236 709 3277 ρειιυιιιια
749 3236 929 3260 sumtu.
987 3236 1097 3275 Lgu
1141 3236 1268 3261 VCIU
1316 3236 1431 3277 Ιῑςδυ
1475 3236 1689 3274 utatugu
1738 3236 1770 3264 Ζ
1811 3236 1906 3272 τας

311 3281 630 3354 ςετρ-υμέγᾳς
668 3278 936 3354 flauam;
956 3281 1076 3354 sed
1127 3278 1393 3354 interpres
1437 3283 1596 3354 vertit
1639 3281 1771 3354 latus
1813 3299 1909 3349 pro
1937 3252 1979 3310 Ο

309 3347 487 3402 latera
505 3350 634 3402 edit.
668 3347 839 3401 Paris.
873 3348 1045 3412 1612,
1091 3357 1220 3402 tom.
1251 3349 1338 3415 IV,
1375 3364 1494 3418 pag.
1527 3350 1616 3404 90.
1673 3351 1786 3404 Non
1814 3347 1903 3403 la-

311 3435 437 3472 men
490 3418 836 3486 negaverim,
902 3419 1226 3472 sententiam
1273 3429 1326 3472 et
1375 3421 1804 3474 communiorem
1855 3431 1907 3474 et

311 3489 640 3558 evangelicis
685 3488 863 3540 verbis
908 3491 1378 3556 congruentiorem
1425 3504 1546 3543 esse
1596 3493 1754 3544 unico
1798 3491 1905 3544 ictu

312 3563 455 3613 latus
488 3559 695 3611 Domini
730 3559 868 3624 (sive
907 3558 1152 3611 dextrum
1176 3599 1191 3622 ,
1246 3559 1360 3612 sive
1404 3561 1703 3626 sinistrum)
1742 3561 1907 3616 fuiSse

312 3637 561 3697 apertum
582 3667 597 3690 ,
644 3642 708 3680 ex
741 3644 848 3695 quo
875 3642 1009 3696 aqua
1039 3628 1196 3698 simul
1229 3637 1286 3682 et
1315 3634 1534 3697 sanguis
1566 3627 1902 3694 efﬂuxerint,

311 3702 443 3765 quin
472 3715 536 3752 ex
569 3698 732 3769 altera
765 3708 913 3765 parte
942 3713 1075 3765 aqua
1096 3738 1108 3760 ,
1157 3713 1222 3751 ex
1261 3699 1430 3754 altera
1470 3702 1687 3769 sanguis
1718 3701 1905 3755 divisis

314 3769 577 3824 limitibus
607 3768 971 3835 intelligantur
1001 3783 1304 3822 emanasse.

391 3839 656 3914 Quidam
689 3838 1081 3914 sanguinesinc
1111 3849 1204 3890 est.

391 3909 672 3960 88.'llrev.
703 3909 839 3961 Mox.
871 3909 999 3960 vitio
1028 3924 1086 3961 se
1114 3909 1454 3961 immolatum.

390 3981 476 4030 00.
512 3979 652 4046 Lego
698 3978 848 4029 sibila
895 3993 1014 4030 cum
1065 3979 1246 4042 lsone,
1299 3978 1456 4042 Put.,
1513 3979 1670 4041 liat.,
1723 3981 1902 4045 Gold.,

314 4048 517 4101 Widm.
556 4064 582 4098 a
618 4048 785 4115 prima
818 4062 996 4109 manu,
1035 4047 1249 4100 Heinsio
1282 4059 1332 4099 et
1364 4050 1504 4100 aliis.
1542 4051 1627 4104 Sic
1652 4051 1905 4118 Virgilius

313 4120 416 4172 lib.
463 4135 516 4170 ιιι
565 4120 760 4184 Georg.
797 4132 940 4169 vers.
974 4118 1116 4171 4:21:
1175 4118 1557 4186 Tollentemque
1608 4121 1804 4184 minus,
1861 4134 1906 4174 et

313 4189 468 4240 sibila
509 4187 646 4239 colla
683 4198 972 4240 tumentem.
1031 4188 1348 4242 Prudentius
1390 4189 1546 4255 igitur
1586 4204 1734 4245 reete
1771 4191 1908 4245 dixit

313 4260 455 4310 Colla
487 4261 679 4325 fractus
707 4258 877 4310 sibila.
935 4258 1290 4325 ln--plerisque
1322 4269 1407 4311 est
1439 4261 1630 4322 sibilat,
1661 4261 1822 4314 etiam
1852 4262 1904 4316 in

316 4328 590 4387 Fabricio.
620 4330 700 4378 cui
727 4327 942 4380 Teolius
972 4329 1196 4393 imputat
1219 4328 1412 4380 sibilus.

392 4399 478 4451 9:2.
514 4397 630 4449 Vat.
652 4398 716 4468 ᾼ,
744 4400 951 4468 palma;
976 4412 1128 4468 error
1151 4408 1232 4450 est
1255 4413 1349 4464 pro
1373 4399 1594 4465 plasma.
1625 4400 1818 4468 llymn.
1846 4403 1900 4466 5,

313 4482 464 4521 vers.
494 4468 615 4530 185,
656 4467 860 4518 l’lasma
895 4467 988 4519 Dci
1016 4467 1082 4520 de
1110 4467 1344 4522 homine.
1397 4472 1572 4531 Alev.,
1601 4467 1718 4523 Vat.
1747 4475 1814 4536 A,
1843 4473 1903 4537 ll,

315 4540 386 4597 Ρ.
432 4539 609 4606 Prag.,
641 4537 858 4599 \Veitz.,
898 4537 1010 4590 Gis.
1045 4539 1108 4590 ad
1141 4553 1336 4605 tnarg.,
1381 4537 1549 4604 SlCll.,
1597 4539 1901 4595 hortamine.

2087 2930 2176 2984 96.
2206 2931 2542 2984 Vocabulum
2576 2944 2868 2997 peccamen,
2902 2928 3043 2997 quod
3072 2928 3242 2984 Gildze
3271 2929 3608 2987 Vossius’im-

1989 3012 2315 3068 .putaverat,
2358 3015 2512 3053 mneo
2552 2999 2752 3054 sarculo
2777 3013 2842 3051 ex
2894 2997 3187 3054 Prudentia
3230 3002 3468 3055 restituit
3488 3003 3608 3058 Cel-

2011 3073 2199 3125 larius.
2249 3071 2550 3138 Spicgelins
2611 3069 2816 3121 vincula
2863 3069 3200 3138 pristinorum
3257 3073 3605 3135 peccaminum

2014 3142 2230 3208 exponit
2262 3141 2328 3194 de
2361 3148 2580 3205 DCl'CillO
2621 3139 2893 3206 originali.
2934 3138 3048 3208 §ed
3091 3139 3378 3208 diligenter
3419 3155 3551 3197 cave
3578 3160 3607 3197 a

2016 3206 2282 3274 laudibus,
2334 3211 2528 3281 quibus
2560 3209 2788 3281 Fabr_um
2839 3217 2892 3262 et
2933 3206 3218 3281 Erasmutn
3270 3213 3607 3281 prosequitur

2015 3282 2155 3335 circa
2185 3280 2429 3346 Apostoli
2468 3280 2641 3332 locum
2677 3279 2843 3346 Epist.
2878 3279 2943 3329 ad
2980 3278 3251 3331 Romanos
3278 3294 3397 3345 cap.
3431 3278 3484 3343 ὖ,
3518 3282 3603 3346 12,

2014 3366 2286 3413 asserens,
2314 3348 2761 3414 expendendum,
2799 3362 2922 3398 num
2962 3357 3389 3403 consentaneum
3421 3350 3604 3411 fuerit.

2013 3420 2233 3472 Paulum
2266 3420 2444 3472 statim
2479 3419 2607 3471 illud
2637 3415 2952 3484 mysterium
2990 3418 3237 3485 gentibus
3266 3422 3477 3485 aperire
3508 3438 3603 3474 va-

2015 3490 2198 3543 luisse.
2232 3487 2467 3542 Consule
2491 3489 2561 3540 cl.
2598 3487 2830 3557 Bertium
2867 3485 2962 3539 lib.
2996 3501 3088 3539 xui
3116 3489 3183 3540 de
3215 3487 3402 3542 Theol.
3437 3491 3593 3557 Discq

2012 3576 2130 3626 cap.
2159 3562 2209 3623 1,
2245 3559 2331 3612 ubi
2368 3559 2650 3610 Erasmum
2679 3567 2734 3611 et
2760 3556 2917 3610 Joan.
2945 3557 3321 3626 Phereponum
3365 3559 3525 3615 docte
3553 3579 3606 3616 e.

2014 3645 2242 3684 nervose
2273 3629 2485 3682 refellit.

2081 3699 2171 3756 97.
2216 3698 2376 3752 Fabr.
2428 3706 2482 3751 et
2532 3699 2720 3764 Bong.,
2752 3697 2886 3748 hunc
2933 3711 3031 3765 pro
3075 3705 3212 3749 tunc.
3247 3697 3301 3750 ln
3353 3698 3506 3766 Egm.
3553 3715 3607 3756 et

2012 3769 2181 3822 Palat.
2224 3769 2382 3823 lectio
2412 3776 2493 3821 est
2521 3768 2804 3830 mendosa,
2837 3767 2936 3817 sub
2962 3781 3062 3834 qua
3100 3766 3298 3834 aliquid
3345 3772 3605 3825 reconditi

2016 3843 2178 3892 latere
2223 3840 2528 3905 su5picatur
2566 3837 2846 3908 Heinsius,
2883 3836 3030 3908 'l'unc
3061 3848 3230 3908 patres
3267 3845 3428 3890 sancti
3456 3857 3603 3908 quem

2011 3910 2194 3961 ultima
2221 3910 2444 3961 rirorum
2474 3907 2719 3959 condidit.
2753 3909 2806 3958 lu
2835 3907 3076 3974 margine
3107 3907 3263 3960 lectio
3285 3909 3519 3976 vuigala.
3549 3913 3601 3963 1n

2011 3981 2154 4033 ΛΙι..
2192 3979 2331 4031 Tunc
2382 3992 2547 4044 pa'res
2592 3977 2794 4040 sancti,
2839 3993 2964 4043 quos
3007 3978 3185 4028 ultima
3230 3993 3339 4029 sors
3383 3980 3605 4034 virorum

2012 4051 2260 4101 condidit.
2294 4053 2348 4102 ln
2387 4049 2503 4099 Vat.
2523 4049 2566 4112 ρ
2597 4049 2708 4098 sola
2744 4049 2857 4098 huic
2890 4047 3069 4109 lectio,
3097 4046 3245 4099 Tunc
3274 4047 3452 4103 Patres
3479 4067 3602 4103 sau-

2011 4120 2100 4186 cti,
2134 4136 2281 4187 quem
2307 4120 2490 4170 ultima
2520 4121 2745 4168 virorum
2773 4116 3025 4187 condidit.

2201 4192 2355 4264 l_-S_rev.
2383 4187 2804 4264 illiiz.mniendum
2835 4186 2966 4264 diem
3000 4187 3052 4239 in
3083 4194 3252 4240 textu.

2083 4255 2170 4313 99‘.
2207 4258 2366 4312 Fabr.
2400 4268 2454 4311 et
2495 4256 2632 4323 Gis.,
2663 4259 2862 4328 deque._
2892 4255 3034 4328 Lege
3065 4272 3183 4322 cap.
3218 4271 3362 4328 xxvii
3412 4260 3602 4314 Matth.

2012 4345 2153 4382 vers.
2184 4328 2252 4381 5‘2
2294 4340 2346 4381 et
2390 4329 2478 4382 55.
2513 4328 2677 4381 Recte
2729 4326 3048 4378 Prudentius
3097 4329 3244 4380 tertio
3282 4327 3486 4382 demum
3525 4331 3608 4384 die

2012 4399 2063 4451 id
2091 4399 2351 4455 accidisse
2383 4409 2588 4461 narrat,
2618 4397 2756 4465 quod
2803 4411 2831 4448 a
2876 4395 2934 4450 S.
2970 4395 3221 4450 Matthaeo
3249 4397 3481 4452 relatum
3524 4414 3606 4455 est

2013 4485 2108 4538 per
2140 4469 2602 4535 anticipatioiiem,
2632 4478 2689 4520 ut
2725 4467 3050 4538 interpretes
3091 4478 3397 4538 exponunt;
3441 4471 3570 4537 quid

2011 4536 2136 4608 quid
2188 4547 2373 4592 contra
2422 4553 2542 4590 cum
2593 4552 2691 4590 suo
2742 4539 2965 4608 Erasino
3010 4536 3311 4604 Spiegelius
3361 4536 3600 4607 asserat,

319 4606 469 4686 Ald._,
497 4608 680 4686 Fabia,
714 4607 880 4686 Palat.
909 4606 975 4686 ad
1009 4623 1179 4686 oram,
1210 4608 1376 4662 Gisel.
1408 4611 1462 4686 in
1493 4618 1661 4675 textu,
1690 4613 1901 4686 astutia,
1934 4627 1986 4686 ι)
2013 4606 2148 4663 lianc
2174 4608 2671 4686 interpretationem
2707 4607 2946 4686 nonnihil
2973 4619 3093 4659 esse
3125 4608 3413 4661 detortam.
3449 4609 3603 4674 Quod

317 4679 461 4744 quod
506 4677 706 4744 placuit
738 4677 978 4738 lleinsio,
1011 4678 1099 4744 qui
1142 4693 1239 4746 pro
1267 4694 1328 4731 ea
1361 4680 1622 4745 scriptura
1654 4688 1800 4735 stare
1829 4683 1906 4737 ait

316 4750 440 4802 Put.
473 4758 521 4800 et
554 4748 752 4806 Uxon.,
792 4755 844 4799 et
885 4748 1062 4817 denuo
1093 4764 1378 4801 occurrere
1408 4749 1723 4817 versipellem
1764 4760 1906 4804 astu-

317 4818 445 4869 tiam
471 4817 664 4890 Apoth.
690 4829 834 4869 vers.
860 4816 928 4870 58
953 4817 1157 4890 praefat.
1192 4819 1334 4871 ldem
1369 4819 1495 4890 mihi
1528 4816 1755 4890 videtur,
1780 4822 1903 4890 quia

316 4902 501 4940 sermo
527 4898 601 4941 est
632 4888 699 4940 de
725 4896 994 4952 serpente.
1029 4887 1142 4940 Non
1173 4897 1349 4941 tamen
1377 4887 1574 4942 damno
1596 4887 1903 4957 hortamine,

317 4958 468 5032 quod
489 4959 698 5010 videtur
721 4957 944 5032 verbum
971 4957 1413 5032 Prudentiaiium,
1434 4969 1487 5012 et
1509 4975 1627 5014 cum
1652 4961 1904 5032 versipelli

320 5026 560 5081 indolem
591 5027 855 5095 serpentis
883 5027 1013 5080 satis
1037 5027 1296 5082 declarat.

394 5097 483 5150 93.
519 5095 635 5167 Vat.
669 5099 730 5159 Δ,
763 5097 940 5167 deluit.
975 5098 1112 5160 Gis.,
1146 5098 1330 5165 Fabr.,
1362 5109 1584 5167 recepta.

397 5167 486 5219 ill.
522 5165 639 5219 Vat.
677 5168 748 5228 Β,
783 5166 902 5219 llat.
947 5181 976 5219 a
1009 5169 1178 5234 prima
1223 5183 1417 5233 manu,
1459 5165 1686 5237 l’lailsb,
1724 5171 1907 5235 Gold.,

327 5235 528 5288 Widm.
565 5251 593 5288 a
636 5239 868 5288 secunda
914 5251 1072 5290 manu
1096 5278 1110 5303 ,
1140 5237 1388 5293 reddidit.
1422 5238 1643 5303 Verius,
1676 5235 1908 5295 dedidit.

321 5307 646 5373 Spiegelius,
675 5305 875 5357 obtulit.

398 5377 486 5430 95.
520 5375 574 5428 ln
611 5376 768 5438 Aldo,
793 5384 1138 5444 mortuosque.
1173 5378 1448 5446 llepugnat
1483 5380 1660 5432 sensui
1686 5394 1748 5433 ea
1783 5396 1913 5434 con-

321 5447 530 5518 iunctio
557 5446 858 5518 que._l3rev.
904 5447 1038 5498 Moz.
1059 5487 1073 5510 ,
1105 5448 1426 5518 sepultosque
1451 5488 1465 5510 ,
1513 5464 1697 5516 parum
1741 5461 1913 5505 metro

324 5516 582 5568 romeret.
606 5515 875 5570 lndicatur
895 5531 997 5568 una
1024 5532 1088 5569 ex
1117 5515 1292 5571 causis
1316 5515 1720 5572 resurrectionis
1734 5521 1914 5574 Domi-

325 5586 405 5648 ni,
437 5595 495 5638 ut
525 5585 770 5639 homines
791 5600 850 5640 se
877 5597 1272 5640 resurrecturus
1294 5601 1589 5655 sperarent.
1627 5589 1783 5644 Poeta
1818 5607 1913 5645 cx-

327 5655 522 5724 plicat,
573 5664 814 5708 mortuos
845 5656 971 5710 olim
1010 5658 1250 5725 sepultos
1295 5669 1694 5712 resurrecturos
1726 5671 1911 5715 contra

326 5739 570 5795 errorem
610 5739 796 5780 eorum
826 5726 1205 5794 quiputabant
1235 5737 1472 5781 mortuos
1513 5744 1616 5781 non
1656 5743 1788 5795 sua,
1817 5731 1912 5785 sed

328 5793 436 5851 alia
465 5809 690 5862 corpora
719 5793 1247 5864 esseresumpturos.
1284 5798 1414 5854 Vide
1443 5813 1582 5854 vers.
1607 5813 1758 5870 seqq.

537 5873 806 5950 Ριτιιοι..
893 5889 1054 5949 th.

2009 4689 2186 4733 autem
2232 4681 2305 4731 ait
2356 4689 2532 4746 poeta,
2581 4687 2797 4730 sanctos
2846 4677 2934 4744 qui
2982 4689 3336 4730 surrexerunt
3385 4689 3602 4733 secutos

2008 4765 2129 4803 esse
2159 4749 2490 4803 conditorem
2519 4750 2798 4813 praevium.
2828 4750 3149 4800 sententiam
3182 4747 3393 4800 illorum
3429 4751 3604 4802 innuit

2008 4819 2097 4887 qui
2123 4835 2311 4875 eorum
2344 4830 2569 4887 corpora
2601 4818 2740 4872 coelo
2773 4817 2981 4869 invecta
3013 4816 3173 4887 fuisse
3204 4818 3512 4884 opinantur,
3544 4830 3601 4874 ut

2009 4886 2082 4944 ita
2129 4890 2413 4953 Christus,
2449 4886 2714 4956 primitiae
2763 4886 3176 4954 resurgentium,
3209 4889 3509 4943 ascendens
3552 4893 3602 4943 in

2007 4962 2211 5025 altum,
2260 4961 2526 5027 captivam
2581 4959 2803 5011 duceret
2853 4957 3240 5024 captivitatem.
3286 4958 3420 5013 Aliis
3458 4959 3601 5014 aliud

2006 5031 2236 5083 videtur.

2087 5101 2210 5154 100.
2245 5099 2300 5152 ln
2329 5099 2484 5153 Brev.
2514 5097 2649 5151 Moz.
2697 5111 2790 5165 pro
2816 5097 2991 5165 quoire
3039 5096 3157 5164 lege
3186 5097 3359 5159 coire;
3387 5105 3437 5150 et
3467 5113 3607 5153 vers.

2017 5170 2139 5225 10‘2.
2173 5171 2287 5224 reti'
2319 5188 2345 5222 δ
2371 5185 2436 5222 ex
2475 5169 2713 5235 margine
2743 5167 3017 5230 medullas,
3057 5182 3159 5220 non
3192 5166 3434 5219 medulla.

2088 5238 2212 5296 102.
2253 5239 2370 5294 Vat.
2408 5241 2470 5300 A,
2508 5238 2659 5306 Egin.
2682 5279 2695 5296 ,
2730 5237 2957 5302 llailsb.,
2985 5245 3030 5290 et
3059 5252 3155 5305 pro
3181 5254 3262 5290 ac.
3295 5235 3458 5290 Weit.
3489 5253 3609 5293 cum

2014 5309 2131 5364 solo
2162 5309 2298 5364 Aldo
2329 5309 2518 5362 scribit
2548 5309 2786 5375 gluttino.

2089 5380 2215 5500 1;}?2
2255 5379 2403 5460 _Vide
2430 5379 2615 5450 hymni
2650 5381 2706 5432 ll
2733 5391 2877 5431 vers.
2907 5376 3000 5442 48,
3031 5375 3407 5445 Hominemque
3435 5388 3610 5445 porta-

2166 5466 2198 5500 a
2223 5465 2284 5500 ri.

2013 5457 2086 5501 ret
2117 5452 2284 5503 Patri.

2091 5519 2216 5574 104.
2272 5521 2326 5572 ln
2390 5517 2633 5573 editione
2675 5515 2954 5571 Parmensi
3017 5516 3383 5586 typographus
3431 5517 3610 5575 omisit

2019 5590 2135 5643 alti.
2170 5589 2260 5643 Sic
2289 5589 2433 5643 enim
2463 5588 2657 5657 legitur
2692 5605 2703 5639 :
2737 5588 2973 5640 Arduum
3003 5587 3231 5642 tribunal
3256 5588 3410 5641 victor
3435 5603 3610 5642 ascen.

2017 5661 2094 5712 dit
2119 5658 2312 5712 Patris.
2345 5659 2621 5713 Claudicat
2647 5673 2855 5713 versus.

2090 5729 2214 5786 105.
2250 5729 2399 5795 ltat.,
2432 5743 2540 5782 non
2571 5731 2728 5794 bene,
2761 5729 2982 5782 inditam
3005 5728 3150 5782 mlo.

2092 5799 2215 5855 110.
2240 5799 2387 5867 Ριξξι,
2410 5798 2687 5866 mendose,
2712 5800 2860 5854 turba
2882 5806 3166 5870 martyrum
3187 5811 3217 5849 a
3242 5795 3412 5864 prima
3428 5809 3617 5855 manu.

3177 5888 3257 5950 28
