4358 6478
275 510 384 565 877

283 626 352 677 In
556 620 715 689 351
743 616 969 673 Solvunt
1001 617 1270 671 hominem
1290 658 1305 679 ,
1340 616 1712 685 perimuntque
1737 630 1750 667 :

563 710 765 763 llutuus
794 707 989 773 excipit
1018 706 1165 761 arida
1196 720 1412 776 corpus,

565 799 771 855 Anima:
800 797 942 867 rapit
970 812 1098 851 aura
1128 798 1410 867 liquorem.

503 892 639 956 Quia
666 898 856 945 cuneta
885 897 1065 943 creata
1101 903 1321 944 necesse
1351 899 1433 943 εει

568 982 849 1036 Labefacta
878 993 1163 1034 senescere
1193 978 1406 1033 tandem
1431 1017 1447 1043 ,

286 1074 354 1127 l5
574 1073 969 1139 Compacuque
996 1068 1305 1133 dissociari,

569 1162 632 1215 Et
660 1160 877 1215 dissona
908 1168 1053 1214 texta
1094 1157 1285 1213 retexi.

1036 496 1573 556 CATIIEMERINON
1614 496 1680 551 Χ.
1716 493 1918 551 CIRCA
1963 491 2352 559 EXSEQUIAS
2400 490 2757 546 DEFUNCTI.

1902 613 1951 672 Α

3472 494 3581 547 ετιι

2016 612 2176 683 352
2219 610 2367 664 lianc
2398 618 2452 663 tu
2474 649 2488 671 ,
2526 609 2665 662 Deus
2693 609 2919 675 optime,
2954 616 3180 662 mortem

2264 699 2502 755 Famulis
2532 699 2752 752 abolere
2784 706 3021 765 paratus,

2268 793 2372 847 lter
2400 791 2716 845 inviolabile
2750 800 3041 854 monstras,

1981 886 2051 939 ΞΟ
2274 884 2393 951 Quo
2420 880 2621 951 perdita
2652 880 2891 935 membra
2920 891 3217 950 resurgant.

2207 976 2309 1041 Ut,
2332 975 2460 1029 dum
2489 988 2747 1043 generosa
2779 973 3017 1036 caducis,

2274 1067 2386 1121 Ceu
2417 1080 2635 1120 carcere
2656 1066 2859 1130 clausa,
2898 1065 3148 1134 ligantur,

2277 1155 2412 1211 Pars
2441 1155 2533 1211 illa
2566 1154 2840 1226 potentior
2860 1163 3077 1217 exstet,

1573 1246 1865 1305 GLOSSE
1910 1249 2248 1306 VETERES.

360 1350 447 1405 ΙΞ.
486 1347 767 1414 Liquorem
787 1386 803 1410 ,
833 1345 1180 1414 serenitatem,
1218 1342 1257 1397 Ι.

364 1420 451 1471 15.
485 1413 797 1483 llntnpact-‘t,
826 1417 1127 1481 conjuncta.
1155 1413 1194 1467 Ι.

365 1488 449 1544 16.
486 1481 709 1551 Retcxi,
741 1485 948 1539 dissolvi
969 1525 983 1547 ,
1008 1483 1045 1536 I.
1085 1483 1310 1549 Resolvi,
1344 1481 1462 1538 Vat.
1488 1482 1555 1537 A.

361 1562 449 1616 I9.
483 1559 772 1622 Monstras,
803 1556 1128 1620 monstrasti,
1153 1552 1194 1607 l.

2051 1344 2143 1399 2L
2177 1344 2474 1406 Generosa,
2502 1340 2697 1399 nobilia
2724 1340 2930 1393 animis.
2954 1369 3021 1379 —
3043 1337 3296 1405 Caducis,
3326 1338 3581 1411 corporis,

1989 1417 2044 1468 in
2076 1414 2337 1479 membris,
2364 1413 2469 1469 lso.

2053 1485 2146 1541 ΞΩ.
2177 1484 2430 1550 Carcere,
2463 1484 2516 1536 in
2548 1497 2725 1547 carne,
2759 1481 2863 1537 lso.

1627 1638 2185 1697 COMMENTARIUS.

294 1743 411 1795 Vat.
445 1740 489 1795 Ο
518 1759 532 1794 :
570 1739 804 1793 Rescissa
841 1738 931 1791 sed
981 1738 1081 1791 ista
1109 1735 1350 1806 deorsum
1378 1736 1571 1806 (supra
1617 1737 1884 1806 seorsum)

288 1814 542 1882 Proprias
571 1818 874 1882 revocantur
895 1810 947 1861 in
970 1816 1150 1882 ortus,‘
1178 1805 1312 1859 Petit
1334 1805 1526 1882 halitus
1557 1805 1748 1859 (ethera
1778 1808 1886 1882 fer.

288 1874 447 1950 Gens,
490 1883 709 1936 Soleustt
735 1880 1009 1944 hominem,
1036 1878 1415 1950 perimuntque,
1454 1874 1652 1950 Hamus
1697 1878 1887 1942 excipit

288 1945 445 2008 arida
469 1967 672 2022 corpus,
705 1950 903 2022 Anima:
931 1945 1066 2022 rapit
1091 1964 1223 2000 aura
1252 1945 1521 2022 liquorem,
1552 1945 1749 2022 Cuncta
1778 1963 1892 2001 cre-

287 2034 379 2077 ata
430 2016 631 2075 necesse
676 2031 747 2073 est
782 2019 1055 2086 Labefacto
1086 2033 1340 2071 senescere
1386 2020 1613 2087 tandem,
1644 2016 1891 2087 Compac-

296 2105 451 2161 tuqne
478 2091 765 2161 dissociari,
798 2088 863 2143 Et
891 2085 1101 2161 dissona
1129 2098 1262 2161 texta
1290 2088 1411 2161 teri,
1445 2085 1651 2139 Obitum
1674 2085 1890 2161 tolerare

287 2156 609 2232 supremum,
647 2160 726 2232 Ut
744 2161 937 2232 semina
961 2159 1263 2232 dissociata,
1302 2156 1411 2232 Sibi
1442 2170 1607 2209 sumat
1637 2158 1888 2232 origo_re-

288 2226 519 2289 sorbens.
554 2230 671 2284 Vat.
704 2231 744 2284 Β
771 2232 849 2285 sic
875 2230 1035 2298 legit:
1073 2228 1251 2298 Reciso
1278 2226 1368 2298 sed
1389 2228 1485 2281 ista
1506 2243 1733 2298 seorsum
1766 2226 1890 2279 Pro-

290 2319 434 2371 prios
457 2310 757 2355 revocantur
785 2300 837 2351 in
864 2296 1028 2364 ortus,
1066 2297 1200 2351 Petit
1215 2296 1422 2371 halitus
1449 2296 1638 2349 a’thera
1664 2297 1884 2365 faunis,

290 2368 498 2426 Hamus
530 2372 715 2441 excipit
764 2371 910 2423 arida
936 2384 1141 2435 corpus,
1181 2368 1255 2421 sic
1283 2379 1463 2441 cuncta
1492 2379 1670 2441 creata
1691 2383 1890 2441 necewe

284 2452 365 2496 est
395 2443 604 2495 Obitum
643 2436 876 2493 tolerare
914 2454 1230 2507 supremum,
1290 2436 1356 2491 Ut
1396 2439 1590 2489 semina
1617 2438 1889 2490 dissociata

290 2514 507 2569 Sibimet
536 2520 703 2563 sumat
735 2510 877 2578 origo
907 2507 1171 2561 resorbens
1217 2508 1464 2561 Resoluta
1484 2508 1583 2578 sed
1612 2508 1711 2560 ista
1741 2524 1884 2560 scor-

290 2598 407 2636 sum
433 2624 446 2645 ,
480 2581 697 2636 Soli-unt
729 2576 1016 2636 hominem,
1048 2579 1397 2645 perimuntque
1421 2620 1435 2641 ,
1473 2576 1673 2630 Hamus
1702 2580 1888 2640 excipit

288 2654 446 2705 arida
472 2666 657 2721 corpus
710 2651 909 2721 Animae
952 2657 1083 2719 raptt
1114 2664 1243 2701 aura
1288 2648 1557 2721 liquorem.
1580 2648 1727 2721 Quia
1758 2663 1887 2721 cun-

290 2731 398 2787 cta,
440 2718 651 2777 etc.'lta
685 2721 847 2774 etiam
881 2718 1028 2784 ltat.,
1067 2728 1120 2772 et
1143 2758 1157 2782 ,
1189 2728 1246 2771 ut
1279 2728 1440 2784 puto,
1473 2718 1724 2772 Ambros.
1758 2718 1888 2784 Qua:

292 2794 493 2847 melius
522 2801 649 2845 sunt
686 2791 898 2859 digesta
944 2804 1101 2858 quam
1130 2790 1180 2840 in
1218 2788 1334 2840 Vat.
1365 2790 1409 2840 υ
1438 2797 1491 2841 et
1519 2788 1845 2841 correctiora
1873 2806 1885 2841 :

290 2878 418 2917 nam
446 2863 496 2916 in
528 2864 647 2915 Vat.
670 2855 715 2913 Ο
744 2855 993 2913 mendum
1032 2869 1112 2911 est
1152 2868 1335 2910 cuncta
1372 2874 1468 2927 pro
1511 2859 1631 2926 quia
1668 2868 1886 2924 cuncta,

289 2941 349 2989 et
380 2933 481 2987 texi
513 2946 608 3001 pro
657 2932 832 2984 retexi.
859 2930 1031 3001 Aliter
1062 2929 1180 3001 Plit.
1226 2936 1346 2995 post
1376 2942 1587 3001 Versum
1624 2927 1687 2979 Et
1727 2929 1885 2995 spiri-

293 3014 398 3066 tus,
439 3012 484 3056 et
515 2997 652 3055 'caro
698 3002 847 3054 servit
895 3000 1037 3053 illico
1087 2997 1327 3052 Resoluta
1372 2999 1464 3050 sed
1512 2999 1610 3051 ista
1660 3015 1889 3051 seorsum

291 3070 549 3141 Proprias
590 3080 894 3124 revocantur
926 3072 977 3121 in
1011 3079 1172 3131 ortus,
1219 3067 1353 3121 Petit
1385 3067 1591 3141 Alialitus
1634 3085 1755 3120 aera
1786 3069 1889 3137 fer-

291 3137 438 3211 vens,
478 3141 677 3195 Hamus
715 3141 899 3205 excipit
945 3140 1092 3191 arida
1132 3154 1337 3205 corpus.
1374 3137 1687 3211 Sic-functa
1717 3148 1890 3211 creata

295 3206 504 3267 necesse
538 3222 608 3265 est
642 3211 848 3264 Obitum
882 3210 1098 3261 tolerare
1125 3224 1440 3272 sum-intuit,
1471 3206 1536 3261 Ut
1567 3210 1759 3261 semina
1784 3210 1885 3261 dis-

292 3286 492 3337 sociata
537 3282 648 3336 Sibi
700 3292 868 3334 sumat
909 3281 1387 3351 origorcsorbens.
1425 3277 1569 3351 lianc
1616 3288 1700 3351 lu,
1750 3278 1888 3351 Deus

290 3356 507 3422 Optime,
534 3366 637 3406 etc.
662 3354 797 3406 Cum
829 3351 947 3404 Put.
994 3348 1195 3402 iaciunt
1226 3348 1357 3422 Urb.
1380 3358 1440 3422 et_
1469 3349 1582 3422 Vat.
1618 3349 1666 3412 l,
1698 3350 1791 3402 sed
1834 3351 1886 3403 in

295 3418 386 3477 his
415 3423 629 3477 rescissa
660 3438 757 3491 pro
801 3424 1057 3487 resoluta,
1094 3429 1146 3472 et
1187 3422 1236 3471 in
1272 3419 1388 3491 Vat.
1420 3418 1440 3471 1
1480 3420 1677 3491 sibimet
1719 3429 1889 3472 sumat

294 3508 398 3563 pro
424 3495 521 3547 sibi
562 3490 753 3547 sumat.
796 3491 1196 3563 Egmondanus,
1235 3500 1293 3563 ut
1322 3490 1372 3541 iu
1412 3500 1593 3563 nostra
1628 3490 1880 3563 lectione.

291 3558 403 3618 Sed
431 3564 483 3617 in
515 3564 753 3631 margine
804 3558 897 3629 pro
936 3561 1147 3615 diversa
1194 3561 1456 3626 scriptura
1508 3558 1749 3631 Resoluta
1787 3562 1892 3631 sed

293 3638 398 3689 ista
435 3627 698 3699 seorsum,
730 3627 936 3686 etitres
982 3642 1271 3697 sequentes
1320 3645 1529 3695 versus,
1576 3640 1635 3683 ut
1682 3630 1734 3682 in
1785 3627 1891 3681 Pu-

299 3715 484 3759 teano.
518 3704 692 3758 Weitz
724 3702 887 3770 legit,
914 3711 971 3755 ut
1004 3703 1052 3752 in
1084 3700 1201 3753 Vat.
1237 3700 1297 3765 B,
1331 3701 1423 3753 SCtI
1457 3716 1549 3763 pro
1577 3700 1775 3753 sibimet
1803 3716 1889 3752 su-

296 3786 406 3827 mat
437 3776 579 3844 origo
628 3769 888 3844 resorbens
939 3772 1129 3824 melius
1177 3769 1708 3844 h:ibet__§ibi_suntat
1748 3772 1891 3839 origo

296 3840 587 3898 resorbens.
635 3843 882 3898 Meudum
913 3852 1089 3894 autem
1122 3850 1206 3894 est
1246 3842 1297 3893 iu
1333 3840 1559 3894 Weitzio
1602 3855 1750 3892 arma
1795 3854 1891 3909 pro

295 3930 434 3968 aura
482 3916 539 3968 in
587 3929 743 3967 versu
790 3913 985 3965 Anima:
1032 3912 1167 3980 rapit
1213 3926 1341 3962 aura
1384 3911 1651 3977 liquorem.
1699 3910 1894 3965 Versus

296 3987 555 4039 editionis
588 3984 896 4038 Weitziana:
934 3997 966 4035 a
1008 3982 1071 4035 l3
1106 3982 1170 4033 ad
1202 3982 1266 4034 21
1314 3982 1508 4033 absunt
1552 3995 1582 4034 a
1624 3980 1807 4034 Noms.
1838 3993 1893 4035 et

297 4056 560 4122 Rotten.,
611 4057 662 4107 in
713 4054 975 4108 Oxonien.
1023 4051 1268 4118 qttzedam
1317 4053 1691 4122 exprimuntur
1738 4061 1791 4104 ut
1841 4052 1893 4105 in

300 4126 555 4189 Weitzio,
585 4126 825 4193 quzedam
859 4138 962 4176 non
997 4123 1122 4175 item
1143 4164 1157 4183 ,
1190 4122 1329 4189 quod
1354 4121 1615 4193 illeinsins
1648 4130 1892 4193 testatur.

306 4197 564 4250 Weitzius
593 4191 686 4263 pro
718 4210 812 4247 sua
847 4194 1077 4263 lectione
1116 4194 1314 4263 allegat
1348 4192 1532 4259 Fabr.,
1570 4191 1709 4263 apud
1738 4208 1893 4263 quem

301 4278 393 4322 est
439 4259 651 4319 rescissa
696 4280 792 4334 pro
836 4259 1094 4326 resoluta,
1133 4261 1357 4334 \Vi_dtn._,
1388 4264 1571 4334 βιιιιε.
1594 4259 1619 4325 ,”
1654 4261 1893 4334 Goldast.

304 4339 384 4393 Es
427 4345 571 4390 tanta
614 4331 858 4388 codicum
900 4331 1261 4399 discrepantia
1297 4332 1347 4384 id
1384 4332 1629 4386 Heinsius
1660 4332 1895 4401 colligit,

302 4411 443 4462 duas
470 4407 732 4460 editiones
760 4406 1059 4458 carminum
1084 4420 1110 4455 a
1143 4403 1429 4455 Prudentio
1464 4402 1649 4465 laetas,
1676 4415 1739 4455 ac
1766 4418 1901 4457 non-

302 4478 442 4532 nihil
486 4476 539 4531 in
585 4485 808 4543 utraque
854 4475 1139 4527 variatum.
1172 4472 1334 4540 igitur
1378 4471 1466 4525 alii
1502 4474 1660 4525 aliam
1706 4474 1897 4527 lectio-

305 4564 433 4603 nem
465 4546 700 4615 amplexi
732 4554 887 4607 sunt,
922 4543 1163 4615 nonnulli
1187 4554 1467 4611 utramque
1490 4546 1543 4596 in
1572 4545 1674 4615 hoc
1701 4543 1900 4613 hymno

305 4614 727 4686 coniunxerunt.
772 4616 826 4669 ln
855 4614 1099 4686 versibus
1126 4622 1304 4667 autem
1336 4628 1472 4686 quos
1519 4614 1731 4686 retinui‘
1753 4628 1899 4686 quas-

304 4683 432 4743 dam
462 4690 621 4740 etiam
658 4696 739 4741 est
768 4686 1003 4738 varietas
1040 4685 1350 4739 lectionum.
1383 4683 1493 4737 Hoc
1520 4698 1677 4738 versu
1708 4683 1742 4737 9
1774 4683 1890 4737 Vat.

305 4762 353 4815 Α
378 4800 391 4823 ,
432 4758 594 4810 recisa
622 4771 745 4811 cum
790 4755 946 4811 Gold.
976 4764 1031 4809 et
1072 4752 1251 4817 Wid.;
1283 4753 1380 4808 sed
1428 4754 1479 4807 in
1515 4752 1673 4807 Gold.
1698 4768 1893 4823 supra,

308 4829 506 4880 relicta.
550 4828 714 4880 Multo
764 4826 956 4880 melius
1004 4825 1219 4878 rescissa
1266 4838 1387 4878 cum
1437 4824 1592 4890 Ald.,
1632 4823 1801 4893 Bong.
1841 4835 1897 4879 et

307 4899 449 4952 aliis.
1422 4936 1425 4937 ν

387 4971 471 5021 Η.
504 4969 666 5021 Error
692 4976 774 5021 est
796 4968 846 5020 in
886 4966 1002 5017 Vat.
1034 4966 1094 5027 A,
1133 4965 1319 5017 excidit
1354 4981 1447 5033 pro
1470 4966 1673 5033 catcipit.

386 5038 471 5090 l9...
508 5039 663 5091 Brev.
704 5038 875 5101 5101.,
918 5040 1206 5101 mendose,
1241 5037 1425 5087 Anima
1469 5039 1604 5103 rapit
1647 5052 1789 5090 aura:
1830 5038 1896 5089 li-

309 5124 543 5179 φησι-,επιιέ

391 5169 481 5233 ιι.
517 5177 789 5232 Fabricius
817 5177 946 5245 legit
976 5184 1247 5245 taoetacta,
1279 5191 1455 5229 minus
1502 5190 1656 5237 nene,
1688 5191 1785 5243 pro
1816 5177 1898 5229 la-

312 5250 532 5317 befacta.
574 5249 628 5302 In
678 5251 917 5317 margine
949 5246 1066 5299 Vat.
1101 5249 1143 5299 A
1172 5254 1337 5299 nuta:
1374 5246 1476 5297 Alii
1514 5246 1736 5298 habent:
1769 5246 1894 5299 Obi-

315 5335 423 5371 tum
453 5320 669 5371 tolerare
696 5316 1008 5387 supremum.
1040 5316 1261 5369 Herit'us
1289 5317 1339 5368 in
1372 5330 1468 5367 suo
1502 5326 1748 5385 poemate
1781 5318 1893 5371 imi-

314 5401 458 5444 tatus
486 5387 831 5442 Prudentium
857 5391 929 5440 ait
958 5388 1213 5456 labefacta
1246 5402 1524 5439 senescere.

391 5459 478 5513 16.
510 5458 779 5521 Sichard.,
812 5468 864 5509 ut
895 5454 1121 5511 dissona.
1156 5456 1367 5509 Deterta
1395 5466 1618 5509 retexere
1644 5454 1777 5509 dixit
1807 5456 1897 5511 Ci-

314 5543 443 5583 cero
462 5528 529 5582 de
549 5529 773 5581 Oratore
798 5528 888 5580 lib.
916 5543 973 5594 tt,
1001 5542 1116 5595 pag.
1146 5528 1235 5580 72.
1263 5527 1483 5579 Hericus
1499 5530 1564 5579 de
1590 5528 1899 5580 itesurrect.

318 5599 554 5654 hominis
585 5599 814 5661 mortui,
850 5598 960 5662 Qua
988 5599 1168 5649 virtute
1208 5605 1369 5666 potest
1409 5598 1612 5649 ili-texta
1652 5606 1897 5648 retexere.

317 5671 558 5723 Breviter
610 5683 749 5721 nunc
791 5671 1047 5737 attingam
1088 5682 1206 5735 qua:
1251 5667 1500 5719 Barthius
1548 5677 1652 5719 tam
1700 5666 1753 5718 in
1804 5667 1898 5720 ho~~

319 5751 509 5793 versus
531 5752 687 5803 quam
714 5739 764 5790 in
789 5738 920 5791 alios
944 5738 1171 5790 omissos
1190 5745 1603 5790 commentatur.
1651 5737 1739 5789 Ait
1763 5747 1903 5789 Stro-

319 5810 479 5877 pham
520 5809 662 5861 illam
696 5806 908 5862 Weitzii
955 5807 1187 5861 Rescissa
1227 5807 1312 5859 sed
1350 5810 1449 5858 ista
1489 5822 1717 5877 seorsum
1768 5804 1904 5877 Pro-

320 5875 455 5947 prias
494 5886 802 5947 reuocantur
846 5879 898 5929 in
937 5888 1101 5941 ortus,
1130 5886 1259 5940 etc.,
1294 5875 1715 5947 posse_retineri
1748 5876 1901 5947 lanti-

317 5944 537 6017 quitatis
561 5948 762 6018 gratia,
794 5949 1036 6016 quamvis
1066 5956 1211 6005 recte
1241 5946 1355 6017 jam
1383 5958 1413 5998 a
1452 5944 1697 6001 Fabricio
1738 5944 1899 6001 fuerit

1931 4655 1979 4716 D

1997 1736 2221 1790 omissa.
2248 1733 2478 1789 Versum
2514 1732 2765 1799 Proprias
2787 1740 3090 1787 revocantur
3119 1732 3172 1785 in
3199 1743 3342 1787 ortus
3371 1734 3595 1801 exponit

1996 1805 2116 1859 aliis
2143 1804 2387 1860 versibus
2418 1804 2653 1858 Lucretii
2698 1802 2792 1857 lib.
2819 1819 2856 1856 tt
2883 1820 2895 1855 :
2929 1802 3073 1857 Cedit
3102 1803 3222 1856 item
3260 1813 3425 1868 retro,
3450 1815 3585 1869 etc.,

1996 1891 2133 1943 quos
2181 1876 2375 1945 lcgesis
2426 1874 2633 1945 proleg,
2691 1889 2839 1927 num.
2888 1873 3012 1945 166.
3084 1872 3245 1945 Addit
3290 1872 3584 1930 editionem

1997 1942 2437 2001 recentissimam
2484 1944 2916 2015 (Weiteianam)
2977 1942 3259 2015 intrusisse
3309 1948 3587 2012 strepham

1996 2016 2243 2069 inutilem
2278 2028 2335 2070 et
2386 2016 2760 2068 monachicum
2802 2014 3119 2082 spirantem.
3166 2014 3312 2067 lianc
3355 2015 3592 2083 intelllge

1994 2100 2115 2141 esse
2138 2087 2413 2152 strepitam
2441 2084 2585 2139 illam
2616 2084 2705 2139 Sic
2732 2094 2915 2137 cuncta
2942 2099 3111 2137 creata
3141 2100 3340 2139 necesse
3365 2096 3437 2138 est
3468 2085 3592 2139 Obi-

1996 2166 2104 2209 tum
2145 2157 2361 2209 tolerare
2394 2171 2709 2225 supremum.
2741 2156 2796 2209 In
2825 2170 2981 2209 versu
3013 2152 3147 2225 Petit
3180 2155 3370 2210 halitus
3399 2156 3592 2209 tet/tera

1995 2227 2192 2296 fervens
2224 2226 2427 2279 invenit
2452 2222 2592 2293 apud
2625 2236 2835 2281 veteres
2865 2222 3200 2296 libros_Petit
3230 2224 3365 2279 alter
3401 2224 3592 2280 tubera

1995 2294 2213 2366 ferrem,
2246 2312 2346 2350 nec
2391 2297 2595 2348 dubitat
2644 2296 2987 2349 scribendum
3023 2294 3162 2349 Petit
3201 2298 3360 2351 tet/ter
3399 2298 3592 2352 (ethera

1994 2370 2192 2435 terrens
2235 2383 2249 2439 _:
2292 2378 2519 2439 uam_et
2571 2368 2792 2420 υνῦάιιιε
2840 2366 3081 2439 ultimam
3134 2367 3420 2439 produxit,
3468 2366 3593 2439 Ipse

1992 2454 2130 2491 meas
2156 2437 2316 2490 either
2342 2437 2515 2500 accipe
2542 2453 2738 2490 summa
2768 2454 2959 2504 preces.
2997 2436 3052 2489 ln
3084 2437 3238 2491 tet/rer
3263 2439 3478 2505 quidem
3500 2436 3592 2494 ἰιι-

1995 2507 2120 2561 tima
2152 2505 2293 2576 apud
2320 2507 2601 2572 Ovidium,
2625 2518 2676 2560 et
2706 2506 3085 2575 Prudentium,
3110 2509 3155 2561 si
3186 2508 3254 2561 ita
3287 2509 3372 2565 hic
3404 2524 3591 2564 versus

1996 2580 2222 2645 legatur,
2254 2577 2339 2632 vel
2380 2577 2547 2630 solius
2577 2591 2798 2631 caesura:
2845 2578 3057 2631 ratione
3106 2579 3302 2645 poterit
3344 2580 3589 2647 produci.

1995 2648 2307 2702 Gallandius
2338 2662 2404 2702 ex
2431 2647 2676 2701 'l‘ornres.
2710 2648 2983 2701 Exscribit
3029 2648 3176 2701 illum
3210 2664 3456 2715 versum,
3490 2649 3593 2706 Pe-

1995 2720 2053 2772 tit
2085 2720 2220 2790 alter
2243 2718 2435 2790 (ethera
2475 2720 2696 2784 (mens.
2744 2718 2970 2785 lntelligi
3002 2727 3175 2787 pote~t
3220 2721 3349 2773 alter
3373 2722 3441 2775 de
3480 2724 3595 2790 Spi-

1995 2792 2120 2842 ritu.
2152 2789 2335 2857 Pergit
2367 2788 2641 2853 Barthius,
2672 2790 3140 2853 animadvertens,
3179 2804 3435 2845 senescere
3464 2788 3588 2846 om-

1996 2861 2142 2912 nium
2174 2875 2354 2914 rerum
2386 2858 2657 2913 delectum
2692 2866 2901 2923 notare,
2934 2868 3075 2913 texta
3114 2874 3311 2929 corpus
3354 2862 3458 2915 dici
3481 2904 3496 2928 ,
3533 2874 3592 2916 ut

1993 2929 2120 2984 alibi
2159 2939 2382 2995 cratem,
2412 2939 2679 2999 compacta
2703 2930 2770 2983 ab
2802 2930 3041 2984 Arnobio
3083 2930 3174 2983 lib.
3210 2945 3246 2982 ιι
3279 2932 3329 2984 in
3362 2932 3467 2987 line
3496 2948 3591 2987 ae-

1993 3000 2097 3068 cipi
2142 3015 2241 3068 pro
2270 3002 2510 3066 nexibus,
2539 2999 2733 3068 quibus
2777 3000 3044 3069 pellicula:
3090 3009 3146 3054 et
3182 3009 3330 3055 artos
3382 3004 3589 3059 homini

1997 3084 2123 3125 vero
2151 3080 2276 3125 sunt
2294 3070 2461 3124 allixi.

2066 3142 2154 3195 l8.
2195 3140 2415 3211 Abolere
2454 3149 2667 3194 mortem
2694 3142 2991 3211 “proprium
3042 3140 3211 3195 solius
3258 3140 3353 3195 Dei
3387 3158 3403 3195 :
3444 3142 3589 3211 quod

1996 3210 2048 3263 in
2100 3212 2270 3265 sacris
2320 3210 2540 3265 Litteris
2587 3219 2642 3265 et
2692 3209 2947 3266 Ecclesia:
2999 3212 3248 3279 precibus
3296 3209 3587 3283 δωροδο-

1920 3288 1965 3349 ρ
1997 3284 2190 3335 currit.

2069 3351 2155 3406 19.
2200 3350 2357 3417 Ald.,
2408 3350 2602 3419 Egm.,
2652 3350 2771 3406 Put.
2814 3362 2866 3406 et
2909 3351 3212 3415 Otoniett”
3258 3362 3588 3420 monstrans;

1996 3420 2141 3474 Rott.
2178 3432 2425 3475 monstra.
2467 3420 2695 3486 Cteteri,
2732 3432 2786 3476 et
2826 3437 3017 3476 sensus
3061 3423 3175 3491 ipse
3206 3423 3401 3492 exigit,
3434 3440 3585 3478 mon-

1992 3504 2149 3545 stras.

2064 3562 2157 3615 9.2.
2190 3561 2343 3628 Quod
2383 3576 2579 3630 corpus
2602 3560 2795 3614 animm
2818 3578 2994 3617 carcer
3022 3562 3125 3616 dici
3161 3562 3349 3631 possit,
3376 3574 3591 3619 constat

1994 3634 2188 3699 partim
2234 3649 2301 3687 ex
2337 3634 2419 3685 his
2462 3648 2581 3702 qua:
2618 3632 2730 3685 dixi
2772 3634 2838 3687 ad
2872 3649 3016 3688 vers.
3044 3634 3111 3687 Ui
3142 3632 3375 3701 praefat,
3418 3644 3473 3688 et
3518 3637 3585 3689 ad

1996 3717 2140 3774 vers.
2170 3702 2271 3757 190
2299 3704 2484 3774 hymn.
2511 3703 2565 3765 7,
2589 3702 2790 3774 partim
2817 3720 2881 3759 ex
2917 3704 2998 3757 his
3031 3718 3151 3773 qua:
3180 3703 3395 3757 addam.
3429 3705 3587 3758 Multa

1997 3773 2193 3844 int-am
2224 3773 2545 3827 sententiam
2582 3773 2729 3827 Plato
2760 3789 2822 3828 ex
2858 3775 3099 3829 Sor-ratis
3130 3784 3182 3826 et
3210 3774 3589 3844 Egyptiorum

1997 3842 2145 3896 scitis
2166 3844 2405 3908 disserit,
2429 3854 2481 3897 et
2503 3859 2571 3899 ex
2594 3859 2659 3896 eo
2683 3854 2931 3912 repetunt
2953 3846 3042 3898 alii
3076 3842 3406 3912 philosophi,
3435 3856 3491 3899 ut
3514 3862 3589 3896 vi-

1998 3913 2112 3968 deri
2151 3926 2327 3981 potest
2366 3915 2505 3982 apud
2537 3914 2812 3968 Barthium
2842 3917 2978 3969 Adv.
3005 3930 3121 3982 cap.
3156 3916 3209 3975 5,
3240 3914 3331 3967 lib.
3368 3931 3506 3981 xui,
3539 3928 3594 3971 ct

1998 3931 2112 3968 aeri
2151 3931 2327 3981 pOieSl
2366 3931 2393 3967 a
2439 3931 2505 3967 nu
2537 3931 2812 3968 uartmum
2842 3931 2978 3969 nov.
3005 3931 3121 3982 cap.
3156 3931 3209 3975 ο,
3240 3931 3331 3967 ιιι).
3368 3931 3506 3981 xui,
3539 3931 3592 3971 ct

1997 3983 2280 4055 Martinam
2304 3985 2373 4040 de
2395 3931 2503 4039 lgna
2532 3986 2601 4039 de
2626 3985 2717 4039 Die
2740 3988 2903 4039 natali
2936 4002 3054 4055 cap.
3080 3987 3135 4041 ὅ.
3160 3985 3450 4040 Christiani
3477 3986 3592 4055 phi-

1998 4054 2209 4122 ιοεοιιιιί
2238 4065 2292 4109 et
2315 4055 2417 4111 SS.
2437 4055 2624 4109 Patres
2647 4057 2836 4109 eodem
2862 4059 2969 4110 fere
2994 4054 3154 4109 modo
3177 4056 3339 4108 locuti
3364 4054 3507 4119 sunt,
3535 4067 3595 4111 ut

2000 4124 2286 4179 Nemesius
2314 4126 2383 4181 de
2412 4127 2608 4179 Natura
2639 4128 2891 4192 hominis,
2923 4126 3305 4195 Theophridus
3332 4127 3499 4181 abbas
3527 4131 3595 4181 de

2005 4195 2202 4249 Vener.
2245 4206 2593 4261 sanctorum,
2644 4196 2914 4251 Arnobius
2970 4198 3063 4250 lib.
3110 4212 3181 4259 tt,
3230 4196 3289 4251 S.
3340 4196 3593 4250 Paulinus

2000 4280 2163 4338 smpe.
2188 4268 2247 4338 llnﬁ
2276 4268 2548 4321 communi
2579 4268 2737 4321 unius
2767 4270 3015 4337 martyris
3046 4267 3113 4321 ad
3144 4266 3330 4320 laudes
3360 4266 3595 4338 hymnus

2001 4346 2082 4389 est
2112 4336 2199 4389 ubi
2238 4337 2336 4391 hos
2364 4352 2552 4391 versus
2581 4338 2843 4404 legimus:
2876 4336 3064 4391 Saluta
3092 4346 3209 4389 sunt
3242 4338 3349 4403 iam
3388 4336 3598 4392 uincula

2001 4406 2102 4477 Tui
2130 4409 2321 4459 sacrati
2350 4409 2597 4476 corporis.
2628 4408 2811 4477 Itaque
2848 4410 3092 4476 quamvis
3131 4408 3327 4461 ethnici
3361 4408 3600 4476 philoso-

2005 4475 2091 4543 phi
2142 4492 2338 4546 corpus
2386 4475 2777 4545 appellaverint
2821 4475 3115 4542 carcerem,
3162 4475 3454 4543 vinculum,
3496 4496 3597 4531 an-

2004 4557 2171 4612 trum,
2202 4548 2525 4617 sepulcrum,
2566 4565 2653 4603 vas
2699 4550 2908 4613 animas,
2952 4552 3022 4602 ita
3073 4550 3156 4602 his
3202 4548 3423 4603 vocibus
3458 4549 3596 4603 abu-

2008 4626 2216 4683 tentes,
2250 4627 2305 4671 ut
2350 4634 2530 4672 verum
2574 4629 2625 4673 et
2672 4619 2917 4672 intimam
2962 4620 3159 4672 animus
3199 4633 3321 4673 cum
3365 4634 3598 4687 corpore

2007 4689 2259 4742 unionem
2294 4697 2585 4758 negarent,
2615 4700 2793 4743 tamen
2822 4688 3082 4755 ejusmodi
3119 4703 3275 4742 voces
3304 4702 3334 4741 a
3366 4690 3463 4745 SS.
3500 4690 3602 4743 Pa-

2006 4760 2173 4812 tribus
2224 4760 2383 4827 vulgo
2440 4760 2683 4824 usitatae,
2736 4759 3111 4813 Ecclesiastiea
3166 4762 3594 4823 consuetudine,

2004 4838 2164 4897 atque
2192 4829 2328 4883 adeo
2369 4844 2538 4883 sacrae
2570 4829 2791 4899 paginae
2838 4833 3158 4883 auctoritate
3206 4830 3597 4897 comprobatae,

2005 4914 2338 4968 nequaquam
2372 4901 2520 4965 rejici
2551 4898 2780 4964 debent;
2811 4899 3246 4969 quandoquidem
3282 4902 3421 4953 inter
3444 4900 3603 4953 Citri-

2004 4971 2207 5022 stianos
2230 4970 2297 5023 de
2329 4984 2457 5023 vero
2481 4984 2643 5024 sensu
2672 4981 2916 5032 constat,
2948 4971 3154 5024 scilicet
3182 4970 3437 5035 animam,
3469 4972 3599 5023 dum

2002 5042 2213 5107 corpori
2238 5052 2319 5094 εει
2352 5040 2498 5094 unita
2519 5082 2532 5104 ,
2562 5056 2750 5094 omnes
2776 5054 2901 5093 suas
2927 5040 3231 5095 functiones
3264 5042 3423 5108 plene
3454 5052 3507 5095 et
3538 5043 3600 5093 li-

2005 5110 2133 5163 bere
2156 5126 2414 5165 excrcere
2446 5126 2550 5165 non
2584 5126 2760 5178 posse.
2789 5110 3047 5180 Apposite
3074 5111 3131 5164 S.
3159 5112 3473 5165 Ambrosius
3502 5112 3596 5165 lib.

2004 5196 2066 5243 v,
2113 5182 2267 5252 epist.
2309 5182 2373 5235 2i
2405 5199 2418 5234 :
2456 5180 2784 5252 Uttaquteque
2828 5182 3001 5234 aninta
3047 5183 3219 5234 ridens
3262 5198 3602 5252 sercorporco

2005 5252 2101 5333 isto
2131 5250 2362 5333 clausam
2398 5250 2835 5333 gurgustio,quaa
2875 5260 3046 5304 tamen
3069 5261 3290 5332 terrente
3317 5251 3470 5332 hujus
3508 5252 3602 5301 ha-

2004 5322 2262 5373 bitationis
2291 5321 2547 5375 consortio
2584 5338 2685 5375 non
2723 5322 3129 5391 degeneraverit,
3162 5321 3447 5391 ingemiscit
3479 5338 3602 5389 gra-

2005 5404 2119 5444 vata
2162 5394 2391 5459 corporis
2423 5393 2581 5464 hujus
2625 5395 3023 5464 conjunctione.
3048 5393 3493 5464 Animadvertere
3523 5401 3604 5444 ta-

2007 5477 2127 5515 men
2184 5473 2398 5529 oportet
2466 5463 2742 5525 errorem,
2798 5478 2826 5516 a
2876 5463 3107 5517 concilio
3159 5477 3193 5515 ll
3251 5463 3601 5515 Braccareusi

2005 5532 2315 5585 damnatum
2372 5548 2491 5585 can.
2534 5533 2610 5585 6:
2656 5534 2716 5586 Si
2765 5533 2881 5602 quis
2931 5534 3127 5585 animus
3176 5533 3429 5585 humanas
3477 5534 3604 5583 dicit

2006 5605 2152 5668 prius
2181 5602 2233 5654 in
2262 5603 2445 5655 caelesti
2477 5604 2789 5656 habitatione
2817 5618 3071 5669 peccasse,
3098 5614 3144 5657 et
3175 5619 3265 5670 pro
3288 5603 3383 5654 hoc
3408 5602 3459 5653 in
3490 5616 3606 5653 cor-

2006 5688 2133 5740 pora
2182 5673 2403 5724 humana
2445 5675 2500 5726 in
2545 5682 2730 5727 terram
2776 5675 3019 5742 dejectas,
3063 5674 3193 5726 sicut
3242 5670 3603 5742 Priscillianus

2006 5744 2167 5809 dixit,
2216 5746 2489 5795 anathema
2538 5744 2621 5805 sit.
2669 5740 2931 5798 Cavillum
2985 5742 3195 5797 Martini
3247 5740 3465 5795 Lutheri
3514 5755 3606 5795 re-

2007 5813 2185 5934 ljlltttm
2232 5812 2299 5866 ad
2351 5826 2493 5867 vers.
2531 5812 2601 5868 45
2644 5812 2829 5880 hymni
2876 5814 2973 5876 ll,
3024 5812 3243 5867 Mortale
3294 5826 3479 5881 corpus
3523 5814 3604 5865 in-

2046 5898 2096 5933 ιιι
2126 5920 2138 5933 .

2046 5898 2138 5933 ιιιι.
