4250 6478
249 463 348 518 881

490 569 606 626 Non
636 580 871 634 mortua,
904 566 1001 623 sed
1031 566 1153 622 data
1186 564 1413 621 somno?

418 663 531 719 lioc
561 664 781 734 provida
814 652 1257 717 Christicolarum

493 753 673 809 Pietas
698 753 901 819 studet,
932 763 991 807 ut
1022 761 1145 821 pote
1165 750 1413 811 credens.

491 844 657 918 356
682 845 822 900 Fore
853 843 1098 914 protinus
1121 841 1299 896 omnia
1331 840 1473 902 viva,

243 936 311 991 δυ
490 936 619 1003 Qua:
647 951 789 990 nunc
815 934 1025 1005 gelidus
1052 947 1216 1001 sopor
1243 941 1415 999 urget.

420 1025 521 1095 Qui
547 1026 687 1095 jacts
717 1024 979 1080 cadavera
1007 1019 1209 1094 passim

490 1116 755 1170 Miseram
785 1116 917 1184 tegit
944 1126 1142 1183 aggere
1173 1120 1351 1174 terrte,

488 1207 637 1275 Opus
667 1206 887 1261 exhibet
918 1204 1011 1259 ille
1036 1204 1325 1272 benignum

487 1297 707 1352 Christo
740 1296 856 1366 pius
881 1292 1261 1365 omnipotenti.

241 1389 313 1444 65
422 1388 557 1456 Quin
592 1390 673 1443 lex
704 1388 890 1442 eadem
924 1397 1104 1441 manet
1133 1399 1324 1439 omnes

489 1479 647 1550 357
681 1464 951 1534 Gemitum
979 1477 1109 1531 dare
1138 1486 1286 1531 sorte
1318 1473 1416 1528 sub
1448 1487 1570 1534 una,

489 1570 835 1641 Cognataque
865 1570 1053 1624 funera
1085 1569 1239 1623 nobis

1024 445 1555 508 CATIIEMERINON
1596 443 1657 498 x.
1703 442 1906 497 ClRCA
1949 441 2341 511 cxseqmss
2380 442 2744 500 DEFUNCTI.
3424 435 3525 488 sse

2205 560 2394 615 Aliena
2419 561 2471 614 in
2496 571 2667 615 morte
2698 562 2901 615 dolerc.

2128 652 2308 707 Saneti
2338 661 2485 705 sator
2514 652 2603 707 ille
2634 653 2837 715 Tohim,

1948 742 2016 795 70
2200 744 2385 808 Sacer,
2415 758 2477 796 ac
2506 743 2831 798 venerabilis
2861 742 3042 805 hcros,

2198 835 2432 903 Dapibus
2454 835 2563 904 jam
2591 835 2696 889 rite
2724 834 2926 902 paratis

2192 926 2287 981 Ius
2318 926 2551 994 przetulit
2579 925 2979 995 exsequiarum.

2122 1018 2239 1073 lam
2269 1018 2537 1073 stantibus
2565 1018 2658 1073 ille
2685 1017 2948 1072 ministris

2190 1109 2450 1179 Cyathos,
2483 1119 2539 1164 et
2571 1108 2771 1164 fercula
2799 1108 2974 1178 liquit,

1945 1196 2011 1254 75
2191 1200 2489 1269 Studioque
2522 1200 2795 1255 accinctus
2817 1198 3098 1263 humandi,

2194 1292 2343 1346 Fleto
2373 1290 2522 1346 dedit
2546 1304 2666 1345 ossa
2695 1290 2967 1359 sepulcro.

2121 1384 2358 1439 Veniunt
2396 1398 2518 1437 mox
2551 1383 2772 1451 praemia
2803 1382 2965 1447 caelo,

2198 1475 2547 1543 Pretiumque
2574 1473 2892 1542 rependitur
2926 1474 3115 1541 ingens
3142 1488 3156 1525 :

2190 1566 2323 1621 Nam
2357 1566 2557 1621 lumina
2593 1565 2771 1621 nescia
2800 1566 2932 1620 solis

1556 1677 1847 1735 GLOSSE
1890 1680 2232 1736 VETERES.

315 1777 405 1833 56.
438 1775 552 1831 Non
581 1784 810 1840 mortua,
835 1773 974 1827 unde
1007 1774 1060 1827 in
1081 1771 1180 1826 Job
1206 1789 1225 1827 :
1263 1770 1574 1825 Restituetur
1595 1779 1649 1823 ut
1672 1771 1833 1824 lutum
1870 1758 1913 1815 Β
2014 1774 2100 1828 66.
2134 1773 2293 1831 Sorte
2320 1773 2422 1827 sub
2448 1788 2573 1841 una,
2620 1791 2722 1827 una
2749 1790 2858 1828 sors
2897 1782 2969 1827 est
3012 1772 3263 1840 omnium,
3311 1772 3540 1830 videlicet

240 1848 595 1917 signaculum,
644 1854 691 1899 et
737 1845 893 1917 stabit
912 1845 1057 1917 quasi
1080 1845 1453 1917 vestimentum.
1493 1841 1833 1917 Signaculum

241 1912 495 1971 hominem
519 1924 685 1978 vocat,
723 1916 812 1985 qui
847 1915 903 1967 in
930 1916 1093 1985 lutum
1118 1912 1392 1984 redigitur,
1422 1922 1471 1965 et
1496 1915 1641 1982 quasi
1671 1913 1833 1967 lotum

240 1989 592 2042 vestimentum
612 1983 910 2047 reservetur,
940 1983 980 2039 I.

311 2057 400 2113 58.
433 2057 641 2125 Utpote,
668 2066 722 2109 ut
751 2056 971 2120 testimo,
1002 2056 1056 2107 id
1081 2064 1177 2121 est,
1202 2054 1372 2122 quasi,
1404 2052 1442 2106 1.

312 2128 404 2182 59.
435 2122 646 2191 omnia,
680 2136 790 2192 post
812 2126 1101 2196 generalem
1126 2125 1571 2196 resurrectionem,
1599 2122 1699 2178 lso.

314 2198 405 2251 6|.
437 2197 561 2264 Qui,
591 2197 652 2249 de
680 2196 760 2249 his
780 2194 868 2263 qui
894 2206 1123 2265 mortuos
1146 2194 1419 2265 sepeliunt,
1453 2194 1492 2247 Ι.

313 2266 402 2325 62.
432 2268 659 2337 Aggere,
690 2269 917 2332 cumulo,
950 2264 1050 2321 lso.

1942 1845 2092 1907 mori,
2126 1844 2166 1897 1.

2013 1914 2102 1968 69.
2129 1913 2311 1978 Sator,
2335 1924 2501 1983 pater,
2532 1914 2573 1970 1.

2015 1986 2107 2039 7i.
2144 1984 2283 2051 Rite,
2317 1985 2712 2048 ratiOnabiliter,
2737 1986 2775 2038 I.

2018 2054 2117 2177 7Ξᾶ
2140 2054 2259 2179 luit,
2291 2057 2472 2126 legem.
2498 2085 2567 2097 —
2591 2055 2979 2125 Exsequiarum
3029 2055 3280 2126 exsequiae
3306 2057 3370 2110 ab
3399 2073 3540 2112 exse-

2018 2141 2076 2178 en
2118 2142 2170 2179 o.
2234 2167 2245 2179 .

1944 2140 2170 2193 quenao,
2208 2140 2245 2179 l.

2017 2195 2110 2249 75.
2145 2194 2432 2256 ilumandi.
2463 2196 2760 2265 sepeliendi,
2795 2196 2831 2248 Ι.

2014 2264 2100 2320 76.
2136 2265 2306 2333 Ficta,
2336 2264 2630 2336 deplorata,
2663 2268 2889 2337 plorata,
2922 2268 3217 2335 lamentata,
3254 2271 3290 2324 Ι.

1594 2353 2159 2414 COMMENTARIUS.

314 2450 405 2506 56.
436 2449 494 2504 ιιι
520 2450 689 2504 sacris
719 2446 959 2510 Litteris,
1006 2446 1260 2513 precibus
1284 2445 1669 2501 ecclesiasticis
1711 2460 1837 2500 san-

238 2530 559 2589 ctorumque
596 2518 814 2574 Patrum
860 2518 1240 2583 voluminibus,
1288 2518 1506 2584 mortui,
1542 2518 1839 2589 prmsertim

240 2593 411 2647 sancti
461 2587 515 2646 et
558 2591 646 2659 qui
689 2589 754 2643 ad
801 2592 962 2641 vitam
1012 2599 1270 2659 aeternam
1313 2587 1669 2641 resurrecturi
1716 2596 1843 2641 sunt

242 2661 483 2731 gloriOsi,
516 2658 821 2713 dormientes
848 2659 1120 2711 dicuntur.
1184 2658 1318 2731 Hinc
1348 2659 1714 2731 canteterium,
1747 2668 1843 2731 aut

243 2726 591 2792 camiterium,
622 2741 947 2802 κοιμητήριον
977 2746 1001 2779 a
1023 2732 1231 2797 κοιμιάω.
1260 2728 1483 2802 dormio.
1506 2726 1837 2802 Corrigenda

242 2818 372 2880 ergo
393 2811 481 2880 est
503 2798 926 2880 Jsopis'glos'sa,
970 2814 1105 2880 quas.
1139 2799 1398 2880 cymiitron.
1439 2807 1494 2851 et
1516 2798 1834 2880 cymiterien

241 2866 449 2927 scribit.
502 2873 579 2925 Ex
619 2866 929 2936 hac'phrasi
961 2866 1264 2936 g'ravis~imi
1297 2869 1399 2933 viri
1440 2866 1619 2921 natam
1648 2866 1841 2923 8ιὶεεί-

243 2951 393 2997 ruant
426 2940 703 2997 historiam
736 2939 803 2993 de
827 2950 1033 3006 septem
1073 2939 1490 3001 dormientibus,
1518 2939 1607 3005 qui
1637 2938 1843 2993 scilicet

244 3011 578 3066 dormierant
610 3012 661 3065 in
692 3010 932 3072 Christo,
984 3009 1084 3062 hoc
1108 3015 1213 3071 est,
1247 3023 1373 3061 vere
1404 3009 1597 3061 mortui
1628 3006 1839 3063 fuerant

246 3093 301 3137 et
328 3084 522 3150 reperti
572 3089 697 3133 sunt
744 3089 997 3150 tanquam
1040 3078 1393 3150 dormientes.
1424 3078 1645 3150 _Confer
1676 3079 1841 3150 Baro-

248 3146 405 3205 nium'
427 3153 491 3205 ad
522 3151 662 3205 diem
693 3150 761 3202 27
789 3148 913 3204 Julii
949 3150 1167 3214 M.irtyr.
1201 3148 1381 3210 Rom.,
1413 3146 1685 3214 Cuperum
1706 3148 1840 3201 Arta

244 3222 367 3285 85.,
403 3238 523 3288 pag.
557 3222 685 3281 593,
718 3229 849 3272 tom.
880 3218 967 3284 Vl,
996 3228 1048 3271 et

246 3306 339 3347 ces
364 3292 581 3359 Regulis
606 3290 632 3359 ᾗ
665 3292 718 3343 7.
750 3288 1159 3342 Eruditissimus
1188 3302 1352 3356 eques
1383 3289 1645 3342 Victorius
1674 3289 1844 3343 edidit

246 3362 432 3417 Rome
475 3364 606 3415 1741
660 3360 759 3413 SS.
797 3368 1001 3426 septem
1034 3359 1422 3412 Dormientiunt
1468 3359 1748 3411 historiam
1775 3374 1842 3412 ex

246 3432 457 3501 ectypis
492 3433 661 3485 musei
695 3430 911 3501 Victorii
944 3443 1280 3501 expressam,
1330 3428 1738 3501 dissertatione,
1786 3436 1849 3501 _et

248 3498 524 3555 veteribus
570 3499 932 3554 monumentis
969 3499 1289 3553 illustratam
1318 3515 1330 3549 :
1357 3499 1446 3565 qui
1488 3513 1610 3566 cap.
1644 3498 1711 3550 Η
1751 3499 1845 3552 ob-

247 3582 451 3637 servm,
494 3571 843 3626 Prudentium
894 3568 978 3622 his
1017 3569 1264 3623 versibus
1304 3571 1588 3638 mysticum
1622 3583 1842 3623 sensum

248 3640 548 3709 aperuisse,
576 3649 634 3695 et
656 3639 871 3707 subjicit
902 3639 1232 3706 epitaphium
1279 3638 1338 3693 S.
1371 3639 1670 3693 Alexandri
1700 3654 1843 3691 mar-

248 3708 409 3781 tyris,
462 3712 604 3780 quod
648 3711 777 3764 mihi
824 3708 1044 3762 dubium
1076 3710 1553 3781 estzAtsxsunsn
1602 3724 1844 3781 stos-tuus

248 3777 351 3837 non
385 3777 499 3844 εει-ζ
532 3796 628 3834 seu
655 3795 794 3832 vm'r
825 3794 991 3832 sorua
1022 3794 1213 3833 ssras.
1247 3779 1408 3832 Multa
1439 3781 1536 3831 alia
1569 3777 1743 3839 atiert,
1780 3788 1839 3833 ut

248 3852 462 3920 probet,
480 3861 695 3905 sanctos
718 3850 836 3903 illos
854 3848 1177 3902 Dormientes
1196 3858 1531 3920 nuncupatos
1549 3865 1675 3902 vere
1698 3865 1843 3903 mor-

249 3919 371 3976 tuos
401 3922 562 3975 fuisse
588 3930 643 3974 et
683 3921 943 3990 martyrio
983 3930 1291 3990 coronatos.
1338 3919 1447 3973 Etsi
1494 3927 1671 3972 autem
1716 3935 1842 3989 pro-

246 3993 426 4047 fessus
454 3992 634 4053 fuerit,
666 4004 727 4044 se
758 3988 1057 4060 ex'ectypis
1094 3988 1176 4041 sui
1208 3990 1379 4043 musei
1426 3990 1683 4043 exhibere
1724 3988 1842 4043 eam

250 4062 529 4117 historiam
550 4070 801 4114 accurate
828 4059 1170 4121 delineatam,
1190 4069 1246 4112 et
1270 4060 1363 4113 teri
1395 4060 1640 4124 incisam,
1661 4068 1844 4115 tamen

247 4134 322 4188 cl.
353 4132 549 4199 praesul
578 4128 885 4197 Stephanus
913 4129 1103 4198 Borgia
1130 4128 1436 4198 hujusmodi
1468 4130 1842 4197 antiquitatum

251 4204 432 4257 cultor
456 4202 687 4255 eximius
713 4215 783 4254 ex
818 4208 1124 4269 prototypo,
1157 4201 1299 4269 quod
1332 4202 1382 4253 in
1417 4200 1843 4269 locupletissimo

251 4287 353 4326 suo
382 4286 570 4326 museo
611 4278 811 4336 servat,
865 4270 1087 4337 notavit,
1141 4270 1349 4325 litteras
1393 4271 1585 4338 quibus
1626 4271 1842 4324 nomina

248 4343 347 4398 SS.
384 4354 679 4411 martyrum
712 4349 1009 4411 exarantur
1032 4384 1046 4408 ,
1087 4341 1140 4393 in
1188 4342 1341 4395 lc0ne
1372 4341 1594 4395 Victorii
1644 4355 1748 4394 noo
1781 4356 1845 4393 ea

253 4414 423 4465 forma
445 4410 613 4465 veteri
640 4425 761 4465 esse
786 4410 1083 4479 descriptas
1104 4426 1206 4477 qua
1232 4420 1444 4464 exstant
1473 4411 1523 4463 in
1556 4426 1654 4464 suo
1683 4412 1841 4464 vitro.

250 4483 436 4550 Neque
488 4481 538 4535 id
580 4480 753 4534 solum
802 4495 889 4535 me
941 4480 1343 4549 perhumaniter
1392 4482 1691 4544 admonuit,
1746 4482 1840 4535 sed

251 4553 414 4606 etiam
436 4566 503 4605 ex
541 4564 638 4605 suo
670 4559 954 4619 prototypo
982 4553 1224 4604 eamdem
1258 4551 1533 4604 historiam
1558 4552 1841 4620 diligenter

251 4622 510 4676 delineari
528 4620 756 4685 curavit,
776 4633 829 4673 ut
844 4620 1031 4675 eadem
1050 4635 1077 4673 a
1098 4636 1181 4675 me
1198 4622 1290 4674 teri
1313 4621 1720 4676 ﬁdeliterincisa
1742 4624 1842 4676 hoc

254 4694 375 4747 loco
396 4698 897 4761 reprzcsentaretur.
934 4691 1174 4744 intellexi
1207 4707 1335 4745 vero
1366 4703 1575 4761 posma,
1610 4702 1840 4761 ectypou

256 4760 503 4827 Victorii,
551 4761 693 4830 quod
722 4775 864 4815 nunc
906 4763 958 4813 in
989 4761 1172 4815 Museo
1207 4760 1465 4815 Vaticano
1512 4760 1840 4828 asservatur,

296 4835 414 4884 lane
445 4831 778 4901 respondere
808 4842 1096 4900 Prototypo
1134 4834 1299 4885 musei
1326 4832 1575 4901 Borgiani
1600 4832 1840 4886 Velitris.

296 4849 414 4884 iane
445 4849 778 4901 respondere
808 4849 1096 4900 promtypo
1134 4849 1299 4885 muset
1326 4849 1575 4901 uorgtant
1609 4849 1840 4886 ventris.

252 4849 559 4957 Kohmdum
586 4910 668 4956 est
686 4901 754 4955 ab
778 4902 997 4969 antiquo
1018 4902 1223 4955 artiﬁce
1248 4902 1473 4956 formata
1496 4906 1655 4956 etiam
1681 4904 1845 4959 fuisse

257 4971 500 5042 martyrii
523 4972 1315 5037 instrumenta,scilicetclavas
1341 4974 1839 5042 nodosas,securcs,

256 5040 461 5107 clavos,
481 5040 625 5096 faces
651 5042 926 5109 ardentes,
954 5056 1141 5095 uncos.
1167 5042 1391 5096 Nomina
1416 5054 1539 5097 sunt
1557 5040 1847 5097 Constanti-

261 5129 381 5181 nus,
410 5109 778 5176 Maximianus,
800 5111 1162 5178 Martinianus,
1188 5112 1437 5176 Joannes,
1466 5113 1725 5180 Malchus,
1748 5116 1847 5169 Sa-

258 5185 426 5251 rapin,
454 5181 725 5245 Danesius,
754 5186 841 5250 qui
875 5184 1101 5238 fortasse
1131 5194 1214 5239 est
1237 5184 1537 5254 Dionysius.
1579 5185 1847 5246 Victorius

258 5256 353 5317 ait,
374 5268 529 5307 suum
546 5263 774 5322 eetypon
797 5266 936 5315 esse,
964 5269 1033 5308 ex
1052 5254 1307 5323 sulphure
1324 5256 1506 5309 multis
1530 5254 1725 5311 abhinc
1754 5273 1848 5309 an-

263 5326 343 5395 nis
367 5325 508 5385 fuso,
539 5338 605 5375 ex
630 5336 839 5395 gemma
864 5323 1082 5389 antiqua
1104 5334 1317 5395 sumpto
1346 5345 1356 5377 :
1384 5336 1597 5381 aetatem
1621 5342 1847 5395 genuine

261 5393 374 5446 sive
406 5393 698 5461 promtypi,
727 5394 869 5461 quod
885 5395 1117 5517 periisse
1152 5393 1547 5463 suspicabatur,
1584 5393 1747 5451 refert
1777 5399 1845 5452 ad

262 5464 524 5517 stecuium
544 5478 635 5515 vttt
665 5472 757 5517 aut
782 5476 856 5516 1x.
911 5464 1020 5517 llud
1052 5466 1354 5517 mirandum
1386 5478 1489 5517 est.
1521 5468 1694 5517 virum
1725 5469 1845 5517 ditt.

262 5464 524 5517 stecuium
544 5478 635 5515 vttt
665 5472 757 5517 aut
782 5476 856 5516 tx.
885 5464 1020 5518 Illud
1052 5466 1354 5521 mirandum
1386 5478 1489 5533 est,
1521 5468 1694 5521 virum
1725 5469 1847 5523 dili-

266 5534 460 5607 gentia:
481 5533 636 5607 laude
654 5534 1111 5607 commendatum,
1131 5552 1315 5606 parum
1334 5552 1573 5601 curasse,
1603 5551 1655 5590 ut
1674 5538 1849 5607 imago

266 5603 365 5657 teri
390 5603 557 5676 incisa
578 5613 789 5675 ectypo,
815 5605 956 5675 quod
981 5607 1095 5674 ipsc
1120 5603 1449 5676 possidebat,
1479 5603 1851 5665 cout'ormare-

268 5675 688 5749 tur._Pignorius_
718 5678 768 5727 in
800 5687 1090 5732 comment.
1109 5676 1177 5732 de
1204 5680 1412 5744 Servis,
1437 5675 1562 5749 pag.
1598 5680 1727 5746 254,
1750 5682 1847 5736 ad-

268 5746 451 5820 vertit,
476 5760 581 5820 non
597 5745 790 5820 solum
811 5761 875 5801 ex
904 5749 1266 5820 ecclesiastica
1296 5745 1549 5820 loquendi
1610 5745 1845 5807 consue-

268 5817 450 5889 tudine
476 5816 737 5889 originem
761 5817 955 5872 ducere
981 5818 1315 5874 dec:tntatam
1342 5816 1547 5889 septem
1569 5822 1849 5877 Dormien-

268 5886 398 5940 tium
430 5887 768 5954 memoriam,
814 5890 907 5944 sed
938 5891 1099 5943 etiam
1147 5904 1208 5944 ea
1240 5891 1307 5946 de
1336 5886 1492 5947 causa
1536 5910 1563 5946 a
1594 5891 1848 5949 Romanis

1122 3229 1297 3273 etrum
1324 3218 1563 3280 Lazzeri,
1599 3218 1667 3272 de
1695 3219 1843 3272 criti-
1874 3224 1921 3288 ο

1871 4592 1921 4651 D

1952 2451 2295 2573 gontil‘tcibus
2317 2452 2581 2523 sepulcris
2606 2456 2973 2537 apostolorum
3007 2454 3277 2535 adhibitos
3310 2468 3373 2507 ex
3398 2452 3545 2510 clero

2003 2532 2203 2573 omano
2229 2524 2501 2573 custodes.
2531 2539 2621 2573 aut
2649 2524 2948 2573 cubiculum
2979 2525 3249 2573 dtt‘llnlur.

2003 2532 2203 2575 omano
2229 2522 2501 2587 custodes,
2531 2522 2621 2589 qui
2649 2524 2950 2577 cubicularii
2979 2525 3249 2578 dicuntur.

2024 2592 2113 2647 59.
2148 2594 2477 2648 Adverbium
2506 2596 2737 2663 protinus
2767 2595 2869 2650 hoc
2900 2597 3023 2651 loco
3050 2598 3157 2649 vim
3184 2594 3365 2661 habet,
3394 2598 3546 2665 quasi

1949 2678 2103 2731 porro
2125 2672 2291 2726 lenus,
2316 2665 2542 2719 demum.

2024 2733 2113 2787 60.
2144 2734 2263 2807 vat.
2288 2735 2352 2801 Β,
2385 2735 2506 2788 Rat.
2540 2750 2661 2807 pro
2682 2735 2897 2807 diversa
2928 2736 3219 2807 scriptura,
3250 2735 3422 2807 Sich.,
3456 2754 3546 2790 ar-

1948 2805 2213 2877 cet._qu_od
2246 2814 2463 2877 secutus
2490 2815 2571 2859 est
2597 2805 2860 2861 Weitzius
2898 2823 3019 2863 cum
3041 2805 3242 2877 Bong"
3276 2806 3544 2869 Goldast.,

1949 2882 2003 2927 et
2031 2873 2255 2949 Widm.,
2292 2876 2343 2929 in
2373 2890 2479 2949 quo
2510 2885 2867 2949 supravurget,
2918 2894 3037 2949 qua:
3076 2873 3360 2949 est'lectio
3390 2893 3544 2949 com-

1948 2947 2174 3019 munior
2193 2955 2248 2999 et
2278 2948 2477 3001 verior.
2528 2948 2619 3002 Sic
2662 2947 2914 3019 Horatius
2950 2948 3045 3003 lib.
3079 2965 3117 3011 ι,
3151 2948 3252 3001 oda
3280 2947 3376 3012 24,
3412 2947 3555 3019 Ergo

1953 3015 2265 3077 Quintilium
2320 3027 2593 3089 perpetuus
2637 3034 2791 3086 sapor
2835 3017 3013 3089 Urget.
3062 3019 3341 3073 Ciceronis
3385 3015 3550 3073 etiam

1951 3096 2032 3160 est
2059 3103 2269 3160 somnus
2295 3088 2696 3154 urget.iiericus
2719 3090 2822 3160 Ioc.
2847 3088 2968 3157 cit.,
2992 3089 3121 3154 Qua:
3141 3105 3294 3158 sopor
3314 3090 3547 3160 urgebat.

1952 3155 2225 3230 Giselinus
2256 3158 2308 3211 in
2344 3167 2491 3211 textu
2519 3169 2679 3221 arcet,
2725 3158 2789 3230 ad
2816 3155 2969 3212 oram
2999 3170 3164 3230 urget.

2022 3226 2112 3280 6t.
2147 3226 2296 3311 lianc
2338 3237 2504 3282 totam
2539 3229 2860 3311 sententiam
2889 3226 3550 3311 eiquent'erJLactan‘tius

1948 3296 2178 3349 adornat
2207 3297 2301 3352 lib.
2332 3314 2404 3361 v1,
2429 3314 2549 3366 cap.
2582 3298 2650 3351 12
2680 3298 2855 3351 Divin.
2888 3296 3061 3355 lnstit.
3088 3318 3102 3353 :
3133 3298 3385 3354 Ultimum
3417 3302 3551 3353 illud

1949 3377 1995 3419 et
2018 3369 2299 3440 maximum
2322 3370 2526 3435 pietatis
2558 3369 2793 3440 ofﬁcium
2832 3379 2905 3421 est
2934 3372 3315 3439 peregrinorum
3341 3383 3385 3423 et
3420 3388 3548 3440 pau—

1950 3451 2127 3509 perum
2150 3438 2535 3509 sepultura..."
2588 3438 2711 3489 Non
2737 3454 2869 3509 ergo
2911 3438 3183 3506 patiemur,
3231 3438 3452 3509 ﬁgurant
3501 3452 3547 3495 et

1949 3508 2249 3577 ﬁgmentum
2280 3506 2376 3560 Dei
2409 3512 2530 3576 feris
2572 3525 2631 3561 ac
2663 3506 2956 3563 volucribus
2995 3510 3047 3563 in
3088 3506 3317 3580 praedam
3347 3513 3545 3581 jacere,

1948 3578 2037 3630 sed
2076 3578 2355 3631 reddemus
2393 3580 2447 3631 id
2498 3588 2666 3635 terrae.
2712 3579 2848 3632 unde
2894 3587 3063 3633 ortum
3105 3590 3295 3634 est.....
3344 3580 3410 3632 In
3450 3599 3548 3635 ouo

1948 3599 2035 3630 sca
2076 3599 2355 3631 ΐεαιιειηυσ
2393 3599 2445 3631 ra
2498 3599 2666 3638 terrm.
2712 3599 2848 3632 unae
2894 3599 3063 3633 οτιαηι
3105 3599 3295 3634 est“...
3344 3599 3410 3632 1η
3450 3599 3548 3651 quo

1946 3660 2116 3720 autem
2148 3648 2309 3716 magis
2348 3650 2564 3719 justitiae
2594 3651 2727 3702 ratio
2766 3651 3019 3720 consistit,
3060 3667 3216 3720 quam
3260 3652 3312 3704 in
3354 3668 3435 3713 eo,
3494 3665 3549 3705 ut

1947 3718 2083 3785 quod
2104 3718 2408 3787 praestamus
2438 3722 2625 3772 nostris
2648 3737 2736 3787 per
2755 3718 3016 3785 a/fectum,
3046 3718 3339 3788 praestemus
3363 3722 3548 3777 alienis

1950 3805 2039 3855 per
2067 3788 2458 3861 humanitatem,
2486 3805 2596 3858 qua:
2626 3800 2697 3842 est
2725 3789 2886 3843 multo
2915 3793 3101 3843 certior
3121 3793 3410 3861 justiorque
3430 3810 3547 3845 cum

1941 3861 2055 3929 jam
2097 3876 2197 3911 non
2246 3860 2443 3912 homini
2473 3870 2766 3926 prmstatur,
2817 3862 2907 3929 qui
2935 3861 3065 3914 nihil
3115 3860 3285 3926 sentit,
3330 3865 3418 3916 std
3446 3867 3547 3917 soli

1949 3928 2059 4002 Deo
2081 3930 2430 4002 gratissimum
2463 3932 2777 3998 sacriﬁcium
2804 3928 2877 4002 est
2908 3948 3033 3999 opus
3052 3936 3274 4002 justum.

2021 4000 2107 4054 64.
2146 4000 2325 4068 Egm.,
2348 4001 2497 4063 Ald.,
2528 4001 2691 4069 prius,
2728 4001 2868 4070 quod
2904 4000 3191 4071 amplexus
3222 4013 3301 4058 est
3328 4002 3549 4058 Nebris-

1948 4084 2031 4141 sa,
2056 4085 2331 4138 exponens
2357 4071 2410 4123 in
2434 4072 2644 4139 primis;
2670 4086 2845 4139 neque
2862 4072 3227 4127 Chamillardo
3250 4074 3543 4141 displicuit.

1948 4140 2055 4214 Sed
2081 4144 2253 4194 multo
2284 4142 2455 4210 magis
2487 4142 2696 4208 placere
2726 4143 2885 4199 debet
2931 4146 3067 4214 pius.
3125 4144 3179 4199 in
3217 4140 3351 4199 Vat.’
3378 4148 3421 4200 Λ
3464 4158 3550 4201 est

1950 4212 2116 4294 Prae.
2150 4220 2203 4294 et
2226 4226 2389 4294 sunt?
2422 4214 2563 4294 ρίυε-

2021 4282 2107 4335 65.
2141 4282 2265 4336 Ald.
2318 4282 2538 4347 Weitz.,
2583 4282 2697 4337 Gis.
2734 4283 2754 4337 Ι
2790 4282 2942 4343 edit.,
2993 4287 3111 4353 quia
3152 4287 3254 4352 lex,
3306 4286 3548 4354 nihilque

1948 4352 2237 4425 diversum,
2258 4369 2323 4407 ex
2359 4369 2489 4409 mss.
2522 4362 2670 4407 notat
2700 4352 3136 4412 Maricttus.’Gis.
3171 4359 3206 4410 ‘2
3233 4357 3387 4421 edit.,
3424 4352 3546 4425 quin

1950 4424 2032 4475 (ex
2061 4463 2074 4485 ,
2131 4424 2443 4492 nullamque
2487 4426 2803 4478 varietatem
2839 4426 3091 4481 Heinsius
3136 4444 3200 4483 ex
3250 4429 3360 4481 suis
3409 4424 3539 4483 mss.

1950 4492 2351 4548 animadvertit.
2386 4494 2615 4549 Metrum
2665 4505 2718 4548 et
2766 4500 3031 4551 sententia
3084 4499 3337 4552 utrolibet
3383 4501 3545 4551 modo

1949 4575 2231 4629 eonsmnt;
2276 4566 2522 4631 quamvis
2552 4566 2669 4633 quia
2697 4566 2779 4617 lex
2808 4566 3091 4622 Gallandio
3124 4570 3301 4622 minus
3334 4578 3541 4624 rectum

1954 4636 2126 4706 visum
2162 4633 2321 4690 fuerit
2344 4634 2397 4689 in
2413 4644 2557 4706 vett.
2590 4636 2713 4689 edd.
2745 4635 2903 4691 Brev.
2930 4637 3088 4706 Μυκη
3122 4649 3283 4692 movet
3311 4656 3505 4693 omnes.

2022 4704 2111 4758 66.
2147 4705 2317 4760 Aldus
2361 4705 2529 4761 edidit
2578 4707 2708 4776 forte
2756 4714 2849 4762 sub
2899 4724 3025 4776 una,
3068 4704 3305 4765 correxit
3356 4713 3547 4765 vitiose

1947 4785 2082 4827 sorte
2108 4777 2349 4831 sublimo.
2410 4826 2415 4829 ν

2025 4846 2113 4899 67.
2150 4845 2329 4921 Egm.,
2366 4846 2566 4905 Widm.
2599 4864 2783 4920 supra,
2812 4867 3043 4906 munera.
3066 4851 3183 4905 Vat.
3210 4852 3275 4906 Α.
3306 4867 3541 4921 munera,

1948 4931 2109 4983 supra
2142 4920 2350 4986 funera.

2023 4988 2109 5063 66.
2145 4987 2289 5063 ὲεςᾳ
2312 4988 2494 5045 Tobiae
2523 4988 2719 5046 librum
2746 5007 2865 5063 cap.
2898 5008 2956 5048 ll.

2023 5058 2109 5137 30.
2145 5058 2343 5137 Tobias
2373 5070 2525 5137 pater
2554 5058 2943 5137 herosdicitur,
2970 5063 3101 5121 utS.
3128 5064 3357 5122 ‘oannes
3384 5080 3545 5121 evan-

1951 5130 2357 5200 gelistaihymn.
2386 5133 2439 5198 6,
2474 5148 2618 5188 vers.
2654 5134 2777 5189 ιιι.

2024 5200 2111 5277 Ἱᾷ.
2150 5199 2384 5277 verbum
2412 5212 2548 5257 stare
2576 5204 2836 5277 ministris
2865 5204 3237 5261 conviviorum
3268 5216 3391 5277 apte
3418 5220 3546 5261 cou-

1953 5271 2121 5345 venit,
2172 5272 2358 5345 quiet
2399 5283 2616 5329 statores
2646 5276 2986 5345 dicebautur,
3036 5286 3255 5333 auctore
3294 5271 3547 5332 Petronio

1953 5342 2174 5422 Arbitro
2200 5359 2212 5395 :
2240 5342 2360 5397 Nisi
2385 5354 2471 5397 aut
2512 5361 2681 5400 servos
2722 5342 2979 5416 viderint;
3012 5356 3101 5403 aut
3134 5357 3352 5403 statores
3391 5348 3545 5401 altius

1951 5421 2165 5466 cinctos.

2024 5480 2115 5555 74.
2142 5482 2272 5555 vat.
2304 5484 2396 5551 A.,
2424 5500 2485 5539 ac
2512 5484 2743 5555 fercula;
2774 5486 2865 5543 alii
2893 5495 2962 5543 et.

2026 5553 2117 5629 76.
2140 5553 2282 5629 γρ).
2305 5556 2367 5622 Β,
2410 5553 2519 5629 [le
2558 5571 2679 5613 cum
2719 5553 2920 5629 glossa,
2959 5558 3186 5629 plorata,
3233 5560 3548 5623 lamentata;

1955 5622 2138 5699 Gold.,
2163 5625 2393 5694 Widm.,
2426 5626 2648 5695 Weitz.,
2674 5622 2916 5685 nonnulli
2940 5622 3237 5686 Heinsiani.
3271 5630 3377 5697 lso,
3400 5622 3543 5699 ﬂeta,

1954 5695 2097 5764 quod
2146 5708 2323 5773 metro
2371 5712 2561 5773 parum
2608 5702 2874 5773 congruit.
2914 5700 3108 5773 Bong.,
3156 5695 3547 5773 Fabr.,'ﬂails.

1955 5780 2140 5841 supra,
2174 5766 2410 5837 Thuanl,
2442 5770 2589 5839 ΒΜ..
2640 5766 2780 5839 Gis.,
2814 5774 2964 5841 ﬂetu,
2995 5766 3175 5830 minus
3216 5771 3384 5838 bene;
3426 5772 3571 5840 ﬂata.

1957 5838 2191 5907 sepulcro
2216 5842 2403 5909 optimi
2432 5842 2667 5900 codices.
2700 5838 2867 5901 Aldus
2898 5838 2953 5901 et
2981 5842 3089 5900 alii.
