4358 6468
381 430 489 487 889

631 540 790 624 365
817 541 905 597 Sol
935 540 1042 610 jam
1088 555 1372 595 recurrens
1401 542 1637 596 deserit?

629 633 947 688 Christusne
977 635 1134 687 terris
1170 635 1428 697 nascitur,

632 722 734 790 Qui
772 723 908 777 lucis
936 735 1094 792 auget
1125 725 1433 778 tramitem?

381 812 417 867 5
555 811 696 876 Heu,
728 825 887 881 quam
921 813 1158 880 fugacem
1181 815 1404 879 gratiam

632 902 846 957 Festina
875 901 1123 956 volvebat
1145 902 1262 956 dies
1279 905 1304 956 !~

631 993 799 1059 Quam
829 1007 965 1062 pene
991 992 1307 1047 subductam
1337 992 1507 1047 facem

630 1084 842 1137 Sensim
875 1085 1044 1138 recisa
1073 1083 1446 1138 exsunxerat!

559 1175 762 1228 Curium
794 1177 1020 1229 nites¢at
1048 1173 1239 1240 laetius,

382 1263 450 1321 1ο
633 1265 887 1319 Gratentr
913 1274 966 1319 et
1004 1265 1244 1334 gaudens
1269 1265 1461 1318 humus
1487 1281 1499 1315 :

1410 423 1949 480 CATHEMERINON
1990 425 2081 482 ΧΙ.
2129 427 2235 482 Vill
2274 426 2432 483 ΚΑΙ..
2473 427 2617 483 IAN.

1996 547 2044 604 A

3568 434 3672 492 890

2324 544 2547 600 Scandit
2578 543 2842 614 gradatim
2873 543 3047 598 denuo

2329 647 2495 701 Jubar
2525 649 2734 716 priores
2764 648 2951 701 lineas.

2257 750 2423 820 366
2444 750 2691 818 Emerge,
2718 750 2892 804 dulcis
2914 751 3090 819 pusio,

2319 851 2490 918 Quem
2533 861 2708 905 mater
2736 851 2851 906 edit
2879 852 3126 918 castitas,

2075 953 2146 1009 15
2328 949 2552 1016 Parens,
2575 959 2630 1005 et
2654 963 2850 1019 expers
2870 950 3142 1020 conjugis,

2327 1049 2610 1116 Mediator,
2633 1059 2690 1104 et
2719 1049 2912 1116 duplex
2945 1064 3135 1118 genus.
3626 1070 3664 1102 ο

2255 1150 2329 1204 Et
2361 1164 2454 1204 ore
2477 1147 2774 1217 quamlibet
2803 1147 2977 1202 Patris

2323 1251 2410 1306 Sis
2441 1257 2612 1313 ortus,
2646 1257 2702 1302 et
2731 1247 2910 1304 Verbo
2936 1247 3138 1313 editus,

1688 1352 1975 1409 GLOSSA'}
2016 1348 2357 1407 VETERES.

449 1443 502 1494 9.
537 1444 858 1510 Rccurrens,
891 1458 1112 1503 sursum,
1152 1441 1189 1495 l.

453 1513 506 1566 ι.
540 1513 852 1577 'l‘ramitctn,
880 1512 1092 1578 viam,l.
1127 1511 1273 1564 Viam
1297 1518 1521 1564 :trames
1547 1525 1580 1563 a
1609 1513 1962 1575 tramittentlo,

387 1583 504 1636 Vat.
536 1584 599 1636 A.

450 1653 505 1706 5.
535 1653 820 1722 fugacem,
863 1651 1123 1713 celerrime
1158 1650 1456 1722 fugientem.
1483 1679 1551 1690 -
1573 1648 1835 1717 Gratiam,
1883 1654 1964 1707 lu-

379 1738 507 1782 cem,
542 1720 659 1774 Vat.
691 1723 753 1773 A.

453 1791 506 1845 6.
544 1790 780 1856 cht'na,
812 1791 935 1854 cita,
967 1788 1083 1840 Vat.
1116 1790 1180 1842 A.

452 1862 505 1914 7.
536 1861 882 1921 Sttbtluctatn,
915 1877 944 1908 a
975 1859 1212 1930 brevitate
1243 1859 1366 1924 diei,
1394 1858 1432 1912 1.
1458 1889 1523 1897 —
1557 1858 1773 1926 Facem,
1808 1877 1961 1930 quam

377 1947 536 2000 prope
555 1932 861 1983 subtractam
884 1931 1081 2000 lucem,
1105 1929 1218 1982 Vat.
1239 1934 1320 2000 AA.

449 2004 503 2054 8.
547 2001 776 2060 Sensim,
822 2001 1020 2060 leniter,
1069 1998 1200 2050 1.-
1232 1998 1492 2068 Sensim,‘
1519 2008 1649 2064 etc.,
1703 1999 1956 2068 paulatim

375 2070 662 2124 abbreviata
689 2070 816 2130 dies,
851 2070 1011 2122 rerisa
1034 2086 1121 2134 per
1150 2077 1426 2133 momenta,
1452 2066 1573 2122 Vat.
1605 2071 1669 2124 Α.

453 2141 538 2193 10.
571 2140 844 2201 Gratctur,
874 2139 1176 2208 gratuletur,
1204 2137 1324 2190 Vat.
1360 2146 1418 2190 Λ.

454 2211 538 2263 11.
590 2209 883 2273 Gradatim,
936 2225 1024 2276 per
1050 2211 1280 2277 gradus;
1324 2224 1412 2273 per
1445 2218 1655 2280 centum
1704 2211 1959 2280 octoginta

374 2283 564 2348 gradus
585 2281 810 2332 ascendit
838 2280 914 2331 sol
937 2284 1394 2349 quandocrescunt
1419 2278 1548 2340 dies,
1571 2289 1618 2332 et
1639 2297 1730 2349 per
1753 2278 1957 2334 eosdem

376 2351 739 2415 descendit;et
780 2357 849 2420 tot
878 2359 994 2400 sunt
1031 2348 1171 2420 anni
1197 2349 1326 2411 dies,
1365 2349 1559 2420 additis
1588 2348 1830 2420 quinque,
1869 2352 1959 2420 qui

372 2421 706 2473 intercalares
745 2419 1010 2482 dicuntur,
1053 2417 1094 2470 Ι.
1131 2416 1236 2470 Per
1256 2419 1469 2482 gradus,
1501 2416 1617 2474 Vat.
1653 2416 1813 2475 Δί-
1847 2416 1954 2476 Dc-

2076 1455 2204 1499 nuo,
2234 1439 2440 1493 iterum.
2475 1436 2580 1491 lso.
2620 1437 2838 1490 lterum.
2884 1436 2981 1491 Sol
3021 1443 3224 1490 centum
3259 1441 3516 1505 octoginta
3546 1455 3662 1507 gt-a.

2069 1511 2188 1573 dus,
2216 1510 2294 1562 uel
2319 1508 2479 1562 lineas
2506 1507 2656 1561 habet
2680 1510 2730 1559 in
2755 1507 3072 1561 ascensione.
3109 1508 3169 1560 In
3195 1509 3519 1562 descensione
3540 1525 3664 1576 quo-

2067 1595 2165 1649 que
2189 1579 2416 1649 eiusdem
2447 1578 2646 1649 numeri
2675 1579 2868 1649 gradus
2897 1578 3065 1640 liabet,
3099 1578 3214 1630 Vat.
3254 1584 3315 1632 Α.

2142 1649 2230 1703 11.
2264 1648 2451 1714 Jubar,
2483 1648 2917 1710 sol.—-—-Priores,
2947 1649 3394 1712 septentrionales,
3430 1648 3551 1701 Vat.
3593 1651 3656 1702 Α.

2143 1721 2230 1776 15.
2278 1719 2526 1786 Emerge,
2585 1718 2823 1779 ascende,
2869 1720 2948 1786 uel
2981 1719 3064 1771 cxi
3089 1735 3120 1770 a
3165 1721 3323 1776 caelis.
3359 1718 3581 1782 Christe,
3621 1721 3660 1773 Ι.

1996 1749 2042 1808 Β
2143 1749 2230 1776 ιο.
2278 1749 2526 1786 ιἋΙΙΙῧῐδῦν
2585 1749 2823 1798 ιιοιιςιιιιξ,
2873 1749 2946 1769 νη
2981 1749 3061 1771 υιιι
3089 1749 3119 1770 υ
3165 1749 3323 1776 tutuo.
3359 1749 3581 1802 υηιιδιεῐ,
3621 1749 3660 1773 Ι·

2073 1789 2323 1854 Nascere,
2347 1788 2475 1842 Vat.
2503 1790 2652 1842 A.—-
2669 1788 2852 1850 Pusto,
2872 1785 3017 1853 Iesu,
3047 1790 3083 1841 l.
3115 1787 3251 1842 Puer
3267 1805 3419 1857 parve
3439 1789 3661 1859 Christe,

2074 1861 2410 1984 Ὴῦίλίῑόὶι,
2435 1929 2592 1998 parit,
2617 1936 2848 1997 generat,
2871 1927 2994 1982 Vat.
3021 1930 3088 1981 A.

2075 2070 2086 2082 ⁸
2142 2001 2230 2054 15.
2280 1997 2510 2082 Parens,
2548 2010 2729 2082 mater,
2771 1997 2815 2063 l,
2875 1998 2990 2055 Vat.
3037 2001 3200 2054 A.—-—
3236 1998 3465 2070 Expers,
3527 2008 3658 2061 etc.,

2068 2070 2254 2142 ignara
2274 2071 2387 2134 uiri,
2416 2069 2536 2122 Vat.
2563 2069 2626 2122 A.
3328 2069 3332 2070 “

2080 2207 2114 2220 ἡ
2142 2139 2229 2219 16.
2277 2140 2508 2220 poples.
2541 2139 2762 2220 {comitiis
2805 2148 2853 2193 et
2894 2137 3012 2201 Dei,
3053 2137 3094 2194 Ι.
3119 2140 3414 2210 -—Duplex
3465 2153 3656 2210 genus,

2067 2207 2168 2263 Dei
2198 2220 2244 2264 et
2268 2209 2512 2271 hominis,
2545 2209 2662 2262 Vat.
2694 2210 2760 2262 A.

2139 2282 2225 2338 17.
2253 2281 2584 2348 Quamlibet,
2620 2280 2871 2348 quamvis,
2909 2279 3026 2334 Vat.
3057 2280 3117 2334 Δ.

2139 2353 2229 2409 18.
2261 2351 2461 2416 Verbo,
2496 2349 2693 2403 Patris.
2721 2379 2792 2389 —
2815 2350 3022 2416 Editus,
3047 2352 3230 2422 angelo
3268 2352 3588 2417 nominantc,
3613 2348 3655 2406 I.

1717 2533 2283 2594 COMMENTARlUS.

373 2625 597 2690 liget-nm
625 2624 819 2678 refellit
843 2625 1114 2693 Petavius,
1148 2634 1203 2679 et
1230 2635 1348 2692 post
1380 2625 1657 2680 Petavium
1695 2631 1960 2683 Antonius

371 2695 537 2748 Maria
567 2695 784 2760 Lupius,
817 2697 866 2747 in
903 2695 1058 2762 cujus
1104 2696 1484 2750 dissertatione
1531 2713 1652 2750 cttm
1703 2701 1844 2754 notis
1883 2703 1956 2755 cl.

371 2763 644 2838 Zacharias
673 2765 867 2838 debite
894 2774 1207 2838 argumento
1239 2766 1605 2834 discrepantes
1635 2770 1813 2838 plures
1845 2773 1960 2838 opi-

373 2835 586 2902 niones,
619 2843 670 2888 et
702 2833 823 2887 hine
854 2833 979 2889 inde
1026 2837 1260 2890 rationes
1302 2838 1477 2890 allatae
1509 2833 1732 2904 possunt
1766 2833 1957 2896 videri.

441 2905 494 2959 3.
526 2907 580 2956 S.
609 2904 796 2957 Petrus
820 2903 1204 2972 Chrysolottus,
1231 2921 1392 2960 scrm.
1421 2903 1522 2962 159
1548 2927 1559 2962 :
1589 2908 1825 2964 Crescere
1847 2912 1957 2965 dies

370 2974 540 3050 capit,
571 2976 691 3043 quia
716 2991 876 3050 verus
897 2977 1003 3027 dies
1041 2975 1234 3050 illuxit.
1277 2977 1333 3030 S.
1366 2979 1722 3047 Augustinus,
1757 2983 1956 3050 aliique

371 3043 616 3098 eamdem
648 3046 967 3097 sententiam
1000 3045 1281 3099 adornant.

442 3113 496 3166 4.
531 3113 703 3182 Egm.,
739 3116 898 3182 angit,
932 3115 1210 3167 mendum.

442 3182 494 3236 5.
525 3181 790 3236 Iuvencus
812 3181 916 3236 ’bh.
951 3199 1000 3236 tv
1042 3184 1178 3237 Ilist.
1228 3199 1348 3252 pag.
1398 3185 1502 3239 507
1549 3185 1681 3241 edit.
1717 3187 1924 3244 Fabric.

370 3233 1952 3328 satu.g_g.;;-.g._t.'ignauamarteriis"atidem:
1982 3237 2025 3298 (ἶ

372 3323 672 3393 vers.j88,
705 3324 928 3374 ciborum
960 3326 1146 3393 gratia.

443 3390 496 3444 9.
528 3391 780 3445 Erasmus
808 3393 930 3452 legit
961 3390 1200 3457 nitescit,
1242 3410 1348 3448 non
1384 3395 1542 3449 male.
1573 3396 1786 3458 Caneri,
1815 3399 1946 3452 nite-

371 3469 501 3522 scat,
531 3463 680 3530 quasi
713 3463 1025 3530 prophetico
1049 3478 1218 3516 more.

437 3531 527 3609 10.
583 3531 853 3609 Erasmus,
897 3540 1149 3599 gratatur.
1204 3533 1262 3586 In
1310 3534 1434 3588 cod.
1478 3535 1703 3590 Mariclli
1748 3537 1956 3594 videtur

367 3603 516 3670 prius
539 3603 791 3670 scriptum
821 3613 1003 3668 gratet.

442 3671 528 3723 15.
591 3669 861 3724 Fabricius
911 3674 1014 3737 ait,
1064 3673 1536 3739 transpositioncm
1589 3676 1782 3730 borum
1835 3694 1953 3733 ver-

367 3754 547 3813 suum,
571 3756 688 3809 qum
713 3751 830 3813 erat
853 3741 906 3794 in
927 3742 1220 3810 codicibus,
1246 3743 1627 3799 obscuritatem
1652 3748 1948 3813 peperisse.

368 3809 558 3862 Nescio
586 3826 716 3880 quos
757 3812 899 3864 dicat
939 3813 1175 3874 codices,
1209 3809 1330 3866 nam
1361 3816 1496 3867 ordo
1526 3809 1775 3870 versuum
1812 3818 1949 3871 idem

368 3887 452 3933 est
479 3881 528 3932 in
561 3881 809 3934 omnibus
836 3896 970 3947 quos
1011 3894 1102 3934 aut
1132 3882 1239 3936 vidi
1290 3897 1379 3937 aut
1429 3886 1496 3936 ab
1527 3887 1648 3938 aliis
1692 3903 1951 3943 excussos

367 3949 492 4024 legi.
526 3950 838 4024 Obscuritas
868 3954 918 4024 in
943 3953 1287 4024 sr'quentibus
1312 3955 1554 4009 versibus
1583 3957 1945 4024 expendetur.

371 4021 694 4096 Arator,_lib.
730 4036 785 4082 tt,
807 4022 921 4096 _col.
959 4023 1053 4075 bOl
1090 4023 1219 4076 edit.
1258 4024 1488 4096 Fabricii
1523 4043 1534 4076 :
1563 4021 1691 4096 Qua:
1718 4030 1951 4096 conjugis

365 4104 545 4166 eicpcrs
588 4089 753 4142 Mater
801 4091 964 4166 inest;
1013 4104 1258 4166 natusque
1309 4093 1411 4166 Dei
1444 4095 1506 4146 de
1560 4095 1782 4166 Virginis
1811 4089 1949 4150 'al'vo

368 4156 590 4237 _Er_nicat,
639 4171 786 4228 atque
814 4160 1072 4237 flaminem
1122 4156 1371 4237 mediator
1399 4165 1451 4216 in
1494 4156 1672 4218 omnia
1708 4171 1945 4237 complet.

367 4226 784 4306 ιιςίιιιτᾷςιηιεςρεΔ
813 4231 950 4283 idem
998 4246 1060 4286 ac
1100 4233 1285 4298 emica,
1327 4245 1382 4288 ut
1420 4249 1582 4304 snpra
1634 4226 1834 4306 hymno
1871 4253 1945 4305 Ix,

366 4313 511 4351 vers.
544 4300 632 4361 27,
666 4300 889 4364 Emicat,
919 4313 1022 4351 etc.

441 4368 527 4420 H.
557 4371 864 4443 lluchnerus
886 4376 1181 4443 orat‘onem
1214 4388 1317 4425 non
1341 4375 1470 4428 satis
1496 4385 1620 4442 apte
1652 4390 1864 4443 nexam,
1893 4387 1948 4432 ct

366 4438 696 4492 obscuritate
725 4441 953 4507 quadam
985 4442 1295 4507 perplexam
1327 4454 1490 4497 notat.
1534 4438 1670 4498 Nam
1700 4438 1947 4500 constru-

366 4510 474 4560 ctio
509 4509 620 4583 haec
650 4509 1013 4583 essedeberet
1043 4512 1207 4564 dulcis
1237 4515 1405 4580 pusio,
1438 4531 1584 4583 quem
1607 4516 1710 4567 edit
1737 4519 1946 4571 castitas

2139 2626 2226 2680 15.
2287 2623 2532 2679 Mendum
2576 2622 2698 2677 Aldi
2750 2639 2935 2690 parens
2986 2631 3033 2675 ct
3077 2621 3309 2676 Christus
3357 2635 3466 2673 non
3518 2619 3658 2674 bene

2066 2696 2388 2752 emendatur
2409 2712 2436 2748 a
2457 2694 2707 2748 Nebrissa
2726 2710 2906 2761 parens
2923 2703 2967 2746 «ι
2992 2694 3122 2760 ipse,
3148 2702 3203 2746 ut
3228 2699 3465 2744 notatum
3486 2705 3659 2759 nuper

2064 2779 2165 2823 est.
2213 2767 2266 2820 In
2310 2765 2524 2820 Mariet.
2566 2764 2702 2818 alius
2733 2779 2888 2818 error
2927 2778 2957 2816 a
3002 2779 3162 2817 manu
3203 2763 3372 2831 prima
3416 2777 3652 2828 parcens.

2137 2839 2224 2892 16.
2259 2837 2442 2900 Aiunt,
2481 2837 2706 2889 Latinos
2754 2834 3013 2888 nesciisse
3054 2834 3193 2887 hanc
3238 2846 3421 2885 vocem
3455 2832 3653 2884 media-

2064 2916 2144 2959 tor
2169 2924 2186 2959 :
2219 2915 2273 2960 at
2312 2922 2429 2960 eam
2478 2912 2744 2959 noverunt
2785 2903 2944 2972 primi
2992 2904 3164 2958 Latini
3210 2901 3526 2961 Christiani,
3564 2903 3652 2968 qui

2063 2977 2348 3030 Dominum
2380 2975 2561 3030 Jesutn
2593 2976 2865 3029 Christum
2909 2977 3238 3028 mediatorem
3270 2973 3364 3024 Dei
3407 2982 3454 3025 et
3486 2972 3654 3023 homi-

2062 3064 2187 3100 num
2234 3048 2500 3114 appellare
2528 3060 2632 3100 non
2665 3046 3000 3098 dubitarunt.
3045 3043 3293 3098 Profecto
3323 3041 3513 3114 Latine
3541 3057 3655 3114 mef

2061 3117 2162 3170 lius
2203 3111 2315 3170 dici
2349 3133 2453 3169 non
2487 3124 2685 3183 potest.
2717 3115 2968 3168 Mollerus
3015 3114 3290 3178 observat,
3339 3114 3392 3167 in
3433 3111 3650 3183 Apuleii

2060 3190 2271 3254 vulgata
2302 3182 2540 3241 editione
2583 3185 2676 3239 lib.
2717 3201 2766 3238 ix
2800 3183 2905 3253 legi
2946 3185 3311 3254 mediatorum,
3342 3182 3440 3236 sed
3472 3182 3647 3254 locum

2060 3251 2372 3327 corruptum
2409 3272 2553 3322 esse,
2587 3264 2642 3309 et
2668 3271 2695 3307 a
2727 3251 3004 3327 Wmverio
3025 3256 3134 3327 jam
3165 3253 3363 3327 dudum
3394 3251 3652 3327 emcnda-

2059 3335 2196 3392 tum,
2226 3321 2327 3394 ’ψιί
2371 3321 2674 3379 ntetatorum
2713 3324 3009 3380 substituit.
3054 3323 3324 3394 Petavius,
3374 3331 3506 3375 tom.
3557 3321 3648 3386 IV,

2059 3409 2198 3464 part.
2232 3393 2286 3460 ἓ,
2318 3398 2409 3449 lib.
2439 3412 2541 3458 xtt,
2570 3410 2692 3464 cap.
2721 3395 2775 3457 Ω,
2811 3394 3065 3460 afﬁrmat,
3091 3393 3428 3464 Christianos
3457 3401 3505 3445 et
3530 3396 3648 3461 qui-

2059 3463 2170 3517 dem
2197 3471 2532 3536 eteganteskac
2554 3466 2771 3519 disertos
2799 3464 3096 3536 scriptores
3126 3463 3226 3536 hac
3257 3478 3387 3518 voce
3416 3479 3562 3528 usos,
3589 3471 3648 3517 ut

2056 3533 2417 3599 Lactantium,
2451 3533 2804 3590 Prudentium
2834 3544 2888 3587 et
2914 3535 3096 3599 plures
3128 3533 3285 3588 alios.

2129 3607 2216 3660 17.
2243 3605 2393 3675 Apud
2425 3605 2728 3660 Latiniores
2770 3604 3064 3675 scriptores
3095 3605 3316 3671 saepius,
3351 3609 3441 3655 aut
3479 3603 3644 3657 etiam

2055 3673 2597 3745 setnperiquamlibet
2638 3675 2943 3742 subjicitur.
2984 3673 3310 3728 Prudentius
3358 3675 3643 3745 przeponit,

2053 3743 2196 3813 quod
2227 3743 2605 3800 alii'attetores
2644 3747 2788 3800 illius
2820 3745 3056 3814 aequales
3098 3745 3347 3797 similiter
3380 3743 3621 3814 fecerunt

2056 3815 2109 3867 In
2143 3815 2534 3883 antiquioribus
2558 3833 2663 3869 non
2689 3813 2904 3870 invenio
2932 3815 3258 3883 exemplum,
3289 3828 3463 3883 neque
3495 3813 3645 3869 inve-

2054 3896 2207 3940 nerat
2235 3887 2510 3940 Erasmus.

2130 3957 2218 4012 18.
2245 3955 2427 4024 Prag.,
2453 3957 2674 4022 genitus.
2698 3962 3033 4024 repugnante
3061 3955 3302 4009 carmine
3324 3970 3420 4022 pro
3447 3953 3639 4024 editus.

2052 4025 2163 4092 Qua
2199 4023 2405 4080 ratione
2433 4025 2666 4080 Verbum
2700 4023 2805 4079 dici
2836 4025 3004 4093 possit
3034 4024 3202 4078 Verbo
3225 4025 3441 4085 editum,
3471 4023 3643 4076 disse-

2053 4099 2131 4148 rtti
2168 4098 2354 4166 bymn.
2385 4097 2442 4158 '5,
2469 4109 2612 4166 vers.
2643 4095 2700 4158 Ξ,
2737 4096 2954 4166 inivoce
2993 4095 3320 4150 Vsnutccus.
3352 4095 3522 4148 Aliam
3555 4093 3642 4146 in-

2053 4164 2489 4234 terpretationem
2521 4165 2754 4219 oll‘erunt
2786 4164 3098 4218 Buchnerus
3139 4169 3191 4219 in
3232 4174 3551 4224 comment.,
3584 4173 3639 4218 et

2050 4235 2285 4291 Joannes
2315 4237 2531 4300 Lamius
2560 4236 2628 4289 de
2655 4235 2816 4289 Recta
2845 4234 3186 4288 NicrcnOrum
3219 4236 3318 4288 PP.
3357 4234 3484 4287 Fide
3514 4248 3638 4301 cap,

2050 4306 2143 4373 Ἠ,
2196 4307 2402 4360 scilicet
2448 4305 2795 4361 Prudentium
2842 4305 2983 4367 loqui
3035 4306 3100 4359 de
3145 4306 3494 4373 generatione
3533 4321 3637 4371 qua

2053 4376 2286 4430 Verbum
2309 4393 2434 4430 caro
2467 4378 2663 4429 factum
2695 4385 2800 4436 est,
2830 4385 2881 4428 et
2915 4375 3168 4429 Mollerus
3195 4376 3513 4443 explicatius
3539 4375 3633 4438 ait,

2049 4460 2267 4500 sensum
2299 4461 2420 4501 esse
2443 4447 2586 4515 quod
2616 4446 2861 4500 Christus
2891 4462 2919 4498 a
2955 4447 3114 4499 Patre
3139 4463 3232 4514 per
3258 4445 3546 4515 prophetas
3581 4446 3636 4498 in

2054 4515 2231 4570 Veteri
2263 4517 2630 4580 Testamento,
2661 4526 2716 4570 et
2749 4526 2866 4583 po~t
2901 4533 2992 4582 per
3024 4516 3326 4570 Gabrielem
3358 4515 3632 4581 angelum.

366 4581 544 4659 matris
585 4580 828 4659 parentis,
876 4589 921 4659 et
961 4580 1461 4659 expertis_conjt_tgis
1507 4587 1854 4659 mediatorent,
1899 4599 1944 4641 et
1975 4599 2026 4659 ι)
2052 4587 2386 4640 nativitatem
2429 4580 2797 4659 denuntiante,
2855 4580 3228 4659 tnttttil'estatus
3281 4580 3448 4659 atque
3487 4601 3637 4659 coin-

367 4648 560 4723 dnplc;
579 4665 752 4723 genus.
788 4649 985 4723 Eadem
1022 4648 1488 4723 lerehditlic‘nliate
1518 4670 1637 4708 sese
1669 4655 1945 4723 implicue-

366 4729 490 4770 runt
525 4718 792 4778 Nebrissa,
832 4720 1104 4783 Erasmus,
1135 4721 1548 4777 Cbamillardus.
1593 4725 1656 4778 Et
1688 4718 1942 4781 Nebrissa

365 4787 578 4858 quidem
608 4803 727 4841 cum
759 4789 896 4855 apud
924 4791 1111 4841 Aldum
1143 4793 1435 4858 reperisset
1461 4809 1600 4848 vers.
1635 4795 1720 4856 15,
1746 4794 1942 4850 Parens

365 4866 414 4931 et
452 4856 682 4931 Christus
713 4862 967 4931 conjugis,
1017 4856 1255 4913 errorem
1302 4864 1456 4915 metri
1486 4864 1937 4931 animadvertetis,

367 4925 438 5012 ita
454 4929 719 5012 correxit,
751 4925 946 4980 Parens
978 4940 1020 4980 c.‘
1045 4936 1150 4998 ipse
1183 4934 1436 5012 conjugis,
1474 4943 1528 4986 et
1553 4935 1830 5001 explicuit,
1853 4925 1942 5005 qui

367 5003 412 5047 et
446 4997 604 5070 ﬁlius,
644 5007 689 5048 et
732 5007 873 5064 pater
917 4997 1112 5070 matris,
1158 4997 1393 5070 confugis
1436 5020 1552 5056 vero
1586 4997 1676 5069 pro
1719 4997 1941 5061 a'tertius

367 5080 481 5144 cum
506 5065 682 5146 Patre,
713 5084 743 5117 (ι
766 5085 878 5132 con,
912 5083 960 5122 et
983 5065 1294 5140 114955,}.th
1317 5065 1670 5138 compositum.
1701 5075 1804 5130 Sed
1835 5094 1938 5131 non

366 5149 542 5215 minus
574 5152 687 5215 ipse
717 5151 898 5215 contra
942 5149 1171 5215 metrum
1204 5153 1416 5208 peccat;
1454 5160 1574 5196 nam
1607 5163 1639 5196 u
1672 5147 1723 5198 in
1762 5146 1945 5214 conju-

365 5209 464 5282 gis,
491 5211 750 5282 conjugeL
775 5216 858 5282 est
886 5209 1121 5282 longum,
1158 5211 1210 5262 in
1239 5215 1473 5282 conjugis
1505 5216 1738 5282 genitivo
1768 5233 1794 5268 a
1826 5209 1946 5268 con-

359 5277 460 5350 fuat
491 5276 668 5330 breve.
698 5276 996 5350 illestitnta'
1027 5281 1274 5346 lectione,
1318 5276 1475 5350 quam
1506 5276 1672 5339 Aldus
1701 5286 1942 5343 exhibuit

369 5345 470 5398 hoc
495 5362 652 5418 versu
691 5349 752 5400 M
784 5364 797 5400 :
829 5347 986 5412 Quem
1018 5360 1177 5401 mater
1208 5345 1310 5403 rdit
1336 5345 1567 5418 castitas,
1602 5370 1814 5410 omnem
1840 5360 1941 5410 ob-

366 5415 672 5494 scuritatem
717 5432 1042 5494 evanescere
1074 5419 1228 5473 facile
1258 5422 1432 5490 quivis
1462 5415 1744 5494 intclliget.
1787 5427 1940 5494 Legi-

366 5493 456 5557 tur
485 5501 613 5557 vcro
642 5497 803 5537 mater
824 5490 1053 5551 castitas,
1081 5506 1184 5542 non
1216 5495 1396 5545 matris
1425 5490 1656 5557 castitas,
1697 5497 1748 5548 in
1782 5490 1944 5551 licin—

367 5556 730 5634 soianiskVatt.
757 5559 798 5609 Α
830 5559 976 5634 eti},
1017 5559 1166 5622 Urb.,
1206 5563 1355 5634 Alex.
1395 5571 1448 5616 et
1475 5565 1615 5618 aliis.
1640 5556 1720 5618 'iln
1755 5570 1941 5634 praefa-

368 5625 511 5678 tione
560 5625 1014 5694 Psychomacbiae,
1065 5643 1204 5682 vers.
1273 5633 1356 5690 1‘2.
1403 5644 1563 5688 matre
1610 5625 1834 5690 virtuie:
1865 5640 1939 5692 s?c

367 5709 507 5773 nunc
537 5706 694 5748 mater
721 5699 946 5773 castitas,
983 5699 1080 5773 hoc
1118 5709 1220 5761 est,
1253 5715 1442 5773 mater,
1477 5720 1595 5772 quae
1627 5722 1729 5759 non
1767 5709 1936 5762 solum

367 5767 622 5843 sitcasta,
655 5767 746 5843 scd
778 5769 888 5833 ipsa
915 5771 1168 5843 castitas_:
1205 5786 1268 5822 eo
1304 5772 1411 5826 fere
1443 5767 1602 5828 modo
1642 5792 1746 5843 quo
1780 5779 1936 5834 homo

367 5837 608 5902 vitiosus,
637 5837 948 5907 sceleratus,
987 5841 1286 5908 appellatur
1318 5844 1520 5910 vitium,
1557 5837 1750 5900 scelus.

2051 4660 2194 4724 pleto
2231 4667 2472 4725 tempore
2511 4656 2723 4710 tandem
2759 4661 2918 4709 homo
2949 4657 3124 4711 editus
3172 4657 3261 4709 sit.
3309 4656 3492 4722 Neque
3535 4655 3635 4707 du-

2047 4725 2214 4789 bium,
2248 4727 2375 4794 qttin
2418 4727 2470 4780 iu
2502 4737 2725 4797 utroque
2766 4727 2986 4797 hymno,
3032 4729 3266 4780 maxime
3293 4741 3419 4780 vero
3447 4727 3496 4778 in
3534 4727 3633 4776 hoc

2049 4799 2301 4864 prazseuti
2343 4808 2496 4865 pOt‘la
2540 4795 2658 4849 Filii
2711 4795 2817 4851 Det
2853 4799 3255 4864 generationem
3305 4799 3354 4849 in
3388 4806 3633 4859 tempore

2045 4869 2346 4936 susceperit
2377 4867 2717 4921 laudandam.
2749 4867 3094 4928 Prudentius,
3128 4883 3254 4936 cum
3287 4884 3352 4921 ex
3385 4867 3631 4932 Evange-

2045 4935 2115 4990 lio
2138 4935 2357 4992 Joannis
2388 4946 2568 5006 pateat
2611 4937 2786 4990 omnia
2832 4954 2926 5004 per
2968 4938 3200 4992 Verbum
3236 4935 3371 4991 facta
3412 4951 3533 4990 esse
3578 4944 3633 4988 et

2029 5007 2162 5060 ‘sine
2210 5023 2276 5062 eo
2319 5009 2516 5061 lat-tum
2568 5009 2720 5071 nihil,
2769 5007 3007 5077 collegit,
3060 5010 3223 5061 etiam
3258 5008 3490 5062 Verbum
3539 5021 3630 5070 per

2049 5078 2283 5132 Verbum
2309 5094 2525 5132 carnem
2574 5080 2769 5132 laetum
2801 5095 2943 5145 esse,
2974 5089 3028 5132 et
3057 5079 3280 5141 editum,
3320 5079 3389 5131 ita
3426 5088 3624 5137 tamen,

2047 5158 2105 5200 ut
2136 5160 2360 5217 paterno
2415 5153 2466 5202 in
2508 5160 2727 5216 pectore
2759 5151 2908 5217 prius
2952 5149 3202 5217 viguerit,
3256 5165 3393 5208 nam,
3438 5158 3494 5198 ut
3532 5145 3626 5206 ait,

2056 5217 2280 5270 Verbum
2312 5216 2470 5272 Deus.
2501 5216 2821 5274 Prudentius
2855 5221 2968 5286 ipse
2993 5216 3138 5282 saepe
3161 5221 3210 5274 in
3235 5217 3476 5272 eamdem
3508 5230 3632 5268 sett-

2049 5289 2270 5342 tcntiam
2301 5291 2556 5355 erumpit,
2591 5300 2646 5344 ut
2679 5288 2974 5356 Apotheos.
3001 5304 3142 5343 vers.
3168 5289 3291 5342 524.
3315 5287 3630 5356 Consonant

2050 5359 2327 5428 Ennotlius
2369 5360 2668 5414 Ticinensis
2728 5355 2820 5412 lib.
2865 5375 2926 5424 tt,
2977 5359 3179 5428 hymno
3233 5358 3296 5413 10
3340 5355 3630 5428 :Concepit

2047 5445 2174 5500 aure
2200 5427 2462 5482 Filium...
2491 5431 2643 5496 Quod
2673 5428 2848 5500 lingua
2873 5426 3032 5499 jecit,‘
3051 5445 3220 5500 sema:
3244 5438 3351 5500 est.
3383 5426 3628 5500 Sedulius

2048 5500 2100 5552 itt
2127 5499 2328 5568 hymno
2349 5500 2703 5554 abecetlario:
2727 5496 2888 5554 Verbo
2909 5500 3139 5568 concepit
3161 5496 3384 5561 Filium,
3411 5497 3548 5568 quod
3575 5497 3626 5548 in

2048 5515 2100 5552 tn
2127 5515 2328 5568 nymno
2349 5515 2703 5554 aueceuarto:
2729 5515 2756 5552 t'
2771 5515 2888 5554 crvo
2909 5515 3139 5568 concepit
3161 5515 3195 5549 ι’
3212 5515 3384 5561 mum,
3409 5515 3548 5618 2mm
3577 5515 3624 5548 tn

2048 5570 2384 5622 correctione
2411 5570 2569 5624 metri
2601 5579 2863 5626 mutatum
2887 5580 2970 5624 est
3001 5569 3166 5622 Verbo
3196 5572 3383 5634 recepit
3459 5568 3624 5630 ilium,

2050 5639 2270 5693 Videtur
2295 5640 2618 5695 Prudentius
2641 5639 3095 5708 respexisseillud
3124 5640 3487 5693 Ecclesiastici
3505 5652 3624 5704 cap.

2048 5725 2200 5772 sxw,
2241 5711 2315 5764 5:
2345 5709 2453 5779 Ego
2493 5727 2554 5764 ea:
2595 5727 2682 5763 ore
2726 5711 2978 5763 Altissimi
3018 5711 3238 5778 proclivi.
3293 5708 3627 5779 primogenita

2047 5789 2164 5831 ante
2189 5778 2398 5832 omnem
2420 5792 2727 5833 creaturam.
2761 5781 2836 5835 Ex
2868 5783 2968 5834 hoc
2999 5791 3053 5835 et
3087 5781 3350 5835 similibus
3381 5778 3515 5831 locis
3556 5794 3622 5829 a3-

2049 5857 2198 5903 terna
2225 5850 2339 5904 Filii
2360 5853 2636 5920 generatio
2656 5852 2991 5921 agnoscenda
3013 5863 3094 5909 cst
3111 5862 3163 5908 et
3184 5849 3622 5908 detnonztranda,
