4190 6428
541 419 643 475 895

709 622 755 679 0
782 631 983 693 quanta
1011 636 1192 678 rerum
1222 616 1413 689 gaudia

782 714 951 768 Alvus
980 711 1165 782 pudica
1195 708 1463 765 continet!

785 806 859 860 Ex
891 818 990 872 qua
1017 800 1286 856 novellum
1312 799 1570 859 suculam

784 892 1051 958 Procedit.
1081 898 1136 947 et
1165 890 1251 944 lux
1275 903 1441 945 aurea

716 984 932 1053 Vagitus
959 984 1051 1040 ille
1077 982 1358 1039 exordium

778 1077 940 1147 372
968 1075 1262 1132 Vernantis
1290 1073 1442 1129 orbis
1462 1070 1739 1143 prodidit:

782 1168 914 1222 Nam
947 1178 1071 1222 tunc
1100 1176 1321 1223 renatus
1358 1162 1634 1220 sordidum

785 1259 1013 1315 Mundus
1041 1268 1319 1314 veternum
1346 1257 1571 1328 depulit.

720 1350 997 1420 Sparsisse
1020 1349 1267 1404 tellurem
1294 1362 1416 1404 reor

791 1440 849 1496 Β.
874 1455 901 1496 s
925 1454 1085 1495 omne
1115 1439 1299 1495 densis
1329 1438 1569 1503 ﬂoribus,

794 1532 1045 1601 ipsasque
1074 1544 1267 1585 arenas
1297 1529 1535 1600 Syrtium

797 1623 1081 1695 Fragrasse
1106 1621 1294 1683 nardo.
1316 1630 1369 1681 et
1385 1620 1621 1678 nectare.

538 897 607 954 60

536 1350 607 1407 65

1641 403 1913 465 AURELII
1955 402 2323 461 PRUDENTII
2360 401 2692 459 CARMINA.

779 527 993 584 llonore
1022 532 1211 598 partus
1239 521 1534 581 crescere?
2142 532 2189 591 Α

3694 401 3797 457 8ηοῖ

2395 520 2473 578 Te
2492 530 2679 576 cuncta
2710 526 3042 582 nascentem.
3073 532 3227 587 puer.

2224 612 2291 667 70
2472 613 2704 667 Sent-ere
2731 610 2888 673 dura.
2917 619 2971 665 et
3001 611 3223 665 barbara
3255 625 3272 662 :

2470 703 2758 774 Victusque
2785 718 3039 760 saxorum
3070 703 3214 774 rigor

2470 794 2704 850 Obduxit
2726 794 2945 850 herbam
2974 794 3209 850 cotibus.

2399 888 2517 945 iam
2547 888 2706 943 mella
2735 887 2804 944 de
2830 888 3071 957 scopulis
3091 887 3262 943 lluant
3287 903 3301 941 :

2471 979 2589 1037 iam
2616 979 2788 1037 stillat
2812 979 2916 1036 ilex
2945 978 3099 1035 arido

2224 1073 2294 1129 75
2473 1071 2690 1128 Sudans
2712 1086 2981 1129 amomum
3012 1070 3194 1142 :tipito
3226 1088 3241 1125 :

2475 1162 2594 1219 iam
2624 1173 2752 1221 sunt
2773 1162 2991 1235 myricis
3018 1161 3278 1219 balsama.

2402 1255 2446 1313 0
2468 1266 2658 1313 sancta
2687 1256 2941 1327 prasepis
2961 1254 3061 1325 tui.

2476 1347 2637 1420 373
2666 1345 2891 1402 literne
2920 1361 3041 1411 rex.
3063 1346 3347 1412 cunabula,

2482 1438 2805 1511 Populisque
2834 1452 2932 1509 per
2954 1437 3176 1493 saeclum
3207 1450 3361 1492 sacra

2479 1531 2640 1588 Mutis
2667 1538 2721 1587 et
2746 1528 2880 1600 ipsis
2907 1527 3134 1585 credita.

2412 1621 2618 1679 Adorat
2646 1622 2763 1678 haec
2790 1620 3006 1677 brutum
3039 1631 3223 1690 pecus,

2230 1531 2301 1589 80

1852 1736 2142 1797 GLOSSA'I
2183 1735 2530 1794 VETERES.

613 1897 704 1967 6‘2.
738 1896 1043 1965 Vornantis,
1064 1896 1317 1967 ﬂorentis.
1352 1896 1394 1949 l.

616 1966 709 2023 δι.
744 1962 1356 2037 γθιθτηιιῐῆίρξσωιαηι,
1388 1973 1618 2020 veternus
1658 1962 1891 2029 morbus.
1920 1964 2010 2032 qui
2036 1964 2121 2018 in-

546 2047 868 2093 tcrcutaneus
892 2036 1099 2098 dicitur.
1127 2036 1164 2088 Ι.

619 2107 708 2161 66.
736 2107 875 2177 lius.
893 2106 1235 2177 superﬁciem,
1260 2104 1302 2177 I.

618 2177 709 2233 68.
740 2172 967 2243 Nardo.
1020 2174 1383 2245 pretiosissima
1431 2183 1714 2246 unguento.
1763 2203 1833 2215 —
1872 2172 2123 2237 Nectare.

2160 1893 2271 1962 Βῆ

2272 1892 2356 1957 de.
2388 1892 2433 1947 l.

2304 1963 2393 2017 7s.
2418 1961 2662 2025 Cotibus.
2688 1960 2971 2030 lapidibus,
2995 1962 3037 2016 ι.

2304 2033 2395 2088 74.
2420 2033 2548 2099 llex.
2578 2047 2810 2101 quercus,
2836 2032 2877 2086 1.

2306 2103 2397 2159 75.
2430 2098 2733 2173 ᾼιηῡιῂιιηι.
2764 2118 2925 2173 genus
2953 2100 3221 2173 pigmenti.
3240 2098 3286 2155 1.

2304 2173 2391 2229 76.
2424 2172 2659 2244 δίγτίεἰι,
2684 2169 2915 2243 genistae.
2942 2169 3233 2227 humillima
3258 2170 3429 2237 arbor,
3460 2169 3503 2225 l.

1890 2346 2455 2404 COMMENTARIUS.

618 2487 708 2543 56.
736 2485 791 2541 Id
841 2484 1035 2551 pas<im
1080 2482 1177 2540 SS.
1206 2482 1391 2537 Patres
1418 2481 1709 2537 afﬁrmant.
1743 2482 1959 2537 Frustra
1993 2498 2127 2538 non-

550 2558 681 2615 nulli
714 2554 1022 2611 heterodoxi
1046 2553 1209 2608 claris
1245 2564 1301 2608 et
1331 2553 1627 2608 innumeris
1651 2553 1749 2609 SS.
1784 2553 2000 2608 Patrum
2031 2568 2127 2608 au-

549 2628 887 2682 ctoritatibus
910 2640 1003 2689 pro
1034 2623 1339 2691 integritate
1367 2621 1600 2693 Virginis
1631 2622 1686 2676 in
1726 2633 1879 2691 partu
1930 2638 2127 2693 paucas

550 2698 686 2818 lallies
715 2705 771 2751 et
788 2696 1043 2818 obscuras
1071 2702 1366 2763 opponunt.
1390 2692 1520 2749 Vide
1545 2694 1792 2749 Huetium
1816 2692 2126 2765 Origeninn.

577 2796 587 2818 λ
634 2810 644 2818 .
685 2784 742 2818 ΙΙ.
776 2783 829 2818 η.
901 2805 913 2818 .

552 2770 644 2824 ιιι).
685 2784 742 2831 ιι,
776 2783 829 2831 q.
859 2770 913 2819 ll.

623 2783 999 2899 Ἰέείίςὲἰι,
1032 2830 1087 2887 6.

623 2910 713 2963 60.
738 2907 1106 2975 Congruentcr
1130 2903 1223 2956 lus:
1250 2917 1409 2958 aurea
1443 2902 1730 2971 exponitur
1767 2919 1984 2958 aureum
2030 2921 2127 2959 sa:-

552 2980 741 3032 culum.

625 3050 717 3102 6|.
748 3045 1092 3104 Fortunatus.
1128 3041 1276 3114 Vagit
1300 3042 1496 3114 infans.
1527 3052 1634 3114 etc.

623 3117 712 3171 δὲ.
745 3118 861 3171 Gis.
883 3115 949 3169 ad
975 3127 1166 3182 marg..
1201 3112 1334 3166 orbis
1358 3113 1583 3179 protulit.

630 3188 718 3241 65.
751 3186 870 3240 Vat.
894 3188 958 3249 A,
991 3182 1269 3243 mendose.
1302 3183 1510 3237 renatis.

626 3258 715 3312 65.
749 3254 911 3309 Poeta
943 3251 1220 3314 exscriblt.
1240 3259 1297 3306 et
1323 3262 1550 3306 exornat
1570 3252 1853 3321 allegorias
1879 3254 2129 3322 prophe-

557 3336 751 3391 tarum.
784 3323 900 3380 .loel
929 3338 1009 3385 nt.
1038 3322 1328 3393 “arimos
1357 3336 1433 3393 ixi.
1468 3322 1563 3393 l3.
1587 3322 1903 3393 Pervulgata
1926 3333 1979 3378 et
1997 3338 2130 3378 cun-

560 3400 684 3451 u-ita
710 3390 834 3451 sunt
862 3408 982 3463 qua!
1004 3390 1261 3463 Virgilius
1295 3405 1362 3463 ex
1400 3392 1620 3463 Sibylla:
1660 3390 1911 3447 vaticinia
1937 3394 2133 3448 cecinit

556 3467 741 3537 ecloga
777 3467 810 3521 ι
846 3461 1098 3517 :Ultitno
1142 3461 1337 3516 (λευκαί
1379 3461 1523 3537 venit
1555 3465 1670 3537 jam
1712 3465 1947 3517 carminis
1984 3476 2127 3537 tetas.

557 3533 705 3604 etc.;
743 3550 863 3605 quia
913 3546 1035 3586 cum
1079 3540 1250 3602 poeta:
1292 3533 1459 3587 nostri
1509 3533 1615 3587 hoc
1658 3534 1857 3604 hymno
1900 3534 2133 3588 conferri

558 3609 714 3661 diana
745 3614 885 3659 sunt.

612 3622 714 3677 gna
745 3622 885 3659 sunt.

629 3677 720 3733 66.
754 3673 923 3729 Wld..
948 3674 1119 3735 dense.
1151 3685 1311 3739 supra
1339 3671 1532 3726 densis.

628 3748 717 3802 67.
746 3744 889 3812 Quas
911 3742 1055 3795 dicat
1084 3740 1283 3811 Syrtes,
1306 3742 1428 3796 vide
1457 3742 1655 3812 hymno
1676 3743 1730 3806 7.
1753 3758 1896 3798 vers.
1930 3744 2019 3799 30.

628 3817 716 3873 70.
744 3812 903 3869 Natat
929 3812 1263 3877 Bucbnerus,
1316 3812 1632 3867 vocabulum
1666 3814 1918 3867 sentiendi
1966 3814 2132 3878 maje-

783 3883 1066 3952 quamdam
1099 3881 1318 3944 inferre.
1347 3882 1487 3951 quod
1516 3882 1698 3937 multis
1742 3885 1986 3940 versibus
2029 3885 2134 3937 llo-

788 3952 1256 4021 vidii,Claudiani,
1287 3952 1488 4007 Sedulii
1510 3963 1564 4016 et
1602 3954 1829 4009 aliorum
1879 3969 2134 4024 compro-

559 3898 699 3941 SIMO

562 3958 709 4021 ratii,

560 4028 738 4083 batur.

635 4094 725 4151 72.
757 4094 1012 4150 Erasmus
1038 4093 1361 4163 suspicatur.
1392 4100 1604 4163 poetam
1651 4093 1931 4159 scripsisse
1962 4094 2135 4147 cauti-

564 4166 679 4220 bus.
714 4164 909 4219 Verum
938 4178 1023 4217 cos
1055 4162 1152 4232 pro
1195 4170 1327 4229 rupe
1360 4162 1521 4215 etiam
1562 4164 1823 4231 accipitur
1856 4182 1868 4215 :
1900 4165 1977 4217 sic
2008 4163 2140 4217 Pro-

563 4236 790 4301 pertius,
818 4234 959 4302 eleg.
985 4233 1041 4300 ὅ,
1070 4233 1161 4288 lib.
1200 4248 1214 4285 l
1246 4246 1261 4284 :
1306 4232 1488 4285 Libera
1512 4234 1621 4303 jam
1646 4234 1790 4287 duris
1813 4233 2003 4287 cotibus
2028 4233 2137 4286 An-

564 4305 823 4359 dromede.
881 4301 1192 4372 Quanquam
1251 4312 1358 4355 tam
1410 4303 1463 4356 in
1513 4301 1816 4357 Prudentia
1876 4318 2034 4371 quam
2087 4305 2138 4356 in

564 4375 843 4443 Propertio
869 4372 1064 4427 ratibus
1096 4382 1271 4441 potest
1309 4386 1430 4426 esse
1455 4387 1484 4426 a
1528 4381 1734 4441 cautes;
1766 4388 1892 4443 nam
1919 4389 1986 4425 au
2017 4374 2069 4426 in
2110 4390 2141 4427 o

564 4441 773 4500 Veteres
799 4458 941 4512 stepe
962 4443 1383 4505 commutabant,
1413 4452 1469 4496 ut
1499 4443 1679 4495 clodus
1712 4458 1807 4511 pro
1845 4441 2079 4496 claudus.

635 4516 723 4567 73.
756 4512 1145 4569 Animadvertit
1177 4512 1447 4579 Erasmus,
1497 4514 1614 4578 plus
1642 4521 1882 4568 nostrum
1915 4522 2125 4581 poetam

566 4586 747 4638 dicere
773 4597 931 4652 quam
962 4582 1239 4653 Virgilium
1267 4585 1447 4649 ecloga
1478 4583 1571 4638 cit.
1606 4600 1620 4636 ε
1655 4582 1721 4637 Et
1746 4584 1890 4638 dura:
1916 4598 2135 4653 quercus

567 4654 821 4710 sudabunt
847 4652 1047 4705 roscida
1077 4653 1249 4705 mella.

640 4725 732 4779 75.
766 4722 885 4776 Ald.
918 4728 974 4775 et
1005 4720 1188 4783 Fabr..
1222 4720 1275 4774 in
1300 4720 1491 4790 stipite.

638 4794 729 4847 76.
763 4792 817 4845 In
843 4793 1019 4860 Egm..
1046 4792 1399 4861 συντρέφειν-νει,
1433 4792 1707 4847 mendum.

639 4863 731 4915 77.
758 4861 875 4917 Gis.
896 4859 929 4914 ’t
957 4860 1110 4923 edit.,
1147 4859 1367 4922 Weitz..
1396 4872 1485 4914 tua
1514 4877 1610 4928 pro
1641 4864 1735 4915 tui.
1769 4863 1961 4926 Aldus,
1980 4862 2134 4916 codd.

573 4932 783 4997 lteins..
807 4941 861 4988 et
887 4933 1054 4985 nostri
1083 4945 1292 4994 omnes.
1316 4941 1424 4984 tua.
1452 4933 1629 4987 Monet
1659 4932 1993 4995 Buchnerus,
2020 4948 2139 4997 poe-

570 5012 679 5059 tam
708 5017 771 5057 ex
800 5001 1055 5069 temporis
1082 5001 1163 5055 sui
1199 5000 1407 5056 ratione
1436 5002 1728 5070 praedicere
1763 5014 2135 5068 reverentvam.

570 5088 690 5141 qua
721 5072 945 5142 prmsepi
978 5070 1184 5142 Domini
1213 5070 1401 5126 futuris
1443 5074 1653 5127 smculis
1682 5085 1827 5127 esset
1871 5072 2138 5127 habenda.

571 5140 822 5199 Fortasse
850 5140 1170 5211 Prudentius
1196 5142 1363 5195 solum
1393 5142 1565 5197 innuit
1594 5144 1993 5198 venerationem
2020 5158 2138 5211 quas
2163 5198 2171 5207 ,

570 5222 696 5268 tunc
721 5213 948 5283 praesepi
983 5210 1191 5265 Domini
1226 5212 1554 5283 habebatur;
1595 5214 1711 5281 ejus
1759 5223 1935 5268 tamen
1981 5210 2141 5267 verba

570 5282 961 5353 accommodari
994 5282 1307 5353 possunt'ad
1337 5292 1518 5336 nostra
1548 5293 1809 5353 tempora.
1858 5284 2007 5339 Nunc
2038 5284 2146 5337 Ro-

571 5368 673 5408 mae
692 5351 993 5424 ostenditur
1016 5366 1252 5424 praesepe
1264 5351 1525 5424 ligneum,
1545 5351 1843 5424 magnoque
1865 5355 1915 5407 in
1941 5354 2144 5408 honore

570 5432 675 5489 est.
705 5423 911 5477 favente
939 5425 1109 5489 prisca
1138 5422 1455 5487 traditione;
1492 5422 1653 5491 quam
1681 5426 1859 5488 inepte
1884 5427 2145 5479 subruere

572 5503 795 5548 conatur
824 5491 1043 5548 Samuel
1074 5492 1365 5560 Basnagius
1392 5535 1405 5556 .
1449 5495 1645 5547 Annal.
1695 5496 2143 5563 politico-eccles.

572 5578 711 5617 anno
732 5572 857 5634 ante
885 5565 1035 5617 Dom.
1078 5563 1132 5634 5.
1165 5577 1314 5616 num.
1343 5564 1433 5627 20.
1462 5565 1581 5633 quia
1618 5564 1979 5622 Tertullianus
2004 5580 2141 5634 prte-

570 5646 697 5706 sepe
727 5633 1038 5706 illud‘vocat
1067 5633 1278 5706 durum.
1305 5634 1570 5706 adeoque.
1614 5644 1672 5687 ut
1700 5647 1889 5706 argute
1928 5633 2143 5691 conclu-

573 5702 669 5774 dit.
706 5703 1075 5772 notrligneum
1108 5702 1280 5771 (quasi
1313 5702 1510 5773 lignum
1547 5706 1619 5758 sit
1647 5702 1853 5774 molle).
1882 5706 1975 5760 sed
2011 5708 2144 5771 lapi-

573 5773 753 5845 deum.
775 5782 831 5845 et
851 5774 971 5845 quia
994 5786 1291 5845 anonymus
1315 5776 1453 5843 apud
1471 5773 1910 5845 Chrysostomum
1937 5778 1987 5831 in
2016 5777 2142 5831 Luc.

575 5855 609 5896 tt
643 5843 716 5897 ait
749 5841 896 5899 :Pro
940 5841 1375 5901 bonore’tulimus
1417 5841 1705 5916 (praesepe)
1753 5849 2051 5915 latericium,
2100 5858 2147 5901 et

2234 2484 2499 2553 posuimus
2526 2489 2846 2553 argenteum,
2881 2489 2945 2553 et_
2975 2478 3298 2553 Broeardus.
3329 2493 3425 2553 seu
3468 2479 3818 2553 Durcbardus

2232 2549 2364 2610 dicit
2387 2555 2437 2607 in
2469 2549 2869 2617 rupe'excisum.
2921 2550 3036 2605 Duo
3079 2549 3197 2605 hac
3232 2550 3541 2606 testimonia
3590 2551 3733 2608 inter
3760 2567 3822 2608 se

2235 2632 2489 2695 pugnant.
2514 2622 2768 2691 Serryus,
2791 2620 3031 2695 exercit.
3063 2621 3154 2684 30.
3185 2630 3337 2695 recte
3376 2619 3559 2695 docet.
3588 2631 3826 2695 structu-

2234 2690 2347 2751 ram
2378 2708 2497 2762 quae
2520 2690 2765 2762 praesepe
2791 2690 3024 2762 ligneum
3051 2692 3385 2756 continebat.
3428 2690 3593 2747 luisse
3638 2692 3721 2747 vel
3750 2693 3819 2745 la-

2234 2759 2471 2834 pideam.
2485 2833 2491 2834 ί
2504 2759 2585 2834 vel
2612 2759 2935 2834 lateritia'm.
2958 2761 3362 2834 Monumentum
3400 2762 3691 2834 antiquum.
3707 2777 3825 2816 mu-

2234 2830 2313 2888 sei
2340 2832 2586 2902 Borgiani
2617 2844 2861 2902 przesepe
2903 2830 3139 2902 ligneum
3182 2830 3339 2902 nobis
3375 2830 3619 2887 exhibet.
3668 2833 3826 2886 Anno

2235 2845 2313 2888 set
2340 2845 2586 2902 uorgtani
2617 2845 2861 2953 praesepio
2903 2845 3139 2899 ligneum
3182 2845 3339 2885 tionis
3375 2845 3619 2887 exninet.
3668 2845 3825 2886 Anno

2235 2904 2341 2959 642
2366 2904 2583 2973 circiter
2606 2916 2675 2955 ex
2703 2900 2796 2973 Det
2842 2899 3147 2973 lehemitica
3176 2901 3588 2973 speluncacuna
3610 2909 3668 2956 et
3691 2917 3825 2973 prte-

2234 2989 2365 3042 scpe
2396 2972 2619 3027 Romam
2649 2971 2874 3026 advecta
2903 2980 3077 3042 sunt.‘
3102 2969 3238 3042 V_ide
3266 2969 3658 3042 Bianchinium.
3694 2969 3820 3042 'dis-

2238 3039 2368 3098 sert.
2400 3043 2469 3097 de
2500 3043 2663 3097 Praas.
2689 3050 2743 3096 et
2771 3056 2897 3096 cun.
2926 3039 3136 3095 Domini
3165 3042 3332 3095 nostri
3362 3039 3491 3095 Jesu
3523 3041 3745 3105 Christi.
3768 3048 3825 3095 et

2239 3113 2483 3176 Gorium,
2532 3110 2682 3181 prmi.
2731 3111 2797 3165 ad
2832 3112 2999 3181 vers.‘
3042 3109 3160 3163 ltal.
3207 3124 3383 3179 poem.
3409 3108 3724 3166 Sannazarii
3752 3110 3824 3166 de

2160 3193 2207 3256 ρ
2243 3185 2401 3256 Partu
2419 3180 2670 3256 Virginis.
2701 3182 2790 3239 ubi
2811 3180 2880 3238 de
2904 3191 3132 3251 quatuor
3157 3181 3389 3238 vetustis
3414 3182 3672 3253 prtescpis
3694 3183 3826 3237 ima-

2236 3254 2450 3324 ginibus
2476 3253 2713 3307 disserit.

2311 3325 2398 3379 79.
2432 3322 2489 3377 In
2515 3324 2651 3377 Aldo
2672 3336 2827 3377 error
2850 3321 3007 3377 metri
3030 3320 3300 3377 saeuiunt.

2308 3394 2399 3448 80.
2426 3394 2621 3447 Bovem
2645 3402 2700 3447 et
2720 3393 2934 3447 asinum
2958 3392 3023 3446 ad
3052 3391 3265 3461 Domini
3290 3404 3535 3461 prasepe
3559 3388 3823 3461 intellige.

2237 3467 2379 3531 quod
2411 3466 2494 3531 pia
2524 3463 2755 3518 credidit
2775 3464 3087 3531 antiquitas.
3117 3460 3173 3516 in
3197 3460 3437 3516 carmine
3462 3460 3531 3515 de
3567 3460 3825 3516 Passione

2240 3534 2382 3588 inter
2408 3530 2666 3589 Lactantii
2696 3547 2856 3601 opera
2902 3530 2920 3585 ἑ
2952 3530 3006 3585 Η
3012 3533 3057 3585 ic
3092 3532 3219 3585 mihi
3259 3536 3377 3601 fusa
3408 3531 3725 3601 deditbruta
3745 3530 3826 3601 in-

2238 3613 2312 3657 ter
2338 3605 2523 3659 inertia
2550 3599 2767 3671 primum
2796 3602 2956 3656 Arida
2985 3602 3039 3654 in
3078 3599 3307 3672 angustis
3330 3600 3640 3672 praesepibus
3663 3599 3823 3653 herba

2238 3675 2421 3731 cubile.
2465 3670 2889 3729 PoStClaudiani
2931 3686 3093 3741 opera
3136 3670 3353 3741 exstant
3400 3670 3645 3741 quaedam
3698 3684 3822 3725 car-

2241 3744 2384 3799 mina
2418 3741 2751 3805 Cltristiana.
2800 3757 2921 3809 quite
2963 3740 3114 3797 multi
3158 3740 3452 3796 Claudiano
3488 3741 3820 3810 adjudicant.

2238 3816 2351 3869 sive
2379 3814 2677 3882 principum
2697 3810 3125 3868 Christianorum
3146 3812 3435 3878 adulatori.
3459 3812 3573 3866 sive
3596 3810 3828 3880 denique

2238 3883 2595 3938 Cluistianam
2629 3883 2786 3938 tidem
2818 3883 3082 3938 nrofesso.
3132 3882 3188 3936 In
3240 3884 3322 3938 his
3364 3892 3448 3938 est
3487 3896 3711 3938 carmen
3758 3881 3828 3937 de

2300 3895 2595 3941 mstianam
2629 3895 2786 3938 tidem
2818 3895 3082 3941 DI'OIOSSO.
3132 3895 3188 3936 ιη
3240 3895 3322 3938 his
3364 3895 3448 3938 est
3487 3896 3711 3938 carmen
3758 3895 3829 3937 αθ

2240 3898 2595 3941 υιιτιειιθηθω
2629 3898 2786 3938 nuem
2818 3898 3082 3953 protesso.
3132 3898 3188 3936 In
3240 3898 3322 3938 nis
3364 3898 3448 3938 est
3487 3898 3711 3938 carmen
3758 3898 3825 3937 ue

2240 3954 2398 4009 laude
2420 3953 2639 4016 Christi.
2675 3954 2818 4021 quod
2845 3966 2995 4008 certe
3014 3952 3366 4007 Claudianum
3399 3968 3505 4007 non
3532 3952 3696 4007 habet
3727 3966 3825 4005 au-

2240 4035 2466 4087 ctorem.
2500 4024 2595 4079 sed
2637 4021 3041 4088 Merobaudem,
3087 4022 3465 4076 scholasticam
3507 4022 3823 4090 llispanum.

2240 4097 2397 4163 cujus
2447 4094 2664 4149 nomine
2711 4093 2915 4149 editum
2954 4105 3038 4147 est
3086 4092 3140 4147 in
3186 4092 3501 4147 collectione
3549 4100 3827 4161 poetarum

2238 4162 2699 4219 Christianorum.
2748 4175 2802 4218 et
2837 4165 2890 4217 in
2945 4161 3195 4219 Biblioth.
3234 4162 3332 4218 SS:
3374 4164 3611 4217 Patrum.
3648 4161 3822 4216 Mero—

2242 4233 2445 4289 baudes
2486 4234 2646 4303 igitur
2684 4234 2735 4289 in
2783 4249 2848 4289 eo
2875 4229 3115 4288 carmini:
3153 4233 3229 4286 ait
3259 4250 3273 4287 :
3306 4233 3578 4288 Auctorem
3638 4231 3826 4303 scipere

2246 4304 2406 4359 Deum
2435 4301 2735 4369 te.'conscia
2762 4314 2939 4362 partus
2966 4303 3154 4368 Mater,
3205 4314 3275 4367 et,
3302 4303 3519 4373 attoniti
3559 4301 3814 4373 pecudum

2240 4390 2442 4428 sensere
2463 4374 2686 4427 timores.
2720 4374 2989 4435 Sedulius.
3016 4373 3107 4427 lib.
3142 4389 3195 4428 Ill
3219 4374 3287 4428 de
3309 4372 3488 4427 Asello
3512 4371 3596 4427 cui
3625 4371 3821 4426 insedit

2246 4446 2508 4499 Dominus
2544 4460 2558 4495 :
2587 4443 2710 4497 Non
2746 4444 2881 4497 illius
2922 4444 3110 4513 impar,
3136 4443 3239 4515 Qui
3261 4442 3439 4515 patulo
3466 4439 3819 4515 Cirristum‘li-

2168 4553 2214 4613 D
2246 4524 2321 4570 rel
2343 4516 2394 4568 in
2420 4530 2645 4613 praesepe
2660 4518 2919 4613 jngentctn
2950 4510 3181 4613 Agnovit.
3188 4510 3357 4567 tamen
3386 4528 3495 4567 esse
3519 4511 3704 4564 Deum.
3728 4510 3830 4565 Lu-

2246 4601 2337 4613 Α..-
2378 4592 2453 4613 Δρ.
2508 4584 2671 4613 ...εκ-ιι.
2804 4601 2817 4613 ο
2896 4584 3114 4613 ’Ληηηιοὲο
3189 4599 3241 4613 At
3279 4598 3616 4613 ..ηιρρικιΛ-ραρι
3657 4596 3801 4613 pallam

2243 4601 2338 4639 cus
2376 4592 2460 4639 est
2484 4584 2633 4638 lsaize
2656 4584 2693 4648 t,
2728 4585 2762 4639 3
2804 4601 2817 4635 :
2867 4584 3114 4654 Cognovit
3154 4584 3242 4654 bos
3279 4598 3619 4651 possessorem
3653 4596 3824 4645 suum,

2238 4668 2284 4709 et
2315 4656 2490 4708 asinus
2518 4670 2746 4724 prasepe
2776 4652 2971 4709 domini
2996 4655 3077 4708 sui
3120 4671 3139 4707 :
3173 4652 3337 4708 Israel
3382 4663 3552 4724 autem
3602 4667 3682 4724 me
3723 4666 3828 4703 non

2238 4725 2492 4795 Cognovit.
2515 4720 2767 4795 etc..Quo
2794 4726 3016 4793 respicit
3044 4724 3387 4795 Prudentius.
3413 4722 3489 4795 Ex
3508 4738 3613 4791 quo
3630 4720 3828 4795 factum

2238 4790 2341 4859 esi.
2372 4803 2429 4847 ut
2458 4794 2572 4847 haec
2610 4790 2855 4860 historia.
2881 4790 2927 4850 si
2957 4810 3081 4850 vera
3111 4794 3293 4859 fuerit.
3319 4795 3371 4848 in
3400 4790 3622 4848 dubium
3653 4790 3830 4846 abhis

2239 4866 2307 4920 sit
2341 4874 2610 4928 revocata.
2632 4866 2719 4933 qui
2751 4867 3109 4920 narrationem
3134 4865 3424 4919 conﬁctam
3451 4864 3831 4919 existimarunt

2240 4939 2310 4988 oh
2346 4936 2491 4989 Isaia:
2523 4936 2716 4996 verba;
2739 4946 2925 4989 contra
2948 4938 2991 4991 si
3024 4936 3151 4990 falsa
3176 4935 3355 4996 fuerit.
3384 4948 3449 4987 ex
3480 4933 3682 4989 eisdem
3710 4946 3831 4985 ver-

2242 5006 2322 5060 bis
2358 5020 2388 5059 a
2444 5004 2717 5059 nonnullis
2764 5005 2926 5059 fuerit
2982 5006 3227 5069 inventa,
3282 5003 3424 5072 quod
3479 5003 3829 5068 crediderint,

2244 5077 2433 5129 Isaiam
2468 5090 2573 5129 non
2600 5075 2887 5145 allegorice
2911 5074 3281 5141 locutum,sed
3299 5089 3411 5129 rem
3434 5074 3663 5129 futuram
3690 5089 3830 5145 prze-

2242 5146 2470 5209 dixisse;
2502 5161 2622 5215 qum
2652 5143 2885 5214 alioquin
2925 5146 3117 5200 similis
3141 5160 3268 5201 vero
3290 5145 3549 5210 redditur,
3583 5143 3834 5215 cnmSal:

2246 5219 2442 5270 vzttoris
2471 5212 2621 5269 ortus
2648 5216 2698 5270 in
2743 5212 2955 5271 stabulo
2982 5225 3037 5271 ct
3066 5216 3291 5284 prmsepi
3330 5212 3832 5285 contigeriteQuod

2244 5296 2425 5341 autem
2464 5285 2700 5356 Serryus
2738 5288 2790 5340 in
2824 5289 2942 5341 suis
2974 5284 3607 5349 Exercitationibns’ait.
3651 5284 3837 5356 Patres

2244 5358 2333 5424 qui
2363 5357 2515 5411 bovis
2545 5354 2615 5411 et'
2644 5358 2777 5411 asini
2810 5360 3169 5411 meminerunt
3195 5356 3485 5425 allegorice
3526 5354 3839 5425 esseilocu-

2248 5434 2353 5490 tos.
2381 5441 2573 5481 eorum
2616 5427 2797 5482 verbis
2837 5436 2889 5483 et
2916 5427 3087 5483 menti
3136 5424 3635 5497 apertegrepugnat.
3666 5424 3840 5478 Locus

2250 5511 2368 5565 cap.
2415 5513 2471 5551 ιιι
2520 5497 2776 5566 Habacuc
2825 5513 2893 5554 ex
2942 5495 3193 5553 versione
3235 5495 3379 5551 LXX
3426 5495 3840 5566 interpretuma

2251 5564 2433 5621 multis
2455 5566 2556 5623 SS.
2605 5564 2853 5623 Patribus
2900 5568 2951 5621 in
3000 5567 3246 5624 eamdem
3288 5582 3401 5623 rem
3445 5564 3749 5625 adducitur.
3780 5564 3841 5616 lu

2251 5637 2416 5691 medio
2438 5637 2662 5693 duorum
2690 5639 2991 5691 animalium
3018 5638 3357 5708 cognosceris.
3383 5639 3476 5693 sed
3501 5639 3707 5708 llrmgm
3737 5649 3841 5687 nun

2250 5721 2370 5779 esse
2398 5722 2517 5779 eam
2550 5709 2880 5775 versionem,
2904 5708 3061 5765 docet
3085 5706 3157 5765 ‘S.
3192 5708 3576 5779 Hieronymus.
3616 5706 3842 5759 Exstant

2249 5777 2426 5832 adhuc
2469 5778 2734 5847 imagines
2770 5780 3181 5846 antiquissime.
3220 5777 3416 5847 quibus
3451 5790 3691 5847 prmsepe
3720 5789 3841 5829 curn

2252 5848 2385 5904 bove
2410 5859 2463 5906 et
2495 5845 2651 5906 asino
2674 5845 2975 5908 exhibetur.
3007 5852 3046 5904 Α
3078 5845 3268 5920 priscis
3300 5863 3468 5917 usque
3494 5845 3706 5906 saeculis
3741 5847 3839 5901 bu-
