3922 6412
487 375 588 428 199

1759 366 2061 422 VICTORIS
2100 367 2397 422 VITENSIS

3586 375 3682 430 200

486 485 689 541 Poteris
717 499 835 538 eum
865 483 1086 535 diversis
1131 479 1501 533 atllictionibus
1547 479 1861 534 interficere.
1902 479 2030 532 Natu
2060 483 2106 538 Λ
2137 479 2244 541 ire;
2285 482 2371 547 qui
2407 495 2524 532 cum
2573 481 2750 534 multis
2781 481 2985 534 insidiis
3034 492 3360 550 premeretur
3387 494 3444 536 ιιι
3465 486 3681 538 αιιιοιί-

483 576 528 629 si
551 574 724 644 gladio
751 571 1053 640 peremeris.
1089 570 1337 638 incipient
1381 584 1501 623 eum
1531 577 1556 605 ι
1584 568 1810 621 Romani
1835 577 2034 638 marty-

483 680 594 719 rem
647 663 948 732 praedicare.
996 660 1144 713 Tunc
1187 658 1551 714 Theodericus
1596 659 1648 711 in
1708 657 2034 726 Byzacenam

483 753 804 821 provinciam
854 751 918 803 ad
945 749 1219 803 fodiendae
1266 763 1386 801 eum
1435 747 1755 801 condemnat
1795 745 2031 798 scrobes.

489 841 676 894 Postea
700 841 846 907 quasi
873 839 933 892 ad
955 838 1118 906 majus
1147 837 1508 905 opprobrium,
1540 836 1674 888 haud
1699 835 1879 904 procul
1904 833 2034 887 Car-

481 929 713 998 thagitie,
748 929 833 982 ubi
880 930 946 982 ab
972 929 1216 981 omnibus
1261 928 1563 992 vlderctur,
1603 943 1724 980 eum
1767 937 2029 996 pastorem

483 1023 731 1085 pra-cepit
777 1033 894 1071 esse
937 1033 1234 1072 vaccarum.
1284 1017 1426 1070 lnter
1453 1017 1585 1081 hazc,
1615 1016 2032 1083 dum,,Domino

484 1107 772 1174 revelante,
801 1106 1132 1159 dormitionis
1159 1119 1268 1157 sum
1295 1105 1589 1172 proximum
1610 1106 2025 1170 cernerctdiem,

479 1195 701 1248 advocat
757 1193 1035 1262 quemdam
1089 1192 1336 1256 Felicem,
1373 1193 1722 1246 venerabilem
1777 1191 2031 1245 Christia-

480 1299 630 1346 num,
681 1294 1076 1350 procuratorem
1126 1282 1317 1335 domus
1344 1283 1434 1335 filii
1465 1283 1622 1350 regis,
1653 1284 1740 1351 qui
1770 1283 2026 1351 Armoga-

477 1383 609 1427 stem
634 1383 693 1426 ut
723 1373 1017 1440 apostolum
1051 1373 1430 1436 venerabatur;
1460 1375 1688 1438 dicittue
1716 1374 1789 1426 illi
1817 1389 1831 1425 :
1868 1375 2024 1427 'lem-

482 1480 578 1530 pus
608 1477 738 1517 mete
767 1463 1105 1517 resolutionis
1134 1464 1366 1516 advenit.
1399 1463 1631 1517 Obsecro
1669 1471 1720 1516 te
1749 1478 1840 1529 per
1869 1463 2024 1516 fidem

479 1567 637 1620 quam
663 1553 868 1620 utrique
908 1564 1178 1614 tenemus,
1214 1561 1270 1604 ut
1299 1549 1326 1588 ι’
1356 1552 1452 1604 sub
1476 1551 1574 1604 hac
1601 1552 1739 1615 ilice,
1769 1567 1852 1604 me
1875 1566 2027 1619 sepe-

486 1643 581 1695 lire
597 1642 846 1710 digneris,
872 1639 1173 1694 redditurus
1194 1638 1288 1710 [αι.
1311 1640 1533 1694 Domino
1539 1644 1554 1711 j
1581 1642 1686 1694 Deo
1709 1653 1909 1708 nostro,
1927 1642 2024 1694 nisi

479 1729 690 1792 feceris,
721 1732 997 1784 rationem.
1023 1730 1137 1783 Non
1157 1729 1295 1797 quod
1327 1729 1414 1783 ille
1443 1744 1650 1783 curaret
1672 1731 1758 1782 ubi
1788 1740 1877 1782 aut
1897 1747 2026 1798 qua-

2133 585 2248 620 cant
2272 572 2537 626 amitteret
2567 571 2741 635 fidem,
2769 571 2882 638 ipse
2902 585 3020 625 eum
3043 587 3131 626 rex
3163 582 3340 640 postea
3367 574 3680 629 blandiendo

2132 658 2382 712 aﬂ‘atibus
2435 661 2776 714 sa'cularibus
2824 663 3102 724 invitabat,
3151 663 3462 728 promittens
3505 665 3679 718 multis

2132 764 2251 801 eunt
2285 749 2380 820 [αι.
2411 749 2638 820 deliciis]
2685 751 2885 805 divitiis
2911 753 3306 817 cumulandum,
3350 753 3395 804 si
3429 753 3676 806 voluntati

2131 841 2247 905 ejus
2288 840 2524 892 auditum
2578 840 2784 895 facilem
2826 843 3236 895 commodasset.
3264 843 3360 906 Qui
3388 856 3504 894 cum
3535 844 3677 894 fortis

2131 940 2288 996 atque
2337 929 2563 983 invictus
2605 931 2658 982 in
2707 930 2808 984 ﬁde
2847 939 3099 994 maneret,
3149 932 3292 1000 jubet
3339 947 3458 985 eum
3501 934 3676 986 subire

2130 1021 2446 1073 sententiam
2493 1021 2811 1088 capitalem;
2867 1022 2934 1074 ita
2978 1031 3152 1076 tamen
3209 1021 3428 1075 callidus
3472 1021 3676 1074 occulti:

2130 1109 2466 1178 prtecipicns,
2499 1110 2620 1163 utsi
2664 1111 2714 1162 in
2762 1111 2846 1162 illa
2899 1110 3024 1163 hora
3055 1110 3308 1163 vibrantis
3333 1109 3491 1178 gladii
3515 1112 3671 1176 perti-

2131 1207 2393 1252 mesceret
2421 1199 2604 1262 ictum,
2638 1200 2803 1266 magis
2829 1214 2948 1253 eum
2984 1199 3267 1264 occideret,
3302 1214 3370 1253 ne
3393 1211 3672 1267 martyrem

2127 1288 2418 1355 gloriosum
2449 1286 2693 1350 fecisset;
2737 1289 2780 1341 si
2822 1297 2998 1341 autem
3032 1288 3218 1341 fortem
3255 1290 3308 1341 in
3347 1287 3674 1342 confessione

2127 1378 2483 1444 conspiceret,
2514 1391 2541 1428 a
2569 1376 2742 1447 gladio
2774 1385 3112 1442 temperaret.
3142 1377 3242 1429 Sed
3278 1377 3366 1430 ille
3395 1386 3448 1429 ut
3475 1378 3675 1430 colum-

2127 1481 2192 1518 na
2224 1465 2506 1519 immobilis
2547 1449 2758 1518 Christo
2801 1465 3063 1517 solidante
3104 1465 3254 1518 fortis
3280 1464 3518 1530 eﬂ'ectns,
3545 1479 3674 1518 con-

2128 1555 2295 1609 fessor
2340 1556 2621 1608 revertitur
2657 1553 2941 1622 gloriosus.
2989 1554 3098 1607 Etsi
3145 1562 3428 1623 martyrem
3457 1552 3674 1605 invidus

2127 1647 2294 1700 hostis
2348 1646 2519 1698 noluit
2562 1644 2768 1710 facere,
2819 1643 3177 1698 confessorem
3225 1653 3399 1697 tamen
3439 1650 3675 1697 nostrum

2127 1752 2230 1788 non
2260 1735 2429 1802 potuit
2459 1735 2678 1788 violare.

473 1821 589 1874 liter
625 1835 776 1873 suum
823 1818 1138 1886 sepeliretur
1165 1832 1385 1884 Corpus;
1425 1819 1518 1871 sed
1548 1827 1603 1870 ut
1647 1818 1773 1870 illud
1803 1820 2022 1871 demon-
2049 1819 2096 1879 B
2196 1825 2330 1878 XVI.
2360 1825 2536 1878 Saturi
2559 1825 2705 1893 ﬁdes.
2737 1853 2803 1864 —
2835 1824 3081 1877 Novimus
3107 1832 3161 1878 et
3185 1823 3345 1876 alium
3377 1835 3438 1876 ea
3467 1829 3670 1889 tempe-

474 1919 732 1962 straretur
751 1908 889 1976 quod
915 1921 1070 1959 servo
1097 1920 1194 1958 suo
1216 1907 1539 1958 revelat-erat
1569 1908 1658 1976 [αι.
1694 1905 1850 1976 Dens]
1873 1905 2025 1958 Citri-

469 2006 604 2050 stus.
651 1996 941 2064 Respondit
991 1996 1155 2057 Felix,
1184 2003 1240 2049 et
1272 1995 1436 2048 dixit:
1463 1996 1614 2048 Absit
1638 2010 1667 2048 a
1698 1997 1868 2060 nobis,
1897 2011 2042 2064 con:

471 2088 638 2142 fessor
656 2087 1006 2150 venerabilis;
1029 2085 1119 2140 sed
1148 2087 1395 2153 sepeliam
1416 2095 1465 2140 te
1487 2087 1536 2140 in
1561 2101 1663 2139 una
1687 2087 2018 2140 basilicarum

473 2190 591 2230 cunt
645 2178 909 2244 triumpho
948 2187 1002 2229 et
1027 2175 1192 2244 gratia
1218 2190 1374 2244 quam
1425 2176 1666 2228 mereris.
1693 2175 1789 2229 Cui
1835 2176 2019 2228 beatus

471 2267 807 2333 Armogastes
832 2281 845 2316 :
869 2264 1002 2327 Non,
1027 2263 1118 2316 sed
1144 2267 1239 2334 ιι
1259 2264 1398 2328 quod
1423 2261 1530 2317 dixi
1563 2263 1793 2317 facturus
1818 2277 1896 2317 es.
1929 2265 2020 2318 llic

470 2357 661 2408 timens
689 2353 780 2408 Dei
813 2354 1078 2406 hominem
1106 2355 1440 2416 contristare,
1461 2356 1722 2407 veraciter
1740 2354 1882 2421 quod
1905 2354 2018 2422 jus-

467 2455 604 2501 serat
649 2446 886 2514 promisit
928 2458 989 2498 se
1029 2458 1146 2498 esse
1187 2443 1467 2497 facturum.
1494 2443 1680 2496 Statim
1710 2443 1844 2497 intra
1888 2459 2017 2512 pau-

469 2534 714 2588 cissimos
735 2533 849 2586 dies
874 2543 896 2570 ε
919 2547 1098 2586 comes
1125 2531 1278 2585 bona:
1304 2530 1657 2584 confessiOnis
1684 2530 1751 2584 de
1788 2530 1886 2585 hac
1910 2533 2013 2586 vita

469 2623 733 2690 migravit.
761 2621 1050 2675 Festinavit
1092 2618 1252 2687 igitur
1278 2618 1422 2672 Felix
1466 2619 1565 2673 sibi
1593 2620 1888 2688 delegatum
1917 2620 2017 2674 sub

467 2714 656 2765 arbore
683 2710 864 2765 fodere
892 2710 1215 2778 sepulcrum.
1251 2708 1346 2762 Cui
1375 2723 1494 2763 cum
1523 2710 1711 2763 intexa:
1739 2711 1943 2763 radices
1963 2720 2017 2764 et

467 2802 704 2857 soliditas
732 2800 892 2856 aridze
925 2800 1130 2855 telluris
1176 2815 1376 2853 moram
1419 2799 1681 2865 facerent,
1730 2809 1784 2854 et
1833 2800 2016 2854 labore

467 2903 748 2961 angeretur
774 2890 914 2960 quod
958 2889 1155 2944 tardius
1182 2889 1350 2944 sancti
1387 2890 1620 2943 membra
1651 2889 1891 2957 corporis
1919 2891 2016 2944 hu-

470 2993 763 3048 marentttr,
811 2981 1022 3036 tandem
1054 2981 1302 3034 abscissis
1350 2981 1612 3034 radicibus
1652 2983 1819 3034 multo
1859 2983 2016 3037 altius

470 3082 666 3127 terram
693 3086 908 3137 cavans,
932 3071 1191 3139 conspicit
1221 3070 1552 3140 sarcofagum
1603 3070 2012 3139 splendidissimi

2124 1927 2261 1971 state
2285 1917 2497 1968 nomine
2522 1914 2766 1969 Saturum
2789 1932 2801 1966 :
2821 1915 2930 1983 qui,
2958 1929 3076 1968 cum
3107 1914 3332 1968 lucidum
3349 1921 3488 1967 esset
3509 1927 3671 1964 mem-

2123 2008 2272 2061 brum
2327 2007 2577 2060 Ecclesia:
2624 2005 2844 2069 Christi,
2898 2015 2948 2058 et
2998 2005 3308 2072 pravitatem
3360 2003 3670 2056 Arianorum

2125 2095 2367 2149 libertate
2395 2095 2651 2147 catholica
2677 2094 2977 2160 frequenter
3002 2102 3246 2161 argueret
3273 2090 3386 2160 (fuit
3420 2091 3508 2144 hic
3548 2105 3670 2156 pro-

2119 2196 2334 2240 curator
2345 2185 2533 2240 domus
2557 2183 2850 2253 llunerici),
2873 2183 3204 2242 convenitur,
3221 2191 3501 2234 accusante
3519 2189 3541 2216 ο
3562 2179 3669 2232 Ma-

2120 2275 2305 2330 rivado
2333 2275 2558 2342 quodam
2590 2273 2832 2334 diacono,
2876 2285 3034 2339 quem
3080 2271 3373 2324 llunericus
3414 2269 3670 2322 infaustus

2118 2362 2459 2432 singulariter
2502 2359 2814 2424 honorabat,
2863 2369 2920 2413 ut
2965 2359 3115 2413 ﬁeret
3159 2359 3381 2413 Saturus
3419 2359 3666 2412 Arianus.

2120 2451 2508 2506 Promittuntur
2538 2451 2766 2502 honores
2793 2457 2846 2502 et
2883 2449 3084 2502 divitia:
3127 2448 3306 2502 multa!
3348 2446 3394 2501 si
3438 2446 3663 2509 faceret,

2119 2548 2478 2609 prmparautur
2525 2539 2779 2607 supplicia
2819 2537 2928 2591 dira
2960 2538 3002 2591 si
3036 2536 3198 2589 nollet
3242 2553 3253 2587 :
3296 2535 3395 2588 hac
3446 2537 3667 2602 optione

2117 2631 2420 2696 pr0posita,
2461 2635 2521 2680 ut
2568 2628 2614 2680 si
2661 2628 2923 2695 regalibus
2967 2625 3199 2695 jussibus
3242 2639 3347 2677 non
3396 2623 3664 2685 obediret,

2117 2719 2289 2787 primo
2339 2718 2470 2771 facta
2501 2716 2852 2780 discussione,
2903 2724 2959 2770 et
2994 2725 3118 2770 ante
3145 2715 3334 2769 amissa
3380 2714 3538 2766 domo
3583 2713 3664 2766 vel

2118 2807 2434 2872 substantia,
2487 2807 2753 2859 distractis
2799 2807 3044 2859 omnibus
3085 2804 3367 2873 mancipiis
3406 2817 3470 2857 ac
3505 2803 3662 2864 (lilia.

2116 2910 2248 2951 uxor
2275 2895 2421 2963 ejus,
2465 2896 2580 2962 ipso
2625 2903 2906 2961 prmsente,
2952 2894 3237 2947 camelario
3273 2894 3328 2945 iu
3364 2892 3660 2960 conjugium

2117 2986 2436 3040 traderetur.
2468 2984 2617 3049 Quod
2658 2985 2744 3038 ille
2773 2985 2957 3052 plenus
2986 2983 3094 3037 Deo
3123 2982 3289 3051 magis
3331 2987 3388 3036 ut
3417 2982 3663 3035 velociter

2114 3078 2436 3149 proveniret,
2489 3075 2679 3143 impios
2727 3074 3063 3143 provocabat.
3119 3072 3199 3127 οι)
3238 3087 3394 3142 quam
3440 3085 3652 3138 causam

471 3161 750 3216 marmoris
787 3171 1162 3230 prmparatum,
1186 3160 1391 3229 qualem
1417 3161 1552 3215 forte
1589 3160 1764 3216 nullus
1800 3163 2013 3216 omnino
2040 3159 2086 3222 C
2117 3185 2255 3223 uxor
2280 3169 2394 3235 ejus
2416 3167 2650 3221 inducias
2672 3166 2779 3218 visa
2803 3174 2884 3219 est
2909 3163 2978 3217 ah
3001 3163 3081 3216 his
3102 3163 3190 3231 qui
3213 3161 3659 3229 exsequebantur,

470 3253 656 3306 habuit
685 3267 886 3320 regum.

533 3342 649 3396 XV.
699 3343 1014 3396 Archinimus
1058 3345 1334 3410 confessor.
1365 3341 1562 3396 -—Sed
1609 3357 1708 3396 nec
1733 3342 2011 3411 quemdam

466 3434 492 3472 ά
525 3434 885 3490 Archinimum
933 3433 1167 3496 nomine,
1197 3433 1569 3496 Masculanum,
1598 3433 1767 3487 debeo
1796 3445 2014 3503 praeter-

537 3600 562 3627 ι
602 3589 956 3667 Romanorum
967 3628 980 3667 ι
998 3584 1213 3666 nomine
1240 3583 1732 3667 Gathoiicosjuisse
1759 3586 1998 3667 designa-

470 3668 574 3722 tos,
597 3658 786 3712 tumab
800 3652 1060 3708 haereticis
1081 3655 1226 3721 ipsis,
1257 3661 1315 3706 ut
1340 3655 1390 3705 in
1419 3652 1520 3705 hoc
1549 3654 1686 3716 loco,
1715 3663 1823 3707 tum
1846 3652 2006 3710 eiiam

434 3787 438 3791 ,
466 3744 496 3780 a
524 3725 795 3781 catholicis
816 3723 1116 3777 auctoribus
1132 3723 1319 3791 probat
1347 3722 1526 3791 multis
1545 3723 1806 3791 exemplis
1830 3735 2008 3779 noster

467 3795 799 3852 Mabillonius
829 3793 882 3845 in
920 3792 1226 3859 prmfatione
1255 3790 1319 3842 ad
1345 3789 1626 3857 Liturgiam
1663 3789 2004 3848 Galiicanant.

467 3866 558 3919 llis
585 3863 905 3931 adjiciendus
943 3872 1023 3913 est
1051 3859 1380 3931 Theodosius
1411 3859 1604 3931 Junior
1651 3860 1913 3927 Augustus
1956 3865 2004 3916 in

463 3928 685 4000 epistola
715 3931 780 3984 ad
807 3928 1313 4000 Acaciunraliosque
1338 3929 1613 4000 episcopos
1637 3935 1992 4000 etoanachore-

465 3997 566 4069 tas.
587 4017 700 4070 qua:
720 4002 769 4053 in
793 3999 1016 4070 concilio
1044 3998 1307 4070 Ephesino
1333 3997 1577 4070 refertur,
1598 3997 1685 4070 ubi
1705 4011 1798 4052 eos
1817 3999 2009 4052 adhor-

465 4066 686 4124 tititr'ut
721 4085 840 4123 sese
882 4068 1112 4134 probatos
1145 4066 1383 4119 Romana!
1434 4067 1690 4135 religionis
1729 4071 2008 4122 sacerdotes

465 4139 762 4193 exhibeant.
800 4139 926 4191 Vide
974 4136 1251 4189 Baronium
1307 4146 1451 4188 tomo
1491 4151 1520 4186 v
1563 4137 1750 4188 Annal.
1789 4137 1852 4190 ad
1881 4152 2005 4190 ann.

467 4211 568 4263 Mli
607 4220 659 4261 et
683 4208 806 4261 452.
839 4207 886 4259 Is
915 4214 1086 4256 autem
1118 4219 1232 4256 mos
1255 4203 1584 4270 potissimum
1615 4206 1860 4264 invaluit.
1889 4220 2008 4258 cum

471 4277 670 4330 barbari
701 4276 909 4327 Arianae
924 4284 1080 4324 sectae
1100 4273 1289 4322 addicti
1319 4271 1553 4339 llomaui
1570 4274 1774 4339 Imperii
1797 4275 2011 4339 provin-

468 4347 576 4398 cias
601 4345 955 4395 devastarunt.
977 4339 1110 4391 Vide
1133 4339 1262 4406 infra
1295 4337 1425 4406 (σοι,
1453 4338 1579 4400 255,
1603 4337 1657 4388 ης
1682 4338 1755 4406 δ),
1799 4337 1807 4339 '
1889 4349 1893 4353 -

2119 3261 2388 3313 nesciente
2416 3266 2622 3322 marito,
2655 3257 2871 3323 petisse.
2903 3252 3118 3307 Accedit
3166 3252 3232 3306 ad
3281 3252 3522 3306 maritum
3560 3251 3660 3304 alia

2118 3349 2223 3402 Eva
2246 3347 2468 3400 consilio
2497 3346 2796 3414 magistrata
2823 3342 3082 3411 serpentis
3116 3339 3267 3408 (Gen.
3294 3340 3397 3407 ιιι).
3438 3339 3551 3394 Sed
3574 3338 3662 3393 ille

2117 3439 2283 3492 Adam
2314 3452 2420 3490 non
2457 3436 2572 3501 luit,
2599 3435 2687 3503 qui
2720 3434 3026 3488 illecebrosa
3066 3432 3158 3504 [αι.
3193 3428 3335 3501 vitae]
3365 3439 3540 3484 vetitae
3576 3441 3661 3482 ar-

2109 3588 2484 3660 autographum
2507 3605 2675 3660 penes
2683 3604 2780 3644 nos
2801 3589 3076 3650 habemus,
3097 3589 3286 3660 legitur
3306 3589 3659 3660 ﬁnitimis”;

2108 3672 2263 3723 quam
2293 3658 2573 3712 lectionem
2595 3659 2845 3712 exhibent
2867 3669 3092 3725 quatuor
3119 3658 3243 3710 item
3269 3659 3368 3710 alia
3393 3658 3661 3726 martyru-

2109 3727 2266 3792 logia,
2304 3741 2331 3778 a
2385 3726 2737 3780 Bollandianis
2785 3727 2870 3778 die
2909 3727 2978 3779 ΞΩ
3009 3726 3176 3779 Martii
3215 3727 3442 3778 laudata.
3478 3727 3657 3779 Codex

2108 3794 2444 3849 (Ii-Ibertinus
2462 3793 2746 3857 secundus,
2761 3794 3148 3846 Archiminiamt.
3162 3793 3462 3847 Notkherus
3483 3803 3656 3846 autent

2109 3864 2162 3917 in
2187 3863 2562 3933 martyrologio
2587 3864 2690 3932 72
2711 3863 2905 3933 quoda
2941 3860 3153 3933 canisio
3178 3871 3321 3933 tonio
3341 3861 3401 3933 \jl
3426 3863 3656 3933 antiquae

2113 3929 2350 3987 lectionis
2374 3929 2762 4000 vulgatur—ne“,
2789 3931 2944 3984 habet
2969 3929 3324 4000 Archintt'mns.
3344 3929 3470 4000 Qua
3495 3931 3652 4000 lectio

2113 4003 2366 4055 estetiam
2398 3997 2596 4055 codicis
2627 4001 2764 4054 tertii
2806 3998 3122 4054 Cnlhcrtina:
3163 3997 3492 4050 bibliotheca:
3515 4037 3530 4060 ,
3564 3999 3657 4051 sed

2113 4071 2347 4124 omnium
2378 4071 2703 4124 recentioris.
2739 4067 3164 4138 Martyrologium
3188 4067 3475 4121 Lcodieuse
3504 4065 3656 4134 Argi-

2115 4141 2305 4191 nimum
2331 4154 2450 4192 eum
2478 4140 2725 4206 appellat.
2748 4138 2862 4191 Jam
2901 4153 3028 4192 vero
3053 4138 3323 4206 exemplar
3350 4145 3607 4206 vetustum
3627 4148 3657 4185 a

2118 4206 2340 4258 Baronin
2366 4203 2630 4260 lauda—tum
2660 4206 2817 4259 habet
2843 4206 3209 4258 Masculannm.
3239 4204 3331 4258 Cui
3363 4203 3656 4272 suﬂ‘raganf

2116 4282 2201 4327 tur
2229 4273 2409 4326 mss.2
2452 4274 2602 4326 Colb.
2631 4285 2685 4328 et
2709 4275 2836 4326 edit.
2871 4273 3141 4335 Bhenani,
3175 4272 3442 4333 Balduini.
3489 4271 3658 4335 Bignii

2121 4352 2174 4394 et
2201 4340 2386 4395 Colon.
2408 4379 2424 4402 ,
2452 4343 2536 4394 ubi
2574 4343 2760 4408 legitur
2791 4342 3074 4395 Masculan.
3105 4342 3308 4394 Martiu.
3336 4341 3488 4393 hahet
3517 4340 3650 4392 Has-

537 4387 575 4449 ἶ
601 4387 1046 4463 ἐῖέῗιῖἓῖιὲιῖὁὲιιιζ
1063 4387 1141 4458 ει
1157 4387 1647 4468 ⁷⁷ιζονῖὁιιίιιεῖίλιίιέ
1695 4387 1785 4458 s’iib
1823 4407 2019 4474 είιῑφιω
2046 4387 2094 4445 Ῑ)
2118 4387 3656 4462 EdidiifllériétiaGentii?Si"siiE'X}Eiii}}ii}iHnT£5-

468 4480 812 4599 ωὺῖΐὲιεῖξῶ
840 4557 968 4596 voce
998 4543 1205 4596 occasio
1233 4551 1437 4612 sumpta
1465 4551 1547 4596 est
1571 4543 1935 4606 Armogastem
1965 4545 2022 4597 in

473 4615 710 4669 Romano
759 4613 1127 4681 Martyrologio
1171 4615 1398 4664 comitem
1447 4612 1768 4679 appellandi,
1818 4613 1903 4666 die
1947 4613 2015 4667 29

473 4685 641 4737 Martii
666 4720 680 4744 ,
721 4683 866 4750 quasi
891 4684 968 4733 vir
996 4682 1092 4733 iste
1113 4691 1322 4750 sanctus
1349 4681 1610 4732 comitatus
1634 4681 1887 4749 dignitate
1916 4684 2015 4735 ali-

472 4753 681 4816 quando
694 4749 1155 4817 [ιιθι-ἰιίιιείειιιιιιε.
1177 4753 1243 4803 At
1269 4749 1416 4800 fallar
1437 4751 1480 4801 si
1512 4764 1670 4802 voces
1697 4750 1816 4814 illae,
1847 4766 2011 4804 comes

471 4822 612 4873 bona:
639 4819 990 4885 confessionis,
1015 4819 1153 4870 aliud
1177 4821 1260 4871 hic
1293 4820 1498 4882 signent
1520 4833 1672 4884 quam
1698 4821 1748 4870 in
1782 4828 1873 4872 aut
1893 4836 2007 4872 cum

472 4890 599 4941 bona
624 4888 943 4956 confessione.
971 4885 1120 4939 Unde
1151 4887 1283 4951 Ado,
1308 4886 1573 4956 Usuardus
1594 4887 1782 4956 aliique
1804 4898 2006 4942 veteres

472 4953 954 5022 martyrol'ugiorum
1005 4957 1317 5017 scriptores,
1359 4955 1447 5020 qui
1477 4953 1576 5006 hac
1601 4953 1707 5021 ipa
1741 4957 1809 5009 29
1837 4958 2004 5010 Martii

472 5027 557 5090 die
586 5025 776 5078 festum
799 5023 1030 5090 ejusdem
1047 5023 1210 5075 sancti
1239 5023 1555 5074 confessoris
1579 5023 1903 5090 duorumque
1924 5042 2006 5078 se-

468 5083 736 5162 quentium
760 5133 774 5156 ,
796 5083 1080 5162 Archittimi
1117 5091 1315 5162 scilicet
1344 5099 1397 5142 et
1424 5091 1630 5162 Saturi,
1671 5107 1763 5146 seu
1811 5083 2003 5162 Satyri,

470 5159 726 5223 recolunt,
757 5160 885 5213 nihil
915 5159 1106 5228 habent
1130 5160 1194 5212 de
1222 5160 1319 5210 hac
1348 5159 1829 5228 comitis‘dignitafe.

538 5229 564 5268 (ι
604 5228 801 5293 Chim.,
855 5227 1235 5290 Archimimum,
1262 5226 1471 5296 nomine
1503 5226 1803 5296 Maculam,
1859 5229 2006 5296 quasi

472 5313 661 5354 nomen
684 5298 948 5366 proprium
974 5297 1124 5362 hujus
1149 5294 1465 5347 confessoris
1497 5294 1756 5366 Mascula,
1789 5294 1887 5363 qui
1911 5298 2004 5349 mi-

473 5373 620 5430 mica:
650 5363 746 5421 arti
796 5366 1067 5433 ptzet'ectus
1096 5365 1295 5433 fuisset.
1327 5367 1390 5433 At
1420 5378 1552 5414 unus
1577 5363 1728 5433 Colb.
1772 5365 2005 5418 omnium

472 5439 754 5496 vetustior,
798 5430 852 5488 et
887 5434 1038 5486 Mart.
1068 5446 1186 5483 cum
1222 5430 1463 5483 Lurichio
1490 5441 1543 5483 et
1565 5432 1782 5486 Ortltod.
1817 5435 2010 5486 habent

476 5506 834 5567 Archinimum,
855 5503 940 5570 qui
963 5512 1015 5572 et
1036 5501 1114 5551 sic
1133 5500 1504 5572 _appe|latur_in
1525 5500 1722 5556 Adonis
1751 5512 2011 5572 martyru-

476 5571 612 5637 Ingio
630 5574 792 5634 edito,
821 5569 977 5636 atque
998 5571 1049 5622 in
1081 5569 1246 5621 tribus
1264 5569 1482 5637 vetustis
1507 5569 1903 5637 manuscriptis,
1924 5572 2008 5623 cui

473 5635 628 5692 etiam
659 5635 915 5693 consentit
947 5640 1152 5692 Florus.
1185 5637 1332 5704 Apud
1360 5635 1648 5690 Usuardum
1683 5635 1834 5704 vero,
1861 5641 2010 5705 cujus

2122 4479 2252 4528 mine
2279 4519 2294 4540 ,
2347 4478 2719 4536 Masculinum,
2765 4485 2818 4528 et
2865 4477 3053 4531 Belfor.
3092 4478 3245 4528 vertit
3303 4476 3572 4527 Masculin.
3617 4479 3656 4530 Ε

2117 4547 2306 4612 quibus
2335 4546 2576 4597 omnibus
2607 4547 2760 4612 liquet
2796 4560 2984 4597 nomen
3019 4546 3172 4610 hujus
3193 4542 3509 4612 conie~soris
3531 4559 3650 4604 pro.

2117 4611 2283 4680 priun
2317 4613 2474 4666 fuisse
2504 4611 2846 4666 Arcitiitt'mum
2872 4624 2961 4664 aut
2988 4613 3350 4669 Archimittum,
3373 4611 3562 4680 Mascul
3584 4629 3652 4663 ιιιι

2115 4679 2259 4748 vero,
2289 4697 2404 4750 qua:
2425 4682 2546 4735 urbs
2566 4682 2659 4735 fuit
2683 4685 2731 4735 in
2746 4683 2983 4736 Numidia
3000 4682 3243 4750 celebris,
3272 4680 3384 4750 ejus
3411 4679 3651 4750 patriam.

2115 4751 2191 4804 De
2219 4747 2320 4816 qua
2354 4752 2479 4804 urbe
2517 4753 2662 4818 plura
2697 4751 2855 4804 habes
2893 4753 2943 4803 in
2971 4755 3108 4802 notis
3137 4749 3200 4802 ad
3241 4749 3514 4818 episcwos
3543 4747 3653 4818 Nu.

2117 4815 2323 4884 midiaz,
2367 4821 2454 4886 qui
2489 4815 2537 4872 in
2568 4821 2755 4875 Notitia
2787 4829 3124 4874 recensentur
3152 4833 3293 4870 num.
3324 4815 3410 4868 94.
3445 4817 3653 4886 thui-

2113 4890 2232 4943 dem
2254 4905 2317 4942 ex
2344 4885 2586 4943 omnibus
2629 4890 3012 4958 martyrnlngiis
3040 4905 3065 4938 ιι
3108 4904 3190 4940 tne
3219 4901 3374 4951 supra
3404 4885 3652 4958 laudatis,

2151 4975 2229 5010 ua:
2274 4959 2412 5010 hunc
2442 4969 2678 5011 sanctum
2711 4955 2864 5011 simul
2905 4955 3020 5009 cum
3056 4961 3359 5022 Armogaste
3380 4964 3433 5006 ct
3462 4955 3654 5022 Saturo

2151 4975 2229 5010 ua:
2274 4973 2412 5010 nunc
2442 4973 2678 5011 sanctum
2711 4973 2864 5011 stmut
2905 4974 3020 5009 cum
3056 4973 3359 5022 nrtnogasw
3380 4973 3433 5006 ct
3462 4973 3653 5008 Saturo

2113 4973 2196 5078 διε
2223 5026 2291 5077 29
2321 5026 2483 5077 Martii
2511 5037 2949 5088 commemorant,
2979 5041 3044 5077 ne
3073 5026 3280 5078 unicum
3313 5023 3519 5088 quidem
3542 5011 3653 5072 [lfa-

2112 5098 2268 5147 scula:
2307 5095 2574 5154 meminit,
2603 5109 2782 5146 omnes
2834 5097 3126 5147 ec0ntrario
3158 5093 3497 5145 Arcltinimum
3544 5091 3654 5141 Iau-

2113 5163 2267 5226 dant;
2316 5162 2469 5230 quod,
2507 5177 2692 5230 nempe
2741 5173 2958 5215 istorum
2989 5161 3260 5215 Fastorum
3314 5160 3653 5230 scriptoribus

2112 5245 2418 5298 persuasum
2450 5227 2643 5291 fuerit,
2673 5232 2768 5282 hac
2797 5246 2924 5283 voce
2948 5230 3231 5292 Maaculun,
3263 5243 3367 5298 non
3387 5227 3652 5280 confesso-

2110 5297 2220 5366 rem
2254 5301 2447 5365 ipsum,
2476 5299 2565 5350 sed
2595 5299 2707 5365 ejus
2737 5301 2953 5361 patriam
3000 5299 3282 5366 designari.
3311 5297 3440 5366 Hinc
3467 5309 3652 5366 emcn-

2111 5362 2652 5435 dandi'recentiores‘,
2684 5369 2769 5435 qni
2797 5367 3098 5429 Masculum,
3119 5362 3456 5432 professione
3483 5362 3652 5414 archi-

2111 5435 2353 5492 mimum,
2387 5434 2592 5487 incaute
2620 5437 2670 5488 in
2702 5434 2863 5489 fastos
2894 5451 3069 5488 sacros
3101 5435 3367 5488 invexere.

2184 5511 2207 5538 °
2247 5504 2430 5562 Mart.,
2464 5501 2782 5558 Mnurivado.
2815 5505 3036 5558 Orthod.
3082 5515 3134 5557 et
3166 5501 3438 5554 Lorichius
3461 5537 3477 5558 ,
3510 5495 3652 5546 Hau.

2111 5571 2309 5622 ridano.
2354 5571 2652 5633 Legendnm
2683 5573 2815 5626 forte
2847 5573 3140 5626 Varimado.
3169 5571 3302 5624 Vide
3328 5568 3648 5622 Commenta-

2113 5640 2246 5693 rium
2271 5639 2575 5692 historicum
2599 5655 2712 5705 cap.
2749 5646 2796 5695 4.
