3912 6402
204 318 295 372 SOI

1132 321 1214 374 DE
1254 322 1761 376 PERSECUTIUNE
1807 319 2184 374 VANDALICA
2226 320 2351 372 LIB.
2393 320 2450 372 li.

3299 325 3404 375 2(ιὲ

147 423 150 426 ’
203 431 344 484 boris
370 443 522 498 poma
552 431 882 498 contingeret
908 448 919 480 :
949 429 1066 497 quia
1097 445 1196 482 non
1241 433 1498 498 indigens,
1529 433 1620 485 sed
1655 435 1746 486 Sa-
1775 435 1825 492 Α
1852 448 1970 498 ego,
2002 447 2217 485 securus
2242 434 2308 486 de
2331 431 2624 500 promis-is,
2652 436 2808 487 verba.
2840 439 3060 489 tenebo:
3088 437 3143 489 Si
3166 440 3276 505 quis
3301 458 3394 492 non

204 531 352 571 turus
381 519 688 582 vocabatur,
721 521 813 590 [οι.
845 519 1081 587 satiatus]
1110 529 1375 573 saturatus
1420 522 1486 572 ab
1515 521 1752 573 ubertate

204 608 394 660 domus
422 609 541 671 Dei,
573 619 627 661 et
656 617 886 662 torrente
910 607 1213 660 deliciarum
1248 608 1362 674 ejus
1391 616 1615 675 potatus.
1650 610 1752 660 Ad-

203 701 350 751 venit
379 701 567 751 mulier
590 699 654 751 a‘d
683 699 852 751 locum
879 698 964 749 ubi
992 699 1210 749 maritus
1242 697 1522 762 singularis
1548 699 1751 762 orabat,

202 786 485 837 conscissis
515 786 767 849 vestibus,
798 783 1045 851 crineque
1074 786 1267 849 soluto,
1298 800 1474 837 secum
1503 787 1754 836 comitan-

203 874 340 926 tibus
372 875 510 936 liliis,
543 883 567 909 ⁸
592 887 850 938 unamque
894 873 1223 934 inl'antulam,
1276 887 1392 940 qua:
1425 881 1550 925 tunc
1598 873 1754 924 lacta-

205 964 360 1015 batur
391 963 632 1016 manibus
660 974 901 1030 gestans;
933 977 1086 1029 quam
1145 963 1428 1015 nescientis
1472 963 1754 1029 projieiens

207 1053 273 1104 ad
302 1053 464 1119 pedes
493 1051 689 1116 mariti,
721 1054 880 1105 etiam
925 1053 1034 1117 ipsa
1062 1053 1171 1103 suis
1201 1065 1366 1118 genua
1394 1051 1756 1119 complectitur

207 1145 368 1203 ulnis,
394 1145 610 1198 sibilans
637 1144 1012 1197 vociferatione
1042 1143 1285 1196 draconis
1310 1161 1323 1195 :
1362 1144 1608 1197 Miserere
1631 1145 1753 1205 tnei,

207 1233 530 1294 dulcissime,
563 1233 717 1285 simul
745 1241 798 1285 et
828 1234 938 1293 tui;
979 1232 1230 1287 miserere
1273 1233 1639 1286 communibus
1689 1235 1754 1285 li-

207 1323 371 1384 beris,
403 1337 536 1390 quos
565 1322 826 1388 conspicis
853 1322 982 1385 ipse.
1008 1303 1121 1374 Non
1146 1322 1446 1388 subiaceant
1469 1321 1754 1373 conditioni

208 1410 417 1474 servili,
448 1425 581 1478 quos
607 1409 777 1464 claros
801 1411 1043 1475 prosapia
1077 1409 1302 1462 reddidit
1327 1412 1534 1476 generis
1565 1409 1752 1460 nostri.

207 1503 320 1556 Non
368 1503 620 1569 subjiciar
643 1514 742 1569 ego
767 1499 983 1567 indigno
1020 1510 1070 1551 et
1099 1501 1231 1566 turpi
1261 1499 1504 1565 coniugio
1552 1499 1756 1549 vivente

207 1591 434 1652 marito,
465 1607 583 1656 qua:
632 1589 756 1642 milti
787 1603 994 1654 semper
1026 1589 1160 1639 inter
1201 1601 1404 1638 cnznvas
1447 1587 1753 1652 plaudebant

206 1680 272 1731 tle
295 1677 490 1732 Saturo
520 1691 657 1730 meo.
681 1677 960 1743 Cognoscit
1003 1675 1140 1749 Deus
1161 1676 1281 1739 quia
1312 1674 1504 1725 invitus
1527 1672 1756 1725 facturus

1857 526 2356 584 dimiseritaxorcm,
2389 525 2540 588 ﬁlios,
2571 541 2736 588 agros,
2766 537 2853 576 aut
2880 529 3098 591 domum,
3137 545 3272 580 meus
3306 548 3346 579 ut
3369 549 3396 578 1'

1858 612 2032 676 poterit
2063 627 2166 662 esse
2190 611 2439 678 dicipulus
2469 611 2615 679 (Luc.
2641 628 2747 677 XIV,
2773 613 2886 681 26).
2913 615 3045 678 Quid
3078 618 3208 668 ultra
3235 621 3254 664 Ἴ)
3290 619 3397 669 Dis-

1855 705 2076 757 cedente
2115 706 2332 759 muliere
2372 719 2489 755 cum
2522 705 2639 756 filiis
2670 706 2911 768 refutata,
2957 708 3280 759 confortatur
3307 712 3399 759 Sa-
3465 727 3469 730 ·

1857 803 2005 844 turus
2027 794 2089 844 ad
2123 807 2393 854 coronam,
2417 793 2711 852 discutitur,
2736 795 3070 858 cxspoliatur,
3099 798 3263 860 pinnis
3284 812 3398 847 eon-

1860 884 2069 943 teritur,
2087 884 2357 935 mendicus
2379 883 2677 945 dimittitur,
2696 885 3018 936 interdicitur
3038 886 3082 936 ei
3113 886 3399 950 prodeundi

1856 989 2122 1027 accessus.
2148 974 2336 1025 Totum
2361 974 2406 1025 ei
2433 974 2679 1036 tulerunt,
2707 975 2894 1026 stolam
2921 989 3091 1028 tamen
3123 977 3400 1043 baptisma-

1858 1066 1922 1114 tis
1946 1065 2152 1116 auferre
2183 1064 2229 1115 ei
2269 1078 2369 1116 non
2400 1074 2699 1130 potuerunt.

1926 1151 2078 1202 XVII.
2106 1150 2338 1202 Geiserici
2368 1153 2722 1215 persecutionis
2751 1153 3022 1204 conclusio.
3046 1182 3114 1191 ——
3138 1153 3259 1204 Post
3290 1156 3401 1207 lucc

1861 1239 2156 1292 Geisericus
2197 1241 2474 1292 ecclesiam
2524 1240 2853 1307 Carthaginis
2901 1242 3067 1294 claudi
3119 1255 3399 1308 praecepit,

1857 1329 2119 1394 dissipatis
2148 1339 2302 1391 atque
2324 1328 2573 1392 dispersis
2603 1344 2692 1393 per
2714 1329 2916 1380 diversa
2942 1329 3246 1381 exsiliorum
3267 1332 3401 1388 loca,

1857 1420 1974 1485 quia
2007 1420 2284 1484 episcopus
2329 1434 2430 1469 non
2475 1428 2617 1476 erat,
2662 1418 2984 1485 presbyteris
3031 1427 3082 1471 et
3129 1420 3400 1470 ministris.

1858 1509 1984 1571 Quae
2026 1508 2110 1558 vix
2161 1518 2389 1560 reserata
2420 1515 2500 1558 est
2530 1505 2739 1558 Zenone
2790 1507 3021 1573 principe
3079 1508 3402 1574 supplicante

1861 1609 1952 1659 per
1996 1593 2268 1659 patricium
2311 1593 2603 1654 Severum;
2648 1603 2699 1646 et
2749 1596 2824 1646 sic
2855 1597 3080 1647 universi
3128 1599 3193 1646 ab
3222 1598 3403 1648 exsilio

1865 1683 2152 1734 redierunt.
2177 1683 2303 1746 Qum
2329 1698 2453 1735 vero
2481 1683 2530 1734 in
2567 1684 2832 1750 lliSpania,
2854 1686 2902 1736 in
2939 1686 3100 1743 Italia,
3131 1687 3404 1744 Dalmatia.

206 1783 266 1820 es
292 1767 413 1826 hoc.
449 1767 586 1834 quod
612 1765 745 1818 forte
779 1764 1074 1835 voLuntarie
1101 1763 1352 1829 aliquanti
1384 1761 1632 1816 fecerunt.
1667 1759 1760 1815 Cui
1794 1768 1834 1825 Β
1863 1773 2165 1838 Campania,
2198 1772 2462 1836 Calabria,
2492 1774 2697 1840 Apulia,
2733 1775 2930 1835 Sicilia,
2977 1777 3238 1840 Sardinia,
3274 1779 3399 1830 Bru-

208 1860 296 1910 ille
325 1858 427 1910 Job
454 1857 620 1908 sancti
647 1869 776 1906 voce
823 1853 1094 1920 respondit
1121 1869 1133 1902 :
1168 1852 1426 1920 Tanquam
1471 1869 1570 1902 una
1595 1868 1655 1904 ex
1681 1853 1758 1904 in-

206 1947 505 2014 sipientibus
533 1945 819 2012 mulieribus
852 1945 1069 2011 loqueris
1108 1943 1229 2008 (Job
1264 1959 1319 2006 ll,
1358 1944 1460 2008 t0).
1489 1941 1759 1994 Formida-

206 2051 342 2097 rem,
368 2034 577 2097 mulier,
608 2032 653 2086 si
681 2033 790 2085 sola
818 2042 957 2084 esset
985 2032 1138 2096 hujus
1169 2033 1287 2083 vitae
1308 2045 1485 2083 amara
1515 2032 1756 2083 dulcedo.

209 2124 474 2186 Artiﬁcio,
495 2123 709 2188 conjux,
730 2122 918 2174 diaboli
947 2122 1230 2172 ministras.
1259 2120 1310 2173 Si
1329 2120 1571 2187 diligeres
1596 2121 1757 2171 mari-

208 2225 340 2273 tum,
378 2227 643 2280 nunquam
664 2213 728 2262 ad
752 2211 1034 2263 secundam
1070 2220 1292 2263 mortem
1320 2210 1610 2264 attraheres
1640 2226 1759 2277 pro-

207 2305 378 2371 prium
411 2305 601 2354 virum.
631 2301 724 2372 [aL
761 2300 1067 2369 Detrabant]
1096 2301 1396 2362 Distrahant
1425 2301 1578 2366 filios,
1607 2316 1761 2369 sepa-

207 2401 326 2446 rent
353 2394 455 2462 12
487 2406 724 2454 uxorem,
751 2389 992 2443 auferant
1011 2390 1395 2454 substantiam;
1429 2392 1530 2446 mei
1557 2392 1762 2445 Domini

275 2558 299 2584 ι
340 2551 494 2604 Mart.
516 2592 530 2611 ,
564 2552 1132 2620 unumqueiparvulam,
1180 2553 1263 2617 qui
1285 2592 1298 2614 ,
1327 2563 1454 2616 etc.,
1485 2553 1535 2603 in
1567 2568 1763 2620 genere

205 2621 517 2698 masculino.
561 2621 648 2672 Sic
687 2622 793 2672 fere
824 2619 1097 2672 Lorichius
1125 2660 1138 2679 ,
1170 2636 1366 2686 unoque
1412 2623 1715 2688 infantulum
1743 2663 1754 2681 ,

239 2703 312 2738 ω.
343 2703 446 2738 etC.

239 2703 290 2736 ut
343 2702 446 2740 etc.

203 2703 233 2750 ᾳ
273 2727 312 2790 δ’
338 2755 635 2808 Ortltodox.
653 2756 982 2808 solummodo
1003 2765 1053 2808 et
1084 2756 1358 2809 Lorichius
1376 2772 1490 2808 cum
1510 2759 1752 2810 versione

204 2821 401 2876 Gallica
444 2823 736 2877 Belforestii
777 2824 1046 2876 Venetiam
1099 2826 1181 2878 hic
1226 2834 1522 2879 recensent.
1557 2827 1618 2878 Et
1658 2843 1750 2892 pro

1860 1863 1965 1925 liis,
1999 1861 2023 1898 ἲν
2057 1862 2294 1924 Venetia,
2332 1861 2578 1924 Lucania,
2630 1863 2790 1928 Epiro
2822 1863 3016 1922 Veteri.
3066 1866 3147 1918 vel
3193 1867 3404 1919 Ilellada

1857 1955 2098 2018 gesserit,
2131 1952 2325 2002 melius
2371 1951 2440 2002 ibi
2473 1951 2568 2018 ipsi
2596 1953 2679 2015 qui
2713 1953 2851 2018 passi
2881 1960 3001 2004 sunt
3041 1954 3404 2008 miserabiliter

1863 2041 1957 2106 |al.
1994 2037 2238 2106 lugenda]
2269 2038 2494 2102 lugendo
2547 2039 2851 2092 narrabant.
2895 2040 2995 2092 Sed
3021 2041 3126 2106 jam
3167 2057 3405 2108 persecu-

1863 2129 2018 2180 tionis
2049 2137 2263 2186 nostrre,
2297 2141 2322 2177 a
2353 2126 2621 2180 Geiserico
2669 2139 2865 2194 quanto
2905 2131 3220 2194 sublimiter,
3262 2144 3407 2184 tanto

1861 2216 1987 2268 erud
2011 2217 2147 2268 diter
2177 2224 2354 2279 gestae,
2388 2216 2485 2268 iste
2515 2216 2580 2268 sit
2622 2217 2758 2269 linis.
2790 2218 2998 2272 Duravit
3040 2229 3214 2273 autem
3243 2223 3296 2274 in
3325 2239 3408 2276 re-

1862 2319 1964 2372 gno
1991 2305 2138 2356 annis
2167 2305 2373 2372 triginta
2409 2314 2608 2371 septem
2641 2317 2692 2359 et
2719 2310 2985 2362 mensibus
3013 2309 3198 2364 tribus.

1868 2553 1949 2604 his
1973 2553 2164 2606 verbis.
2193 2550 2348 2614 Epiro
2378 2550 2566 2611 Veteri,
2595 2553 2668 2602 vel
2703 2551 2939 2616 Ilellada,
2965 2552 3234 2605 Lorichius
3255 2554 3406 2610 habet

1867 2621 2050 2684 Epiro,
2098 2618 2557 2689 Ilellade.r.V9cula
2604 2622 2752 2670 reteri
2805 2621 3064 2674 omittitur
3108 2638 3314 2688 qunque
3352 2628 3401 2676 in

1859 2691 2088 2741 editione
2121 2688 2375 2738 lthenani.
2408 2688 2479 2738 De
2506 2698 2672 2740 morte
2697 2689 2965 2742 Genscrici
2991 2690 3106 2742 vide
3127 2691 3402 2746 Commen-

1858 2760 2043 2809 tarium
2078 2756 2382 2808 historicum
2410 2757 2625 2822 capital.
2660 2759 2708 2807 7.

1088 3021 1556 3123 LIBER
1636 3019 2500 3122 SECUNDUS.

1258 3195 1454 3236 ιΝιτιΑ
1498 3192 1980 3237 PERSECUTIONIS
2025 3191 2349 3232 HUNEBICI.

272 3317 310 3370 Ι.
365 3315 611 3369 Hanerici
660 3316 822 3368 initia.
868 3344 935 3354 -
981 3316 1184 3369 Mortuo
1239 3315 1394 3384 igitur
1455 3316 1757 3376 Geiserico,
1791 3319 1833 3377 C
1864 3315 2115 3380 scriptum
2174 3317 2370 3368 habens
2411 3317 2461 3368 in
2496 3317 2730 3371 femore:
2771 3319 3084 3376 illanirltams
3129 3327 3404 3393 discipulus

205 3415 230 3441 ι
255 3406 557 3458 Hunericus
605 3404 775 3471 major
805 3404 943 3456 ﬁlius
971 3405 1102 3470 patri
1132 3405 1384 3457 succedit.
1433 3405 1531 3468 Qui
1565 3407 1613 3456 in
1652 3405 1758 3470 pri—

204 3494 415 3546 mordio
440 3494 607 3560 regni,
642 3504 696 3545 ut
718 3493 876 3546 habet
901 3494 1165 3546 subtilitas
1197 3495 1569 3557 Barbarorum,
1601 3496 1757 3562 coepit

206 3583 386 3634 mitius
417 3589 470 3634 et
499 3583 824 3635 moderatius
853 3593 1096 3649 agere.et
1126 3585 1352 3636 maxime
1378 3584 1516 3636 circa
1550 3585 1760 3648 religio-

206 3687 328 3725 nem
357 3680 595 3724 nostram
621 3689 632 3722 :
665 3673 898 3723 utetiam
924 3674 1010 3724 ubi
1042 3681 1193 3724 antea
1219 3674 1317 3724 sub
1347 3688 1468 3739 rege
1493 3674 1758 3726 Geiserico

207 3759 298 3829 [ιιι.
335 3757 703 3826 prtcdicatum]
734 3758 1125 3825 pra'judicatum
1175 3759 1343 3813 fuerat
1384 3775 1451 3811 ne
1496 3761 1756 3826 spiritales

204 3847 394 3900 tierent
421 3858 733 3909 conventus,
782 3849 1144 3901 conventicula
1180 3859 1554 3902 concurrerent
1589 3865 1756 3917 popu-

203 3937 402 3990 lorum.
438 3935 505 3989 Et
531 3947 585 3988 ut
609 3951 668 3989 se
695 3937 997 4003 religiosum
1041 3938 1365 3998 ostenderet,
1393 3937 1418 3973 ι’
1447 3942 1626 3990 statuit
1653 3941 1759 3989 sol-

203 4025 401 4077 licitius
423 4024 770 4089 requirendos
797 4024 1080 4076 haereticos
1100 4023 1414 4073 Manichazos
1437 4038 1452 4082 ;
1481 4038 1543 4074 ex
1570 4024 1756 4089 quibus

203 4113 400 4165 multos
449 4109 703 4170 incendit,
752 4109 1003 4174 plurimos
1044 4117 1216 4159 autem
1256 4108 1499 4160 distraxit
1537 4110 1755 4162 nav.bus

203 4197 573 4252 transmarinis
597 4211 612 4248 :
642 4209 775 4263 quos
803 4210 934 4262 pene
964 4211 1149 4249 omnes
1176 4195 1490 4250 Manit-haaos
1534 4211 1644 4252 sua:
1673 4213 1754 4250 re-

201 4285 412 4354 ligionis
437 4282 658 4348 invenit,
682 4293 730 4336 et
756 4285 1014 4350 praecipue
1036 4284 1369 4353 presbyteros
1401 4295 1452 4339 et
1479 4285 1747 4350 diaconos,

204 4380 413 4428 Arianm
440 4373 725 4426 ltaareseos.
753 4371 904 4426 Unde
929 4373 1094 4440 magis
1143 4375 1478 4437 erubescens,
1525 4376 1750 4442 amplius

203 4468 250 4517 in
285 4465 408 4516 illos
439 4464 652 4515 exarsit.
681 4461 753 4516 De
780 4462 966 4528 quibus
989 4473 1228 4528 repertus
1253 4473 1331 4515 est
1352 4477 1503 4527 unus,
1538 4467 1748 4518 nomine

199 4554 289 4623 [αι.
324 4549 726 4606 Dementianusl
753 4550 1168 4616 Clementianus,
1195 4553 1482 4605 monachus
1513 4554 1743 4617 illorum,

269 4754 293 4778 ι
335 4743 553 4793 t‘odicos
599 4755 725 4791 mss.
771 4739 945 4792 Sancti
990 4736 1235 4790 Germani
1276 4755 1303 4789 a
1355 4742 1537 4802 Pratis,
1570 4744 1743 4796 Sancti
1779 4748 1822 4801 Ι)

197 4810 424 4863 Cornelii
477 4808 914 4874 compendiensis,
959 4817 1012 4856 et
1058 4809 1353 4860 monasterii
1395 4811 1570 4862 Sancti
1618 4813 1742 4863 Ber-

199 4879 345 4930 nardi
392 4877 452 4928 lt.
509 4877 571 4928 lt.
609 4876 663 4925 P.
696 4876 755 4926 Ρ.
789 4875 1109 4925 Fuliensium
1155 4875 1521 4928 Pat-isiensiutn
1554 4881 1745 4931 habent

201 4945 519 4998 Nundiicus.
554 4942 844 4996 0r.ltodox.
877 4949 928 4993 et
956 4940 1248 5006 Loricbius,
1285 4943 1562 4997 Hunericus
1592 4947 1742 4998 Nun-

198 5016 554 5134 dnbmbrthod.
587 5086 640 5129 et
676 5074 969 5148 Lo_richius,
999 5079 1262 5148 sotticitius
1286 5081 1426 5144 jubet
1457 5097 1558 5132 esse
1580 5083 1740 5148 requi-

195 5154 393 5202 rendos.
441 5147 594 5197 Mart.
635 5153 688 5195 et
729 5143 933 5212 Co_mp.,
976 5147 1237 5198 sollicitius
1275 5143 1572 5212 reqttirrbat.
1604 5143 1736 5201 infra

198 5233 288 5281 pro
317 5213 587 5274 distraxit,
612 5211 768 5278 aliqui
800 5210 989 5265 habent
1013 5214 1274 5265 destruxit.
1307 5210 1580 5268 L'oricltius
1613 5233 1738 5269 vero

196 5287 417 5335 deduxit.

262 5363 283 5388 ε
327 5353 448 5403 llaec
468 5363 574 5418 vox
594 5347 744 5398 deest
776 5346 824 5396 itt
850 5346 1019 5418 Mart.,
1037 5347 1215 5418 Germ.
1236 5359 1283 5400 et
1321 5351 1461 5412 Ful.,
1491 5352 1574 5418 qui
1602 5352 1734 5404 infra

198 5421 381 5472 habent
426 5417 741 5469 Videbat
769 5430 867 5479 qua
895 5417 1183 5480 cupi/litate.
1217 5418 1487 5470 Lorichius
1510 5417 1636 5471 vero
1659 5423 1734 5472 sic

196 5490 375 5549 habet,
403 5495 609 5556 praptcr
637 5483 772 5556 quod
801 5483 956 5556 magis
995 5495 1293 5538 memoratus
1323 5498 1561 5553 tyrannus
1594 5490 1733 5540 Inde-

193 5557 269 5610 bat
329 5560 380 5610 in
403 5551 512 5607 uno
541 5551 812 5616 displicens
839 5552 972 5615 quia,
1004 5561 1102 5603 rtc.

471 5649 744 5707 PATROL.
791 5641 994 5732 LVlll.

1857 3403 2040 3456 Christi
2072 3401 2214 3456 Jcsu.
2246 3404 2466 3470 Pr0pter
2505 3406 2638 3472 quod
2686 3410 2848 3476 magis
2888 3422 2908 3446 ο
2938 3412 3247 3466 laudabilior
3293 3431 3404 3469 me-

1859 3501 2088 3544 moratus
2117 3500 2366 3560 tyrannus
2400 3493 2674 3547 videbatur
2699 3515 2711 3547 ;
2737 3497 2789 3548 in
2819 3514 2922 3551 uno
2952 3499 3256 3566 displicens,
3285 3507 3403 3571 quia

1863 3581 2133 3646 cupiditati
2184 3583 2460 3634 insatiabili
2507 3583 2870 3639 vehementius
2921 3587 3170 3653 inhiabat,
3200 3603 3254 3644 et
3282 3607 3404 3659 pro-

1860 3671 2056 3724 vincias
2087 3673 2230 3738 regni
2263 3673 2343 3725 Sui
2369 3675 2527 3725 variis
2554 3675 2832 3728 calumniis
2857 3687 3011 3744 atque
3035 3679 3404 3734 indictionibus

1860 3764 2145 3822 onerabat;
2177 3772 2231 3814 ut
2256 3762 2322 3814 de
2356 3763 2442 3813 illo
2467 3767 2729 3829 pnccipue
2751 3766 3037 3819 diceretur:
3063 3767 3086 3803 ἀ
3111 3769 3218 3822 Rex
3246 3787 3405 3836 egcns

1862 3865 2079 3916 magnus
2108 3860 2189 3904 est
2217 3854 2582 3906 calumniator.
2611 3855 2757 3907 Dedit
2782 3865 2954 3910 autem
2986 3859 3270 3924 licentiam,
3305 3863 3400 3916 Ze-

1861 3957 1999 3993 none
2048 3943 2392 4008 imperatore,
2445 3955 2600 4008 atque
2633 3955 2654 3979 ο
2687 3945 2912 3998 Placidia
2971 3949 3149 4002 relicta
3202 3953 3398 4018 Olybrii

1866 4032 2193 4095 rogantibus,
2244 4042 2298 4083 ut
2343 4033 2766 4098 Carthaginensis
2817 4036 3050 4088 Ecclesia
3101 4039 3198 4090 sibi
3244 4056 3398 4105 quem

1859 4119 2012 4171 vellet
2041 4120 2342 4186 episcopum
2362 4122 2650 4184 ordinaret,
2679 4138 2796 4189 quae
2817 4124 2923 4188 jam
2949 4140 3041 4189 per
3063 4127 3243 4192 viginti
3269 4144 3399 4195 qua-

1856 4217 1974 4257 tuor
2002 4208 2098 4274 13
2129 4221 2293 4259 annos
2325 4208 2414 4258 tali
2440 4219 2752 4262 ornamento
2788 4209 2956 4263 fuerat
2984 4211 3253 4265 destituta.

1923 4295 1984 4346 ll.
2025 4294 2278 4347 Permittit
2323 4297 2543 4360 episcopi
2583 4298 2966 4350 ordinationem.
3001 4328 3070 4337 —
3095 4301 3249 4354 Mittit
3274 4318 3399 4365 ergo

1853 4395 1974 4438 tunc
1999 4385 2062 4437 ad
2093 4386 2369 4438 ecclesiam
2402 4387 2754 4440 Alexandrum
2786 4389 3064 4455 illustrem,
3099 4391 3394 4459 hujusmodi

1853 4475 2160 4541 legationem
2194 4475 2465 4536 ferentem,
2493 4485 2547 4526 ut
2578 4477 2627 4526 in
2662 4479 2939 4542 praesentia
2965 4479 3080 4546 ejus
3111 4481 3396 4535 catholicus

1850 4564 2070 4628 pOpulus
2104 4562 2314 4628 dignum
2355 4563 2450 4614 sibi
2484 4573 2682 4628 peteret
2721 4566 3075 4631 sacerdotem,
3120 4571 3392 4624 destinatis

1918 4745 1940 4780 ά
1983 4749 2128 4800 Colb.
2159 4750 2208 4808 εὶ,
2245 4750 2446 4811 Cerm.,
2491 4752 2601 4803 Ful.
2635 4762 2685 4806 et
2733 4752 2911 4815 Cunp.
2958 4770 3074 4807 cum
3130 4759 3367 4816 Lorirhh

1857 4814 1963 4894 lica:
1989 4831 2130 4893 egens
2161 4819 2417 4894 reditibus,
2455 4833 2555 4894 etc.
2594 4822 2740 4894 Mart.
2767 4831 2814 4870 et
2839 4810 2982 4873 C'tlb.
3011 4827 3056 4883 1.
3093 4810 3392 4894 magnos—vixi

1852 4885 2202 4954 calumniatus.
2236 4888 2384 4936 Urtlt.
2419 4901 2462 4937 et
2501 4889 2789 4948 Lorichitts,
2821 4908 2999 4954 magna
3023 4885 3387 4953 calaniitases'.

1855 4952 2013 5025 Porro
2034 4953 2166 5016 apud
2213 4955 2395 5025 media:
2426 4957 2594 5006 aetatis
2621 4968 2858 5009 auctores
2888 4952 2997 5011 haec
3026 4979 3119 5013 vox
3140 5003 3153 5025 ,
3199 4952 3390 5020 calum;

1851 5022 2008 5096 utare,
2029 5034 2119 5070 seu
2150 5021 2464 5096 calumniari,
2501 5025 2636 5076 idem
2670 5027 2922 5096 significat
2942 5029 3116 5096 731w
3141 5021 3286 5086 litem
3312 5039 3387 5086 in-

1851 5095 2072 5160 tentare,
2098 5103 2187 5138 seu
2221 5104 2312 5160 pro
2342 5092 2511 5160 aliqua
2548 5095 2824 5156 repetenda
2857 5094 2905 5145 itt
2934 5092 3032 5160 ius
3062 5115 3264 5152 vocare.
3297 5104 3382 5155 Vi-

1848 5153 2334 5225 desisﬂClossarium
2367 5153 2704 5225 Cangianutn.
2934 5153 2950 5160 ⁷
3342 5153 3352 5155 ἠ
3395 5161 3402 5166 ’

1919 5231 1940 5256 ο
1980 5222 2100 5302 ῌιηο
2143 5233 2254 5302 erat
2296 5222 2544 5280 Eudoxio
2577 5229 2820 5282 Httnerici
2854 5236 3028 5302 uxoris
3057 5249 3232 5296 soror,
3265 5254 3381 5302 qum,

1845 5291 1995 5341 simul
2027 5305 2141 5363 cum
2181 5292 2284 5363 ipsa
2309 5308 2590 5358 earumque
2623 5310 2786 5350 matre
2815 5315 2843 5350 a
2889 5299 3190 5363 Genserico,
3219 5291 3380 5357 itiima

1843 5371 2009 5434 capta,
2070 5358 2118 5407 itt
2172 5360 2396 5434 {\fricam
2439 5364 2657 5434 abducta
2714 5366 2898 5419 fuerat.
2932 5369 3002 5419 De
3034 5370 3109 5420 his
3152 5358 3296 5434 plura
3330 5378 3379 5427 in

1842 5425 2226 5498 Commentario
2253 5430 2515 5498 historico
2545 5435 2711 5498 capite
2739 5434 2788 5486 6.
2835 5435 2931 5487 Pro
2963 5425 3191 5488 Placidia
3237 5425 3378 5495 Ιιοτιέ

1840 5495 1986 5546 chius
2014 5509 2222 5559 semper
2253 5496 2405 5549 habet
2453 5495 2670 5553 Placido.

3038 5660 3076 5717 7
