4102 6410
546 407 652 464 923

621 518 687 574 Io
725 517 873 572 lland
901 530 1133 586 unquam
1161 522 1350 571 testata
1374 514 1538 568 Deum
1560 511 1800 582 potuisse
1819 510 2012 566 videri.

726 609 821 666 Ille
847 609 1028 673 Pater,
1058 623 1215 676 quem
1245 605 1383 660 nulla
1403 604 1547 660 acies
1567 603 1799 659 violenta
1824 601 2028 658 tuendo

727 700 960 754 Eminus‘
988 698 1228 753 ardentis
1257 696 1558 765 penetravit
1583 693 1834 749 acumine
1859 693 2004 748 visus
2037 709 2050 744 :

723 791 1002 864 ωιουί
1029 805 1092 846 se
1122 790 1291 845 forma
1326 787 1555 844 hominis
1577 801 1693 840 non
1717 784 1910 845 induit.
1941 792 1996 839 et
2013 780 2127 838 dei-

1753 873 1908 948 [tatis

719 969 1042 1026 Immensum
1083 978 1362 1038 assumpto
1393 982 1500 1022 non
1547 975 1813 1036 temperat
1839 980 1933 1020 ore
1957 1003 1973 1030 ,
2002 978 2124 1020 mo-

784 1045 787 1048 ’
1718 1056 1737 1128 [
1753 1057 1910 1113 dove.

581 1150 651 1205 15
723 1154 828 1206 Ant
855 1150 1146 1219 evangelici
1181 1151 1349 1218 pietas
1379 1147 1682 1217 spernenda
1708 1145 1872 1202 libelli

719 1239 834 1295 Jarn
857 1281 871 1306 ,
913 1241 1225 1309 blaspheme
1251 1278 1265 1304 ,
1299 1239 1394 1294 tibi
1421 1247 1505 1293 cst
1528 1278 1544 1302 ,
1571 1248 1659 1290 aut
1695 1248 1967 1305 nunquam
2005 1232 2123 1288 visa

1735 1325 1755 1396 [
1774 1324 1912 1380 lteuli

722 1420 816 1475 Vis
840 1421 1035 1474 intacta
1066 1421 1238 1474 muris
1258 1463 1273 1485 ,
1306 1436 1411 1472 nun
1437 1416 1780 1472 admiscenda
1810 1413 2047 1469 caducis.

714 1509 820 1564 Sed
844 1517 1020 1563 tamen
1035 1519 1088 1563 et
1111 1509 1286 1562 Patris
1303 1507 1702 1576 estspecianen,
1725 1505 1866 1574 quod
1897 1518 2124 1560 cernere

1668 1598 1777 1670 [tas
1804 1598 1903 1662 sit,

716 1691 974 1754 Humanis
1019 1691 1310 1763 aliquando
1356 1689 1528 1746 oculis
1565 1701 1888 1744 concurrere
1933 1700 2114 1756 prom-

1691 1778 1862 1851 [ptum
1895 1796 1910 1832 ε

1662 396 1938 456 AUBELII
1981 391 2348 452 PRUDENTII
2386 389 2715 449 CANIINA.

2147 513 2202 570 Α
2260 507 2333 564 20
2403 503 2558 574 Quod
2618 502 2862 575 quamvis
2928 501 3097 559 hebes
3165 500 3393 558 intuitus
3463 500 3837 571 speculamine

3733 386 3842 446 924

2415 687 2774 759 Humentique
2797 685 2912 743 acie
2952 685 3132 756 potuit
3155 592 3650 741 mbulogtgtitagtcl‘ire.

2415 792 2650 862 Quisque
2678 788 2958 845 hominum
3006 785 3209 845 vidisse
3247 785 3418 841 Deum
3466 793 3820 850 memoratur,

3361 874 3467 948 [ab
3495 875 3613 942 ipso

2409 979 2570 1052 ωε
2596 978 2834 1034 Infusum
2857 978 2990 1033 vidit
3013 985 3233 1032 natum:
3268 990 3390 1031 nam
3414 973 3584 1030 Filius
3599 974 3702 1028 hoc
3717 982 3822 1035 est,

2408 1080 2562 1146 Quod
2581 1081 2649 1135 de
2673 1079 2744 1135 I’a
2754 1088 2835 1134 tre
2861 1079 3069 1134 micans
3088 1092 3149 1134 se
3169 1077 3418 1147 praestitit
3431 1073 3821 1145 inspiciendum

2264 1183 2337 1239 25
2411 1183 2516 1238 Per
2535 1182 2901 1252 species,quas
2911 1189 3092 1251 posset
3107 1179 3271 1233 homo
3286 1175 3670 1247 comprendere
3681 1175 3814 1227 visu.

2405 1279 2536 1334 Nam
2561 1293 2707 1333 mera
2731 1279 2984 1344 maiestas
3013 1285 3099 1332 est
3123 1275 3354 1344 infinita,
3379 1288 3480 1328 nec
3506 1274 3667 1327 intrat

2404 1381 2663 1445 Obtutus,
2693 1379 2871 1448 aliquo
2899 1379 2998 1433 nisi
3030 1393 3090 1433 se
3126 1375 3496 1432 moderamine
3527 1373 3741 1428 formet.

2406 1479 2518 1534 lloe
2545 1479 2678 1533 vidit
2704 1478 2953 1547 princeps
2972 1477 3220 1545 generosi
3251 1476 3474 1530 seminis
3505 1475 3700 1528 Abram
3728 1512 3746 1539 ,

2407 1578 2523 1632 Jam
2553 1585 2681 1631 tunc
2702 1576 2903 1646 dignati
2933 1583 3105 1630 terras
3140 1574 3373 1629 invisere
3400 1573 3603 1627 Cluisti

2263 1685 2335 1742 50
2409 1683 2616 1753 Hospes
2660 1681 2864 1750 homo,
2914 1683 2966 1734 iu
3027 1679 3293 1749 triplicem
3341 1693 3541 1732 numen
3583 1676 3823 1733 radiasse

3363 1768 3606 1838 figuram.

1843 1908 2132 1983 cressa:
2170 1908 2514 1965 vsrencs.

617 2050 699 2104 tl.
739 2050 916 2116 Pater,
945 2062 1039 2119 cst,
1080 2051 1119 2106 I.
1148 2081 1220 2093 —
1245 2050 1486 2104 Violenta
1509 2087 1525 2113 ,
1552 2062 1646 2118 pro
1667 2045 1937 2114 violenter,
1965 2047 2021 2101 id
2046 2053 2120 2101 est
2153 2051 2197 2109 Β

540 2119 693 2189 (erit.
711 2137 755 2181 r.
791 2121 919 2174 Mar.

612 2190 695 2242 η.
737 2190 981 2254 Eminus,
1008 2189 1176 2255 longe,
1202 2189 1280 2244 re!
1300 2205 1328 2241 e
1352 2199 1550 2255 contra,
1578 2187 1617 2241 Ι.

609 2259 693 2313 Η.
736 2260 1081 2324 Immensum,
1103 2261 1510 2313 immensitatem.
1539 2287 1610 2298 —
1632 2255 1758 2323 Ore,
1791 2255 1940 2325 facie,
1969 2255 2012 2310 Ι.

610 2329 697 2382 46.
741 2329 888 2399 Visa,
916 2332 1118 2399 ceguita
1139 2341 1235 2391 est,
1261 2330 1300 2382 Ι.

610 2398 852 2536 1ἔ.)Νἶ)ιι
882 2394 1222 2455 admiscenda
1247 2441 1260 2464 ,
1296 2397 1582 2470 spernenda
1615 2405 1693 2452 est
1736 2394 1919 2468 (forte,
1978 2411 2120 2465 sepe.

610 2485 629 2519 Ἰ
668 2485 700 2521 a
733 2509 747 2528 ο
799 2508 814 2522 σ

535 2481 747 2528 fanda).
776 2481 814 2522 Ι.

614 2534 712 2592 18.
744 2539 827 2608 Ει.
856 2555 951 2608 pro
976 2539 1146 2602 etiam,
1169 2537 1211 2593 l.
1235 2568 1304 2578 —
1325 2537 1631 2606 Specimen,
1685 2534 1881 2593 Filius.
1900 2564 1974 2578 —
1991 2534 2122 2591 Cer-

539 2621 689 2675 nere,
716 2607 777 2685 ob
799 2607 1230 2677 incarnationem,
1258 2607 1378 2663 Vat.
1412 2611 1476 2663 A.

2303 2045 2385 2100 I9.
2431 2044 2636 2112 Oculis,
2664 2041 2855 2098 scilicet
2871 2041 2996 2112 quid
3011 2041 3108 2104 sit,
3139 2039 3245 2095 Iso.

2299 2117 2390 2170 20.
2435 2109 2629 2178 Hebes,
2655 2109 3228 2173 stultus,relretunstts.
3256 2139 3326 2150 —
3345 2109 3568 2174 Glauco,
3586 2109 3756 2174 uiridi,
3777 2110 3823 2166 I.

2300 2187 2361 2241 2i
2376 2224 2391 2238 .
2433 2184 2814 2252 "umentique,
2827 2181 3059 2236 humida.
3071 2209 3144 2221 —
3159 2179 3339 2247 Adire,
3355 2180 3549 2237 scilicet
3569 2190 3758 2248 tamen,
3773 2179 3822 2234 l.

2297 2255 2390 2309 22.
2433 2254 2516 2310 Ab
2545 2255 2682 2321 ipso,
2715 2253 2888 2313 Patre,
2919 2252 2960 2306 I.

2296 2326 2388 2382 26.
2431 2317 2604 2383 Hera,
2641 2339 2771 2386 pura
2796 2363 2812 2382 .
2847 2323 2922 2374 vel
2949 2321 3151 2376 sincera
3175 2362 3191 2385 ,
3240 2319 3297 2373 id
3323 2325 3398 2373 est
3438 2317 3699 2374 divinitas.
3744 2347 3818 2362 --

2230 2395 2502 2460 Maiestas,
2537 2392 2710 2445 Patris
2727 2432 2740 2451 .
2774 2392 2812 2444 I.

2298 2457 2389 2519 28.
2434 2467 2630 2519 Abram
2652 2502 2669 2529 ,
2703 2464 2787 2515 ubi
2815 2471 2916 2514 tres
2941 2460 3197 2530 suscepit,
3225 2469 3272 2514 ct
3301 2457 3436 2514 velut
3464 2458 3557 2512 uni
3585 2457 3824 2528 loqueba-

2229 2535 2478 2594 tur.lso.

1891 2713 2458 2772 COMMENTARIUS.

542 2870 684 2934 Deo,
715 2870 799 2926 hic
824 2873 946 2926 vidit
991 2871 1219 2926 Patrem.
1246 2871 1377 2926 Vide
1408 2870 1661 2940 hymnum
1687 2868 1721 2924 6
1747 2868 1901 2925 Catii.
1920 2909 1943 2940 ,ν
1963 2883 2111 2922 vers.

538 2940 592 3011 2.
624 2951 676 2995 et
706 2941 886 3011 liyuin.
918 2943 971 2997 S.
1000 2941 1245 3001 Romani.
1265 2940 1551 2996 vers.5l2.
1579 2939 2114 3011 PliirimiSS..Pat[es

540 3007 756 3081 docent,
789 3011 840 3062 in
875 3016 1104 3080 Antiquo
1133 3012 1428 3081 praesertim
1447 3011 1802 3081 rTest-tmento
1827 3010 1999 3063 solum
2027 3007 2115 3061 Fi-

541 3080 670 3132 lium
700 3079 760 3134 se
792 3079 1096 3134 hominibus
1118 3079 1558 3149 conspiciendum
1581 3079 1994 3146 prtebuisse,qui
2021 3095 2117 3149 an-

539 3150 684 3220 gelus
714 3151 977 3212 interdum
1009 3147 1274 3220 vocatur,
1305 3150 1446 3220 quod
1475 3164 1503 3220 a
1534 3147 1695 3202 Patre
1725 3150 2023 3220 mitteretur.
2061 3147 2113 3201 In

538 3217 600 3271 ea
644 3229 767 3272 sunt
807 3220 1070 3274 sententia
1101 3217 1373 3284 Justinus,
1406 3217 1664 3286 Origenes
1685 3257 1699 3281 ,
1731 3219 2113 3282 Tertullianus,

539 3288 770 3343 Irena'us
801 3328 815 3351 ,
851 3290 1032 3344 Patres
1055 3331 1070 3352 ,
1104 3291 1190 3351 oui
1219 3304 1282 3345 ex
1314 3274 1645 3342 Antiochena
1677 3274 1882 3356 synodo
1912 3274 2114 3353 epistol
2146 3274 2189 3331 C

540 3359 643 3410 Iam
666 3359 972 3428 synodicam
1003 3361 1068 3410 ad
1100 3359 1315 3412 Paulum
1338 3357 1742 3428 Samosatenum
1762 3358 2118 3428 scripserunt,

540 3425 902 3498 Athanasius,
961 3429 1191 3498 Cyrillns
1238 3426 1798 3498 Hierosolymitanus,
1846 3425 2075 3498 Basilius
2103 3469 2116 3490 ,

541 3495 952 3568 Qhrysostomus
968 3542 982 3564 ,
1007 3495 1241 3568 Cyrillus
1266 3495 1656 3568 Alexandrinus
1679 3536 1696 3561 ,
1730 3495 2119 3568 Tlieodoretus,

545 3566 795 3629 IIilarius.
832 3563 1145 3622 Ambrosius
1164 3609 1180 3632 ,
1209 3567 1317 3623 Leo
1346 3581 1500 3635 papa,
1537 3564 1790 3620 Isidorus.
1821 3564 1999 3632 Itaque
2025 3563 2124 3616 fal-

545 3651 665 3690 sum
696 3647 801 3700 est,
830 3636 1036 3691 caeteris
1063 3648 1180 3701 post
1211 3636 1270 3692 S.
1305 3636 1652 3703 Augustinum
1688 3635 1932 3688 Patribus
1954 3635 2123 3703 magis

541 3707 811 3770 arrisisse,
832 3720 1021 3761 omnes
1052 3706 1260 3762 Veteris
1280 3704 1608 3759 Testamenti
1638 3705 1998 3774 apparitiones
2024 3718 2124 3772 per

543 3778 761 3845 angelos
790 3793 910 3831 esse
957 3778 1146 3840 laetas,
1183 3775 1324 3845 quod
1357 3791 1525 3845 nuper
1573 3772 1787 3845 aliquis
1812 3772 2117 3827 afﬁrmavit.

544 3844 648 3899 Alii
679 3847 1025 3907 existimant,
1049 3861 1154 3900 non
1184 3843 1354 3899 solum
1387 3844 1573 3898 Filium
1607 3843 1969 3910 apparitiones
2001 3845 2121 3898 illas

543 3929 732 3968 omnes
758 3917 978 3978 obiisse,
1021 3914 1114 3968 sed
1159 3916 1367 3970 Patrem
1398 3917 1582 3980 etiam,
1607 3915 1737 3968 alias
1760 3915 1931 3968 solum
1949 3955 1965 3978 ,
1989 3913 2122 3967 alias

542 3997 662 4037 eum
689 3984 822 4039 Filio
850 3997 903 4040 et
923 3986 1123 4051 Spiritu
1154 3996 1340 4040 saneto
1360 4024 1375 4050 ,
1407 3999 1785 4052 nonnunquam
1816 3999 1946 4038 vero
1975 3985 2122 4037 solos

544 4056 779 4121 angelos.
804 4059 973 4120 Quam
996 4056 1302 4123 opinionem
1332 4053 1391 4109 S.
1423 4054 1747 4123 Augustinus
1772 4069 1883 4121 prae
1905 4055 2120 4108 caeteris

546 4123 860 4177 corroborat
882 4125 974 4178 lib.
1001 4141 1037 4178 tt
1063 4125 1131 4179 de
1153 4123 1344 4178 Triuit.

623 4193 708 4246 13.
739 4193 987 4248 lleinsius
1012 4210 1074 4248 ex
1098 4194 1208 4248 suis
1239 4208 1368 4248 mss.
1388 4234 1403 4257 ,
1435 4204 1488 4248 et
1518 4193 1674 4247 Fabr.
1708 4234 1723 4256 ,
1751 4192 1853 4256 Qui
1879 4209 1931 4247 se
1956 4193 2123 4261 forma

547 4263 766 4316 [taurinis
791 4280 891 4316 non
921 4264 1106 4316 induit.
1135 4264 1304 4318 Aldus
1334 4274 1388 4319 et
1402 4264 1678 4330 Weitzius,
1700 4262 1799 4328 Qui
1821 4279 1870 4314 xc
1903 4263 2124 4330 formam

546 4333 766 4385 hominis
806 4349 906 4386 non
944 4335 1110 4387 induit
1139 4349 1158 4396 ;
1187 4335 1386 4388 nullam
1429 4334 1710 4388 lcetionem
1741 4332 1807 4385 ab
1838 4332 1935 4385 hac
1961 4333 2122 4386 dissi-

545 4402 759 4457 dentem
786 4403 1057 4457 Mariettus
1077 4405 1374 4457 annotavit.
1405 4402 1664 4459 Utrolibet
1691 4402 1846 4456 modo
1877 4402 2015 4455 idem
2043 4411 2127 4456 est

547 4486 754 4527 sensus.
781 4472 916 4527 Infra
942 4513 959 4540 ,
983 4471 1123 4527 vers.
1155 4473 1261 4528 456
1282 4514 1298 4539 ,
1332 4471 1469 4526 Deus
1498 4490 1550 4526 se
1592 4487 1804 4541 corpore
1834 4475 2008 4525 matris
2042 4473 2126 4524 ii:-

547 4541 682 4612 duit.
710 4543 815 4612 Sed
836 4551 959 4597 tunc
977 4552 1205 4598 metrum
1224 4543 1274 4596 id
1302 4544 1621 4612 postulabat.
1648 4543 1803 4596 Alex.
1841 4557 1962 4596 cum
1987 4541 2121 4612 Aldo

549 4609 695 4688 f:gcit_.
720 4609 795 4688 De
819 4616 982 4688 verbo
1010 4609 1320 4688 Deitatis
1345 4614 1671 4688 Augustinus
1700 4613 1791 4665 lib.
1817 4612 2006 4688 VIIIHde
2031 4611 2120 4688 _Ci-

549 4682 644 4733 vit.
664 4681 774 4747 Dei,
796 4697 912 4749 cap.
944 4683 964 4734 I
999 4701 1011 4734 :
1040 4681 1192 4736 Hanc
1216 4681 1548 4738 divinitatem.
1579 4682 1656 4735 uel
1701 4689 1754 4732 ut
1787 4681 1858 4733 sic
1880 4681 2117 4747 dixerim,

554 4750 864 4822 DEITAT‘SI:
896 4768 1012 4805 nam
1029 4764 1074 4805 et
1102 4752 1196 4806 Itoc
1225 4751 1370 4806 verba
1395 4753 1468 4805 uti
1483 4755 1598 4822 jam
1621 4762 1821 4822 nostros
1841 4766 1943 4822 non
1965 4751 2121 4820 piget,

549 4831 603 4872 ut
632 4817 1155 4892 eGmcoexpressius
1177 4817 1502 4889 transferant,
1525 4823 1660 4891 quod
1683 4821 1762 4874 illi
1785 4817 2000 4878 θιότητὰ
2024 4817 2124 4890 ap-

550 4890 758 4953 pellant.
789 4890 959 4946 Utitur
986 4895 1142 4947 etiam
1169 4895 1223 4945 S.
1252 4890 1623 4953 Hieronymus.

624 4961 705 5034 ili.
742 4960 1094 5034 Blaspliemus,
1120 4960 1792 5034 blaspheme,blasphemia,
1813 4973 1972 5034 voces
1999 4969 2122 5034 sunt

553 5046 580 5085 a
611 5030 736 5084 solis
765 5029 1116 5098 scriptoribus
1146 5029 1520 5087 ecclesiasticis
1545 5029 1774 5096 usitatae,
1801 5029 2124 5084 utaTertul-

555 5100 695 5172 liano
716 5142 731 5164 ,
756 5100 1108 5172 Hieronymo,
1140 5103 1350 5157 Orosio.

626 5170 710 5224 l8.
752 5171 806 5224 In
839 5168 979 5226 ναι(
1003 5175 1042 5226 A
1076 5168 1130 5226 et
1160 5189 1262 5225 uno
1290 5172 1538 5226 Torrent.
1581 5173 1731 5226 abe=t
1757 5182 1832 5226 est
1861 5179 1981 5234 rost
2013 5168 2117 5221 Pa-

553 5242 662 5311 tris.
699 5240 847 5310 Egm.
896 5254 945 5296 et
983 5242 1093 5296 νει.
1117 5283 1131 5306 ,
1159 5253 1205 5294 et
1235 5245 1486 5311 specimen
1515 5258 1610 5308 pro
1638 5252 1710 5296 est
1752 5241 2029 5308 specimen.
2065 5240 2120 5294 In

552 5309 763 5364 'I‘linan.’
804 5321 855 5364 et
883 5312 1075 5366 Bnher.
1111 5309 1432 5380 priori,_Scd
1456 5309 1627 5366 Patris
1653 5319 1920 5380 tameniest
1953 5311 2118 5380 speci-

553 5397 684 5435 ποατ.
713 5380 886 5448 Εῑῐηη
919 5385 997 5451 fas
1028 5375 1227 5449 est'pru
1255 5375 1331 5450 [οἷς
1358 5383 1441 5435 sit.
1473 5382 1528 5435 In
1551 5383 1784 5449 'I‘tutan.,
1817 5379 1921 5436 Sed
1947 5375 2123 5432 Patris

548 5458 718 5503 tamen
750 5459 822 5522 est
852 5455 1132 5519 specimen,
1161 5453 1298 5520 quod
1326 5467 1526 5505 cernere
1547 5456 1626 5522 fas
1645 5452 1730 5505 sit.

625 5522 710 5574 i9.
752 5520 871 5574 Vat.
897 5524 941 5577 A
962 5563 974 5581 .
1008 5533 1299 5587 promptum
1323 5532 1413 5575 est.

618 5590 709 5648 20.
736 5591 886 5659 Egm.
915 5604 967 5646 et
991 5592 1127 5659 PaL,
1151 5592 1325 5644 clauso
1343 5631 1357 5655 ,
1387 5591 1546 5655 male,
1575 5606 1669 5654 pro
1691 5590 1894 5659 glauco.
1921 5589 2091 5657 Speeu

552 5660 655 5712 bim
681 5675 777 5729 pro
807 5663 1002 5727 pupula
1036 5663 1212 5726 posuit
1247 5676 1389 5715 Vers.
1414 5662 1542 5716 869.
1570 5661 1832 5724 HamarL,
1865 5669 1912 5713 et
1935 5675 2117 5727 specu-

552 5729 710 5802 latrix
737 5734 958 5801 pupula,
982 5732 1107 5787 ibid.
1126 5771 1141 5796 ,
1180 5746 1320 5785 vers.
1344 5732 1468 5786 508.
1497 5732 1540 5784 Λ
1570 5729 1912 5802 Grmca_voce
1941 5732 2118 5802 γλαὺξ,

556 5799 696 5857 ulula
717 5837 733 5860 .
767 5799 948 5858 noctua
971 5841 987 5865 .
1020 5810 1100 5860 cst
1135 5803 1350 5868 glaucus
1373 5841 1388 5872 ,
1416 5803 1704 5868 glaucoma.
1739 5799 1925 5858 Celsus
1948 5799 2122 5856 'vocat

2219 2869 2583 2936 stt/fusionem.

2291 2931 2383 2993 2'2.
2426 2938 2634 3001 Noms.,
2663 2934 2995 3000 nténaoratus,
3027 2931 3204 2989 minus
3231 2935 3390 2990 bene.

2291 3010 2386 3062 23.
2433 3007 2556 3061 Ald.
2586 3049 2601 3072 ,
2637 3007 2828 3069 Δια..
2863 3005 2992 3061 Urb.
3019 3048 3036 3070 ,
3075 3005 3194 3059 Vat.
3227 3006 3272 3071 ρ
3301 3014 3356 3058 et
3403 3006 3610 3061 vetusti.
3627 3020 3814 3062 omnes

2219 3079 2443 3141 Ileinsii,
2503 3077 2604 3130 Per
2651 3079 2884 3145 species.
2931 3091 3060 3145 quas
3090 3076 3248 3144 possit
3291 3075 3638 3145 liomoaVat.
3683 3077 3724 3131 A
3764 3089 3817 3130 et

2224 3094 2443 3141 ltetnsn,
2503 3094 2604 3130 rer
2651 3094 2676 3129 s
2711 3094 2884 3136 ectcs,
2931 3094 3060 3145 quas
3090 3094 3248 3144 passu
3291 3094 3461 3127 trama.
3526 3094 3638 3128 vat.
3683 3094 3724 3131 Α
3764 3094 3810 3130 et

2224 3150 2412 3216 Egm.,
2443 3163 2616 3217 quam;
2645 3094 2911 3217 denarius
2937 3146 3127 3217 saltem
3168 3143 3335 3217 iuged‘.
3368 3145 3433 3210 2,
3470 3144 3582 3198 Par
3603 3149 3810 3216 species,

2221 3211 2351 3289 quas
2371 3211 2549 3289 possit.
2574 3214 2827 3270 Fortasse
2858 3213 3140 3289 legendum
3155 3215 3273 3289 erit
3290 3211 3398 3266 Par
3420 3211 3639 3281 species,
3667 3232 3818 3284 quam

2226 3284 2382 3353 possit
2410 3288 2560 3338 homo
2588 3287 2952 3354 comprendere
2991 3285 3121 3354 visu.
3154 3284 3344 3338 Melius
3376 3293 3556 3338 tamen
3588 3302 3678 3354 per
3702 3302 3816 3352 spe-

2227 3360 2348 3420 cies,
2368 3372 2494 3422 quas
2508 3353 2833 3424 posset,sive
2862 3355 3055 3424 possit.
3075 3353 3184 3407 Hoc
3214 3354 3359 3408 enim
3389 3354 3680 3411 discrimen
3701 3357 3816 3410 exi-

2224 3430 2308 3496 gui
2340 3423 2591 3479 momenti
2623 3432 2724 3478 e~t.
2755 3424 2896 3476 Vatt.
2928 3425 2970 3477 A
2993 3465 3006 3488 ,
3043 3423 3082 3476 Β
3110 3434 3166 3478 et
3197 3424 3352 3496 Μαι-η
3379 3436 3568 3489 posset.

2298 3496 2392 3550 26.
2437 3496 2687 3563 Maiestas
2715 3510 2854 3547 mera
2881 3501 2983 3556 est,
3012 3509 3130 3563 qua!
3161 3494 3360 3546 nullam
3394 3496 3619 3548 formam
3645 3495 3814 3551 induit

2225 3580 2254 3618 a
2293 3581 2383 3618 sua
2414 3577 2600 3620 natura
2642 3563 2970 3618 distinctam.
3018 3563 3332 3617 Scliolastici
3383 3563 3624 3618 dicerent
3655 3568 3814 3633 maje—

2224 3646 2327 3689 stas
2357 3636 2496 3689 nude
2519 3641 2743 3703 sumpta.
2770 3633 3052 3704 llymAnoS.
3082 3633 3381 3704 Fructuosi,
3399 3647 3544 3687 vers.
3569 3635 3661 3704 91,
3681 3639 3816 3689 calce

2228 3722 2367 3757 mera
2397 3721 2494 3770 pro
2519 3701 2645 3775 pede
2664 3701 2834 3758 nudo.
2859 3701 3006 3775 Hera
3025 3701 3182 3756 virtus
3207 3702 3300 3775 lib.
3335 3720 3390 3767 ll,
3418 3712 3606 3757 contra
3637 3703 3809 3775 _Sym.,

2224 3790 2366 3829 vers.
2398 3769 2528 3829 7H.
2556 3773 2797 3828 Gifanius
2836 3774 3187 3831 allueinatur,
3221 3772 3346 3825 dum
3395 3769 3806 3829 contendit'lnd.

2226 3845 2441 3898 Lucret.
2472 3887 2486 3907 ,
2519 3843 2687 3898 verbo
2723 3853 2922 3899 utilius;
2959 3843 3095 3897 lianc
3123 3856 3310 3894 vocem
3339 3858 3366 3892 a
3399 3842 3594 3908 lingua
3621 3844 3818 3898 Latina:

2225 3915 2536 3970 auctoribus
2568 3923 2772 3966 tantum
2797 3913 2922 3981 poni
2957 3927 3052 3979 pro
3075 3927 3210 3976 vero,
3234 3914 3519 3982 prmstanti,
3555 3931 3656 3966 non
3677 3915 3813 3982 ﬁcto,

2223 4002 2326 4038 non
2365 3984 2612 4038 simulato
2637 4025 2651 4044 .
2699 3979 3010 4051 pro’insigni
3034 4023 3049 4046 ,
3094 3992 3140 4034 et
3175 3979 3474 4034 vehementi.
3509 3982 3604 4036 Vel
3639 3979 3702 4037 es
3738 3983 3818 4038 liis

2225 4054 2357 4109 solis
2381 4053 2653 4108 Prudentii
2678 4053 2810 4106 locis
2832 4052 3118 4106 refellitur.
3156 4051 3286 4104 Vide
3314 4051 3414 4103 alia
3442 4067 3562 4116 qute
3597 4054 3816 4108 Becma-

2229 4140 2331 4177 nus
2355 4125 2423 4181 de
2444 4124 2591 4194 Orig.
2621 4125 2761 4194 ling.
2780 4122 2896 4194 Lat.
2925 4123 3186 4177 adversus
3211 4135 3334 4194 eum
3376 4123 3617 4194 protulit.
3648 4124 3702 4194 In
3729 4139 3820 4177 eo-

2225 4196 2347 4249 dem
2389 4189 2721 4263 argumento
2737 4191 3060 4263 Prudentius
3101 4189 3374 4263 persistit._
3405 4190 3606 4263 Natura
3634 4193 3816 4247 divina

2225 4258 2588 4331 conspici—non
2609 4272 2780 4332 potest
2801 4262 2972 4316 oculis
2998 4258 3300 4332 corjmreis,
3321 4258 3425 4314 nisi
3448 4259 3622 4315 forma
3646 4264 3816 4330 aliqua

2225 4330 2517 4404 assumpta.
2548 4330 2772 4388 constat
2800 4341 2977 4385 autem
3009 4371 3025 4394 ,
3077 4330 3244 4385 Deum
3291 4339 3540 4404 naturam
3568 4335 3819 4404 hominis

2228 4401 2581 4474 assumpsisse
2611 4417 2718 4474 non
2744 4403 2805 4474 in
2837 4403 3041 4456 unitate
3069 4411 3298 4467 natum,
3329 4401 3421 4454 sed
3448 4401 3501 4455 in
3535 4403 3820 4473 singulari-

2229 4483 2334 4527 tate
2361 4471 2603 4540 pereunte
2631 4471 2816 4527 Verbi.

2296 4545 2384 4600 27.
2430 4543 2616 4608 Aldus,
2647 4544 2848 4609 aliquos
2877 4555 2976 4610 pro
3002 4540 3193 4607 aliqua.
3222 4541 3426 4595 Sensus
3448 4540 3663 4606 quidem
3695 4543 3813 4596 ido-

2225 4629 2358 4668 neus
2383 4614 2606 4668 subesse
2652 4620 2846 4679 potest.
2876 4613 2979 4666 Sed
3023 4611 3182 4665 codd.
3211 4612 3407 4664 habent
3433 4612 3629 4681 aliqua.
3659 4613 3820 4666 I’Iein-

2233 4686 2345 4738 sius
2375 4685 2428 4738 in
2457 4684 2567 4738 suis
2595 4683 2797 4753 reperit
2825 4682 2878 4734 ni
2907 4697 2960 4753 se
2983 4722 2997 4746 ,
3028 4681 3172 4753 quod
3206 4692 3384 4753 tenent
3419 4682 3543 4753 Ald.
3568 4725 3582 4742 .
3619 4683 3811 4753 Bong.,

2230 4753 2355 4810 Vat.
2383 4755 2429 4821 ρ
2455 4764 2508 4809 et
2533 4750 2683 4822 Vulg.
2711 4751 2993 4822 In-nostris
3012 4791 3028 4811 ,
3056 4750 3273 4815 Weitz.,
3306 4751 3446 4822 (iis,
3477 4752 3578 4804 nisi
3600 4769 3676 4807 se.

2301 4823 2392 4879 28.
2413 4820 2419 4821 7
2437 4820 2663 4878 Adducit
2679 4821 2924 4888 exempla
2952 4836 3015 4874 ex
3040 4835 3190 4875 sacra
3220 4820 3429 4887 pagina,
3457 4823 3653 4888 quibus
3682 4823 3814 4879 Deus

2230 4898 2541 4958 apparuisse
2573 4892 2802 4955 dicitur,
2838 4906 2958 4963 qua:
2987 4891 3166 4963 omnia
3197 4892 3263 4963 de
3293 4890 3427 4946 Filio
3451 4890 3544 4945 Dei
3570 4895 3812 4959 exponit.

2230 4965 2364 5019 Vide
2395 4964 2593 5018 Cenes.
2630 4977 2782 5028 xvut,
2816 4961 2929 5016 I'et
2961 4977 3077 5030 seq.
3110 4961 3426 5028 Dominum,
3459 4977 3618 5030 quem
3653 4964 3816 5019 Abra-

2232 5036 2356 5104 ham
2387 5034 2720 5104 alloquitur,
2759 5039 2915 5104 vocat
2958 5031 3229 5104 Christum
3265 5045 3359 5098 per
3382 5031 3674 5104 prolepsin
3708 5075 3722 5098 ,
3760 5042 3815 5088 ut

2231 5103 2380 5167 alibi,
2413 5101 2620 5159 lioe'est
2651 5101 2908 5156 Verbum.
2949 5103 3322 5168 Apparuernnt
3365 5101 3670 5156 Alirahamo
3708 5112 3814 5159 tres

2231 5176 2328 5228 viri
2382 5181 2586 5229 stantes
2611 5212 2627 5239 ,
2668 5181 2727 5226 ut
2754 5185 3101 5240 personarum
3131 5171 3371 5224 Trinitas
3396 5171 3808 5238 signiﬁcaretur.

2226 5244 2442 5313 Triplex
2463 5245 2632 5313 ﬁgura
2661 5252 2787 5296 sunt
2810 5253 2919 5296 tres
2939 5241 3059 5313 viri.
3092 5240 3147 5296 In
3187 5241 3424 5294 carmine
3467 5242 3520 5294 in
3546 5242 3810 5313 Genucio.

2227 5311 2378 5383 cujus
2419 5311 2693 5369 auctorem
2727 5327 2832 5383 non
2856 5327 2980 5383 esse
3007 5311 3332 5373 Juvencum,
3364 5312 3577 5365 ostendi
3609 5313 3663 5366 in
3695 5329 3815 5381 pro-

2230 5381 2424 5454 legom.
2459 5398 2617 5438 versu
2647 5381 2752 5439 556
2789 5399 2805 5437 :
2841 5381 3078 5451 Dumque
3118 5383 3281 5436 Deum
3308 5383 3444 5435 trina
3473 5384 3696 5452 positum
3729 5385 3813 5438 sub

2228 5456 2449 5525 imagine
2481 5454 2662 5525 pascit.

2299 5521 2390 5578 SD.
2423 5523 2690 5578 Arnobius
2714 5563 2729 5586 ,
2777 5522 2868 5578 lib.
2905 5537 2964 5586 I,
2997 5537 3116 5592 pag.
3153 5523 3175 5578 I
3206 5563 3221 5589 ,
3246 5521 3396 5591 queri
3443 5524 3677 5591 gentiles
3702 5524 3775 5579 ait
3797 5566 3812 5588 ,

2231 5594 2377 5660 ipsos
2407 5595 2569 5649 etiam
2600 5593 2827 5658 uelites,
2860 5592 3136 5647 derelictis
3150 5593 3296 5648 cui-is
3322 5592 3677 5657 solemnibus,
3699 5597 3810 5663 qui-

2231 5665 2327 5718 bus
2349 5663 2616 5732 quondam
2648 5663 2890 5718 solebant
2932 5663 3148 5718 invisere
3175 5680 3254 5719 res
3281 5672 3518 5732 nostras,
3553 5673 3813 5722 terrarum

2229 5749 2256 5789 a
2284 5732 2594 5806 regionibus
2621 5732 3024 5790 exterminatus.
