4190 6464
578 433 678 492 931

584 634 685 691 125
753 634 863 690 Nec
892 633 1023 689 solis
1049 639 1359 686 sanctorum
1389 626 1584 691 oculis,
1614 626 1711 681 sed
1744 627 1946 681 lumine
1967 624 2161 692 cassis,

758 722 1033 779 Caecorum
1056 734 1230 775 caecos
1256 719 1446 788 loquor
1474 734 1486 770 :
1519 727 1635 771 atra
1661 716 1909 771 socordia
1933 728 2162 784 quorum

761 812 933 868 Corde
963 810 1249 864 tenebroso
1280 822 1462 862 verum
1493 806 1826 876 perpendere
1864 804 2055 861 nescit.

755 904 917 975 513
933 902 1103 971 Quem
1120 901 1165 955 si
1188 898 1529 972 perspicuum
1549 897 1865 953 mortalibus
1888 894 2165 963 inliciaris,

759 993 899 1050 Fara
928 1008 1047 1063 age,
1077 1005 1238 1063 quem
1273 990 1456 1045 videat
1490 988 1781 1061 Babylonis
1813 988 1883 1043 ab
1919 1002 2047 1042 arce
2088 998 2173 1059 ty-

1868 1075 2101 1151 [rannus

587 1173 689 1231 1511
762 1172 1023 1229 lunocuas
1048 1172 1189 1226 inter
1213 1168 1460 1226 ﬂammas
1487 1168 1677 1240 procul
1712 1168 2094 1237 expatiantem,

759 1265 1067 1320 calcantem
1095 1261 1312 1331 rapidos
1342 1259 1604 1315 inadustis
1626 1256 1880 1313 fratribus
1911 1256 2099 1327 ignes?

763 1352 991 1423 Nempe,
1019 1353 1114 1419 ait,
1145 1365 1180 1406 ο
1200 1364 1479 1421 proceres,
1508 1357 1617 1403 tres
1638 1354 1788 1403 vasta
1811 1347 2054 1403 incendia
2082 1361 2179 1400 an-

1930 1436 1951 1509 [
1974 1436 2107 1492 bolis

772 1536 1046 1603 Accepere
1078 1529 1221 1585 viros
1249 1528 1556 1583 fornacibus
1587 1544 1603 1583 :
1635 1528 1854 1582 additus
1882 1542 2019 1583 unus

768 1625 909 1679 Ecce
938 1620 1271 1691 vaporiferos
1292 1618 1472 1674 ridens
1502 1620 1796 1673 intersecat
1826 1621 1995 1688 ignes.

591 1720 692 1777 153
764 1716 933 1773 Filius
962 1715 1052 1769 ille
1080 1713 1175 1768 Dei
1202 1720 1308 1775 est,
1338 1710 1614 1779 fateorque
1638 1718 1693 1765 et
1722 1709 1894 1765 victus
1915 1708 2103 1763 adoro.

776 1805 965 1861 lrrisas
988 1812 1271 1860 removete
1293 1802 1456 1865 faces,
1483 1799 1756 1871 undasque
1785 1810 2025 1870 tepentes

1674 421 1955 480 AURELII
1993 418 2368 479 PRUDENTII
2405 415 2729 473 CAMHNA.

752 538 1053 604 Vlsibilem,
1084 552 1183 609 per
1206 549 1364 609 quem
1393 534 1569 591 valeat
1610 533 1769 589 Pater
1798 536 1912 604 ipse
1944 531 2115 588 videri
2141 549 2153 584 :
2188 540 2241 597 Α

3747 411 3853 471 958

2443 529 2772 592 Subtrahite,
2804 540 2871 582 en
2904 525 3061 595 friget
3086 525 3329 583 succensi
3351 525 3622 597 sulphuris
3652 526 3835 583 ardor.

2450 620 2639 687 Filius,
2684 619 2823 675 baud
2864 619 3083 675 dubium
3134 626 3238 685 est,
3284 619 3395 690 agit
3428 622 3545 675 haec
3595 618 3853 675 miracula

3552 708 3569 783 [
3586 724 3786 777 rerum,

2448 798 2614 873 4ιά
2637 800 2805 869 Quem
2835 800 3023 868 video;
3057 800 3195 856 Deus
3223 801 3358 871 ipsc,
3418 800 3511 857 Dei
3556 797 3856 856 certissima

3552 890 3573 964 [
3585 890 3785 959 proicS,

2285 982 2389 1040 Mt)
2459 981 2693 1053 Imperat
2719 981 3001 1038 immensis
3025 982 3333 1050 ardoribus,
3360 996 3415 1039 et
3440 982 3622 1038 domat
3657 983 3785 1050 iras,

2466 1074 2736 1131 lnsultans
2766 1073 3062 1129 famulante
3087 1088 3239 1143 rogo,
3264 1074 3546 1144 piceosque
3566 1075 3771 1127 furores

2454 1163 2848 1236 Comprimit,et
2860 1162 3061 1219 rabiem
3074 1162 3406 1217 ﬂammarum
3418 1161 3861 1233 algescerecogit.

2468 1258 2786 1311 Barbaricos
2812 1254 2982 1311 calida
3010 1268 3139 1309 aura
3160 1253 3311 1309 sinus
3340 1266 3448 1307 non
3478 1265 3697 1322 tangere
3714 1252 3863 1320 iussa

2458 1347 2727 1413 Praeterit,
2752 1356 2807 1401 et
2821 1357 3009 1401 tenues
3020 1345 3250 1400 stridens
3267 1346 3586 1399 transcurrit
3605 1343 3863 1409 amictus;

2284 1441 2387 1497 M5
2460 1439 2577 1507 Ipse
2605 1452 2698 1507 per
2725 1438 2976 1507 Assyrias
3005 1437 3199 1492 vetitus
3226 1450 3392 1507 vapor
3430 1434 3510 1491 ire
3536 1436 3717 1502 tiaras,

2460 1531 2542 1587 Ne
2560 1545 2711 1586 coma
2735 1530 2849 1584 fusa
2871 1528 3111 1584 humeris
3132 1527 3279 1584 fumo
3296 1529 3645 1583 obsordescat
3661 1541 3865 1584 amaro.

2468 1622 2596 1677 Haec
2623 1622 2695 1675 ait
2716 1660 2732 1686 ,
2766 1629 2821 1675 et
2847 1620 3023 1673 varios
3045 1618 3199 1689 jubet
3223 1620 3593 1675 obmutescere
3620 1628 3830 1684 cantus,

2481 1711 2714 1782 Organa,
2754 1710 3060 1775 sambucas,
3095 1708 3348 1775 citharas,
3386 1708 3755 1777 calamosque,
3788 1718 3872 1763 tu-

3541 1798 3561 1870 l
3579 1798 3799 1869 διηθε-

1893 1911 2184 1970 αιυεεΑε
2229 1915 2566 1972 VETERES.

670 2009 796 2064 125.
828 2008 1075 2071 Lumine,
1109 2008 1213 2077 ﬁde
1231 2008 1539 2077 carentibus,
1573 2007 1679 2061 lso.

821 2076 1123 2161 -Socordia,
1167 2079 1381 2131 stultitia
1406 2118 1422 2143 ,
1458 2076 1535 2132 uel
1581 2076 1787 2145 pigritia
1814 2119 1830 2144 ,
1863 2078 2005 2145 quasi
2033 2092 2187 2146 seper

607 2150 794 2213 cordis,
819 2148 924 2202 lso.

673 2216 797 2273 198.
836 2216 1215 2288 Perspicuum,
1256 2217 1584 2287 manifestum
1628 2216 1758 2283 ﬁeri.
1788 2244 1859 2256 —-
1889 2215 2148 2271 inliciaris
2170 2258 2186 2284 ,

596 2287 1132 2427 magiiLTyrannus,
1168 2355 1666 2419 Nabuchodonosor,
1701 2354 1830 2427 blar.

667 2428 791 2482 150.
827 2425 1216 2495 Eipatiantem,
1240 2428 1668 2489 deambulantem,
1703 2425 1743 2479 l.

672 2497 797 2553 158.
820 2494 1007 2564 Filius,
1038 2497 1156 2549 Dei.
1181 2525 1251 2537 --
1276 2498 1419 2566 Agit,
1449 2496 1595 2563 facit,
1630 2494 1668 2547 l.

679 2678 798 2733 ηδ.
839 2677 1001 2749 Prag.
1047 2691 1200 2733 error
1239 2676 1451 2732 visibilis
1493 2690 1589 2746 pro
1625 2675 1890 2729 visibilem.
1945 2676 2194 2729 Paulinus

604 2749 871 2806 visibilitrr
898 2763 1023 2803 usus
1048 2757 1152 2803 est.

674 2819 797 2874 126.
830 2818 1008 2888 l’rag.,
1059 2818 1205 2871 circis
1240 2832 1371 2888 cum
1402 2816 1813 2888 glossaoculis,
1844 2814 1983 2888 idem
2014 2816 2194 2888 loquar

602 2904 699 2959 pro
725 2884 1028 2956 loquorfln
1066 2886 1307 2959 socordia
1343 2902 1372 2939 o
1406 2886 1713 2954 corripitur.
1761 2886 1825 2959 Si
1850 2885 2057 2959 liceret,
2089 2884 2190 2939 levi

604 2955 897 3014 mutatione
920 2970 1107 3011 versus
1134 2958 1201 3009 ad
1242 2956 1469 3009 aliorum
1513 2956 1958 3010 consuetudinem
2011 2955 2195 3021 posset

606 3029 844 3085 revocari
878 3046 889 3078 :
917 3026 1179 3082 Caecorum
1210 3042 1368 3079 ca’cos
1400 3027 1601 3091 loquar,
1633 3037 1678 3078 et
1698 3026 1936 3077 socordia
1956 3040 2193 3093 quorum.

677 3097 802 3153 127.
834 3096 1068 3160 Tliuan.,
1095 3096 1299 3149 verbum
1329 3110 1425 3161 pro
1451 3110 1642 3160 verum,
1670 3096 1830 3148 male.

680 3167 804 3223 128.
837 3168 955 3219 Vat.
987 3166 1026 3219 Β
1050 3179 1081 3218 a
1111 3164 1281 3233 prima
1314 3181 1472 3218 manu
1501 3165 1612 3232 qui,
1649 3178 1809 3230 supra
1840 3164 1900 3218 si.

680 3236 802 3293 129.
836 3236 1062 3300 Bonon.,
1094 3232 1318 3289 uideant.
1353 3236 1539 3296 Aldus,
1582 3236 1760 3287 videar
1807 3233 2087 3302 Babylonis
2125 3232 2190 3284 ab

605 3322 723 3361 arce
752 3310 978 3375 tyranni.
1028 3305 1167 3359 Vera
1207 3304 1389 3369 lectio,
1432 3320 1581 3375 quem
1609 3302 1777 3357 uideat
1820 3301 2103 3372 Babylonis
2128 3302 2192 3356 ab

605 3394 721 3431 arce
751 3386 1019 3445 tyrannus.

682 3440 803 3501 ησ.
840 3445 1171 3499 \‘etustiorcs
1206 3442 1516 3504 lleinsiani.
1558 3440 1713 3509 Ald.,
1760 3440 1945 3509 Alex.,
1996 3442 2112 3495 Vat.
2147 3442 2191 3497 A

616 3532 713 3585 pro
748 3516 1305 3585 iseripturaLdiversa,
1353 3515 1715 3585 eagpatiantem.
1764 3510 1927 3585 Urh.,
1972 3511 2191 3585 Wcitz.,

616 3582 812 3647 Ciscl.,
843 3582 986 3638 Vatt.
1021 3583 1083 3647 Β,
1113 3582 1179 3648 ρ,
1213 3582 1371 3646 Man,
1400 3582 1581 3651 Prag.,
1615 3582 1757 3642 Rat"
1804 3584 2189 3647 inspatiantem,

612 3655 754 3736 quod
797 3668 901 3707 non
945 3662 1028 3707 est
1059 3665 1210 3720 anque
1255 3651 1525 3706 Latinum.
1571 3652 1685 3705 liis.
1736 3651 1787 3715 1,
1834 3651 1989 3716 edit,
2039 3667 2200 3721 expa-

611 3732 839 3777 tiantem.

686 3792 807 3846 151.
839 3789 1053 3845 Fratres
1076 3800 1235 3845 vocat
1263 3799 1372 3847 tres
1410 3804 1605 3859 pueros
1639 3789 1693 3844 in
1740 3789 2011 3843 caminum
2059 3790 2196 3858 ignis

614 3861 837 3931 iniectos
862 3863 931 3914 ob
960 3860 1206 3915 eamdem
1239 3862 1554 3930 religionem
1590 3872 1939 3926 mutuumque
1971 3861 2109 3931 inter
2135 3874 2195 3931 se

619 3930 888 4003 antorem.
911 3931 1129 3986 Ovidius
1154 3944 1283 4003 usus
1321 3943 1404 3986 est
1437 3945 1569 4003 voce
1608 3931 1694 3983 illa
1717 3930 2031 4003 Ainaduslus.
2074 3930 2197 4003 Dol-

618 4002 795 4055 dettus
839 4001 932 4055 lib.
973 4017 1008 4066 i,
1058 4015 1177 4069 cap.
1221 4002 1289 4056 59
1338 4013 1444 4055 tres
1489 4000 1679 4067 pactos
1716 4000 1835 4068 igne
1873 4000 2197 4068 Babylonico

616 4074 865 4139 probatos
888 4086 957 4124 ex
984 4070 1125 4123 vitro
1152 4071 1370 4139 antiquo
1399 4072 1689 4135 expressit.

697 4140 818 4193 152.
854 4140 970 4193 Vat.
1003 4142 1043 4193 A
1073 4148 1133 4191 et
1158 4138 1548 4193 l’nt.’scribuut
1592 4140 1683 4190 tris
1731 4152 1825 4207 pro
1875 4147 1997 4201 tres,
2050 4150 2107 4192 ut
2143 4138 2197 4193 in

623 4211 847 4263 vetustis
870 4208 1075 4278 Virgilii
1100 4208 1391 4261 codicibus.

690 4278 810 4333 153.
844 4279 961 4332 Vat.
992 4279 1035 4331 A
1063 4280 1311 4332 mendum
1340 4280 1585 4347 accipere.

689 4346 814 4403 135.
844 4348 973 4401 Vide
996 4363 1114 4417 cap.
1138 4363 1203 4417 in
1236 4346 1489 4411 Danielis,
1524 4347 1613 4400 ubi
1637 4354 1745 4400 tota
1776 4346 2084 4417 hujuslacti
2114 4361 2201 4401 se-

907 4415 1075 4472 uitur.’
1124 4416 1309 4471 Fuisse
1348 4417 1537 4471 Filium
1578 4418 1694 4482 Dei,
1740 4415 1980 4484 qui’sub
2023 4417 2198 4483 angeli

618 4418 725 4471 rice
764 4433 827 4473 es

618 4488 781 4557 ﬁgura
812 4486 1091 4542 descendit
1121 4488 1171 4540 in
1213 4486 1506 4549 fornacem,
1554 4496 1609 4540 et
1652 4488 1887 4540 excussit
1928 4488 2197 4557 flammam

624 4528 782 4625 ἓὲεἷίζ
813 4528 1907 4626 ἔόἷιῖξὶἱ“ἱῖτυὲίοηι’ίυὲ”ξὲ”ιρῖὖίξῖγιῗεῖἷηὶε
1929 4528 2197 4611 ’ναῖ’ὸῖ
2232 4528 2279 4586 υ

619 4626 809 4681 (ε192;
842 4625 985 4679 Tunc
1019 4625 1495 4681 Nabuchodonosor
1524 4627 1877 4695 obstupuit....
1910 4637 1957 4680 et
1978 4640 2193 4693 respon-

618 4697 719 4767 dit,
754 4706 801 4750 et
826 4698 899 4749 ait
929 4712 947 4748 :
996 4697 1125 4750 Ecce
1162 4712 1254 4767 ego
1288 4698 1431 4749 video
1476 4706 1691 4762 quatuor
1732 4698 1864 4749 viros
1903 4697 2119 4759 solutos,
2150 4706 2196 4748 ct

617 4766 934 4820 ambulantes
964 4768 1015 4819 in
1048 4766 1210 4819 medio
1247 4767 1400 4834 ignis,
1428 4776 1477 4835 et
1506 4768 1633 4818 nihil
1661 4767 2006 4835 corruptionis
2039 4767 2089 4816 in
2124 4768 2197 4819 eis

619 4847 713 4901 est,
740 4847 786 4891 et
816 4839 1008 4905 species
1039 4838 1206 4905 quarti
1226 4838 1409 4889 similis
1431 4834 1572 4888 Filio
1596 4835 1712 4887 Dei.
1740 4838 1793 4889 lit
1823 4836 1974 4899 Urb.,
2002 4838 2194 4905 fateor:

618 4922 767 4975 quem
791 4909 980 4961 evictus
1006 4907 1184 4960 adoro.
1216 4907 1365 4976 Ald.,
1403 4909 1603 4972 Oxum,
1639 4910 1820 4974 fateor,
1862 4921 2010 4972 quem
2040 4907 2196 4959 uictus

618 4977 801 5047 adoro.
825 4977 997 5043 Sich.,
1028 4978 1307 5047 fateorque,
1351 4987 1397 5029 et
1423 4979 1580 5030 victus
1622 4976 1807 5043 adoro,
1856 4976 1996 5047 quod
2034 4978 2195 5047 etiam

622 5044 819 5102 habent
862 5044 1157 5108 Heiusiani,
1204 5044 1313 5099 Gls.
1363 5047 1389 5100 1
1431 5048 1584 5107 edit.,
1629 5047 1771 5100 Vatt.
1814 5053 1878 5110 Α,
1921 5044 1985 5111 Q,
2038 5044 2193 5113 Man,

618 5118 794 5183 Μαι..
816 5116 1243 5180 Rat..Weitzius.
1274 5114 1414 5170 Nihil
1436 5131 1564 5184 ergo
1593 5115 1688 5168 fuit
1716 5130 1913 5173 cauete.
1938 5116 2194 5183 quamob-

620 5202 730 5240 rem
760 5186 873 5241 Gis.
908 5188 959 5241 in
989 5188 1025 5239 2
1056 5187 1181 5255 edit.
1216 5194 1445 5239 mutaret
1484 5188 1784 5239 duriuscule
1821 5191 1987 5255 fateor
2026 5202 2193 5252 quem,

615 5267 665 5307 et
685 5258 845 5311 victus
872 5259 1054 5309 adoro.
1085 5254 1339 5323 Weitzius
1368 5257 1441 5308 ita
1470 5257 1662 5323 legisse
1690 5256 1885 5309 Aldum
1920 5255 2151 5308 alftrmat
2178 5274 2189 5305 ε

618 5326 843 5380 fortasse
873 5327 1054 5380 dicere
1078 5326 1245 5379 voluit
1271 5322 1585 5377 Giseltnum.
1603 5324 1734 5377 Cum
1754 5324 1995 5379 Giselino
2019 5335 2191 5377 tamen

618 5394 742 5449 facit
771 5394 887 5449 Vat.
918 5396 980 5459 Β,
1009 5397 1172 5464 fateor
1200 5410 1367 5465 quem,
1392 5404 1437 5445 et
1460 5397 1635 5465 victus.
1662 5396 1814 5462 Prag.
1842 5412 1946 5448 non
1972 5394 2193 5449 infelici-

617 5474 696 5517 ter
724 5465 904 5533 fateor,
933 5478 977 5518 et
1006 5467 1165 5517 rit-tus
1194 5465 1377 5527 adoro,
1404 5464 1661 5531 producto
1684 5480 1714 5516 o
1741 5468 1791 5517 itt
1824 5468 2011 5534 fateor.

686 5536 809 5589 157.
839 5534 1155 5597 Subtrahite,
1185 5534 1355 5603 friget,
1381 5536 1568 5599 Aldus,
1600 5535 1707 5587 duo
1732 5536 2000 5603 principes
2030 5534 2187 5588 codd.

619 5602 910 5672 lleittsiani.
941 5606 1008 5657 At
1037 5602 1305 5657 Giselinus
1338 5604 1539 5657 invexit
1568 5619 1629 5656 en
1662 5603 1763 5659 hoc
1793 5602 1950 5672 pacto
1990 5605 2193 5658 subtra—

614 5670 738 5738 hite,
766 5690 826 5725 en
856 5672 1025 5742 friget,
1072 5674 1212 5743 quod
1252 5676 1415 5727 etiam
1458 5673 1724 5797 reperitur
1760 5670 1812 5729 in
1844 5674 2009 5729 Torn.
2053 5674 2189 5729 Pru-

614 5742 795 5795 dentio
838 5749 1075 5796 scicnine
1119 5752 1202 5797 est
1241 5744 1479 5797 vocalem
1562 5757 1739 5797 revem
1784 5746 2082 5797 uroduccre
2120 5745 2189 5797 ob

613 5742 795 5812 dentio
838 5742 1202 5797 solemne’cst
1241 5744 1479 5798 vocalem
1524 5742 1739 5797 brevem
1784 5746 2082 5812 producere
2120 5745 2191 5800 ob

615 5810 746 5866 duas
775 5823 1129 5867 consonantes
1157 5813 1404 5868 dictionis
1426 5813 1721 5883 sequentis.
1743 5810 2100 5873 Nihilominus
2119 5831 2183 5871 en

2364 2008 2487 2063 Nl.
2518 2006 2809 2065 Insultaus,
2825 2004 3083 2058 derident.
3098 2035 3168 2045 -
3190 2004 3398 2071 Picens,
3419 2002 3744 2064 Clialdaicos,
3764 2000 3868 2057 lso.

2365 2079 2489 2133 H3.
2545 2077 2879 2137 Barbaricas,
2928 2076 3140 2139 alienos,
3201 2076 3255 2127 id
3299 2084 3371 2129 est
3427 2074 3753 2128 Cltaldaicos.
3805 2102 3875 2114 —

2298 2152 2459 2213 Aura,
2482 2150 2713 2217 ﬂamma.
2753 2176 2823 2186 —-
2856 2145 3045 2217 Jussa,
3067 2161 3324 2217 concessa,
3359 2144 3399 2197 l.
3426 2173 3495 2183 —
3538 2143 3872 2217 Barbaricns,

2293 2212 2593 2282 sarabanas,
2626 2217 2914 2286 femorolia.
2942 2216 3122 2284 quibus
3147 2215 3436 2279 utebantur,
3460 2229 3575 2266 cum
3603 2214 3733 2266 inter
3758 2212 3878 2266 bar.

2294 2290 2443 2342 baros
2473 2285 2816 2353 versarentur,
2853 2285 2971 2338 Vat.
2997 2288 3062 2339 A.

2370 2358 2490 2412 115.
2524 2357 2751 2419 Velitus,
2786 2351 2973 2407 scilicet
3003 2365 3093 2408 est.
3124 2384 3193 2393 —
3222 2354 3430 2418 Tiaras,
3465 2352 3662 2419 mitras,
3698 2351 3739 2406 1.

2371 2427 2492 2482 148.
2525 2427 2791 2491 Calatnos,
2824 2426 2995 2490 tibias,
3024 2426 3124 2479 lso.

1951 2585 2516 2643 (IOVMENTARIUS.

2302 2676 2763 2731 tenentWeitzius
2796 2690 2857 2729 ex
2881 2675 2991 2729 suis
3013 2675 3193 2738 codd.,
3228 2675 3381 2729 Alex.
3418 2689 3599 2742 supra,
3632 2673 3771 2728 Vatt.
3810 2674 3875 2741 Α,

2298 2747 2359 2809 Β,
2389 2752 2453 2811 Q,
2492 2747 2672 2811 Prag.,
2706 2748 2855 2807 Urh.,
2886 2747 3031 2807 ltztt.,
3066 2748 3220 2807 Man,
3266 2762 3400 2808 tutos
3444 2749 3592 2812 sequi
3637 2756 3875 2813 prestat,

2300 2819 2546 2885 quamvis
2572 2816 3014 2871 dissentientibus
3038 2815 3275 2876 llciusio.
3295 2815 3676 2878 Chatuillardo,
3707 2817 3878 2869 Cella.

2297 2889 2380 2956 rio
2410 2898 2463 2939 et
2492 2887 2698 2950 Tcolio,
2730 2888 2817 2956 qui
2848 2901 2950 2938 non
2976 2885 3110 2939 bene
3130 2886 3436 2947 affirmavit,
3456 2886 3671 2956 codices
3689 2899 3879 2939 omnes

2302 2954 2609 3017 Vaticanus,
2643 2954 3014 3020 utio‘excepto,
3049 2956 3243 3009 habere
3269 2955 3565 3018 subtrahite,
3602 2954 3773 3024 friget.

2372 3026 2498 3080 158.
2532 3026 2652 3078 Aldi
2697 3040 2850 3079 error
2892 3026 2961 3076 ait
2998 3040 3093 3094 pro
3130 3026 3253 3094 agit.
3304 3026 3384 3078 An
3426 3023 3877 3094 ret'erarVerbnm

2372 3041 2498 3080 tots.
2532 3041 2652 3078 Aitll
2697 3041 2850 3079 error
2892 3041 2961 3076 ml
2998 3041 3093 3145 ΨΟ
3130 3041 3253 3094 agit.
3304 3041 3384 3078 an
3426 3041 3609 3079 revera
3656 3041 3877 3077 vernum

2302 3095 2402 3148 sub
2424 3096 2595 3161 angeli
2628 3097 2791 3162 figura
2824 3097 2873 3147 in
2906 3094 3005 3147 fori
3028 3109 3176 3148 acem
3202 3094 3560 3155 descenderit,
3606 3093 3880 3161 d:spnt:iut

2220 3165 2264 3226 C
2300 3166 2644 3232 interpretes.
2683 3168 2969 3219 Browerus
3000 3164 3049 3216 iii
3086 3166 3225 3217 notis
3248 3165 3312 3217 ad
3340 3164 3429 3218 lib.
3458 3179 3487 3215 ν
3518 3163 3789 3217 Fortunati
3810 3178 3878 3217 ex

2301 3236 2530 3303 plurium
2566 3236 2779 3287 Patrum
2812 3233 3095 3293 sententia.
3127 3248 3190 3287 ac
3218 3234 3529 3287 nominatim
3555 3249 3621 3286 ex
3648 3234 3727 3285 bis
3760 3248 3879 3286 ver-

2296 3306 2446 3359 sibus
2474 3304 2769 3367 Prudentii,
2812 3305 3022 3371 probat,
3074 3304 3211 3357 hanc
3249 3303 3634 3373 apparitioncm
3662 3304 3883 3373 inglor-

2300 3390 2429 3428 nace
2456 3375 2673 3428 attribui
2709 3374 2904 3435 Verbo,
2950 3374 3107 3440 idque
3132 3371 3435 3438 continuat,
3476 3372 3600 3438 quia
3640 3371 3881 3427 Ecclesia

2296 3444 2460 3507 caiiit,
2508 3445 2788 3497 surrexisse
2812 3441 3069 3496 Christum
3124 3444 3189 3496 de
3233 3444 3612 3511 sepulcro,_qui
3653 3442 3883 3511 liberauit

2298 3524 2395 3567 tres
2424 3530 2623 3583 pueros,
2654 3514 2729 3583 de
2765 3515 2963 3565 camino
3010 3513 3145 3583 ignis
3193 3508 3451 3583 ardentis.
3486 3508 3550 3566 Et
3588 3513 3640 3566 in
3664 3510 3884 3583 (latione

2302 3584 2571 3638 Theodori
2604 3582 2829 3636 Studitzt:
2851 3583 2918 3636 de
2944 3583 3003 3637 S.
3032 3581 3201 3636 Cruce
3225 3582 3324 3636 oda
3351 3583 3381 3635 7
3404 3581 3631 3635 dicitur:
3661 3581 3882 3647 Quitres

2300 3669 2483 3773 pseros
2505 3669 2534 3705 a
2559 3652 2783 3722 ﬂammis
2812 3653 3023 3720 eripuit,
3062 3652 3150 3705 ille
3180 3661 3444 3708 assuuwta
3467 3667 3620 3705 carne
3644 3652 3696 3705 in
3723 3661 3882 3705 terras

2300 3739 2330 3773 α
2370 3732 2523 3773 venit.

2297 3724 2523 3776 advenit.

2372 3796 2495 3848 143.
2532 3792 2711 3855 Alex.,
2734 3800 2943 3861 tangere
2970 3793 3099 3856 visa,
3138 3795 3312 3845 minus
3337 3791 3496 3847 bene.
3544 3789 3721 3861 Vestes
3763 3788 3884 3861 bur-

2300 3861 2501 3916 baricas
2528 3876 2629 3929 pro
2652 3858 2903 3930 pretiosis
2931 3876 2959 3912 a
2991 3861 3160 3929 poetis
3198 3862 3336 3915 sumi
3380 3861 3610 3915 advertit
3645 3858 3884 3914 Cbamil-

2300 3932 2505 3988 lardus.
2540 3932 2642 3987 Hic
2670 3932 2821 3984 sinus
2843 3931 3104 3987 barbarici
3136 3941 3261 3985 sunt
3286 3941 3462 3985 vestes
3486 3932 3738 3993 siuuosm,
3768 3930 3883 3998 pal-

2301 4001 2393 4066 lia,
2418 4014 2507 4055 aut
2538 4002 2680 4055 aliud
2715 4004 2879 4055 vestis
2899 4016 3068 4069 genus
3096 4001 3336 4071 (variant
3378 4002 3521 4056 enim
3557 4002 3879 4071 interpretes

2301 4072 2369 4141 de
2406 4072 2796 4141 significatione
2831 4072 2979 4124 vocis
3013 4069 3247 4124 sarabala
3285 4072 3418 4125 Dan.
3459 4086 3513 4125 tu
3536 4112 3550 4138 ,
3586 4071 3691 4140 95)
3738 4069 3881 4141 quod

2302 4138 2657 4197 barbarorum
2711 4156 2861 4195 more
2918 4141 3111 4194 laetum
3163 4142 3341 4203 tulerit,
3382 4156 3595 4210 quoque
3650 4138 3770 4195 tres
3808 4138 3884 4193 illi

2303 4212 2452 4279 pueri
2477 4213 2529 4265 in
2560 4212 2869 4279 captivitate
2903 4211 3222 4280 Babylonica
3264 4212 3519 4280 degentes
3564 4210 3761 4264 fuerint
3792 4210 3886 4280 _in-

2305 4278 2441 4334 duti.
2472 4281 2557 4335 Cl.
2591 4278 2650 4335 Ρ.
2682 4282 2866 4337 Simon
2890 4280 2956 4332 de
2978 4278 3241 4349 Magistris
3271 4280 3321 4334 in
3338 4278 3453 4333 suo
3478 4281 3692 4335 Daniele
3722 4278 3883 4333 refel-

2305 4350 2365 4402 lit
2392 4351 2659 4415 Grotiutu,
2705 4349 2843 4418 quod
2889 4351 3265 4418 llicronyninm
3308 4359 3361 4405 et
3403 4350 3677 4416 Vulgatam
3726 4350 3885 4403 dese-

2308 4421 2495 4483 ruerit,
2528 4430 2605 4491 ,ιιι
2654 4419 2905 4472 rabbinos
2958 4431 3293 4491 sequeretur.
3352 4419 3572 4491 Grotius
3625 4419 3884 4491 saraballa

2305 4488 2593 4557 (corrupte
2633 4490 2875 4542 sarabara
2912 4499 3003 4541 aut
3044 4488 3264 4559 ruralia)
3326 4489 3546 4559 exponit
3600 4488 3882 4542 mantella:

2306 4558 2663 4627 lexicngraphi
2694 4559 2889 4613 tibialia
2917 4559 3057 4625 apud
3097 4557 3303 4611 Persas.
3358 4557 3415 4613 In
3459 4558 3673 4613 laudato
3716 4572 3883 4627 opere

2304 4629 2537 4684 Dunielis
2564 4629 2857 4683 secundum
2891 4627 3032 4681 LXX
3059 4630 3341 4683 exhibetur
3372 4629 3577 4691 Daniel,
3602 4628 3880 4682 barbarico

2299 4701 2444 4751 cultu
2476 4708 2762 4753 exornatus
2791 4703 2839 4752 in
2874 4702 2990 4753 lacu
3024 4700 3235 4752 leonum
3259 4713 3324 4752 ex
3353 4698 3554 4754 celebri
3578 4698 3879 4767 Mettulogio

2301 4768 2478 4822 Basilii
2529 4768 2993 4839 l’nrpliyrogcniti.

2371 4838 2490 4919 _t_.
2529 4838 2711 4919 ρης..
2748 4838 3000 4919 percurrit
3025 4839 3261 4919 amictus.

2371 4910 2493 4964 “5.
2527 4906 2709 4978 mag,
2742 4906 2859 4962 inde
2895 4924 2990 4974 pro
3030 4911 3160 4975 ipse,
3190 4920 3281 4961 aut
3317 4912 3408 4963 ire.
3454 4908 3601 4974 Ald.,
3644 4906 3768 4975 Ipse
3796 4923 3887 4973 per

2298 4978 2535 5049 Assyrias
2568 4981 2738 5032 metuit
2762 4978 3023 5049 vapor‘ire
3051 4979 3209 5049 tiaras
3235 4994 3253 5029 :
3284 4980 3362 5032 sic
3389 4980 3520 5033 Mar.
3546 4994 3642 5049 pro
3664 4980 3883 5033 diversa

2297 5046 2583 5116 scriptura,
2631 5059 2684 5104 et
2713 5048 2867 5102 codd.
2900 5046 3212 5117 ﬂeiiisiani;
3256 5049 3367 5104 (iis.
3416 5046 3561 5103 item'
3583 5048 3648 5101 ad
3685 5061 3881 5117 marg.,

2298 5120 2385 5185 qui
2412 5114 2470 5172 in
2506 5128 2651 5171 textu
2677 5119 2854 5179 habet,
2892 5114 2974 5187 Ire
3003 5132 3090 5185 per
3110 5118 3348 5187 Assyrias
3378 5122 3559 5173 vetitus
3585 5134 3740 5187 vapor
3766 5114 3881 5187 ipse

2297 5189 2475 5242 tiaras.
2493 5189 2686 5243 Weitz.
2708 5204 2829 5241 cum
2856 5186 3080 5247 Widm.,
3106 5186 3296 5252 νηπίη..
3333 5190 3523 5259 Bung.,
3545 5188 3712 5242 nostri
3741 5186 3883 5259 vatt.

2298 5259 2337 5312 Α
2372 5268 2425 5313 et
2453 5260 2511 5325 Β,
2538 5260 2662 5311 Mar.
2692 5274 2721 5311 a
2756 5259 2922 5329 prima
2971 5272 3150 5329 inanti,
3199 5260 3306 5329 ipse
3329 5275 3416 5327 per
3444 5257 3677 5329 Assyrias
3704 5257 3886 5319 vetitus

2296 5343 2451 5398 uapor
2466 5329 2539 5382 ire
2560 5330 2736 5399 tiaras.
2757 5325 3076 5389 SiCllal‘tiUS,
3100 5325 3124 5378 Ι
3132 5344 3185 5380 re
3203 5325 3528 5399 pcrdssgrias
3541 5325 3717 5381 ietitus
3730 5342 3887 5395 vapor

2296 5397 2403 5466 ipse
2424 5400 2600 5451 tiaras.
2625 5398 2678 5451 In
2695 5397 2811 5450 Put.
2829 5411 2905 5451 eet
2922 5399 3158 5467 Assyrius
3180 5401 3338 5453 tiaras
3355 5397 3650 5454 masculino
3665 5410 3881 5463 genere,

2298 5481 2355 5521 ut
2405 5470 2544 5536 apud
2599 5468 2899 5536 Virgilium,
2947 5476 3003 5520 et
3055 5468 3425 5522 Claudiunum.
3486 5467 3882 5522 (Σιιθιηιιιςιι-αυς

2297 5539 2533 5608 Assyrios
2575 5538 2957 5608 interpretatur
2984 5536 3220 5608 .lttdteos,
3274 5542 3395 5607 quia
3437 5538 3684 5608 Europuti
3718 5537 3882 5606 Assy-

2297 5606 2430 5661 riam
2468 5624 2588 5661 cuin
2636 5606 2823 5661 Iudaea
2870 5606 3301 5663 contendebant.
3342 5609 3480 5664 Malo
3510 5606 3757 5676 accipere
3785 5625 3884 5661 sui

2296 5692 2460 5747 sensu
2493 5694 2588 5747 pro
2614 5676 2935 5746 Babyloniis,
2961 5687 3017 5730 ut
3045 5691 3205 5745 supra
3239 5678 3531 5735 barbaricos
3557 5679 3720 5732 sinus.

2369 5746 2915 5802 l58.’Clianiillardus
2941 5762 3004 5801 ex
3037 5747 3120 5802 his
3142 5763 3261 5816 qua:
3288 5748 3521 5805 Isidorus
3549 5748 3736 5802 scribit
3762 5762 3883 5812 cap.

2295 5817 2388 5887 20,
2419 5817 2513 5874 lib.
2546 5833 2582 5873 ιι
2632 5818 2694 5874 de
2723 5819 2949 5874 secunda
2975 5817 3220 5873 divisione
3241 5822 3473 5889 musices,
3504 5834 3616 5889 qua:
3643 5832 3886 5889 organxa
