3922 6404
508 318 608 369 ’05

1792 307 1827 356 ι’
1840 304 2089 359 ιιῖτοιιιδ
2132 305 2421 360 VITENSIS

3559 307 3662 366 201

513 438 712 491 quoque
744 437 834 491 per
869 424 1123 475 notarium
1163 435 1335 483 suum,
1367 418 1574 472 nomine
1601 415 1768 485 {edit.,
1799 412 2033 481 Vitarch
2061 417 2108 472 Α
2137 411 2409 466 Pecuniam
2451 415 2583 480 apud
2629 431 2745 468 eum
2793 432 3051 484 nunquam
3101 419 3353 472 mansisse
3396 419 3660 486 probatur.

513 511 715 576 Vitarit,
746 510 968 564 edictuin
998 511 1133 577 quod
1165 509 1366 577 publice
1398 508 1676 574 legeretur,
1707 504 1840 554 hunc
1869 504 2033 554 conti-

513 615 640 652 nens
671 600 874 652 modum
907 617 918 650 :
955 617 972 648 ι
1009 600 1167 652 Jussit
1189 599 1334 650 vobis
1364 597 1605 650 dominus
1633 605 1810 647 noster
1840 592 1928 661 [ιιι.
1961 593 2036 644 di-

513 687 652 755 cere]
679 686 798 747 dici,
825 689 940 752 quia
971 686 1250 751 imperator
1274 685 1471 747 Zenon,
1499 692 1551 734 et
1577 681 1892 733 nobilissima
1917 680 2030 732 Pla-

515 775 667 837 cidia,
695 791 785 841 per
814 774 1161 827 Alexandrum
1202 773 1367 825 virum
1407 773 1661 824 illustrem
1698 769 2033 834 scripserunt,

516 872 746 927 petentes
793 873 846 913 ut
891 861 1118 914 Ecclesia
1159 857 1485 923 Carthaginis
1536 855 1801 922 religionis
1849 863 2036 905 vestrm

514 952 777 1016 proprium
819 950 1118 1017 episcopum
1168 948 1374 999 habeat.
1454 945 1560 996 Hoc
1603 944 1713 996 fieri
1766 942 2034 1010 praacepit;

515 1045 673 1104 atque
711 1037 787 1088 eis
829 1037 1112 1102 rescripsit,
1146 1035 1223 1087 vel
1271 1034 1448 1101 legatis
1484 1035 1546 1083 ab
1583 1032 1660 1083 eis
1683 1031 1893 1083 directis
1937 1025 2038 1079 dici

515 1125 684 1191 jussit,
713 1133 768 1174 ut
794 1122 926 1175 sicut
953 1121 1212 1186 petierunt
1247 1121 1390 1170 vobis
1431 1120 1734 1183 episcOpum
1764 1131 1917 1184 quem
1951 1130 2040 1167 vo-

517 1212 714 1264 lueritis
743 1209 1020 1272 ordinetis;
1043 1211 1139 1261 sub
1168 1222 1230 1259 eo
1263 1217 1459 1264 tenore.
1485 1216 1540 1256 ut
1563 1215 1750 1257 nostrae
1780 1204 2041 1270 religionis

514 1299 740 1366 episcopi
771 1300 855 1364 qui
883 1296 1016 1364 apud
1044 1294 1540 1360 ConstantinOpolim
1572 1303 1690 1344 sunt
1717 1301 1768 1343 et
1791 1307 1878 1357 per
1913 1290 2040 1341 alias

518 1385 806 1452 provincias
833 1382 1080 1445 Oiientis,
1109 1397 1171 1433 ex
1198 1381 1309 1447 ejus
1355 1391 1608 1447 praecepto
1651 1379 1865 1430 liberum
1897 1376 2040 1430 arbi-

518 1471 670 1522 trium
724 1469 944 1522 babeant
984 1469 1036 1521 in
1085 1468 1329 1521 Ecclesiis
1382 1467 1519 1527 suis,
1559 1466 1743 1532 quibus
1783 1464 2042 1516 volucrint

519 1557 705 1623 linguis
759 1556 948 1621 pupulo
1000 1564 1022 1590 α
1069 1563 1316 1614 tractare,
1381 1563 1431 1604 et
1492 1552 1653 1617 legem
1700 1549 2040 1604 Christianam

515 1646 687 1699 colere
711 1660 723 1695 :
751 1643 1182 1711 quemadmodum
1216 1656 1305 1692 vos
1330 1640 1431 1701 hic,
1459 1641 1536 1692 vel
1567 1657 1613 1691 in
1644 1639 1758 1690 aliis
1783 1638 2037 1698 ecclesiis,

2134 503 2229 554 nisi
2267 502 2398 555 forte
2437 505 2522 555 tali
2567 505 2690 555 hora
2727 504 3022 569 offerretur,
3056 508 3262 573 quando
3293 508 3397 573 jam
3439 514 3516 563 sol
3557 509 3662 564 diei

2132 590 2395 656 explicans
2425 605 2654 652 cursum,
2690 592 2955 643 nocturnis
2995 594 3222 647 tenebris
3247 594 3484 650 ordinem
3514 595 3664 650 daret

2133 689 2185 731 et
2215 681 2400 731 locum.
2433 679 2650 732 Tantum
2684 679 2774 749 [αι.
2794 682 3000 732 additur
3024 682 3144 752 sibi]
3175 685 3474 737 reservabat
3500 701 3664 749 quan-

2135 774 2240 817 tum
2294 767 2392 817 diei
2439 767 2720 828 sufficeret,
2765 783 2869 819 non
2921 779 3167 836 quantum
3213 770 3465 838 cupiditas
3509 787 3665 836 expe-

2135 854 2433 910 tisset.-Deo
2461 863 2638 907 nostro
2661 857 2879 909 subinde
2901 858 3130 925 quotidie
3152 859 3377 926 ingentia
3398 869 3450 912 et
3471 859 3664 926 majora

2135 942 2378 994 donante.
2427 944 2527 995 Sed
2568 957 2681 996 cum
2721 945 2851 995 fama
2890 945 3003 1012 eius
3041 956 3179 999 esset
3213 947 3404 1012 ubique
3442 948 3664 1000 celebris

2135 1039 2290 1096 atque
2331 1031 2624 1091 manifesta,
2671 1042 2942 1099 cmperunt
2983 1034 3177 1086 exinde
3204 1034 3511 1088 Arianorum
3554 1037 3663 1100 epi-

2136 1120 2278 1186 scopi
2304 1119 2492 1172 invidia
2523 1121 2663 1187 gravi
2696 1123 2944 1187 torqueri.
2970 1124 3305 1188 quotidianis,
3329 1133 3381 1176 et
3408 1125 3666 1190 praecipue

2140 1205 2164 1243 δ
2188 1206 2382 1274 Cyr-ila,
2409 1223 2524 1259 eum
2554 1209 2824 1262 calumniis
2854 1211 3182 1263 insectantes.
3201 1211 3332 1276 Quid
3362 1213 3668 1278 plurimum?

2139 1295 2432 1361 Suggerunt
2472 1297 2573 1362 regi
2605 1297 2667 1348 de
2705 1297 2793 1347 illo
2835 1306 2887 1347 nt
2928 1312 3076 1348 suum
3113 1313 3432 1364 nequaquam
3464 1300 3668 1352 sederet

2140 1384 2403 1444 thronum,
2434 1399 2600 1449 neque
2623 1384 2684 1434 ad
2717 1383 2802 1436 Dei
2839 1386 3082 1450 populum
3117 1387 3326 1438 verbum
3350 1387 3540 1439 faceret
3570 1386 3670 1455 ιδ

2139 1477 2466 1522 consuetum.
2511 1469 2704 1521 Deinde
2734 1472 2833 1537 (ut)
2859 1484 3187 1538 quoscunque
3217 1486 3386 1524 mares
3413 1474 3493 1526 vel
3524 1474 3670 1526 femi-

2142 1574 2232 1610 nas
2263 1560 2312 1610 in
2339 1560 2509 1611 habitu
2543 1561 2759 1611 barbaro
2799 1561 3096 1613 incedentes
3133 1562 3182 1613 in
3225 1563 3440 1614 ecclesia
3466 1562 3665 1629 conspi-

2141 1657 2301 1711 ceret,
2347 1649 2661 1715 prohiberet.
2707 1649 2792 1702 llle
2835 1651 3102 1716 respondit
3144 1660 3200 1702 ut
3237 1651 3428 1703 decuit.
3479 1651 3669 1704 Domus

515 1747 629 1799 qua:
658 1731 707 1783 itt
737 1730 1019 1797 provinciis
1044 1729 1300 1782 Africanis
1327 1729 1618 1780 constituta:
1647 1736 1786 1787 sunt,
1820 1725 2036 1776 liberum

2144 1739 2227 1789 Dei
2255 1739 2494 1788 omnibus
2522 1748 2682 1803 patet,
2711 1739 2962 1791 intrantes
2993 1740 3160 1789 nullus
3185 1740 3369 1804 poterit
3398 1739 3664 1805 repellere.

514 1820 783 1874 arbitrium
807 1819 899 1888 [aL
932 1818 1206 1885 habebitis]
1237 1819 1457 1878 habetis,
1492 1817 1541 1867 in
1583 1816 1818 1867 ecclesiis
1858 1814 2042 1866 vestris

517 1910 701 1963 missas
727 1925 901 1976 agere,
931 1910 1009 1960 vel
1042 1918 1284 1970 tractare,
1316 1920 1365 1957 et
1392 1921 1504 1972 qua:
1535 1906 1660 1970 legis
1692 1914 1878 1957 vestrae
1902 1912 2040 1964 sunt,

516 1995 946 2064 quemadmodum
975 1995 1147 2059 vultis,
1181 1994 1372 2047 facere.
1424 1995 1550 2046 Nam
1581 1996 1624 2046 si
1655 1995 1751 2046 hoc
1778 1995 1915 2046 circa
1954 2006 2045 2045 eos

519 2100 619 2137 non
643 2086 794 2137 fuerit
841 2082 929 2152 [αι.
959 2081 1298 2150 reservatum]
1328 2083 1676 2143 observatum,
1708 2090 1810 2133 tam
1839 2081 2041 2146 episco-

521 2188 616 2240 pus
660 2173 743 2238 qui
786 2173 1053 2224 ordinatus
1101 2171 1256 2222 fuerit
1296 2185 1447 2235 quam
1490 2170 1685 2227 clerici.
1731 2169 1819 2220 sed
1863 2177 1915 2220 et
1957 2166 2043 2218 alii

517 2261 743 2328 episcopi
770 2275 885 2311 cum
912 2259 1113 2311 clericis
1140 2258 1264 2318 suis,
1291 2262 1376 2323 qui
1407 2257 1456 2308 iu
1485 2258 1740 2310 Africanis
1764 2255 2042 2322 proviiiciis

518 2357 656 2411 sunt,
685 2348 1001 2413 jubebuntur
1029 2349 1161 2398 inter
1179 2345 1564 2418 Mauros'mitti.
1599 2366 1615 2393 ι
1649 2344 1794 2407 Quod
1817 2343 2043 2393 edictum

519 2440 637 2489 dum
679 2437 826 2490 nobis
859 2435 1216 2498 praesentibus,
1249 2441 1435 2498 quarto
1470 2433 1675 2484 decimo
1699 2432 2042 2481 'calendarum

517 2527 656 2595 [τάξι.
675 2539 733 2586 ιι,
750 2520 1301 2587 Juniarumlluliarum
1327 2521 1579 2570 universa:
1597 2517 1840 2569 Ecclesia:
1859 2516 2047 2582 legere-

519 2626 619 2674 tur,
637 2625 844 2678 gemcre
863 2610 1114 2674 cmpimus
1137 2609 1488 2668 mussitantes,
1515 2622 1576 2657 eo
1596 2606 1730 2672 quod
1754 2605 2046 2657 meditanti-

521 2705 615 2751 bus
634 2700 782 2751 dolos
802 2699 1052 2749 malorum
1076 2705 1211 2748 esset
1234 2695 1400 2746 futura
1423 2694 1714 2761 persecutio
1733 2703 2041 2760 prmparata.

522 2788 680 2840 Et-ita
712 2787 879 2854 legato
905 2785 1103 2837 dixisse
1147 2784 1467 2849 probamur:
1505 2801 1521 2832 ι
1559 2785 1612 2835 Si
1644 2785 1708 2835 ita
1749 2794 1847 2847 Cal,
1884 2784 2044 2834 iiiter-

521 2875 696 2940 positis
741 2875 820 2926 his
862 2871 1244 2926 conditionibus
1295 2872 1617 2937 periculosis,
1667 2871 1775 2922 hzec
1811 2869 2043 2921 Ecclesia

518 2967 814 3031 episcopum
864 2979 964 3016 non
1012 2963 1297 3015 delectatur
1349 2961 1557 3013 habere.
1623 2959 1721 3028 [αι.
1758 2954 2042 3022 Gubernet]

2145 1826 2364 1878 Maxime
2389 1826 2504 1890 quia
2544 1825 2722 1891 ingens
2758 1827 2922 1878 fuerat
2956 1829 3230 1880 multitudo
3260 1836 3555 1880 nostrorum
3585 1842 3670 1880 ca-

2143 1913 2476 1976 tholicorum,
2521 1915 2569 1965 in
2603 1914 2779 1966 habitu
2819 1914 3021 1966 illorum
3063 1915 3436 1979 incedentium,
3469 1915 3535 1967 ob
3575 1914 3671 1968 hoc

2142 2003 2275 2069 quid
2307 2001 2478 2054 domui
2518 2002 2672 2067 regias
2708 2001 3024 2054 serviebant.

2211 2088 2292 2140 IV.
2336 2088 2698 2140 Persemu’om’s
2727 2091 2887 2141 t'nt'tt'a.
2919 2118 2987 2129 ——
3032 2091 3097 2143 At
3125 2090 3210 2142 ubi
3246 2089 3312 2141 ab
3347 2089 3554 2142 homine
3583 2089 3671 2142 Dei

2143 2179 2245 2228 tale
2292 2192 2597 2243 responsum
2644 2179 2876 2241 accepit,
2917 2180 3092 2228 statuit
3138 2177 3189 2228 in
3235 2178 3398 2242 portis
3439 2177 3671 2228 ecclesia)

2142 2265 2381 2315 collocari
2415 2274 2635 2315 tortores
2665 2281 2674 2311 :
2709 2265 2793 2329 qui
2829 2263 3061 2316 videntes
3091 2265 3330 2316 feminam
3362 2265 3441 2316 vel
3470 2277 3671 2316 mascu~

2145 2352 2248 2401 lum
2291 2351 2339 2401 in
2388 2351 2564 2415 specie
2608 2365 2715 2402 suae
2762 2351 2930 2415 gentis
2977 2351 3321 2414 ambulantes,
3365 2352 3500 2404 illico
3544 2352 3671 2418 palis

2146 2437 2429 2488 minoribus
2471 2437 2693 2488 dentatis
2724 2437 2875 2504 jactis
2923 2438 2971 2488 in
3015 2439 3203 2500 capite,
3246 2438 3577 2503 crinibusque
3619 2441 3670 2490 in

2143 2529 2337 2581 eisdem
2370 2529 2641 2595 colligatis,
2674 2542 2733 2579 ac
2764 2528 3117 2580 vehementius
3155 2528 3488 2595 stringentes,
3519 2529 3669 2579 simul

2143 2631 2258 2667 cum
2289 2617 2485 2680 capillis
2526 2631 2730 2666 omnem
2773 2616 3064 2681 pelliculam
3109 2616 3289 2681 capitis
3343 2617 3667 2668 auferebam.

2147 2704 2386 2755 Nonnilli
2417 2715 2608 2762 autem,
2636 2704 2753 2754 dntn
2787 2705 2882 2754 hoc
2915 2704 3082 2766 fieret,
3120 2705 3292 2756 statim
3333 2705 3510 2757 oculos
3539 2705 3669 2756 ιιιηί-

2145 2797 2342 2852 serunt,
2382 2787 2465 2837 alii
2513 2802 2622 2852 ipso
2649 2788 2826 2839 dolore
2854 2788 3079 2840 defuncti
3110 2797 3248 2841 sunt.
3277 2788 3516 2843 Mulieres
3545 2805 3670 2842 vero

2148 2886 2263 2942 post
2300 2876 2429 2926 hanc
2477 2889 2700 2940 pmnatn,
2733 2875 2985 2939 cipittbus
3019 2876 3148 2941 pelle
3189 2876 3392 2927 nudatis
3430 2890 3672 2942 praecone

2150 2973 2404 3029 praeeunte
2434 2977 2523 3028 per
2552 2963 2761 3025 plateas,
2794 2963 2855 3014 ad
2887 2966 3235 3015 ostensionem
3267 2963 3424 3016 totius
3451 2962 3670 3015 civitatis

518 3054 781 3107 Gubernat
825 3067 937 3104 eam
982 3051 1246 3114 Christus,
1292 3052 1378 3117 qui
1431 3065 1636 3114 semper
1681 3050 1918 3116 dignatus
1965 3055 2045 3099 est
2072 3047 2114 3107 C
2144 3053 2479 3104 ducebantur.
2522 3052 2667 3116 Quod
2710 3051 2805 3104 sibi
2853 3054 3012 3118 magis
3053 3067 3165 3119 quas
3213 3053 3556 3118 patiebantur,
3593 3053 3669 3106 lu-

519 3143 823 3208 gubernare.
861 3158 877 3189 ›
926 3141 1088 3204 Quam
1139 3140 1518 3206 suggestionem
1569 3140 1764 3205 legatus
1806 3138 2042 3203 accipere

520 3229 762 3296 neglexit.
809 3227 970 3280 Simul
1001 3237 1052 3280 et
1093 3230 1332 3295 pepulus,
1372 3235 1425 3278 ut
1467 3238 1584 3277 tunc
1627 3229 1789 3288 fieret,
1817 3237 1872 3278 ut
1915 3226 2044 3292 ignis

517 3321 730 3382 exarsit,
773 3321 920 3386 cujus
967 3329 1078 3370 erat
1123 3321 1318 3371 clamor
1369 3299 1728 3381 intolerabilis,
1771 3321 1854 3384 qui
1905 3319 2041 3370 nulla

521 3419 690 3475 posset
720 3410 919 3460 ratione
949 3407 1138 3458 sedari.

588 3497 673 3548 Ill.
715 3496 923 3562 Eugenit'
963 3496 1182 3544 virtutes.
1216 3521 1281 3530 —-
1317 3493 1565 3544 ()t'dinato
1601 3494 1772 3559 itaque
1801 3493 2045 3557 episcopo

523 3585 777 3651 Eugenio,
811 3585 921 3634 viro
951 3590 1128 3632 sancto
1161 3581 1369 3646 Deoqne
1403 3590 1635 3648 accepto,
1666 3581 1899 3632 sublimis
1929 3590 2043 3633 nata

521 3681 600 3726 est
628 3673 822 3735 lietitia,
854 3678 904 3723 et
932 3671 1170 3735 gaudium
1203 3668 1520 3720 cumulatum
1551 3678 1632 3720 est
1663 3669 1904 3720 Ecclesia:
1934 3669 2042 3720 Dei.

525 3761 761 3812 Exsultat
805 3756 1080 3808 multitudo
1123 3755 1373 3806 catholica
1411 3754 1506 3807 sub
1547 3755 1764 3806 barbara
1806 3756 2044 3807 domina-

523 3849 679 3909 tione,
712 3845 777 3897 de
799 3845 1121 3910 ordinatione
1159 3844 1415 3910 pontiﬁcis
1451 3845 1691 3908 reparati.
1724 3844 1851 3896 Nam
1886 3846 2046 3896 maxi-

527 3950 639 3988 mus
697 3949 942 3985 numerus
993 3933 1238 3999 juvenum
1289 3942 1443 3994 atque
1513 3932 2044 3989 adolescentularum,

521 4024 725 4076 sibimet
755 4024 803 4074 in
839 4037 1127 4076 commune.
1152 4021 1503 4087 congaudens,
1543 4021 1882 4073 attcSIabatur
1909 4022 2043 4086 quod

525 4127 782 4178 nunquam
827 4113 1041 4164 vidisset
1083 4112 1382 4177 episcopum
1434 4111 1483 4161 in
1531 4110 1717 4161 throno
1756 4111 2042 4162 sedentem.

526 4197 682 4250 Porro
734 4199 820 4250 ille
874 4199 948 4248 vir
989 4196 1108 4257 Dei,
1155 4196 1397 4247 sacerdos
1448 4197 1708 4260 Eugenius
1753 4196 1912 4262 coepit
1958 4211 2048 4261 per

519 4286 964 4335 conversationem
995 4296 1207 4344 operum
1249 4282 1501 4330 bonorum
1532 4282 1843 4332 venerabilis
1876 4292 1927 4331 et
1960 4297 2044 4333 re-

2146 3158 2290 3194 crum
2318 3141 2596 3193 maximum
2623 3141 3010 3207 computabant.
3043 3142 3272 3205 Quorum
3301 3154 3394 3191 nos
3422 3140 3670 3206 plurimos

2145 3231 2408 3291 novimus,
2457 3245 2553 3281 nec
2599 3229 2792 3281 scimus
2830 3229 3053 3292 aliquem
3102 3243 3280 3279 eorim
3327 3237 3466 3290 tunc,
3511 3229 3666 3280 etiam

2147 3318 2312 3382 ptenis
2352 3315 2675 3380 urgentibus,
2715 3328 2742 3364 a
2774 3322 2916 3365 recto
2947 3315 3130 3364 itinere
3170 3313 3448 3365 destitisse.
3494 3315 3560 3364 At
3587 3316 3670 3366 ubi

2146 3405 2246 3454 isto
2293 3403 2447 3454 modo
2491 3402 2606 3452 fidei
2654 3401 2932 3466 infringere
2974 3415 3075 3450 non
3127 3400 3287 3452 valuit
3346 3399 3436 3468 [αι.
3487 3401 3670 3469 ullum]

2147 3505 2370 3551 murum,
2401 3489 2592 3555 Cogitat
2618 3499 2670 3539 ut
2694 3497 2884 3539 nostra:
2915 3488 3181 3555 religionis
3211 3489 3446 3542 homines
3476 3491 3525 3541 iti
3553 3491 3668 3542 aula

2147 3580 2257 3643 eius
2282 3577 2565 3639 constituti,
2600 3591 2766 3643 neque
2790 3578 3025 3638 annonis,
3057 3591 3222 3643 neque
3250 3578 3521 3644 stipendiis
3549 3580 3666 3630 soli-

2149 3671 2211 3721 tis
2235 3669 2547 3735 potirentur.
2584 3668 2792 3719 Addidit
2821 3682 3023 3735 quoque
3049 3678 3101 3721 et
3131 3669 3391 3722 laboribus
3419 3685 3509 3721 eos
3547 3685 3668 3721 coii-

2151 3768 2317 3808 terere
2345 3756 2636 3808 rusticanis.
2671 3755 2853 3820 Dirigit
2881 3757 3018 3807 viros
3045 3757 3292 3822 ingenuos
3317 3765 3366 3808 et
3393 3756 3669 3808 admodum

2147 3845 2396 3896 delicatos
2446 3842 2508 3892 ad
2560 3856 2798 3907 campum
2846 3840 3167 3901 Uticensem,
3209 3850 3268 3892 ut
3311 3842 3408 3892 sub
3445 3843 3672 3894 ardentis

2149 3935 2270 3986 solis
2319 3933 2577 3995 incendio,
2627 3931 2849 3996 cespites
2896 3931 3139 3982 messium
3189 3929 3516 3982 desecarent.
3576 3930 3669 3982 Ubi

2147 4035 2327 4072 omnes
2354 4034 2468 4072 cum
2494 4018 2681 4086 gaudio
2707 4027 2998 4084 pergentes,
3020 4016 3079 4069 in
3103 4016 3321 4068 Domino
3345 4016 3668 4070 laetabantur.

2152 4113 2202 4160 In
2237 4122 2453 4175 quorum
2483 4109 2821 4160 contubernio
2861 4107 3069 4174 quidatn
3111 4107 3205 4159 fuit
3242 4107 3440 4159 aridam
3479 4106 3673 4160 habens

2150 4209 2388 4253 manum,
2431 4209 2544 4260 quae
2587 4211 2677 4260 per
2715 4209 2879 4247 annos
2925 4181 3332 4262 quamplurimos
3382 4197 3578 4248 nullum
3625 4197 3670 4248 ei

2151 4281 2459 4347 prmstiterat
2487 4282 2808 4346 obsequium.
2838 4283 2931 4344 Qui
2970 4298 3085 4334 cum
3131 4285 3382 4336 veraciter
3405 4295 3673 4336 excusaret

525 4369 777 4422 verendus
827 4367 1018 4429 haberi,
1053 4372 1208 4418 etiam
1247 4367 1310 4418 ab
1339 4370 1411 4418 eis
1441 4369 1526 4432 qui
1560 4366 1684 4417 foris
1711 4377 1861 4428 sunt;
1892 4377 1944 4418 et
1981 4368 2048 4418 ita
2078 4361 2126 4417 D
2151 4383 2206 4418 se
2253 4367 2453 4430 operari
2501 4381 2602 4417 non
2651 4379 2832 4432 posse,
2884 4369 3043 4432 magis
3086 4370 3338 4421 violenter
3378 4370 3553 4434 jussus
3595 4381 3672 4422 est

523 4471 641 4509 esse
670 4457 904 4521 omnibus
933 4467 1129 4521 gratus,
1160 4464 1234 4515 ut,
1267 4455 1307 4505 si
1345 4458 1420 4504 fas
1457 4465 1614 4516 esset,
1653 4455 1875 4506 animam
1904 4469 2048 4506 suam

528 4559 618 4609 pro
645 4543 823 4596 eodem
848 4545 1114 4596 universos
1141 4558 1330 4609 ponere
1352 4545 1654 4596 delecuiret.
1682 4543 2050 4610 Eleemosynas

525 4645 727 4696 quoque
759 4632 886 4682 tales
920 4646 1008 4697 per
1046 4647 1161 4683 eum
1199 4632 1446 4683 Dominus
1477 4632 1713 4697 dignatus
1752 4643 1832 4684 est
1861 4632 2048 4691 facere,

526 4734 580 4771 ιιι
627 4720 924 4772 incredibile
975 4721 1207 4773 videatur
1249 4729 1388 4772 tanta
1433 4737 1550 4773 eum
1601 4722 1923 4788 impendere,
1963 4722 2049 4773 ubi

528 4808 791 4869 Ecclesia,
853 4817 1012 4860 totum
1069 4809 1298 4861 barbaris
1366 4812 1693 4873 tenentibus,
1753 4826 1847 4863 nec
1901 4811 2050 4862 unius

525 4894 717 4946 nummi
748 4894 934 4947 habere
964 4898 1295 4961 cognoscitur
1337 4896 1655 4950 facultatem.
1701 4899 2050 4950 Humilitatem

526 4987 575 5033 in
603 4982 711 5041 illo,
745 4983 1029 5044 caritatem,
1063 4985 1305 5049 pietatem
1338 4985 1580 5036 divinitus
1611 4987 1974 5046 condonatam,
2005 4987 2050 5037 si

526 5073 791 5135 quisquam
841 5069 1046 5134 incipiat
1095 5071 1322 5130 laudare,
1384 5085 1484 5121 non
1537 5073 1722 5136 poterit
1767 5073 2050 5138 explicare.

591 5194 615 5220 ι
659 5187 760 5236 llac
787 5199 909 5235 voce
945 5195 1144 5236 veteres
1171 5186 1524 5248 exprimchant
1551 5188 1912 5240 instructiones
1951 5202 2040 5240 seu

524 5252 909 5303 adhortationes
939 5253 1000 5299 ad
1031 5253 1302 5315 populum,
1339 5268 1462 5317 quas
1495 5254 1658 5305 Gmci
1691 5257 2043 5320 vulgo'homi-

528 5322 618 5369 lias
645 5321 920 5379 dicebant,
952 5330 1005 5368 ut
1051 5322 1264 5380 ipsemet
1300 5321 1467 5369 Victor
1510 5336 1660 5383 supra
1707 5324 1944 5384 exposuit
1985 5324 2041 5373 li-

529 5387 692 5444 brut,
724 5404 861 5439 num.
895 5387 958 5446 5,
993 5386 1076 5435 ubi
1109 5385 1365 5455 iittergalia
1398 5390 1559 5438 sancti
1597 5390 1859 5441 Aucnstini
1885 5405 2040 5455 opera

529 5463 756 5507 tractatus
795 5456 1054 5521 populares
1088 5469 1205 5517 quos
1245 5453 1404 5504 Graeci
1443 5456 1667 5506 humilius
1697 5467 1898 5520 vocant,
1924 5453 2040 5510 tne-

531 5530 712 5570 morat.

2155 4468 2386 4520 pergere.
2420 4453 2518 4506 Sed
2551 4453 2636 4504 ubi
2665 4453 2724 4503 ad
2750 4453 2916 4504 locum
2945 4463 3152 4505 ventum
3183 4464 3282 4518 est,
3310 4464 3362 4508 et
3385 4459 3670 4522 prmsertiin

2152 4557 2245 4608 pro
2279 4557 2342 4594 eo
2379 4542 2576 4594 orando
2623 4542 2981 4605 ingemuerunt
3029 4558 3242 4606 omnes,
3277 4545 3467 4612 pietate
3503 4546 3671 4596 divina

2153 4633 2233 4680 illa
2276 4629 2414 4680 arida
2455 4630 2726 4681 incolumis
2761 4631 3043 4682 confessori
3082 4633 3317 4684 restituta
3356 4641 3431 4683 est
3469 4646 3671 4685 manus.

2155 4719 2281 4769 Hinc
2309 4717 2415 4782 jam
2434 4717 2674 4768 Hunerici
2713 4718 3004 4783 persecutio
3038 4717 3230 4770 doloris
3267 4725 3420 4785 atque
3451 4721 3672 4785 parturi-

2154 4806 2304 4857 tionis
2330 4813 2520 4856 nostra:
2545 4807 2761 4869 sumpsit
2797 4805 3019 4857 initium.

2223 4893 2283 4943 ν.
2329 4891 2602 4942 Hunert'cus
2630 4893 2681 4942 in
2704 4908 2814 4944 suos
2839 4893 2993 4946 acvit.
3017 4921 3083 4931 -—
3106 4892 3220 4960 Ipse
3243 4904 3414 4946 autem
3445 4895 3528 4960 qui
3559 4909 3674 4946 sese

2153 4984 2255 5048 jam
2299 4979 2493 5032 dudum
2533 4981 2769 5032 omnibus
2816 4981 2982 5033 lenem
3027 4983 3342 5042 ostenderat,
3374 4983 3676 5036 desiderans

2158 5079 2270 5138 post
2307 5069 2501 5121 obitum
2527 5082 2675 5120 suum
2705 5068 2839 5133 filiis,
2870 5072 3004 5136 quod
3033 5081 3052 5108 ε
3078 5087 3176 5124 non
3205 5074 3436 5141 contigit,
3461 5087 3672 5139 regnum

2223 5185 2246 5223 ιι
2286 5185 2372 5238 Sic
2395 5194 2453 5255 Aut
2491 5183 2774 5255 plurimum
2797 5185 3056 5255 seribitur.
3087 5188 3187 5239 Alii
3228 5186 3436 5255 Cyrila,
3468 5197 3554 5239 aut
3579 5189 3674 5254 (ἶν-

2147 5255 2292 5304 rileas
2321 5292 2333 5312 ,
2360 5252 2518 5321 aliqui
2556 5256 2707 5321 etiam
2738 5252 2987 5320 Cyrillus;
3019 5266 3068 5306 et
3094 5255 3166 5306 sic
3191 5252 3318 5306 infra
3342 5252 3672 5321 quotiescun-

2147 5333 2462 5437 ψιῇιιοηιεη
2507 5318 2639 5370 istud
2680 5318 2920 5372 occurrit.
2966 5325 3035 5374 De
3075 5324 3170 5373 hoc
3209 5318 3372 5375 semel
3411 5324 3673 5376 monuisse
3744 5325 3746 5327 ’

2147 5406 2204 5437 su
2249 5397 2387 5437 tCtal.

2147 5397 2387 5439 SttlftCIat.

2222 5465 2241 5491 ε
2283 5452 2518 5505 Nondum
2551 5468 2722 5505 revera
2752 5457 3053 5519 contigerat,
3083 5471 3196 5507 cum
3222 5456 3354 5507 hanc
3383 5455 3665 5507 Historiam

2150 5522 2400 5574 scriberet
2429 5520 2619 5581 Victor,
2649 5536 2784 5572 anno
2805 5523 3000 5574 scilicet
3026 5523 3153 5587 487;
3185 5523 3274 5576 sed
3296 5533 3469 5584 postea
3502 5531 3672 5574 tamen
