4102 6414
308 449 391 513 ﬁ“
1702 443 1882 501 APOT
1892 441 2154 498 llEOSlS.

466 563 572 620 Sed
603 577 724 631 nos,
747 564 833 633 qui
850 562 1125 619 dominum
1154 560 1771 630 lihris..eteorporej1m
1800 560 1882 614 bis
1912 566 1959 619 Α

471 657 715 715 Vidimus
742 702 757 725 ,
804 666 930 712 ante
972 656 1077 711 fide
1101 698 1118 719 ,
1155 670 1280 710 mox
1306 668 1499 718 carne,
1533 664 1588 709 et
1626 653 1891 722 sanguine

1588 745 1737 818 [cora
1746 760 1793 797 tu
1805 785 1819 807 ,

471 842 680 912 Quique
693 840 1059 897 voluminibus
1072 850 1443 903 vatum,cruce
1457 846 1613 892 teSIe.
1630 835 1891 904 probatis,

471 934 751 989 Rituantcs
777 933 975 1003 digitos
1004 942 1279 988 costarum
1316 930 1367 985 in
1397 930 1617 984 vulnera
1650 927 1817 983 cruda

470 1024 776 1089 Mersituus,
807 1032 863 1079 et
892 1038 1147 1079 manuum
1176 1020 1293 1076 visu
1318 1020 1601 1076 dubitante
1632 1020 1855 1072 lacunas

470 1116 637 1190 424
680 1117 946 1184 Scrutati,
986 1127 1249 1172 reternum
1301 1127 1483 1184 regem
1539 1110 1891 1181 cognovimus

1597 1200 1817 1274 [lesum.

471 1300 735 1369 Abjurare
762 1300 873 1358 Deo
903 1300 1138 1365 titulum,
1176 1310 1481 1367 nomenque
1502 1304 1808 1365 paternum,

472 1394 755 1451 Credimus
779 1409 901 1450 esse
924 1395 1094 1459 nefas,
1126 1393 1217 1462 qui
1253 1405 1432 1461 regem
1468 1390 1774 1460 protulitex
1806 1404 1889 1451 se.

474 1485 592 1541 Non
621 1501 800 1557 regem
834 1486 1017 1557 populi
1048 1483 1371 1540 Parthorum
1392 1520 1408 1547 ,
1438 1492 1533 1537 aut
1578 1480 1895 1535 Romulida-

1635 1572 1777 1646 [rum
1802 1588 1818 1638 ;

472 1668 577 1727 Sed
602 1684 785 1740 regem
817 1671 1067 1735 summie,
1092 1678 1149 1723 et
1170 1667 1368 1725 mediae
1389 1665 1639 1731 rationis,
1670 1676 1723 1721 et
1748 1668 1890 1729 imm,

472 1765 649 1831 Atque
694 1762 815 1817 ideo
864 1775 1046 1816 rerum
1071 1760 1387 1825 dominum,
1418 1768 1468 1814 et
1508 1772 1673 1827 super
1719 1758 1897 1811 omnia

1590 1846 1824 1918 [regem

290 934 325 987 2

334 934 396 990 ΞΟ

289 1487 400 1542 225

3506 441 3616 496 962

2169 555 2363 612 Carnis
2382 554 2820 624 habetmedium,
2836 570 3109 611 summum
3135 550 3333 623 Patris,
3348 563 3405 612 et
3427 555 3614 629 Stygis

3322 650 3536 721 limum.

2186 742 2381 799 Delluit
2406 742 2489 797 his
2512 740 2793 813 gradibus,
2813 757 3113 814 rursuSque
3138 741 3507 799 revolviturin
3530 756 3611 798 se.

2002 838 2108 893 230
2186 836 2283 893 Est
2316 837 2483 901 Deus,
2512 846 2597 891 est
2625 846 2681 890 et
2711 836 2894 902 homo,
2919 846 2975 893 et
3006 837 3063 892 lit
3090 848 3359 903 mortuus,
3389 843 3447 891 et
3470 836 3612 891 Deus

3234 929 3402 1002 [idem
3433 936 3539 983 est.

2188 1023 2380 1076 Omnia
2416 1023 2684 1091 percurrit
2734 1031 2939 1076 natura:
2970 1022 3152 1076 munia
3188 1037 3395 1089 prome,

2180 1113 2345 1187 425
2378 1113 2447 1168 Ut
2486 1128 2700 1168 sursum
2739 1113 2913 1167 Patris
2945 1115 2998 1167 in
3048 1115 3316 1182 grem‘um
3351 1112 3609 1183 replicata

3251 1205 3541 1279 [reportet,

2188 1298 2393 1354 Mortua
2440 1315 2559 1369 qua:
2603 1300 2816 1355 fuerant
2844 1318 2859 1353 :
2885 1299 3039 1368 ipsos
3083 1312 3299 1368 quoque
3345 1297 3615 1357 subvehat

3348 1387 3540 1461 [artus.

2195 1477 2321 1537 llaec
2352 1480 2468 1537 fore
2494 1498 2618 1538 cum
2645 1491 2889 1538 veterum
2922 1483 3250 1538 cecinissent
3285 1497 3484 1553 organa
3520 1497 3616 1537 va-

3381 1573 3540 1646 [tum,

2003 1666 2111 1723 235
2186 1665 2296 1723 Nos
2325 1668 2522 1735 oculis,
2550 1666 2821 1733 manibus,
2852 1681 3173 1737 congressu,
3206 1680 3362 1727 voce.
3398 1667 3616 1738 loquela

2194 1760 2439 1830 Experti,
2478 1760 2702 1815 heroum
2729 1760 2947 1815 tandem
2981 1759 3352 1815 intelleximus
3380 1774 3502 1815 orsa

2188 1852 2524 1912 Priscorum.
2571 1861 2628 1907 et
2657 1852 2775 1908 viso
2810 1853 3078 1923 patefacta
3109 1851 3329 1907 oracula
3376 1850 3610 1909 Christo.

1607 1910 1913 1993 otiosus
1946 1939 2283 1998 VETERES.

360 2040 486 2096 2l8.
517 2040 732 2103 Coram,
763 2040 1177 2107 prmsentialiter,
1210 2039 1251 2093 Ι.

361 2112 490 2167 221.
525 2106 791 2173 Laconas,
821 2109 1141 2177 Foramina,
1170 2124 1445 2171 cavernas,
1476 2106 1673 2177 [ituras
1694 2148 1709 2168 ,
1751 2107 1893 2177 cica-

290 2184 466 2245 trices,
492 2188 690 2250 fossas;
712 2182 935 2248 seipsum
958 2176 1205 2247 apostolis
1227 2180 1511 2250 immiscet;
1530 2181 1583 2229 in
1613 2176 1894 2250 Evangelia

287 2255 427 2306 enim
464 2248 677 2306 Thema:
707 2255 895 2321 legitur
942 2254 1110 2305 adhuc
1141 2252 1346 2303 minimc
1391 2248 1625 2321 credenti
1666 2249 1895 2321 dixisse:

290 2324 441 2394 lnfer
463 2324 682 2392 digitum
702 2318 866 2389 tuum,
891 2330 1028 2385 etc.;
1056 2322 1142 2375 sed
1174 2322 1260 2373 ille
1290 2318 1793 2394 claroruntﬁaiuras
1817 2318 1895 2368 in-

289 2387 459 2459 tuens,
494 2387 701 2459 tangere
732 2387 980 2446 eum'non
1011 2409 1169 2446 ausus
1191 2401 1284 2454 est,
1311 2392 1398 2442 sed
1430 2391 1562 2443 dixit
1587 2405 1605 2441 :
1636 2387 1895 2459 Qominus

287 2458 465 2529 meus,
497 2474 543 2520 ct
578 2458 716 2517 Deus
770 2478 932 2516 meus.
982 2463 1108 2515 ideo
1150 2471 1319 2513 autent
1365 2461 1596 2523 dicitur,
1639 2458 1895 2511 Thomam

289 2552 499 2588 manum
535 2536 587 2588 in
614 2534 750 2587 latus
790 2534 901 2603 ejus
924 2535 1141 2597 misisse,
1172 2547 1291 2585 cum
1321 2540 1487 2585 tamen
1524 2546 1626 2583 non
1663 2529 1893 2603 miserit,

291 2600 820 2677 quor_tiam.rl)ominov
834 2606 1070 2677 jubente.
1099 2604 1195 2656 hoc
1213 2606 1388 2677 [acere
1412 2611 1634 2677 poterat,
1669 2600 1709 2654 l.

360 2675 490 2733 223.
519 2676 804 2745 Ahjurare,
834 2670 1109 2745 denegare,
1148 2673 1347 2727 tollere.
1380 2702 1448 2711 ——
1476 2673 1517 2726 Τ
1525 2670 1737 2737 itulum,
1774 2670 1893 2725 lau-

287 2747 428 2808 dem,
453 2748 530 2801 vel
561 2755 880 2817 potestatem,
910 2747 948 2799 l.

358 2817 487 2871 224.
522 2819 742 2885 Ilegem,
766 2816 1028 2870 Christum
1047 2856 1063 2881 ,
1090 2817 1130 2869 I.

358 2888 485 2943 226.
518 2884 775 2951 Summte,
806 2888 1115 2951 ctrlestium;
1150 2884 1351 2948 medim,
1378 2884 1724 2948 terrestrium;
1748 2885 1888 2946 imre,

287 2960 629 3029 infernarum,
665 2958 704 3013 l.
731 2957 947 3012 Summa
966 2959 1181 3029 scilicet,
1208 2962 1309 3007 ima
1324 2966 1373 3009 et
1397 2956 1566 3007 media
1596 2957 1728 3029 ratio
1752 2970 1769 3006 :
1794 2971 1893 3029 me-

284 3026 376 3083 dia
395 3029 647 3110 siquidem
669 3030 807 3110 ratio
839 3029 992 3110 est'iu
1020 3026 1297 3110 homine...
1330 3042 1529 3110 summa
1561 3026 1697 3110 ratio
1717 3032 1806 3110 ‘est
1836 3027 1889 3075 in

283 3094 504 3171 angelis,
526 3101 632 3153 ima
662 3100 715 3151 in
738 3099 961 3153 minimis
1003 3095 1333 3150 animalibus.
1365 3095 1513 3150 Unde
1537 3105 1585 3148 et
1630 3094 1885 3149 Salomon

1926 2038 1972 2097 Β
2003 2036 2067 2091 de
2094 2036 2299 2093 Christo
2322 2039 2414 2092 sub
2444 2039 2615 2105 specie
2651 2040 2920 2109 sapientiae
2941 2038 3168 2109 loquitur
3194 2081 3207 2098 ,
3250 2035 3556 2106 Pertingens
3583 2055 3615 2091 a

2002 2110 2104 2173 ﬁne
2153 2126 2312 2178 usque
2346 2111 2413 2162 ad
2452 2112 2627 2179 ﬁnem,
2658 2110 2712 2162 id
2736 2121 2808 2163 est
2830 2128 2860 2161 a
2892 2127 3093 2163 summo
3123 2111 3311 2179 angelo
3358 2124 3522 2179 usque
3544 2113 3614 2162 ad

2002 2179 2275 2232 minimum
2300 2181 2637 2234 rermiculum
2660 2181 3007 2248 gubernando,
3044 2180 3163 2235 Vat.
3185 2179 3252 2235 A.

2075 2250 2205 2304 228.
2242 2251 2444 2319 Stygis,
2472 2253 2683 2319 inferni,
2720 2251 2759 2305 Ι.

2073 2321 2202 2376 229.
2241 2323 2455 2387 Delluit,
2488 2323 2772 2377 descendit.
2814 2352 2882 2363 -—
2935 2323 2988 2375 lu
3020 2336 3109 2387 se,
3157 2339 3273 2376 cum
3314 2323 3383 2375 ad
3430 2321 3613 2376 caelum

2004 2394 2233 2445 ascendit
2261 2434 2276 2458 ,
2309 2395 2362 2446 in
2395 2410 2574 2453 unum,
2612 2393 2650 2445 ἰ.

2070 2462 2198 2533 23L
2234 2465 2433 2527 Munia,
2469 2464 2654 2533 ofﬁcia.
2677 2494 2745 2503 ——
2770 2463 2963 2517 Prona:
2982 2504 2995 2525 ,
3022 2462 3288 2528 humanm,
3318 2463 3358 2519 Ι.

2071 2532 2202 2587 252.
2232 2532 2533 2600 Replicata,
2556 2538 2792 2595 reducta,
2829 2544 3095 2599 reparata,
3131 2536 3211 2587 vel
3236 2545 3404 2599 artus,
3436 2533 3475 2591 Ι.

2071 2604 2199 2660 255.
2230 2604 2527 2668 Subvehat,
2559 2607 2715 2658 elevet
2740 2606 2809 2658 ad
2834 2607 3081 2671 etelestia,
3105 2608 3174 2658 ad
3194 2608 3400 2672 coelum,
3433 2605 3469 2657 Ι.

2070 2676 2199 2730 254.
2227 2676 2462 2739 Organa,
2495 2692 2664 2739 uoces,
2697 2676 2737 2729 l.

2072 2746 2201 2801 256.
2262 2747 2497 2801 Heroum
2525 2788 2539 2811 ,
2592 2748 2985 2817 prop/telarum.
3026 2748 3275 2810 —Orsa,
3328 2750 3489 2810 dicta,
3535 2747 3611 2800 vel

2004 2818 2440 2936 {arbaAherounn
2470 2822 2545 2873 vel
2588 2821 2987 2888 praphetarum,
3012 2818 3052 2872 I.
3099 2818 3271 2886 Dicta,
3300 2820 3605 2883 locutiones,

2047 2898 2121 2936 at.
2207 2930 2221 2936 -

2032 2887 2121 2940 ’at.
2156 2892 2221 2943 A.

2059 2957 2530 3083 .237.[Paltefacta,
2563 2960 2915 3031 manifestata.
2950 2990 3021 2999 —
3042 2961 3295 3029 Oracula,
3335 2976 3605 3032 responsa,

2059 3046 2196 3083 iracu
2219 3047 2274 3083 a.
2338 3070 2348 3082 .

1999 3045 2274 3095 miracula,
2310 3045 2348 3083 l.

1645 3187 2210 3246 COMMENTARIUS.

283 3285 473 3356 hymn.
503 3284 561 3339 S.
608 3284 882 3339 Laurentii
938 3298 1081 3339 vers.
1124 3282 1276 3356 15'59,
1326 3280 1503 3356 Trans
1533 3279 1884 3356 Cottianorum

285 3350 432 3429 fuga.
480 3356 556 3410 lta
590 3356 861 3429 appellata
892 3365 1025 3429 sunt
1050 3369 1081 3429 _a
1112 3353 1437 3429 Cottiorege
1465 3350 1887 3429 Galloriint_sub

283 3420 547 3494 Augusto.
579 3420 850 3480 Giselinus
891 3426 942 3478 in
977 3426 1207 3493 vulgatis
1234 3423 1360 3477 edd.
1382 3420 1612 3489 reperit
1639 3420 1886 3494 Gothus;

281 3516 295 3549 ι
327 3493 427 3551 uod
472 3499 687 3566 reiecit,
730 3499 852 3565 quia
883 3510 1074 3549 omnes
1103 3508 1211 3547 uno
1250 3508 1521 3549 consensu
1570 3493 1796 3561 primam
1831 3495 1882 3546 in

280 3514 487 3621 (Ilothus
509 3566 830 3621 corripiunt.
850 3566 1010 3621 idoue
1029 3566 1185 3621 plane
1210 3565 1469 3621 persuasit
1495 3562 1879 3618 Chamillardo.

1996 3282 2199 3353 Christi
2227 3284 2428 3353 passim
2460 3282 2559 3339 SS.
2594 3283 2787 3337 Patres
2840 3290 2897 3336 et
2949 3281 3211 3335 latissime
3246 3282 3606 3352 Hieronymus

1997 3353 2048 3405 in
2072 3350 2327 3424 Com.:ad
2358 3368 2521 3424 caput
2552 3353 2722 3424 Epist.
2758 3352 2823 3407 ad
2858 3352 3057 3422 Ephes.

2066 3423 2196 3479 223.
2228 3422 2350 3477 Vat.
2386 3426 2451 3488 Α,
2484 3422 2623 3487 Pali,
2669 3424 2855 3488 Deum,
2882 3439 2989 3478 non
3017 3424 3177 3477 bene.

2065 3494 2193 3550 226.
2224 3494 2467 3550 Gifanius
2512 3494 2678 3549 lndic.
2712 3495 2872 3550 Lucr.
2908 3494 3076 3549 verbo
3116 3493 3422 3547 Pnovrnnu
3467 3510 3605 3549 aruo

336 3570 487 3620 othus
509 3562 830 3635 corripiunt,
850 3566 1010 3635 idque
1029 3566 1185 3658 plane
1210 3565 1469 3632 persuasit
1495 3562 1879 3618 Chamillardo.
1913 3597 1956 3658 Ο
1994 3564 2314 3649 Lucet-must
2343 3565 2565 3648 corrigit
2590 3567 2821 3648 regionis
2852 3581 2950 3647 pro
2978 3565 3221 3648 rationis,
3245 3566 3392 3658 quia,
3422 3576 3483 3647 ut
3505 3566 3597 3633 ait,

284 3637 487 3692 Verum
521 3653 679 3707 posse
710 3653 923 3707 quoque
954 3638 1199 3706 produci,
1233 3647 1570 3703 compertum
1602 3646 1723 3688 est:
1760 3650 1882 3688 nam

283 3708 458 3763 Latini
488 3706 756 3763 interdum
784 3706 1036 3762 Guttones
1058 3718 1111 3761 et
1138 3706 1317 3759 Gallos
1343 3721 1459 3759 eam
1485 3707 1756 3759 nationem
1791 3721 1885 3771 ap-

280 3782 507 3845 pellant.
542 3791 602 3833 ut
630 3780 760 3833 nihil
791 3782 964 3832 dicam
993 3778 1061 3832 de
1091 3778 1316 3840 Grmcis,
1352 3778 1439 3846 qui
1471 3792 1577 3829 non
1619 3778 1796 3829 minus
1830 3778 1882 3829 in

278 3854 387 3905 hoc
426 3850 710 3905 sciibentlo
761 3850 1021 3903 vocabulo
1076 3850 1302 3902 variant.
1346 3847 1438 3901 Est
1465 3855 1644 3901 autem
1682 3846 1883 3901 Gothus

279 3924 341 3975 in
375 3922 506 3979 Mar.
539 3937 567 3974 a
596 3921 833 3974 secunda
859 3936 1039 3982 manu.
1068 3922 1118 3974 in
1146 3921 1399 3986 Bongars.
1433 3932 1464 3970 a
1495 3920 1667 3986 prima
1696 3933 1879 3980 manu,

280 3995 337 4045 in
370 3991 527 4045 Fubr.
553 3992 656 4045 Sed
678 3992 926 4046 Heinsius
954 4006 1076 4044 cum
1095 3992 1226 4054 suis,
1251 4006 1372 4044 cum
1405 3986 1544 4049 Gis.,
1565 3990 1714 4050 ΑΜ..
1743 3988 1879 4052 PaL,

277 4063 468 4127 Alex.,
502 4063 617 4117 Vat.
652 4061 719 4128 Q,
752 4062 985 4127 Bonum,
1019 4064 1202 4116 Scarus
1230 4071 1318 4113 aut
1350 4058 1579 4114 Scottus.
1610 4056 1881 4113 Giselinus

280 4133 551 4188 feritatem
584 4135 872 4189 Scotorum
915 4133 1231 4186 auctoritate
1263 4131 1319 4186 S.
1368 4130 1677 4198 Hieronymi
1712 4130 1805 4185 lib.
1845 4147 1878 4185 ll

276 4214 468 4259 contra
521 4203 733 4258 Jovian.
775 4205 1091 4273 comprobat
1119 4220 1131 4255 :
1164 4218 1227 4257 ev
1274 4218 1374 4271 qua
1432 4211 1579 4255 certe
1612 4211 1756 4268 patet
1784 4218 1880 4255 eos

277 4276 447 4329 fuisse
475 4276 685 4344 pejores
711 4286 838 4327 cane
882 4274 1075 4339 milite,
1111 4276 1211 4327 hoc
1249 4282 1333 4325 est
1364 4273 1630 4335 tnol05so,
1664 4283 1754 4325 aut
1784 4288 1877 4323 ca-

276 4346 481 4400 strensi
506 4387 519 4409 ,
572 4357 631 4400 ut
679 4347 902 4413 exponit
930 4344 1330 4399 Chamillardus
1365 4360 1379 4396 :
1416 4358 1537 4396 nam
1575 4352 1879 4397 castrenses

271 4433 465 4478 canes,
482 4433 606 4470 cum
628 4417 771 4472 vesci
794 4418 1007 4471 soleant
1029 4416 1283 4470 carnibus
1305 4416 1608 4469 occisorum
1628 4414 1680 4467 in
1700 4414 1876 4479 bellis,

271 4489 525 4542 crudeles
556 4503 679 4542 esse
726 4490 904 4541 solent
934 4498 988 4541 et
1032 4487 1262 4542 feroces.
1297 4486 1421 4539 llmc
1462 4495 1642 4539 autem
1695 4484 1878 4539 feritas

274 4559 501 4611 attribui
530 4560 691 4614 etiam
717 4569 892 4627 poleSl
920 4557 1158 4626 antiquis
1183 4557 1373 4611 incolis
1392 4554 1760 4609 Cottianarum
1790 4560 1879 4610 At-

270 4631 453 4698 piutu,
501 4646 619 4698 qua:
670 4629 891 4684 famosa:
920 4638 1076 4683 erant
1119 4628 1444 4698 latrociniis.
1478 4627 1668 4698 (Sonitu
1713 4629 1877 4692 Alpes

274 4696 655 4779 ltrlpliitiatum
681 4698 1382 4779 a_[_'edemontitldiv_idunt.
1406 4696 1542 4779 Erat
1566 4697 1878 4779 etiam‘pro—

272 4773 602 4825 montorium
634 4772 684 4825 in
718 4772 1035 4826 Mauritania
1065 4772 1352 4841 Tingitana
1400 4769 1570 4823 Cottes
1598 4783 1694 4823 seu
1728 4769 1876 4824 Cotes

268 4843 497 4913 dictum,
531 4842 778 4909 llispanis
802 4842 938 4895 Cabo
966 4851 1190 4911 esparto.
1368 4910 1371 4913 _

345 4911 471 4965 218.
505 4914 735 4980 Βυιιοιι.,
770 4915 973 4983 inepte,
996 4914 1169 4968 cordis
1196 4928 1293 4983 pro
1318 4911 1507 4966 caram.
1537 4911 1650 4967 Nec
1682 4912 1877 4966 melius

266 4982 414 5055 Pai._,
426 4984 599 5055 ﬁdem
628 5000 726 5055 pro
748 4982 869 5053 ﬁde.

343 5051 469 5108 2l9.
494 5051 643 5120 Ald.,
674 5051 831 5125 Egm.
855 5065 910 5112 et
932 5054 1051 5110 Vat.
1085 5055 1131 5110 A
1158 5070 1188 5110 a
1216 5054 1386 5127 prima
1431 5070 1615 5123 manu,
1646 5057 1871 5127 quinque

267 5140 372 5197 pro
389 5128 605 5197 ignique;
630 5130 733 5181 hoc
762 5139 1090 5197 postremum
1120 5126 1410 5181 tenendum
1442 5137 1546 5182 est.

344 5196 473 5250 220.
526 5196 773 5251 Fortasse
825 5198 997 5251 innuit
1035 5197 1359 5252 sententiam
1390 5197 1589 5251 clarius
1616 5211 1644 5249 a
1682 5212 1742 5254 se
1772 5213 1868 5254 ex-

234 5322 237 5325 ,
267 5281 510 5339 pressam
544 5268 661 5323 aliis
684 5268 916 5333 inlocis,
937 5269 1005 5325 de
1029 5269 1229 5339 duplici
1257 5272 1479 5322 vulnere
1510 5269 1716 5324 lateris.

342 5336 468 5392 221.
502 5340 682 5409 Prag.,
714 5350 865 5407 atque
888 5336 1117 5409 manum,
1142 5338 1372 5394 fortasse
1389 5350 1542 5405 atque
1564 5356 1743 5405 manu,
1771 5350 1866 5396 aut

266 5409 520 5478 intelligit
547 5411 817 5464 mersimus
850 5411 1071 5480 digitos,
1106 5420 1257 5480 atque
1282 5426 1510 5463 manum.
1544 5410 1862 5467 Communis

264 5494 507 5549 veraque
534 5481 715 5547 lectio,
745 5494 793 5537 et
834 5498 1101 5548 manuum,
1130 5496 1207 5536 sc.
1242 5482 1455 5535 lacunas
1481 5521 1498 5548 ,
1533 5494 1628 5535 seu
1662 5484 1863 5540 lixuras

264 5566 538 5605 manuum.

339 5622 466 5695 222.
500 5624 714 5679 Sciolus
734 5624 926 5693 aliquis
956 5623 1008 5679 in
1038 5622 1165 5679 Rat.
1189 5639 1289 5693 pro
1306 5624 1634 5695 cognovimus
1662 5638 1861 5693 suppo-

260 5694 375 5748 suit
420 5710 739 5761 t'eneramur,
768 5711 835 5750 ne
867 5695 1039 5749 Iesum
1066 5706 1210 5750 esset
1240 5694 1593 5765 dissyllabutn
1628 5711 1656 5747 a
1691 5700 1859 5751 vocali

261 5765 549 5831 incipiens.
582 5766 655 5820 De
682 5782 789 5836 quo
816 5768 947 5822 satis
975 5768 1027 5822 in
1059 5766 1263 5836 proleg.
1308 5767 1532 5821 dietum.
1579 5765 1857 5821 Ennodius

258 5836 514 5889 similiter
544 5852 670 5891 usus
698 5849 781 5891 est
808 5839 898 5893 lib.
932 5854 987 5893 Il.
1013 5840 1275 5907 epigram.
1308 5836 1406 5901 34,
1437 5837 1667 5905 Suscipit
1710 5837 1857 5891 obla-

258 5922 405 5975 tum,
438 5912 635 5961 rcnimn
677 5912 758 5963 cui
806 5912 1019 5967 contulit
1070 5910 1235 5965 lusus.
1288 5907 1365 5964 De
1414 5925 1568 5978 regno
1613 5918 1858 5978 perpetuo

1989 3650 2137 3709 saepe
2163 3638 2387 3709 regionis
2416 3648 2469 3692 et
2497 3636 2716 3691 rationis
2746 3638 2961 3691 nomina
2994 3638 3135 3709 inter
3168 3650 3228 3690 se
3253 3636 3597 3691 librariorum

1994 3708 2126 3760 vitio
2161 3708 2289 3763 sunt
2327 3710 2637 3777 depravata.
2679 3709 2934 3764 lleinsius
2968 3708 3275 3775 suspicatus
3304 3720 3384 3761 est
3417 3709 3601 3761 statio-

1989 3780 2091 3839 nis,
2124 3794 2232 3849 quo
2256 3780 2476 3834 nomine
2504 3781 2789 3848 imperium
2820 3793 2963 3848 stepe
2990 3779 3343 3848 s'goilicatur.
3370 3777 3603 3832 Chamil-

1992 3849 2174 3904 lardus
2208 3850 2485 3905 lleinsium
2534 3864 2643 3905 non
2675 3851 2980 3907 intellexit:
3025 3849 3112 3903 hic
3153 3850 3385 3903 asseruit
3426 3864 3599 3903 mem-

1992 3920 2185 3974 branas
2218 3932 2363 3977 stare
2388 3928 2705 3977 constanter
2728 3936 2825 3991 pro
2848 3922 2947 3975 hac
2973 3922 3243 3990 scriptura
3267 3921 3507 3985 rationis,
3540 3937 3593 3975 et

1989 3991 2387 4054 Chamillardus
2417 3994 2620 4061 putavit
2670 3993 3015 4047 membranas
3062 4001 3206 4045 stare
3230 4006 3328 4058 pro
3355 3991 3459 4045 alia
3486 4002 3596 4045 sta-

1985 4062 2161 4133 tionis.
2186 4065 2431 4133 adeoque
2448 4064 2732 4129 amplexus
2754 4075 2836 4118 est
2859 4064 3113 4117 stationis.
3139 4061 3405 4117 Cellarius
3431 4077 3597 4131 agno-

1987 4132 2099 4192 vit.
2128 4132 2367 4188 stationis
2414 4148 2534 4188 esse
2567 4149 2631 4187 ex
2689 4134 2907 4204 ingenio
2960 4132 3161 4187 lleinsii
3193 4150 3205 4197 ;
3239 4133 3595 4188 uiltilommus

1984 4206 2220 4258 stationis
2246 4218 2463 4260 secutus
2495 4215 2577 4259 est
2604 4219 2792 4260 contra
2823 4206 3011 4259 libros.
3044 4205 3183 4257 Nihil
3224 4213 3397 4271 muto,
3426 4220 3592 4273 repu-

1984 4276 2274 4342 gnantibus
2305 4277 2557 4331 omnibus
2587 4276 2748 4330 codd.
2784 4292 2917 4331 mss.
2963 4284 3012 4327 et
3060 4274 3218 4339 edil.;
3269 4284 3326 4330 et
3375 4277 3592 4329 rationis

1987 4358 2134 4403 recte
2163 4348 2378 4401 dicitur.
2413 4348 2529 4402 Non
2558 4349 2701 4401 enim
2748 4360 2905 4415 poeta
2937 4347 3081 4400 aliud
3131 4347 3277 4410 vult,
3314 4346 3415 4401 nisi
3446 4347 3591 4411 quod

1984 4418 2234 4473 versibus
2261 4418 2612 4488 sequentibus
2638 4420 2927 4485 explanat:
2954 4418 3139 4471 Carnis
3166 4419 3315 4470 habet
3340 4419 3590 4483 medium,

1982 4503 2239 4560 summum
2271 4488 2467 4552 Patris,
2492 4499 2538 4543 et
2565 4488 2745 4560 Stygis
2776 4492 2956 4560 imum.
2984 4489 3123 4543 Ecce
3153 4502 3441 4560 summam,
3464 4504 3593 4560 Vme-

1981 4558 2125 4613 diam
2150 4570 2204 4615 et
2236 4561 2398 4615 imam
2430 4558 2717 4614 rationem.
2751 4558 2918 4615 Visne
2945 4560 3107 4613 aliam
3132 4558 3322 4613 audire
3352 4559 3592 4623 exolica-

1983 4632 2219 4685 tionem?
2238 4631 2379 4686 ldum
2410 4641 2561 4701 poeta
2584 4631 2746 4697 paulo
2768 4641 2895 4699 post
2917 4650 2928 4684 ε
2952 4629 3046 4684 Est
3071 4629 3233 4697 Deus,
3251 4640 3326 4684 est
3347 4641 3393 4683 et
3411 4630 3587 4696 homo,

1981 4711 2029 4754 et
2051 4702 2109 4768 fit
2141 4715 2405 4766 mortuus,
2438 4712 2485 4757 et
2519 4702 2656 4756 Deus
2684 4702 2821 4755 idem
2854 4713 2951 4767 est,
2999 4702 3185 4754 Omnia
3217 4701 3469 4766 percurrit
3495 4717 3589 4754 na-

1981 4782 2107 4827 turae
2134 4776 2309 4828 munia
2336 4788 2531 4844 prome.
2560 4772 2679 4827 Jam
2701 4774 2766 4828 ad
2792 4775 2906 4829 haec
2931 4774 3030 4827 tria
3064 4772 3244 4827 munia
3266 4772 3589 4842 explicanda

1979 4844 2157 4910 aptius
2188 4848 2507 4901 vocabulum
2540 4856 2622 4900 est
2650 4846 2888 4913 rationis,
2922 4859 3086 4915 quam
3117 4853 3209 4898 aut
3235 4846 3461 4916 regionis
3492 4854 3590 4898 aut

1983 4916 2236 4972 stationis.
2262 4916 2461 4971 Confer
2481 4916 2712 4986 glossas.

1911 4977 1958 5036 Ι)
2055 4987 2182 5041 228.
2231 4987 2289 5042 in
2321 4988 2439 5041 Vat.
2473 4977 2539 5042 Ᾰ.
2564 4987 2769 5057 aliquid
2801 4995 2885 5043 est
2914 4987 3165 5043 abrasum
3188 5030 3203 5056 ,
3230 5000 3327 5056 pro
3349 4999 3457 5056 quo
3486 5000 3577 5041 re-

1977 5060 2122 5111 centi
2152 5074 2310 5112 manu
2354 5061 2549 5113 factum
2577 5060 2755 5111 imum.

2043 5130 2170 5184 250.
2208 5131 2399 5201 Bong.,
2432 5129 2554 5185 Vat.
2590 5130 2649 5194 Β,
2689 5129 2847 5195 Man,
2893 5129 3043 5196 Rat.,
3085 5140 3135 5185 et
3172 5128 3250 5199 ﬁt.
3285 5128 3387 5183 Alii
3418 5128 3581 5183 omit~

1972 5210 2089 5255 ιυηι
2119 5212 2186 5256 et.

2041 5271 2171 5328 232.
2203 5273 2326 5328 Ald.
2356 5282 2411 5327 et
2443 5273 2623 5341 Egm.,
2661 5282 2731 5327 et.
2781 5272 2884 5327 Alii
2932 5281 3008 5325 ut.
3042 5271 3296 5327 Heinsius
3334 5285 3399 5325 ex
3433 5271 3582 5336 Put...

1971 5342 2209 5407 Tliunn.,
2259 5345 2473 5409 Noms.,
2519 5355 2576 5399 et
2617 5360 2643 5395 a
2678 5360 2838 5397 manu
2880 5343 3113 5399 secitnda
3161 5345 3309 5398 llott.
3340 5344 3579 5397 restituit

1971 5430 2174 5467 sursum
2216 5430 2312 5482 pro
2340 5431 2548 5469 rursum
2591 5414 2644 5470 in
2692 5414 2834 5479 aliis,
2868 5414 3011 5484 quod
3053 5415 3233 5482 aliqua
3277 5426 3455 5468 tamen
3492 5430 3578 5464 ra-

1976 5487 2122 5539 tione
2147 5490 2328 5552 posset
2356 5484 2571 5540 defendi
2598 5501 2612 5539 :
2641 5500 2763 5539 nam
2791 5501 2953 5553 supra
2988 5502 3271 5554 rursusque
3299 5484 3581 5539 revolvitur

1970 5557 2024 5609 in
2046 5572 2117 5608 se.
2141 5556 2298 5625 Urh.,
2319 5573 2526 5611 rursum
2543 5576 2561 5623 ;
2577 5558 2758 5621 Alex.,
2788 5556 2903 5611 Vat.
2922 5558 2989 5623 Q,
3006 5572 3344 5610 sursumcnm
3366 5557 3579 5608 lionon.

2041 5626 2170 5681 255.
2219 5629 2430 5682 Perstat
2468 5628 2521 5682 in
2564 5625 2757 5683 eadem
2800 5629 3093 5682 sententia.
3132 5628 3270 5681 Deus
3318 5626 3578 5693 replicata

1970 5699 2154 5751 mania
2186 5710 2427 5767 reportat
2466 5699 2519 5753 in
2564 5700 2788 5764 caelum,
2833 5712 3038 5752 mortua
3066 5714 3181 5768 quor
3216 5703 3445 5767 fuerant,
3492 5699 3580 5750 vel

1968 5783 2167 5836 corpus
2196 5787 2352 5824 suum
2380 5786 2447 5825 ex
2482 5770 2709 5824 mortuis
2734 5772 3049 5831 excitatum,
3083 5772 3164 5822 vel
3196 5769 3424 5823 aliorum
3454 5783 3583 5821 sau-

1968 5850 2177 5895 ctorum
2207 5856 2433 5910 corpora
2465 5858 2479 5895 :
2505 5841 2643 5912 ipsos
2673 5855 2887 5911 quoque
2920 5853 3091 5905 artus,
3120 5841 3581 5912 scilicetcarnem

1969 5926 2143 5976 suam;
2175 5913 2243 5969 de
2272 5909 2373 5983 qua
2398 5909 2583 5983 supra,
2611 5909 2953 5968 carnis’habet
2971 5912 3218 5980 medium,
3241 5918 3297 5965 et
3316 5910 3376 5980 ﬁt
3396 5909 3581 5967 homo.
