4102 6406
587 367 686 421 937

1871 575 1948 648 [et
1969 576 2080 639 lux,

749 663 869 720 Non
914 663 1049 723 lucis
1091 664 1252 731 Deus,
1297 671 1352 718 et
1399 673 1550 733 pater
1593 666 1720 720 est?
1765 668 1879 738 qui,
1921 666 1967 722 si
2005 677 2155 738 pater

1953 761 2079 815 olim

755 846 872 902 Non
901 846 1020 912 fuit,
1044 853 1099 901 et
1119 859 1302 901 serum
1327 848 1512 917 genuit
1538 855 1657 916 post
1673 855 1915 918 tempora
1929 757 2147 915 altrm,

757 934 837 990 ﬁt
865 948 1058 1001 novus,
1087 935 1249 1005 inque
1279 951 1474 991 novum
1507 938 1596 1005 jus
1627 939 1854 1007 prolicit.
1885 939 2067 1005 Absit,
2093 949 2153 994 ut

1445 1077 1453 1084 .
1824 1022 2078 1100 [unquam

574 1113 678 1172 285
751 1113 951 1171 Plenus
971 1115 1235 1187 proﬁciat,
1267 1117 1358 1187 qui
1389 1132 1494 1173 non
1522 1130 1643 1190 eget
1662 1118 2015 1175 incremento.

753 1206 821 1263 Et
839 1208 1001 1272 Deus,
1025 1219 1074 1263 et
1098 1209 1331 1278 genitor,
1351 1207 1662 1278 lumenque,
1683 1209 1918 1280 etgloria
1937 1223 2151 1280 semper

757 1296 851 1354 Ille
881 1297 1017 1353 luit:
1047 1313 1149 1353 nec
1173 1309 1292 1367 post
1313 1298 1416 1354 sibi
1441 1299 1689 1364 contulit,
1719 1308 1776 1354 ut
1809 1309 1959 1368 pater
1983 1309 2144 1354 esset.

752 1388 844 1446 Sic
869 1388 960 1456 tit,
991 1399 1049 1444 ut
1073 1399 1332 1446 aeternum
1354 1390 1636 1445 credamus
1660 1404 1780 1444 cum
1816 1399 1967 1460 patre
1986 1391 2143 1445 Chri-

1887 1481 2046 1553 [stum
2063 1523 2078 1548 ,

755 1571 850 1626 lllo
876 1579 1099 1628 auctore
1120 1580 1332 1638 satum,
1365 1571 1452 1626 cui
1475 1571 1654 1626 nullus
1694 1571 1908 1640 pnituit
1939 1583 2148 1628 auctor.

573 1664 678 1720 290
752 1662 875 1718 Haec
901 1673 955 1718 tu
980 1665 1027 1718 sl
1051 1661 1266 1722 dubitas
1295 1663 1401 1718 nati
1424 1663 1676 1734 mysteria
1708 1661 1927 1729 Christi,

752 1752 1000 1819 Perdite,
1029 1753 1294 1810 catholica
1325 1769 1430 1809 uon
1461 1766 1521 1809 es
1549 1752 1618 1810 de
1651 1753 1808 1823 plebe
1837 1771 1850 1806 :
1879 1753 1975 1809 sed
2005 1769 2145 1811 unus

1677 371 1950 428 AURELII
1992 371 2358 428 PRUDENTII
2396 373 2724 430 CARMINA.

755 479 918 554 529
955 481 1133 553 Ignem
1156 480 1452 538 diminuat?
1473 481 1685 550 quando
1709 482 1885 550 Pater,
1909 495 1964 539 et
1993 485 2156 550 Deus,
2190 491 2236 546 Α

3752 385 3856 441 948

2448 486 2522 541 De
2548 501 2709 556 grege
2735 485 2997 542 tliurilero
3024 499 3332 556 venerator,
3363 491 3748 550 Deucalionum

2443 580 2679 635 Devotns
2700 580 2878 652 cippo,
2907 579 3086 636 liculni
3113 593 3170 638 et
3193 584 3393 653 stipitis
3414 595 3625 642 unctor.

2435 670 2574 735 Quin
2605 669 2784 739 potius
2813 681 3064 728 scrutare
3092 673 3187 729 Dei
3217 675 3490 744 signacula
3521 678 3576 732 in
3607 677 3730 749 ipso

2253 757 2364 815 295
2439 756 2606 814 Fonte
2627 761 2930 827 vetustatis,
2960 777 3212 832 percurre
3235 765 3434 819 scrinia
3452 767 3619 837 'primi

2438 846 2608 919 53o
2646 849 2962 921 Scriptoris,
2993 868 3152 923 quem
3185 868 3291 910 non
3321 854 3520 910 bardus
3545 866 3732 926 pater,
3760 865 3852 912 aut

3395 945 3550 1016 [avus
3577 962 3776 1017 augur,

2443 1033 2642 1090 Fabula
2671 1047 2774 1089 nec
2806 1033 3009 1088 veteris
3052 1031 3232 1100 lania,
3270 1048 3373 1091 nec
3405 1037 3620 1105 garrula
3649 1038 3852 1100 nutrix,

2432 1125 2542 1182 Nec
2574 1139 2703 1194 sago
2744 1123 2997 1193 clangore
3038 1122 3267 1192 loquax,
3310 1136 3368 1181 et
3403 1126 3632 1182 stridula
3660 1128 3850 1182 cornix

2433 1217 2564 1271 Rem
2610 1215 2848 1271 docuere
2877 1214 3009 1270 Dei:
3042 1213 3138 1269 sed
3175 1227 3359 1270 coram
3405 1216 3650 1286 proditus
3693 1217 3850 1286 ipse,

2251 1303 2358 1361 300
2433 1303 2551 1372 ipse
2578 1303 2720 1359 Deus
2746 1303 3011 1373 trepidum
3037 1304 3324 1360 mortalem
3353 1307 3500 1361 mitis
3525 1306 3706 1362 amico

2443 1394 2639 1450 lmbuit
2664 1394 2881 1464 eloquio
2900 1433 2919 1461 ,
2948 1409 3150 1466 seque,
3178 1410 3245 1452 ac
3270 1411 3367 1452 sua
3393 1410 3602 1454 summa
3630 1397 3850 1454 retexit.

2439 1485 2702 1541 Nimirum
2728 1484 2972 1539 meminit
2988 1484 3224 1554 scriptor
3248 1485 3614 1551 doctissimus,
3639 1487 3734 1543 illo

2439 1577 2596 1633 Orbis
2620 1576 2883 1648 principio
2904 1591 3011 1632 non
3037 1576 3237 1643 solum,
3259 1590 3360 1632 nec
3388 1578 3508 1633 sine
3525 1576 3744 1634 Christo

2431 1667 2754 1728 lolormasse
2805 1667 3016 1724 Patrem
3061 1668 3280 1722 tactura
3327 1666 3530 1737 plasma
3573 1671 3826 1724 novellae.

2248 1759 2355 1816 505
2428 1759 2601 1826 Fecit,
2631 1759 2728 1827 ait,
2768 1758 3008 1815 condens
3029 1757 3302 1815 hominem
3321 1757 3486 1827 Deus,
3512 1767 3569 1814 et
3586 1757 3740 1816 dedit
3758 1759 3849 1815 olli

1867 1847 2153 1906 GLOSSE
2195 1851 2530 1908 VETERES.

549 1993 552 1996 .
638 1941 765 1996 282.
796 1942 963 2007 Olim,
995 1941 1324 2009 ctemaliter,
1359 1941 1468 1995 sine
1492 1937 1658 2009 initio,
1689 1939 1796 1996 lso.

638 2011 766 2068 290.
797 2012 876 2066 τη
899 2053 914 2076 ,
947 2011 1265 2072 Sabellicus,
1299 2011 1340 2066 I.

640 2080 766 2136 292.
794 2081 1104 2142 Thurili-ro.
1132 2080 1472 2148 thurificante.
1492 2107 1563 2121 -
1591 2077 1996 2144 Deucalionum,
2025 2079 2149 2133 deo-

569 2167 706 2214 rum,
740 2152 1016 2205 idolorum.
1052 2149 1334 2205 Deucalion
1366 2158 1416 2204 et
1452 2163 1692 2203 mrsua
1717 2149 1915 2218 lapides
1933 2150 2152 2205 sentina-

569 2229 742 2275 urunt
769 2235 791 2274 :
812 2221 929 2274 inde
956 2221 1049 2275 viri
1074 2231 1124 2275 et
1152 2219 1409 2285 mulieres,
1440 2218 1479 2272 Ι.

634 2289 761 2347 293.
789 2289 1024 2361 Devotus
1043 2329 1060 2357 ,
1087 2289 1381 2344 inclinatus.
1409 2317 1484 2361 _--
1508 2285 1710 2358 Cippo,
1740 2297 1920 2344 trunco
1946 2289 2024 2344 vel
2048 2288 2149 2361 ipsi

571 2360 696 2414 Deo.
726 2389 797 2401 —
827 2359 1046 2421 Unctor.
1076 2368 1373 2426 venerator,
1408 2357 1447 2412 I.

633 2430 762 2484 296.
793 2430 1079 2496 Scriptoris
1098 2471 1112 2494 ,
1147 2427 1363 2499 lloysis.
1385 2457 1456 2470 —-
1476 2427 1929 2499 Bardus,stu'tus.
1953 2428 2015 2480 ab
2045 2428 2144 2481 ειεο

566 2499 779 2563 plianto,
807 2500 1076 2563 babiirrus,
1103 2498 1310 2569 stultus.
1341 2499 1645 2569 —7Augur,
1669 2501 1754 2565 qui
1783 2498 1952 2551 arium
1975 2499 2142 2568 garri-

565 2579 669 2621 tum
708 2570 783 2622 vel
811 2569 1084 2639 augurium
1111 2568 1338 2624 observat
1360 2612 1376 2638 ,
1413 2568 1453 2624 Ι.
1483 2568 1555 2609 -4
1594 2569 1818 2636 Bardus,
1848 2569 2053 2634 stultus,
2085 2569 2147 2620 ab

565 2639 832 2706 elephanto
848 2681 863 2704 ,
899 2639 1017 2695 Vat.
1047 2639 1114 2693 Τ.

2179 1944 2224 2004 Β
2320 1944 2446 1998 297.
2479 1943 2694 2010 Nutrix,
2725 1957 2876 2008 anus,
2907 1941 2951 1995 l.

2323 2014 2450 2070 298.
2483 2013 2654 2082 Sago,
2686 2015 2884 2082 magico
2908 2011 2988 2066 vel
3024 2011 3276 2079 prtescio;
3310 2012 3623 2083 prcscienti,
3652 2015 3849 2083 magico

2254 2084 2333 2137 vel
2351 2083 2586 2148 sapienti,
2623 2084 2660 2137 I.

2325 2150 2452 2208 299.
2483 2153 2612 2208 Rem
2631 2191 2648 2217 ,
2683 2159 2875 2204 s'atum
2912 2151 3160 2222 divinum.
3187 2179 3258 2192 —
3280 2150 3474 2206 Coram
3501 2190 3517 2217 ,
3556 2152 3752 2222 palam.
3778 2181 3845 2192 —

2257 2222 2526 2290 Proditus,
2556 2222 2933 2288 manifestata,
2966 2221 3005 2275 I.

2329 2293 2454 2349 300.
2484 2291 2808 2362 Trepidam,
2841 2292 3102 2362 pavidum.
3139 2320 3213 2336 —
3240 2289 3552 2357 Mortalem,
3585 2289 3842 2362 loyseni.

2253 2392 2323 2403 —
2352 2362 2560 2425 Amico,
2589 2359 2868 2427 emicabili,
2899 2359 2938 2414 Ι.

2325 2431 2451 2501 501.
2477 2432 2720 2501 Βειειὶι,
2747 2432 2932 2500 aperit,
2962 2431 3193 2501 aperuit,
3225 2430 3270 2486 l.

2323 2499 2446 2557 302.
2476 2499 2737 2568 Meminit,
2765 2499 2926 2563 docet,
2958 2501 2998 2556 Ι.

2327 2571 2452 2627 505.
2479 2569 2749 2639 Condeus,
2776 2586 2977 2639 creatis,
2999 2569 3040 2627 1.

1907 2708 2475 2783 communitis?

629 2822 755 2877 28!.
787 2820 909 2876 Alii.
937 2835 1058 2876 cum
1086 2821 1205 2877 aliis
1233 2821 1419 2878 scribit
1444 2822 1716 2875 deminuat.

630 2891 756 2946 282.
789 2891 909 2961 Rat.
949 2892 1019 2946 ita
1051 2891 1210 2945 verba
1239 2890 1501 2953 collocat,
1550 2907 1652 2961 non
1692 2892 1820 2944 lucis
1865 2899 2046 2961 pater,
2089 2900 2137 2961 et

566 2959 700 3014 Deus
729 2970 821 3016 est.
862 2960 978 3016 Gis.
1010 2961 1034 3014 1
1071 2963 1201 3016 edit.
1223 3002 1242 3028 ,
1271 2977 1372 3014 non
1403 2963 1531 3014 lucis
1571 2960 1706 3015 Deus
1726 3002 1741 3028 ,
1773 2969 1826 3014 at
1853 2959 1998 3028 pater
2021 2971 2093 3014 est
2115 2960 2141 3013 .’

563 3030 810 3086 Fortasse
835 3043 922 3084 aut
952 3041 1112 3099 pater.

629 3101 756 3154 290.
793 3100 948 3165 Mar.,
981 3100 1207 3165 Widm.,
1241 3099 1430 3169 Bong..
1460 3099 1674 3169 dubites.

2244 2820 2585 2902 ctizeex-s‘tat
2612 2819 2664 2872 in
2694 2815 3150 2902 inscriptionibus.
3185 2886 3223 2902 ἢ
3267 2894 3281 2902 _
3367 2884 3411 2902 ﬁ
3645 2887 3658 2902 .
3768 2889 3782 2902 .

2315 2889 2438 2944 30!.
2472 2889 2663 2942 Weitz.
2686 2928 2700 2949 ,
2737 2884 2958 2952 vnn,
2985 2887 3114 2940 Mar.
3136 2926 3152 2950 ,
3185 2886 3336 2951 Ral.,
3367 2884 3529 2952 Prag.
3551 2925 3567 2949 ,
3607 2887 3834 2951 eloquio.

2246 2959 2368 3013 Ald.
2391 2967 2446 3012 et
2472 2958 2584 3013 Gis.
2606 2999 2622 3023 ,
2651 2958 2898 3026 alloquio.
2933 2957 3070 3026 Nihil
3104 2957 3170 3009 ad
3205 2957 3307 3026 hoc
3322 2957 3647 3026 vocabulum
3672 2953 3839 3013 Hein-

2245 3030 2358 3082 sius
2383 3043 2448 3082 ει
2485 3029 2595 3082 suis
2625 3025 2950 3090 observavit,
2979 3025 3218 3080 Giselino
3247 3025 3549 3081 adhzcrens.

2320 3098 2445 3153 305.
2486 3096 2732 3150 Nonnulli
2777 3095 2968 3166 Vulg.,
2995 3112 3058 3150 ne
3091 3095 3203 3149 sine
3243 3109 3336 3163 pro
3376 3112 3468 3149 nec
3506 3097 3653 3162 sine,
3693 3097 3841 3167 quod

631 3169 756 3225 :92.
790 3170 948 3248 V_oc_at
984 3185 1216 3248 paganos
1238 3169 1300 3221 de
1319 3167 1469 3248 grege
1493 3167 2014 3248 thuriferoeosensu
2036 3180 2140 3248 quo
2172 3226 2214 3248 η
2248 3177 2577 3248 postremum
2601 3167 2773 3248 exigit
2803 3179 3014 3220 sensus.

560 3242 781 3307 Optaiiis
801 3240 934 3292 dixit
955 3226 1267 3307 tiiuiiiﬁcare,
1291 3226 1344 3291 ei
1368 3226 1687 3307 CS'prianu's,
1709 3226 2138 3304 thuri/icatosfln
2169 3226 2215 3288 C

559 3328 587 3376 it
610 3305 732 3365 assa
776 3318 886 3364 erat
933 3305 1188 3375 scriptum
1233 3305 1508 3361 Deucalion
1536 3308 1732 3374 lapides
1756 3348 1771 3370 ,
1800 3317 1848 3360 et
1866 3323 2010 3376 κυεην
2047 3322 2141 3376 sua

560 3375 952 3433 seminaverunt.
1001 3378 1225 3431 Rcstitui
1255 3379 1498 3431 ordinem
1525 3377 1830 3431 verborum.
1863 3375 2141 3430 Deucalio-

559 3465 655 3518 nes
687 3463 908 3502 nume-ra
931 3448 1119 3518 plurali
1147 3448 1293 3518 effert
1315 3489 1328 3511 ,
1365 3458 1423 3518 ut
1457 3455 1822 3518 gintemptum
1848 3445 2139 3518 exprimat.

563 3517 695 3572 Vide
721 3533 862 3572 iers.
894 3515 1014 3572 189.
1059 3519 1110 3569 In
1155 3517 1355 3584 hymno
1381 3517 1439 3571 S.
1472 3515 1695 3569 Romani
1722 3515 1969 3570 similiter
1993 3529 2144 3568 men-

563 3589 637 3640 tio
665 3589 720 3640 lit
752 3587 969 3655 Pyrrhae
991 3627 1007 3650 ,
1049 3586 1226 3640 uxoris
1269 3585 1634 3655 Deucalionis.
1673 3586 1747 3638 Ita
1788 3584 1928 3638 enim
1961 3584 2035 3637 ait
2063 3594 2142 3652 ty-

563 3672 761 3710 rannus
797 3654 1146 3723 Asclepiades
1193 3671 1336 3709 vers.
1385 3655 1492 3709 410
1532 3672 1545 3706 :
1597 3654 1686 3708 Vis
1727 3668 1929 3707 summa
1973 3669 2143 3707 rerum

562 3727 750 3797 nosse?
778 3724 1030 3797 Pyrrham
1057 3727 1278 3797 consule.

628 3795 756 3850 293.
787 3791 959 3850 U'xou.
993 3805 1047 3849 et
1077 3795 1195 3848 Ald.
1221 3836 1234 3856 ,
1269 3794 1444 3859 ﬁculni
1473 3794 1682 3862 stipitis.
1726 3791 1840 3846 Pal.
1866 3805 2026 3862 supra
2050 3808 2144 3846 att-

560 3877 665 3920 ctor
688 3881 784 3935 pro
815 3875 993 3918 unctor
1023 3881 1042 3919 :
1071 3866 1171 3935 hoc
1201 3873 1512 3935 verumest.
1548 3865 1621 3935 De
1644 3864 1744 3916 ritu
1771 3862 2000 3929 ungendi
2022 3863 2142 3935 oleo

559 3933 843 3989 simulacra
863 3976 878 3997 ,
905 3934 1241 3998 sacerdotes,
1283 3934 1480 3987 lumina
1509 3943 1564 3997 et
1594 3933 1743 4002 ignes
1782 3945 1988 4002 sacros,
2019 3933 2142 3988 vide

560 4006 646 4058 .ln.
673 4005 1008 4059 Guillelmum
1042 4003 1315 4060 Stuckiuni
1357 4005 1505 4059 Sacr.
1538 4001 1723 4069 gentil.
1761 4001 2012 4070 descript.
2045 4003 2138 4056 fol.

563 4075 633 4127 55
659 4086 792 4138 terg.
825 4075 1110 4128 Peveratus
1140 4091 1207 4128 ex
1237 4076 1433 4142 hymno
1460 4073 1514 4128 S.
1547 4072 1769 4127 Romani
1792 4111 1808 4134 ,
1838 4085 1980 4142 vers.
2009 4072 2138 4142 260,

567 4143 668 4197 hnc
694 4144 844 4197 παρη
872 4144 1171 4213 fuliginatos
1197 4140 1346 4205 lares,
1375 4145 1512 4213 quod
1543 4145 1670 4213 olim
1702 4140 1981 4213 simulacra
2011 4141 2142 4197 deo-

568 4229 683 4266 rum
733 4214 868 4281 apud
904 4211 1130 4281 gentiles
1161 4213 1304 4265 fumo
1329 4221 1380 4266 et
1403 4211 1658 4266 odoribus
1686 4212 2066 4278 nigrescerent.

633 4284 756 4337 295.
791 4283 971 4344 Fabr.,
999 4283 1175 4348 Μαίη
1210 4283 1386 4350 Prag.,
1416 4298 1646 4350 percurre
1675 4291 1721 4334 et
1759 4281 1975 4350 scrinia;
2001 4281 2140 4348 quod

567 4363 709 4404 tenet
742 4351 857 4407 Gis.
899 4363 950 4406 et
987 4352 1073 4406 alii
1122 4349 1331 4419 vulgati"
1355 4367 1472 4405 cum
1510 4352 1638 4406 Urb.
1677 4361 1732 4403 et
1778 4350 1893 4400 Vat.
1931 4349 1996 4415 ρ.
2036 4351 2139 4405 Sed

565 4423 753 4483 Aldus,
777 4432 831 4476 et
853 4421 1072 4485 Weitz.,
1095 4423 1237 4488 Put.,
1260 4431 1312 4474 et
1339 4422 1453 4474 Vat.
1479 4423 1543 4485 Α,
1570 4421 1628 4484 Β.
1651 4421 1807 4485 Mar.,
1831 4427 1883 4472 et
1905 4420 2143 4487 plerique

564 4493 748 4559 Optimi
793 4507 1028 4561 percurre
1069 4494 1274 4544 scrinia.
1327 4491 1401 4544 lta
1433 4493 1590 4545 etiam
1617 4500 1732 4544 erat
1758 4489 1995 4561 inllat.;
2047 4495 2138 4543 sed

2315 3236 2441 3291 504.
2475 3235 2792 3290 Prudentius
2824 3249 2968 3303 sepe
2991 3249 3086 3303 pro
3103 3245 3337 3304 creatura
3356 3244 3576 3303 usurpat
3598 3235 3808 3304 {actura
3825 3277 3839 3300 ,

2243 3306 2384 3373 quod
2409 3321 2513 3360 non
2541 3306 2773 3360 absurde
2794 3302 2917 3360 ﬁeri
2935 3302 3120 3359 manet
3139 3302 3390 3358 Barthius
3410 3302 3502 3358 lib.
3531 3302 3638 3358 xuii
3670 3306 3838 3369 Δάν..

2243 3391 2363 3442 cap.
2403 3379 2435 3431 8
2458 3418 2472 3440 ,
2506 3389 2807 3444 quanquam
2846 3374 3188 3429 delicatiores
3216 3375 3342 3444 talia
3368 3374 3718 3430 abhorreant.
3751 3376 3838 3432 Si-

2245 3446 2441 3500 militer
2468 3443 2717 3501 sedulius
2747 3445 2838 3515 lib.
2869 3460 2902 3497 tt
2930 3461 2944 3496 :
2976 3444 3048 3498 Ni
3077 3444 3192 3515 pius
3215 3443 3304 3498 ille
3325 3453 3466 3498 sator
3485 3447 3662 3513 culpas
3689 3447 3839 3515 igno-

2243 3531 2381 3568 scere
2408 3525 2694 3584 promptus,
2749 3513 2980 3584 Reddere
2997 3513 3246 3584 difﬁcilis,
3269 3529 3364 3566 sua
3388 3529 3451 3568 ne
3472 3517 3674 3580 factura
3701 3513 3837 3581 peri-

2243 3593 2340 3638 ret.
2381 3583 2621 3638 Alcimus
2659 3585 2844 3637 Avitus
2877 3583 2967 3636 lib.
2997 3599 3013 3637 ι
3045 3601 3059 3636 :
3093 3583 3257 3652 placet
3288 3585 3400 3652 ipsa
3438 3585 3603 3635 tuenti
3632 3585 3836 3652 Arii/iri

2243 3653 2443 3721 factura
2469 3670 2559 3708 suo
2585 3694 2602 3719 ,
2643 3665 2693 3709 et
2735 3668 2878 3722 sa'pe
2923 3649 3410 3720 alias.’Gregorius
3454 3654 3681 3707 Baeticus
3726 3649 3833 3708 non

2245 3725 2454 3787 semel;
2520 3725 2882 3779 Tertullianus
2934 3723 3343 3792 [actitanientum
3399 3732 3556 3777 vocat
3614 3722 3711 3778 lib.
3767 3724 3835 3778 de

2245 3795 2460 3864 Atiititn,
2487 3807 2617 3864 cap.
2643 3793 2728 3848 18.

2317 3861 2453 3920 505.
2473 3861 2563 3917 Ad
2584 3862 2861 3934 Trinitatis
2893 3862 3205 3934 mysterium
3229 3861 3559 3934 probandum
3592 3863 3721 3930 petit
3744 3877 3833 3914 ar-

2243 3945 2550 4054 gumentum
2598 3948 2666 4015 es
2702 3932 2897 4014 Geones.
2945 3931 3068 4014 cap.
3114 3947 3184 4014 ι...
3212 3933 3354 4011 quod
3396 3931 3536 3986 Deus
3571 3934 3835 3987 creaverit

2282 4017 2512 4054 nminem
2543 4003 2606 4054 ad
2633 4016 2915 4054 imaainem
2941 4010 2995 4054 et
3023 4002 3424 4054 similitudinem
3449 4015 3628 4054 suam.
3653 4001 3832 4054 Theo-

2282 4005 2512 4057 ominem
2543 4003 2606 4055 ad
2633 4003 2915 4071 imaginem
2941 4010 2995 4055 et
3023 4001 3424 4071 similitudinem
3449 4015 3628 4056 suam.
3653 4001 3832 4056 Theo-

2244 4073 2346 4136 Ioui
2375 4073 2442 4127 ita
2465 4068 2768 4127 disserunt}
2800 4091 2818 4122 ι
2848 4071 2978 4125 Cum
3001 4072 3077 4125 ait
3096 4071 3238 4126 Deus
3264 4068 3548 4124 Faciamus
3576 4072 3833 4125 hominem

2242 4143 2311 4194 ad
2337 4143 2610 4212 imaginem
2636 4152 2682 4197 et
2707 4142 3092 4196 similitudinem
3115 4151 3365 4205 nostram,
3393 4141 3628 4208 loquitur
3654 4143 3707 4212 in
3737 4158 3833 4194 nu-

2245 4226 2395 4266 mero
2421 4211 2608 4276 plurali
2633 4253 2648 4276 ,
2678 4214 2917 4281 adeoque
2958 4212 3114 4265 unica
3152 4219 3359 4264 tantum
3393 4224 3621 4281 persona
3652 4211 3832 4264 divina

2245 4281 2468 4349 intelligi
2501 4297 2604 4336 non
2637 4292 2810 4350 potest
2833 4279 2915 4336 ‘eo
2953 4282 3119 4334 verbo
3149 4281 3420 4349 faciamus.
3471 4279 3624 4345 Quod
3652 4290 3831 4334 autrni

2246 4351 2310 4403 ad
2347 4351 2629 4419 imaginem
2657 4363 2710 4404 et
2759 4351 3159 4404 similitudinem
3204 4350 3374 4413 dicit,
3420 4359 3624 4403 natura:
3656 4353 3835 4404 unitas

2246 4420 2567 4493 declaratur.
2603 4441 2620 4472 ι
2651 4421 2708 4493 8.
2735 4420 2959 4493 Basilius
2981 4433 3237 4487 personas
3258 4422 3440 4493 plures
3457 4434 3578 4493 esse
3602 4436 3834 4493 nervosa

2249 4491 2518 4545 concludit
2542 4491 2725 4545 homil.
2758 4491 2824 4544 19
2863 4491 2916 4544 in
2947 4494 3311 4544 liexaemeron
3336 4491 3361 4542 ἐ
3403 4492 3526 4553 Quis
3572 4492 3717 4555 faber
3745 4505 3835 4543 aut

563 4575 749 4643 recens
777 4560 1047 4643 corrector
1073 4563 1293 4616 mutavit
1323 4563 1374 4614 in
1404 4577 1695 4641 pchitrrens
1732 4560 1950 4643 scrinia,
1992 4561 2138 4641 .quod
2174 4580 2218 4638 ι)
2244 4563 2501 4643 ξεναγίαι...
2520 4574 2608 4614 aut
2637 4562 2884 4643 lignarius
2903 4600 2917 4623 ,
2948 4568 3038 4640 aut
3067 4569 3209 4643 certe.
3229 4561 3482 4640 coriarius
3521 4572 3665 4643 sutor
3696 4564 3837 4616 solus

564 4631 697 4681 falso
718 4629 1025 4694 crediderit,
1051 4647 1076 4682 e
1103 4641 1427 4697 postremum
1455 4632 1504 4684 in
1527 4644 1764 4700 percurre
1787 4631 2004 4697 produci
2033 4645 2137 4685 non

633 4713 741 4753 888.

565 4712 755 4823 mihi.
794 4770 912 4824 Vat.
940 4769 1000 4833 Β,
1029 4769 1222 4838 pardus
1249 4786 1266 4830 ;
1314 4767 1492 4836 Prag.,
1521 4769 1696 4820 burrus
1722 4785 1739 4822 :
1770 4768 1908 4836 quod
1941 4778 2142 4823 utrum-

563 4852 666 4905 que
695 4838 879 4892 ialautn
909 4849 991 4893 est
1020 4853 1114 4906 pro
1141 4840 1348 4891 bardus.
1380 4839 1596 4906 Proprie
1627 4839 1810 4892 bardus
1831 4851 1912 4893 est
1941 4842 2138 4904 tardus,

563 4910 767 4959 stultus.
812 4908 1201 4961 Chamillardus
1240 4925 1305 4961 ex
1343 4908 1498 4962 Festo
1528 4917 1697 4972 notat,
1730 4910 1927 4964 Gallice
1957 4921 2142 4961 canto-

564 4991 676 5046 rem
719 4978 879 5032 fusse
922 4979 1241 5046 appellatum
1291 4980 1504 5031 bardum
1549 4994 1575 5030 ti
1619 4989 1776 5046 gente
1827 4979 2136 5032 Bardoruni.

563 5045 725 5117 Poeta
769 5045 1001 5101 fortasse
1027 5050 1074 5100 id
1117 5050 1367 5112 respicit,
1417 5051 1554 5117 quod
1596 5045 1716 5102 ante
1751 5049 1883 5101 dixit
1909 5092 1921 5109 ,
1956 5048 2142 5101 Numa:

562 5115 837 5184 haruspex,
860 5117 1262 5187 semiferCottus.
1287 5115 1472 5173 Glossa
1503 5119 1668 5172 lsonis
1691 5120 1752 5170 ab
1773 5120 2061 5185 elephanto,
2089 5132 2142 5172 et

563 5199 745 5251 postea
779 5188 1026 5241 baburrus
1058 5188 1270 5249 indicat,
1307 5191 1373 5241 ab
1402 5204 1466 5242 eo
1498 5192 1686 5242 lectum
1721 5192 1916 5250 burrus,
1949 5205 2033 5251 qui
2060 5198 2142 5241 est

561 5256 800 5323 elephas,
826 5267 880 5311 et
909 5273 1003 5326 pro
1025 5258 1270 5310 baburrus
1304 5260 1576 5321 legendum
1601 5271 1678 5310 est
1708 5260 1908 5310 barrus.
1944 5259 2141 5311 Bardo-

561 5338 678 5376 rtim
703 5343 833 5384 cens
853 5328 1044 5394 duplex
1069 5341 1407 5387 recensetur;
1441 5331 1526 5381 alii
1555 5340 1676 5382 sunt
1707 5330 1855 5380 [inrili
1882 5346 1972 5381 seu
2000 5328 2139 5379 Loti-

559 5395 779 5457 gobardi
816 5401 866 5448 in
901 5396 1181 5450 Ge’rmania
1204 5438 1215 5456 ,
1243 5401 1326 5448 ubi
1360 5412 1499 5450 nunc
1525 5412 1603 5450 est
1645 5402 1875 5450 innrrhni
1908 5401 2139 5452 Brande-

560 5463 805 5529 burgica;
839 5466 924 5518 :ilii
954 5467 1107 5520 Bardi
1130 5476 1184 5520 et
1212 5467 1449 5519 llardnici
1481 5470 1653 5532 populi
1685 5472 1734 5519 in
1760 5469 1948 5520 Gallio.

630 5535 755 5586 298.
784 5535 894 5588 Gis.
928 5539 948 5588 1
984 5537 1138 5598 edit.,
1169 5555 1310 5601 saga,
1342 5539 1496 5589 male.
1525 5537 1716 5589 Cornix
1746 5556 1907 5604 augur
1939 5555 2080 5602 aqua
2109 5554 2134 5589 α

561 5605 825 5655 veteribus
846 5606 1137 5666 dicebatur,
1171 5610 1284 5670 quin
1318 5622 1414 5658 suo
1443 5607 1688 5666 clangore
1719 5611 1946 5674 pluvium
1981 5610 2045 5660 ab
2074 5624 2134 5659 ea

562 5687 662 5722 non
680 5683 886 5740 tantum
912 5678 1197 5740 praesagiri,
1226 5677 1313 5727 πό
1345 5681 1518 5726 \‘ut-nri
1553 5690 1707 5728 etiam
1740 5682 2135 5730 exisiunabanl.

565 5739 746 5796 irridet
781 5739 929 5808 poeta
964 5739 1259 5809 huiusmodi
1309 5749 1728 5812 superstitiones.
1785 5753 1949 5815 Salui.)
1989 5748 2134 5814 adje-

2246 4634 2353 4698 ipse
2378 4632 2603 4700 quidem,
2634 4646 2725 4684 nec
2755 4632 2855 4682 alio
2880 4631 3118 4700 quopiam
3145 4629 3253 4700 sibi
3272 4640 3572 4699 cooperante
3593 4634 3834 4699 stipatus,

2246 4699 2472 4770 interque
2499 4717 2606 4756 sua:
2634 4701 2759 4754 artis
2792 4699 3122 4753 instrumenta
3149 4699 3405 4770 desidem,
3433 4701 3567 4765 quis,
3601 4702 3834 4766 inquam,

2247 4774 2337 4823 sibi
2372 4769 2466 4824 δοιὶ
2495 4772 2841 4823 admurmurat
2864 4811 2878 4834 ,
2912 4772 3124 4822 dicens:
3153 4769 3427 4822 Faciamus
3457 4770 3714 4840 gladium,
3748 4787 3836 4823 aut

2247 4843 2636 4909 Compingamus
2660 4853 2905 4902 aratrum,
2929 4851 3016 4892 aut
3045 4840 3390 4903 (Ion/iciainus
3415 4841 3830 4904 calceamr'nlum,

2244 4928 2302 4961 ac
2331 4929 2429 4964 non
2460 4914 2624 4980 potius
2651 4912 2853 4963 silentio
2884 4927 3050 4973 suam,
3076 4925 3190 4962 cum
3217 4909 3436 4970 libuerit,
3471 4915 3832 4962 accommoda-

2246 4993 2345 5032 tam
2374 4982 2441 5033 ad
2473 4992 2634 5032 artem
2665 4983 2953 5043 exsequitur
2983 4981 3366 5047 operationem?
3414 4980 3472 5032 S.
3517 4981 3749 5033 Hilarius
3782 4984 3831 5033 in

2245 5051 2491 5105 Cenes-.2
2529 5050 2632 5104 Sed
2677 5051 2921 5116 faciamus
2945 5091 2957 5108 ,
2988 5052 3090 5111 ait,
3135 5051 3406 5102 hominem.
3455 5049 3582 5109 Dic,
3626 5062 3831 5115 Optime,

2243 5138 2355 5172 cum
2379 5139 2474 5187 quo
2501 5121 2654 5172 Nunc
2683 5121 2941 5185 loqueris?
2968 5118 3174 5189 Clarum
3204 5129 3310 5181 est,
3339 5123 3449 5189 jam
3485 5131 3590 5169 tum
3621 5123 3708 5170 tibi
3743 5121 3834 5170 Fi-

2244 5191 2342 5242 lt'us
2373 5195 2476 5242 ulto
2509 5190 2707 5243 Assidel
2736 5192 2785 5240 in
2816 5191 2963 5242 solio.
2999 5188 3315 5242 Prudentius
3341 5188 3452 5242 ’a'ia
3483 5191 3564 5241 via
3589 5194 3832 5243 eatiiilctii

2245 5262 2560 5314 sententiam
2593 5259 2882 5312 concludit.
2931 5259 3070 5311 Deus
3097 5258 3364 5312 hominem
3394 5259 3513 5313 fecit
3549 5261 3614 5311 ad
3648 5264 3832 5324 inungi-

2247 5347 2363 5382 nem
2392 5332 2504 5383 Dei.
2531 5329 2666 5395 Quid
2696 5329 2834 5381 aliud
2865 5330 2964 5382 hoc
2985 5338 3087 5393 est,
3120 5329 3220 5382 nisi
3244 5345 3362 5383 esse
3386 5329 3621 5383 Verbum
3647 5330 3830 5381 distin-

2244 5413 2382 5452 etum
2408 5418 2433 5452 τι
2465 5401 2643 5461 Patre,
2665 5401 2803 5466 quod
2828 5400 2895 5451 sit
2925 5401 3064 5452 Deus
3091 5410 3143 5452 et
3166 5400 3339 5465 imago
3363 5399 3573 5452 Patris?
3604 5399 3833 5453 Verbum

2244 5487 2360 5522 esse.
2393 5473 2613 5523 fortnam
2640 5479 2692 5523 et
2718 5470 2997 5534 imaginem
3030 5469 3234 5530 Patris,
3261 5485 3402 5522 \‘ers.
3437 5470 3505 5522 7'2
3533 5472 3830 5535 exi-licam-

2247 5557 2382 5592 inus.
2417 5540 2773 5592 Tertullinnus
2796 5541 3049 5592 adversus
3072 5540 3326 5591 Praxeam
3350 5555 3465 5604 cap.
3498 5541 3561 5591 12
3593 5559 3603 5592 :
3637 5541 3695 5592 Et
3720 5545 3831 5606 [erit

2249 5611 2380 5660 Deus
2418 5613 2690 5674 hominem,
2722 5613 2786 5658 ml
2830 5611 3097 5674 imaginem
3131 5608 3224 5660 Dei
3249 5610 3363 5675 fecit
3395 5613 3559 5661 illum.
3603 5610 3707 5663 Cur
3737 5628 3833 5660 non

2241 5697 2382 5728 suam
2403 5724 2414 5740 ,
2446 5682 2484 5730 si
2516 5697 2644 5730 unus
2667 5722 2678 5742 ,
2714 5681 2798 5742 (tui
2827 5679 3075 5746 faciebat,
3104 5689 3149 5730 et
3188 5696 3287 5730 non
3318 5691 3454 5742 erat,
3486 5683 3553 5730 ml
3586 5686 3732 5747 cujus
3758 5690 3835 5746 ια-

2245 5751 2441 5801 -ιιίνιιιβ
2488 5750 2612 5802 litat
2647 5761 2812 5802 autem
2855 5753 2920 5801 ad
2968 5754 3113 5819 cujus
3165 5751 3434 5821 imaginem
3478 5754 3722 5819 faciebat,
3766 5754 3834 5801 ad
