4190 6436
318 432 424 489 953

316 544 420 603 560
499 544 643 599 llane
667 542 797 613 fugit
827 541 1061 596 exclusis
1090 540 1341 610 :Euyptia
1371 541 1523 606 plaga
1551 537 1794 605 ﬂagellis,

499 636 620 689 llaec
648 637 787 703 regis
818 633 991 688 Pharii
1022 646 1240 699 regnum
1266 628 1431 682 ferale
1462 627 1704 688 resolvit,

499 728 676 795 Deque
708 727 988 796 potestatis
1019 725 1301 777 mundanae
1331 721 1592 791 grandine
1620 719 1786 774 densa

498 819 669 888 Eripit
695 818 964 872 Abraham
996 831 1116 869 cum
1149 816 1339 884 stirpe,
1367 824 1422 869 et
1449 824 1608 884 gente
1637 812 1802 867 ﬁdeli.

497 910 724 965 Abrahae
753 924 920 978 genus
951 919 1031 962 est
1061 921 1246 961 verum
1279 923 1291 958 :
1322 907 1406 960 cui
1439 905 1656 974 sanguis
1692 909 1743 958 in
1775 919 1868 958 ore

497 1000 658 1072 E36
685 1000 953 1064 Creditur,
989 999 1385 1068 inscriptusque
1411 997 1565 1051 rubet
1596 1015 1608 1048 :
1640 997 1726 1048 cui
1755 997 1903 1049 visus

1569 1086 1644 1158 [in
1677 1086 1828 1150 orbe,

319 1001 426 1056 565

496 1181 645 1237 Haud
673 1181 948 1237 dubitante
978 1181 1081 1235 nde
1101 1219 1118 1247 ,
1149 1179 1294 1234 Deus
1320 1187 1436 1244 est,
1481 1178 1620 1232 Deus
1648 1191 1713 1231 ex
1747 1175 1905 1231 Patre
2008 1179 2113 1234 380

1625 1267 1828 1337 [verum

497 1363 590 1419 Ille
619 1364 787 1420 Deum
817 1364 968 1425 vidit,
1007 1365 1176 1417 visum
1205 1376 1327 1418 mox
1357 1359 1624 1416 credidit:
1650 1369 1705 1413 at
1735 1369 1792 1412 tu

493 1454 783 1509 Posteritas
811 1455 1010 1516 carnis,
1038 1453 1326 1508 carnaliter
1355 1452 1533 1505 omnia
1565 1449 1814 1513 credens,

493 1544 680 1599 Carnis
701 1559 836 1612 opus
859 1546 960 1600 sub
981 1546 1096 1614 lege
1117 1544 1280 1612 geris,
1296 1558 1454 1612 quam
1481 1542 1700 1611 spiritus
1716 1541 1901 1610 implet

316 1636 423 1691 570
494 1636 719 1690 Interior
747 1652 760 1690 :
787 1651 884 1690 nec
913 1639 1055 1690 enim
1077 1635 1216 1690 cmlo
1240 1636 1322 1688 lex
1354 1649 1548 1690 carnea
1578 1633 1754 1699 ﬂuxit,

491 1725 661 1792 Quam
685 1734 741 1780 tu
769 1741 932 1780 carne
961 1726 1094 1780 colis
1121 1744 1133 1778 :
1162 1727 1256 1781 sed
1288 1725 1503 1780 Christo
1533 1724 1659 1788 leta,
1693 1737 1898 1777 meam-

1701 1813 1828 1886 [quo

488 1906 647 1975 Spem
677 1907 911 1976 paritura
942 1915 1128 1968 utero;
1171 1921 1330 1976 quam
1372 1907 1568 1975 spem?
1608 1905 1710 1960 nisi
1739 1905 1895 1959 lumi-
1932 1891 1974 1950 Β

1511 1999 1591 2053 nis
1618 1997 1818 2051 almum

1511 1999 1591 2053 nis
1618 1997 1818 2051 almum

489 2082 1076 2151 Lumen,etadventum
1102 1997 1896 2158 Domini,quetdvideratAbr:e

1717 428 1756 480 A
1767 424 1940 480 POTH
1952 425 2156 481 EOSIS.

3504 425 3608 480 954

2195 538 2368 592 Prima
2405 539 2537 594 ﬁdes
2559 579 2574 602 ,
2607 537 2910 608 nostrisque
2945 547 3097 606 pater
3130 541 3450 606 promiserat
3477 541 3607 595 olim

2190 629 2629 698 Perspiciendum
2650 631 2843 695 oculis,
2862 639 2916 685 et
2933 631 3065 699 legis
3084 645 3213 687 voce
3231 631 3562 700 probandum
3591 653 3603 686 :

2189 720 2296 776 Nec
2314 722 2489 775 solum
2519 721 2653 792 legis
2677 737 2688 773 :
2715 735 2837 774 nam
2860 735 2980 789 qute
3005 722 3114 788 jam
3139 719 3312 775 littera
3333 720 3604 777 Christum

2186 809 2303 865 Non
2351 809 2532 876 habet,
2580 822 2673 866 aut
2705 825 2824 880 qua:
2860 826 2965 864 non
3011 813 3331 880 scriptorum
3374 814 3602 867 armaria

3312 901 3530 976 [Chrhti

2188 991 2370 1048 Laude
2400 992 2618 1052 referta.
2653 991 2806 1047 novis
2826 992 3105 1050 celebrant
3129 993 3383 1048 miracula
3412 993 3605 1049 libris?

2189 1085 2447 1140 ﬂehrmus
2476 1087 2656 1154 pangit
2687 1085 2880 1156 stylus,
2905 1087 3080 1140 Attica
3110 1087 3264 1152 copia
3294 1087 3499 1157 pangit,

2187 1179 2376 1246 Pangit
2404 1187 2453 1233 et
2489 1179 2743 1234 Ausoniae
2769 1178 3021 1233 facundia
3051 1180 3207 1234 tertia
3240 1179 3452 1249 linguae.

2184 1274 2345 1346 437
2372 1275 2572 1329 Pilatus
2595 1275 2748 1344 jubet
2774 1275 3058 1345 ignorans:
3083 1277 3124 1341 l,
3145 1276 3343 1341 scriba,
3375 1275 3601 1345 tripictis

2185 1366 2378 1433 Digere
2406 1365 2704 1427 versiculis.
2731 1382 2851 1436 qum
2877 1367 2948 1420 sit
2967 1367 3158 1422 sul'lixa
3193 1375 3453 1434 potestas.

2185 1456 2382 1511 Fronte
2408 1459 2586 1511 crucis
2610 1456 2793 1512 titulus
2815 1459 2887 1511 sit
2917 1457 3135 1526 triplex,
3167 1457 3373 1524 trii-l'ce
3395 1457 3594 1527 lingua.

2183 1548 2456 1616 Agnoscat.
2483 1547 2668 1601 Judaea
2700 1547 2905 1618 legens,
2940 1559 2993 1602 ct
3015 1547 3220 1603 Graecia
3253 1550 3418 1614 norit,

2191 1635 2256 1690 Et
2285 1647 2536 1691 venerata
2571 1637 2737 1692 Deum
2771 1647 3081 1705 percenseat
3111 1652 3275 1693 aurea
3300 1637 3487 1691 Roma.

2185 1728 2451 1798 Quidquid
2491 1729 2542 1783 in
2581 1743 2686 1784 tere
2730 1743 2860 1783 cavo
2895 1730 3126 1785 reboans
3164 1729 3290 1782 tuba
3320 1743 3479 1783 curva
3513 1741 3598 1782 re-

3293 1818 3488 1890 [mugit
3507 1834 3523 1878 ;

2179 1907 2450 1979 Quidquid
2513 1908 2582 1963 ab
2646 1922 2847 1964 arcano
2908 1909 3080 1964 vomit
3131 1907 3322 1980 ingens
3375 1908 3598 1976 spiritus

3285 1998 3522 2070 {haustu,

2183 2089 2450 2158 Quidquid
2469 2099 2614 2148 casta
2628 2089 2834 2162 chelys,
2850 2089 3105 2161 quidquid
3123 2091 3336 2146 testudo
3350 2089 3594 2159 resuitat,

2011 630 2114 686 575

2006 1638 2112 1693 585

1604 2181 1894 2238 GLOSSE
1939 2181 2275 2240 VETERES.

383 2268 508 2324 360.
539 2269 705 2335 Hanc,
729 2271 956 2336 domum,
995 2272 1033 2323 Ι.

382 2338 505 2392 561.
541 2340 666 2411 Haec
689 2384 703 2406 ,
756 2343 940 2408 passio.
971 2370 1039 2380 —
1061 2339 1268 2411 Pharii,
1310 2339 1587 2410 Egyptii;
1633 2343 1894 2411 sacrilegi.

315 2404 519 2480 Pharus
550 2404 811 2480 Aigy'ptus
839 2409 1330 2474 dicaam—Ferale,
1365 2404 1609 2474 uirosuni,
1660 2404 1893 2465 mortale.

315 2477 643 2601 Tllefollvit',
662 2477 795 2549 quia
825 2481 1010 2532 Christi
1043 2481 1210 2546 passio
1241 2490 1534 2547 potestatem
1563 2481 1757 2534 diaboli
1804 2483 1898 2534 dc-

315 2563 334 2598 s
361 2559 516 2601 ruxtt.
577 2589 588 2599 .

311 2558 516 2611 struxit,
551 2558 588 2601 Ι.

384 2617 506 2688 564.
543 2618 595 2671 1η
626 2633 739 2687 ore,
770 2621 955 2688 fronte,
982 2620 1018 2672 Ι.

385 2686 510 2758 565.
542 2686 806 2753 Creditur,
840 2691 1153 2758 immittitur,
1183 2693 1258 2745 vel
1283 2692 1691 2756 commendatur,
1721 2691 1761 2744 l.

381 2754 505 2809 568.
537 2758 794 2820 Credens,
823 2775 1052 2824 cernens,
1089 2763 1129 2817 Ι.

382 2826 507 2896 569.
535 2825 708 2896 Coris,
738 2828 883 2896 facis,
913 2828 948 2880 l.

534 2895 680 2969 Feta.
711 2899 962 2969 mysteriis
990 2899 1177 2954 Christi
1212 2903 1381 2967 plena,
1416 2900 1456 2969 l,
1493 2902 1622 2956 Mar.

382 2964 503 3017 577.
539 2964 799 3030 Armaria,
832 2970 1043 3030 scrinia,
1066 2964 1344 3030 volumina.
1373 2971 1410 3024 Ι.

380 3034 505 3088 578.
538 3033 769 3099 Referta,
802 3041 1010 3106 repleta,
1041 3041 1213 3107 plena,
1238 3043 1511 3108 completa,
1543 3041 1580 3094 I.

2074 2273 2200 2327 579.
2237 2275 2431 2328 Attica.
2470 2273 2810 2338 Atheniensis,
2836 2273 3018 2328 erca
3046 2273 3254 2333 locutio,
3290 2270 3331 2324 1.

2075 2344 2202 2398 580.
2230 2347 2502 2406 Ausonia,
2537 2343 2758 2409 Latimz,
2793 2344 2983 2404 Italia.
3022 2343 3287 2407 Romam,
3323 2341 3362 2395 I.

2075 2414 2199 2467 581.
2231 2413 2505 2481 Tripictis,
2530 2415 2798 2482 tripliciter
2821 2413 3141 2475 conscriptis.
3177 2413 3280 2466 lso.

2076 2480 2453 2606 38_2.IDigere,
2507 2480 2624 2551 dic,
2679 2487 2902 2551 ordina,
2951 2485 3029 2538 vel
3069 2480 3595 2543 scribe.—Sul'lixa,

2076 2569 2162 2606 ιει.
2223 2594 2235 2606 .

2003 2569 2162 2612 ενιιει.
2197 2569 2235 2606 Ι.

2077 2621 2200 2694 585.
2236 2622 2454 2694 Fronte,
2480 2624 2532 2676 in
2553 2626 2744 2694 stipite,
2776 2625 2819 2679 l.

2079 2692 2204 2766 585.
2227 2692 2577 2766 Pet-censeat.
2603 2692 2851 2766 perlegat,
2876 2695 2914 2748 1.

2074 2762 2198 2816 586.
2227 2763 2498 2827 Reboans,
2527 2762 2978 2828 sonansfcanens,
3013 2763 3053 2817 l.

2071 2833 2197 2885 587.
2229 2833 2310 2886 Ab
2337 2848 2554 2894 arcano,
2595 2851 2627 2887 a
2665 2836 2927 2904 pulmone.
2950 2864 3021 2876 ——
3044 2835 3240 2899 Vomit,
3286 2835 3501 2904 profert.
3527 2862 3596 2874 —

2001 2899 2214 2964 Ingens,
2248 2919 2486 2970 magnus,
2522 2904 2560 2957 Ι.

2067 2970 2190 3026 588.
2223 2973 2402 3037 Casta,
2433 2973 2552 3027 ideo
2586 2975 2710 3027 dicit
2747 2984 2961 3037 castam,
3004 2975 3124 3042 quia
3152 2990 3270 3027 cum
3299 2990 3356 3028 ea
3392 2973 3596 3027 laudem

1996 3041 2828 3114 virginumcancbant.—-Cltelys,
2863 3041 3087 3111 cithara,
3120 3060 3288 3099 musa.
3322 3043 3515 3108 Chelas,
3539 3045 3594 3097 id

1661 3147 2223 3208 COMMENTARIUS.

379 3237 499 3292 560.
527 3238 772 3310 Nonnulli
801 3238 979 3310 Vulg”
1012 3239 1263 3310 Egypti;
1295 3241 1430 3304 PaL,
1457 3239 1888 3310 Egypticaﬂis.

310 3307 363 3377 in
411 3318 576 3374 testu,
629 3309 775 3371 Ald.,
827 3307 971 3362 Vatt.
1013 3307 1188 3377 A,‘Q,
1237 3311 1466 3371 Thuan.,
1512 3307 1638 3370 υἱ..
1680 3309 1888 3373 Noms.,

314 3376 468 3441 ιιι-ιλ,
510 3377 681 3440 Sich.,
713 3379 954 3448 ﬂagellis.
991 3376 1240 3434 Nonnulli
1274 3381 1478 3442 Heins.,
1513 3381 1666 3433 Alex.
1698 3389 1749 3433 et
1780 3380 1889 3441 alii,

312 3448 750 3517 procellis,_quod
793 3447 1050 3504 Weitzius
1094 3453 1374 3515 amplexus
1419 3461 1535 3512 est;
1580 3451 1746 3517 ﬂagra
1783 3450 1893 3502 sive

1999 3243 2335 3310 trauscripsit
2379 3244 2588 3298 sicriba.
2650 3243 2833 3309 Neque
2887 3243 3136 3300 Heinsius
3202 3243 3592 3299 correctionem

1997 3310 2404 3382 animadvertit;
2426 3315 2520 3367 sed
2536 3330 2656 3368 cum
2672 3315 2934 3370 Salmasio
2951 3314 3231 3382 vestigium
3250 3329 3391 3368 verae
3409 3315 3594 3368 lectio-

2000 3381 2081 3431 nis
2111 3379 2162 3431 in
2203 3381 2391 3434 Aldina
2422 3383 2656 3438 editione
2698 3393 2909 3438 exstare
2940 3379 3226 3437 afﬁrmavit
3266 3385 3319 3436 in
3358 3384 3544 3437 sicriba
3572 3401 3591 3438 :

1998 3461 2050 3521 et
2081 3464 2146 3502 ex
2177 3450 2290 3504 suis
2326 3454 2546 3507 vetustis
2589 3469 2724 3521 pene
2752 3453 3003 3507 omnibus
3043 3453 3278 3508 restituit
3316 3452 3368 3518 l,
3400 3454 3589 3508 scriba.

309 3515 757 3598 ﬂagellq‘iﬁgypti
787 3532 1046 3598 vocantur
1071 3520 1137 3572 ab
1164 3520 1546 3598 AlciinouAvitu
1573 3515 1734 3598 libgv,
1761 3518 1895 3598 Greo
1921 3537 1966 3598 ρ
2004 3517 2076 3570 Et
2107 3535 2212 3585 quo
2242 3536 2428 3598 arguo,
2449 3515 2614 3598 unam
2646 3534 2852 3577 tantum
2876 3533 3089 3598 exstare
3119 3515 3590 3598 Aldinatneditioa

309 3589 458 3650 μαι-ιο
498 3586 848 3650 Νδιιόηῑθηο,
884 3588 1174 3641 Fortunato
1219 3597 1272 3642 et
1328 3589 1474 3652 a'iis;
1524 3589 1664 3654 quod
1701 3589 1894 3641 contir-

314 3667 421 3729 mat
453 3657 733 3729 legendum
763 3657 1006 3729 flagellis,
1043 3660 1343 3726 praesertim
1375 3662 1494 3727 quia
1540 3659 1695 3727 plaga
1727 3661 1898 3725 poscit

311 3725 552 3793 ﬂagellis.

387 3795 514 3849 565.
539 3796 747 3849 Thua...
777 3806 830 3849 et
853 3797 957 3849 duo
985 3797 1162 3860 Torr.,
1187 3800 1429 3852 creditus.

382 3865 506 3919 566.
533 3863 727 3919 Οιοιι..
760 3882 824 3918 ex
856 3866 1010 3919 Patre
1031 3883 1177 3929 vero;
1201 3868 1314 3933 lege
1344 3882 1509 3920 verus.

381 3934 504 3988 568.
544 3935 662 3989 Vat.
695 3935 734 3988 Β
757 3949 784 3985 a
814 3937 981 4002 prima
1012 3952 1192 4001 manu,
1235 3937 1366 3989 Mar.
1399 3938 1468 3990 ah
1507 3935 1677 3990 aliena
1710 3950 1888 4002 manu,

310 4002 508 4058 Widm.
552 4018 734 4067 supra,
767 4004 930 4073 Bung.
973 4015 1027 4059 et
1063 4007 1301 4060 nonnulli
1343 4011 1509 4074 vulg.,
1561 4020 1770 4058 cernens
1798 4022 1893 4073 pro

307 4075 532 4197 redeas.
583 4075 774 4128 Glossa
824 4074 1012 4141 lsonis,
1045 4091 1275 4140 cernens,
1323 4078 1500 4145 petitis
1552 4083 1636 4130 est
1681 4077 1891 4130 diversa

327 4154 485 4197 actio.

327 4154 485 4198 ectto.

374 4214 500 4267 57!.
529 4211 675 4275 Διά..
709 4213 884 4267 minus
910 4214 1067 4281 bene,
1095 4213 1296 4268 Christo
1329 4215 1455 4281 ﬁxa.

374 4283 497 4338 572.
528 4281 840 4353 Becmanus,
891 4299 1008 4350 cap.
1059 4285 1093 4338 6
1141 4284 1440 4338 Manuduct.
1481 4286 1546 4337 ad
1578 4285 1708 4353 ling.
1743 4284 1886 4350 Lat.,

307 4360 508 4416 monet,
544 4351 594 4403 in
632 4353 944 4419 quihusdam
979 4354 1232 4408 mendose
1270 4355 1369 4421 legi
1409 4356 1502 4407 sed
1530 4351 1732 4407 Christo
1759 4357 1887 4418 ﬁxa,

308 4435 569 4489 areamque
591 4422 748 4488 Spem
772 4425 970 4485 paritur
992 4436 1044 4474 ut
1074 4439 1162 4475 oro
1185 4439 1281 4490 pro
1298 4427 1421 4492 fcta,
1445 4441 1708 4491 meamque
1730 4424 1886 4490 Spem

307 4497 540 4555 paritura
569 4502 743 4562 utero;
773 4491 873 4544 Pro
911 4493 1117 4544 luminis
1155 4491 1341 4546 omnes
1388 4495 1681 4547 Heinsiani.
1719 4496 1882 4562 Bong.

302 4576 483 4630 supra,
527 4560 673 4622 ΛΜ..
707 4559 846 4622 Gis.,
880 4563 1120 4622 numinis,
1155 4565 1292 4630 quod
1325 4574 1497 4616 exstat
1537 4569 1585 4617 in
1623 4565 1740 4619 Val.
1778 4559 1882 4616 A'a

305 4645 471 4694 prima
502 4645 682 4692 manu,
714 4633 763 4681 in
791 4632 920 4683 Mar.
946 4647 972 4682 a
1003 4635 1230 4685 secunda
1256 4649 1435 4685 manu.
1464 4635 1738 4694 Weitzius,
1766 4633 1882 4687 Vat.

302 4700 360 4760 Β,
398 4700 576 4768 Prag.,
609 4698 751 4770 Rat.,
779 4699 975 4754 Widm.
1011 4717 1193 4768 supra,
1233 4703 1347 4754 Vat.
1387 4705 1430 4755 A
1462 4718 1643 4770 supra,
1688 4707 1819 4756 Mar.
1853 4719 1880 4756 a

302 4773 468 4839 prima
507 4783 662 4821 manu
703 4768 929 4822 luminis.
973 4770 1188 4824 Teolius
1213 4786 1332 4824 cum
1379 4768 1594 4826 Heinsio
1639 4775 1783 4839 facit,
1821 4789 1884 4826 ac

297 4838 470 4910 solum
521 4840 756 4910 agnovit,
813 4839 1117 4910 Vaticanum
1167 4857 1327 4894 unum
1379 4838 1879 4910 prmstantissitnum

300 4906 494 4980 habere
534 4902 762 4980 luininis.
785 4908 1042 4980 rGil'anins
1083 4927 1145 4964 ex
1187 4913 1352 4964 veteri
1379 4902 1535 4964 'Iiliro
1567 4915 1636 4964 ita
1669 4929 1880 4980 quoque
1912 4902 1961 4961 D

298 4976 687 5098 legendum
712 4995 724 5030 :
751 4979 830 5030 sic
859 4992 980 5030 ante
1010 4984 1070 5033 de
1109 4981 1298 5031 lumine
1337 4982 1528 5043 lumen,
1566 4993 1621 5036 et
1663 4976 1711 5035 in
1756 4976 1875 5034 fidei

298 5046 539 5098 vanbulu
686 5064 745 5098 en
787 5048 848 5098 de
886 5051 1078 5098 lumine
1107 5065 1125 5098 :
1164 5053 1354 5098 crebro
1389 5052 1581 5098 lumen-
1614 5061 1875 5098 etnumm

296 5046 539 5112 symbolo
569 5046 745 5098 Πῇηθη
787 5048 848 5099 de
886 5051 1078 5100 lumine
1107 5065 1125 5100 :
1164 5053 1354 5103 crebro
1389 5052 1582 5116 lumen,
1614 5061 1876 5106 etnumen

297 5116 432 5167 inter
457 5129 516 5167 sc
546 5126 901 5171 commutasse
931 5118 1174 5172 librarios
1207 5130 1389 5172 notum
1418 5131 1522 5174 est.

364 5185 488 5238 375.
521 5183 696 5248 Progu
732 5187 891 5246 male,
927 5189 1292 5254 perﬁciendum
1317 5192 1500 5244 oculis.

363 5254 486 5327 §76.
519 5255 569 5327 l_n
604 5255 739 5327 Aldo
771 5259 1018 5310 mentium
1046 5275 1261 5324 namque
1281 5261 1416 5327 jam.

361 5324 819 5394 577.7Armarium
848 5328 981 5378 sumi
1010 5330 1145 5381 solet
1175 5324 1566 5394 prti'tabtilariis
1588 5330 1700 5383 site
1731 5329 1872 5384 foru-

398 5393 590 5468 quibus
619 5393 1114 5468 libricollocantur,
1156 5393 1219 5452 ex
1253 5398 1544 5468 interprete
1573 5399 1867 5466 Juvenalis,

292 5464 640 5526 'l‘vrtnlliano,
671 5464 892 5518 Sidonio
919 5476 971 5517 et
1001 5468 1136 5519 aliis.

362 5532 486 5604 578.
523 5532 666 5604 ltat.,
699 5535 852 5587 laude
883 5536 1072 5603 refecta
1100 5553 1126 5588 a
1160 5538 1325 5602 prima
1361 5554 1543 5604 manu,
1577 5553 1679 5591 non
1712 5537 1869 5594 bene.

360 5601 486 5655 581.
528 5601 737 5655 Primus
773 5601 1011 5657 omnium
1054 5601 1218 5659 Aldus
1254 5609 1420 5662 edidit
1461 5601 1707 5672 l,'scriba
1732 5624 1750 5672 ,'
1777 5612 1871 5664 sed

288 5685 408 5747 cum
446 5672 696 5725 mendum
730 5676 1164 5743 typOgraplticntn
1207 5677 1536 5747 irrepsisset,
1575 5693 1767 5747 nctnpe
1803 5682 1874 5732 si-

288 5742 445 5803 criba,
487 5752 541 5794 et
579 5756 814 5796 errorem
842 5742 983 5798 clari!
1011 5742 1333 5800 correxiSset
1363 5750 1416 5800 in
1448 5742 1746 5810 emendatis,
1777 5749 1868 5803 alii

288 5812 521 5866 editores
549 5824 840 5878 posuerunt
875 5823 927 5867 tu
965 5816 1149 5868 scriba.
1194 5813 1442 5871 Nebrissa
1475 5834 1600 5874 vero
1627 5833 1866 5874 errorem

2005 3602 2126 3660 nem
2159 3603 2301 3645 anno
2334 3591 2462 3645 1501
2502 3604 2771 3660 peractam
2809 3611 2820 3644 :
2855 3607 2958 3647 non
3004 3592 3148 3647 enim
3190 3593 3448 3647 credibile
3485 3604 3587 3656 est,

2004 3666 2059 3709 ut
2101 3659 2186 3712 hic
2218 3675 2369 3714 error
2394 3663 2602 3727 sicriba,
2646 3662 2756 3732 jam
2801 3664 2851 3716 in
2900 3664 3069 3732 prima
3101 3665 3510 3716 animadversus
3538 3673 3588 3718 et

2003 3739 2300 3800 correctus,
2345 3731 2395 3783 in
2441 3731 2673 3786 secunda
2720 3733 3094 3800 replicaretur.
3146 3732 3375 3788 Codices
3417 3735 3587 3787 nostri

2002 3798 2227 3870 variant.
2259 3799 2439 3870 Prag.,
2477 3811 2528 3855 tu
2554 3801 2742 3857 scriba.
2772 3798 2915 3857 Vatt.
2943 3805 3009 3866 Α,
3043 3804 3110 3870 Q.
3144 3805 3410 3865 inscripta.
3440 3803 3586 3860 Rat..

1999 3869 2289 3921 scribenda.
2338 3869 2492 3932 Man,
2535 3873 2820 3936 scribenda,
2863 3887 3023 3939 supra
3055 3869 3367 3927 charactere
3411 3889 3588 3925 minu-

2002 3939 2120 3990 tiori
2153 3940 2436 4012 inscripta;
2467 3942 2517 3995 in
2551 3945 2788 4012 margine
2815 3955 3036 4012 apparet
3067 3942 3230 3996 fuisse
3250 3942 3435 4001 scriba,
3465 3941 3587 3996 licet

1998 4010 2311 4082 evanuerint
2352 4009 2716 4082 characteres.
2762 4009 3127 4078 Nondubito,
3174 4011 3301 4082 quin
3343 4027 3467 4064 vera
3516 4015 3587 4066 sit

1997 4074 2156 4150 lectio
2178 4078 2228 4150 _l,
2259 4079 2446 4140 scriba,
2479 4097 2636 4148 quam
2668 4083 2919 4150 exprimit
2943 4074 3126 4143 Alex.,
3158 4074 3210 4134 ei
3239 4096 3403 4148 ptope
3433 4096 3586 4135 accc-

1997 4145 2230 4220 dit__Urb.
2262 4164 2292 4200 ο
2313 4145 2772 4215 σενὶὺα.’[.ἰδι·ιιτὶἷ,
2813 4151 2939 4220 qttid
2968 4162 3108 4206 esset
3140 4145 3267 4205 illud
3303 4145 3462 4204 I'nun
3497 4155 3579 4204 in-

1998 4217 2320 4288 telligentes.
2353 4235 2416 4274 ex
2456 4221 2670 4288 ingenio
2712 4236 2810 4273 suo
2834 4217 3029 4275 novam
3072 4223 3352 4275 lectionem
3390 4236 3583 4288 procu-

1994 4286 2208 4360 derunt.
2263 4288 2394 4342 Vide
2423 4286 2678 4360 hymnum
2711 4290 2867 4344 Cath.
2903 4291 2989 4358 l2,
3021 4307 3164 4346 vers.
3191 4293 3301 4346 99:
3336 4286 3578 4356 salutes,

1993 4357 2029 4421 i,
2067 4360 2256 4429 ferrum
2278 4374 2416 4429 rape.

2062 4427 2187 4480 583.
2222 4427 2368 4495 Rau,
2407 4430 2615 4496 triplici,
2659 4429 2798 4497 quod
2831 4439 2976 4485 recte
3000 4431 3339 4485 emenda'um
3371 4442 3452 4486 est
3491 4449 3579 4484 sn-

1992 4511 2084 4563 pra
2131 4499 2351 4563 triplice.
2387 4501 2441 4552 In
2483 4500 2719 4554 editione
2761 4500 3035 4554 Parmensi
3067 4503 3216 4555 deest
3260 4503 3576 4556 voeabulum

1991 4568 2198 4634 triplex,
2233 4565 2430 4624 Fronte
2456 4572 2664 4623 crucis:
2695 4571 2872 4623 titulus
2903 4571 2965 4623 sit
2999 4572 3197 4634 triplice
3233 4573 3425 4639 lingua.
3461 4573 3574 4624 Νιιιι

1990 4645 2203 4708 constat
2230 4654 2434 4702 versus,
2467 4649 2524 4692 ut
2553 4641 2723 4692 vides.
2753 4641 2828 4693 De
2852 4641 3010 4693 titulo
3038 4643 3212 4694 crucis
3242 4643 3449 4708 triplice
3477 4644 3577 4693 Iit:-

1988 4720 2088 4772 gua
2120 4707 2242 4760 vide
2268 4709 2424 4762 Joztn.
2458 4723 2577 4776 cap.
2610 4725 2763 4768 unt,
2793 4711 2895 4773 38;
2944 4711 3180 4778 Lipsium
3211 4713 3278 4764 de
3315 4707 3491 4766 Cruce
3517 4729 3573 4774 ll,

1991 4777 2211 4848 innatis
2238 4793 2356 4843 cap.
2390 4780 2474 4843 11,
2517 4788 2570 4832 et
2595 4779 2748 4832 a!ios.
2780 4777 3038 4848 Sepulcro
3066 4781 3320 4834 Gordiani
3352 4782 3573 4846 Augusti

1991 4846 2188 4916 milites
2222 4849 2427 4901 titulum
2460 4848 2818 4904 adhibuerunt
2858 4846 3060 4904 litteris
3085 4851 3307 4915 Graecis,
3345 4852 3570 4916 Latinis,

1991 4913 2242 4976 Persicis.
2275 4918 2593 4992 Iudaiciset
2614 4919 2974 4992 Egyptiacis,
3011 4929 3069 4975 ut
3095 4924 3163 4975 ah
3192 4913 3441 4976 omnibus
3475 4913 3575 4992 legi

1991 4995 2190 5056 posset,
2223 4999 2275 5039 ut
2306 4990 2468 5042 rel'ert
2498 4988 2850 5056 Capitolinus.

2059 5053 2181 5126 586.
2214 5057 2359 5126 ALL,
2393 5053 2648 5112 mendose
2675 5076 2862 5113 canore
2886 5061 3045 5114 boans
3069 5076 3163 5126 pro
3185 5077 3306 5116 caro
3333 5065 3570 5119 reboans.

1987 5121 2143 5200 gain,
2168 5125 2312 5200 (Ἐν-,ε
2335 5145 2461 5180 caro
2490 5130 2736 5198 quidquid
2769 5130 3001 5183 reboans.
3038 5121 3090 5182 In
3133 5147 3253 5184 meo
3278 5136 3573 5200 exemplari

1985 5192 2199 5267 Weitzii
2228 5197 2291 5248 ad
2321 5192 2727 5267 marginetn'cst
2756 5200 2960 5256 hausto.
3010 5201 3101 5254 llis
3135 5203 3379 5255 versibus
3419 5192 3574 5261 multi

1985 5266 2211 5332 probant
2247 5267 2410 5322 licere
2449 5266 2502 5320 in
2532 5271 2755 5322 ecclesia
2791 5270 2864 5323 uti
2901 5272 3270 5324 instrumentis
3326 5274 3569 5330 musicis.

1988 5333 2449 5408 \‘jdellaronium,
2483 5350 2613 5391 tom.
2644 5339 2661 5392 l
2688 5341 2907 5404 Anna|.,
2939 5354 3056 5408 pag.
3089 5341 3214 5405 678,
3245 5343 3310 5396 ad
3335 5345 3569 5408 ann.60,

1978 5405 2068 5471 qui
2111 5402 2384 5460 Piutlentii
2431 5412 2750 5463 auctoritate
2789 5402 3031 5464 esten-dit.
3070 5402 3341 5465 Christum
3377 5402 3563 5465 instrtn

1983 5477 2177 5527 mentis
2206 5477 2424 5531 musicis
2458 5478 2658 5532 laudari
2691 5482 2928 5534 solitum.
2961 5479 3074 5534 Gis.
3121 5481 3244 5536 huic
3279 5485 3569 5552 praeposuit

1983 5557 2194 5613 versum
2224 5559 2338 5613 seq.

2051 5612 2174 5667 587.
2211 5612 2321 5689 (ἦρ.
2360 5617 2383 5670 1
2420 5615 2575 5689 edit.,
2609 5619 2660 5670 in
2687 5636 2875 5672 arcano
2905 5629 3004 5688 pm
3044 5620 3108 5672 ab
3136 5637 3346 5675 arcano.
3383 5623 3566 5689 Prag.,

1981 5679 2228 5746 haustus;
2258 5685 2370 5739 Gis.
2405 5687 2471 5740 ad
2501 5679 2694 5756 tuarg.~,
2737 5679 2940 5744 hausto.
2979 5690 3166 5746 Melius
3200 5692 3310 5758 alii,
3354 5679 3564 5758 haustu,

1979 5766 2058 5804 sc.
2094 5768 2292 5806 arcano
2318 5769 2412 5809 seu
2439 5759 2648 5811 occulto
2680 5762 2889 5813 haustu.

2052 5824 2176 5879 588.
2216 5823 2433 5881 Videtur
2454 5829 2725 5885 nonnullis
2749 5830 2889 5886 idem
2917 5847 3036 5889 esse
3059 5832 3229 5887 chelas
3258 5846 3317 5888 ac
3343 5835 3557 5889 testudo.
