4190 6426
626 414 730 472 989

800 524 1049 581 Libatura
1079 540 1260 583 sacros
1286 518 1481 581 Christi
1510 522 1579 579 de
1602 520 1861 590 sanguine
1890 528 2068 587 potus.

736 642 739 645 ν
800 618 962 675 Nom
981 630 1036 673 et
1061 620 1292 673 Atlantis
1319 616 1521 686 pridem
1554 615 1704 684 plaga
1739 611 1938 680 perﬁda
1969 610 2133 665 Mauri

802 708 1021 765 Dedere
1035 710 1254 765 crinitos
1275 707 1340 763 ad
1368 705 1563 762 Christi
1587 703 1773 758 altaria
1802 718 1979 773 reges.

617 797 725 851 455
802 797 879 853 Es
910 814 1017 868 quo
1043 798 1320 854 mortalem
1351 793 1675 865 praestrinxit
1701 792 1922 863 spiritus
1950 792 2154 861 alvum,

796 887 1027 957 Spiritus
1050 888 1139 942 ille
1165 886 1258 941 Dei
1275 928 1288 948 ,
1322 887 1485 953 Deus,
1511 894 1565 941 et
1591 899 1651 939 se
1680 896 1913 952 corpore
1939 882 2123 937 matris

802 975 1001 1040 Induit,
1034 984 1196 1044 atque
1224 976 1493 1030 hominem
1515 973 1583 1029 de
1617 972 1925 1043 virginitate
1951 972 2191 1027 creavit:

798 1064 1054 1135 Delphica
1077 1067 1344 1122 damnatis
1370 1073 1650 1122 tacuerunt
1674 1066 1908 1120 sortibus
1936 1072 2085 1120 antra
2105 1103 2122 1130 ,

794 1155 909 1212 Non
933 1157 1167 1227 tripodas
1186 1156 1394 1212 cortina
1420 1156 1576 1227 regit,
1599 1170 1705 1209 non
1730 1162 1941 1222 spumat
1966 1152 2195 1210 anhelus

614 1242 725 1302 446
791 1244 952 1317 ω
972 1245 1100 1300 Fata
1126 1245 1400 1317 Sibyllinis
1426 1245 1687 1333 fanaticus
1711 1244 1853 1300 edita
1883 1242 2056 1299 libris.

791 1336 1025 1393 Perdidit
1052 1337 1270 1395 insanos
1297 1336 1520 1393 mendas
1539 1334 1757 1391 Dodona
1792 1347 2047 1405 vapores,

1736 408 2011 467 AURELII
2049 408 2415 467 PRUDENTII
2450 408 2778 468 GABIINA.

3776 408 3875 472 900

2232 523 2280 579 Α
2484 519 2685 577 Mortua
2708 522 2819 591 jam
2842 523 3194 596 mutalugent
3218 524 3435 581 oracula
3463 524 3667 591 Cumas,

2480 612 2589 668 Nec
2608 628 2861 683 responsa
2886 614 3051 671 refert
3067 615 3278 689 Libycis
3299 618 3350 672 in
3370 619 3607 688 syrtibus
3618 618 3844 674 Ammon

2482 703 2724 773 Ipsasuis
2743 703 3015 761 Christum
3044 706 3305 777 Capitolia
3334 707 3560 763 llumula
3581 716 3809 764 maerent

2302 793 2411 850 445
2481 794 2817 864 Principibus
2845 795 3027 854 lucere
3044 797 3232 865 Deum,
3275 799 3655 870 destructaque
3682 798 3873 869 templa

2483 884 2709 952 Imperio
2727 888 2988 944 cecidisse
3011 889 3236 956 ducum;
3258 890 3369 962 iam
3393 905 3627 961 purpura
3652 890 3875 961 supplex

2476 975 2748 1032 Sternitur
2769 976 3026 1036 £neadtc
3048 981 3275 1037 rectoris
3293 980 3361 1036 ad
3383 982 3515 1036 atria
3543 980 3741 1037 Christi
3768 1020 3786 1044 .

2482 1065 2850 1139 Vexillumque
2871 1070 3046 1126 crucis
3072 1084 3314 1126 summus
3336 1070 3641 1128 dominator
3665 1069 3872 1126 adorat.

2477 1153 2812 1225 Principibus
2849 1165 3028 1215 tamen
3074 1173 3106 1215 e
3146 1159 3353 1215 cunctis
3390 1175 3498 1217 non
3525 1160 3693 1216 defuit
3714 1174 3872 1222 unus.

2301 1244 2409 1301 450
2478 1245 2642 1318 ω
2664 1249 2746 1304 Me
2768 1262 2959 1320 puero,
2988 1257 3048 1307 ut
3075 1250 3316 1314 memini,
3338 1248 3529 1306 ductor
3556 1247 3874 1305 fortissimus

3598 1338 3803 1414 (armis.

1917 1444 2204 1502 GLOSSE
2244 1445 2585 1505 VETERES.

682 1542 810 1599 152.
840 1542 1113 1607 Libatura,
1139 1541 1331 1608 bibens,
1358 1540 1435 1595 uel
1460 1540 1710 1602 bibitur“,
1739 1538 1777 1591 l.

680 1611 807 1670 455.
836 1605 1107 1676 Atlantis,
1124 1625 1268 1666 mons
1284 1605 1352 1664 ad
1377 1609 1741 1664 meridianum.
1765 1635 1835 1647 -
1860 1605 2029 1662 Mauri
2048 1648 2065 1674 ,
2092 1625 2183 1677 po-

610 1682 824 1807 Ριιίέὲ.
839 1749 1066 1816 Dedere,
1090 1749 1295 1817 oﬁ‘erre,
1317 1749 1358 1804 Ι.

676 1821 802 1875 455.
833 1820 1165 1875 Praestrinxit
1181 1860 1195 1885 ,
1220 1819 1621 1889 prwoceupavit.
1645 1819 1686 1875 1.

677 1854 803 1946 ἷΞί
834 1854 1827 1960 ἰιὶῖιῖιῖὶὲὲἶ’ἰέρ’ἔι“ῖὲιτῖἷιῗῖι’ἔὶῖοὶιὲἰοεω
1848 1895 1923 1941 est
1953 1886 2006 1939 in
2036 1884 2178 1960 _Cra'-
2212 1854 2259 1917 Β

608 1958 708 2023 cio,
739 1961 792 2013 iu
812 1956 1123 2042 quojpolto
1149 1956 1425 2013 colebatur.
1445 1988 1514 1999 --
1532 1956 1719 2041 Antra,
1746 1972 2011 2079 responsa,
2042 1956 2083 2009 l.

677 2028 805 2085 459.
834 2027 1121 2085 Tripodas.
1164 2044 1367 2082 mensas
1410 2028 1685 2085 Apollinis.
1710 2055 1785 2070 —
1853 2035 2060 2085 ortma,

677 2039 805 2085 469.
834 2039 1121 2097 Tripodas,
1164 2044 1367 2082 mensas
1410 2039 1685 2097 Apollinis.
1710 2055 1785 2070 —
1808 2039 2024 2079 uortma
2044 2064 2060 2088 ,
2093 2040 2173 2078 se-

608 2098 978 2180 cretumﬂuod
1011 2098 1220 2153 cortinis
1256 2113 1543 2167 oppansum
1580 2108 1673 2151 est.
1698 2125 1767 2137 —
1796 2094 2051 2165 Spumat,
2097 2093 2176 2147 ιο.

607 2176 799 2292 ῃῖῗδῖ
820 2166 1135 2302 Ιέιιιιιίοω,
1166 2236 1402 2304 fanorum
1420 2236 1677 2301 sacerdos,
1698 2236 1740 2290 l.

672 2307 799 2362 441.
852 2304 1092 2375 Dodona,
1139 2305 1285 2373 ulva,
1328 2307 1505 2361 civitas
1557 2304 1786 2362 Gracia.
1830 2306 2177 2378 -~Vapores.

2294 1538 2502 1606 hostias,
2528 1537 2573 1595 Ι.

2361 1609 2489 1663 442.
2520 1607 2725 1674 Clima,
2746 1610 2989 1677 civitatis,
3035 1607 3076 1664 1.

2328 1678 2482 1759 μ445ῌ.
2497 1676 3001 1759 Libycis,_Afrieanis
3012 1678 3199 1735 arenis.
3214 1676 3723 1745 —Ammon,louis.
3740 1678 3873 1751 lup:

2288 1747 2418 1817 piter
2440 1747 2703 1819 Afrorum,
2730 1747 2799 1803 1.’

2508 1818 2754 1901 gerent,
2784 1817 2980 1901 doleat,
3016 1817 3095 1901 vel
3136 1818 3337 1901 timent,

2354 1887 2482 1958 446.
2513 1888 2774 1958 [mpura
2800 1887 2988 1958 regalis
3017 1888 3261 1958 dignitas,
3282 1886 3429 1958 Vat;
3448 1887 3513 1941 Α.

2355 1956 2482 2013 447.
2508 1955 2785 2021 Αειιθθᾱίε,
2818 1955 3228 2027 Βοικοιιὶίφιοά
3253 1957 3318 2012 de
3355 1955 3529 2010 ZEnea
3548 1955 3649 2011 sint
3678 1956 3797 2023 orti,
3826 1957 3865 2013 l.

2285 2058 2357 2068 —
2378 2028 2548 2089 Atria,
2572 2027 2785 2093 ternpla,
2817 2025 2937 2081 Vat.
2965 2029 3034 2082 Α.

2357 2098 2485 2153 448.
2516 2096 2850 2163 Dominator,
2872 2096 3165 2167 imperator,
3183 2094 3377 2164 (laser,
3420 2094 3461 2151 Ι.
3488 2095 3867 2163 Constantinus,

2286 2167 2405 2223 Vat.
2447 2169 2511 2221 A.

2357 2236 2481 2291 449.
2513 2235 2739 2302 Tamen,
2787 2234 2967 2302 etiam,
2993 2234 3039 2291 ῐ.

2356 2306 2482 2362 450.
2509 2304 2874 2372 Fortissimus,
2908 2304 3173 2374 Julianus,
3198 2304 3317 2361 Vat.
3343 2307 3408 2361 Δ.

1954 2414 2511 2473 COMMENTARIUS.

673 2531 799 2589 452.
833 2532 908 2588 Ειι
936 2540 1177 2601 apertum
1200 2531 1271 2589 de
1298 2530 1579 2602 praesentia
1607 2532 1849 2601 corporis
1874 2539 1936 2602 et
1964 2531 2177 2601 sangui-

605 2602 689 2656 nis
708 2602 833 2656 Jesu
852 2600 1047 2657 Christi
1069 2606 1122 2657 In
1144 2600 1467 2658 eucharistia
1488 2600 1869 2657 testimonium.
1894 2600 2024 2654 Nam
2048 2600 2175 2654 olim

604 2672 933 2741 Christianos
958 2672 1058 2726 sub
1078 2682 1299 2741 utraque
1328 2674 1507 2740 specie
1533 2684 1685 2726 sacra
1705 2671 1891 2740 synaxi
1919 2670 2066 2725 reﬁci
2090 2685 2177 2725 so-

607 2740 733 2795 litos
756 2756 842 2796 res
872 2752 995 2795 nota
1024 2749 1108 2797 est
1134 2740 1399 2796 omnibus.

674 2810 799 2865 455.
833 2810 1020 2873 Βοηκ..
1053 2810 1256 2865 Widm.
1298 2824 1329 2863 a
1368 2824 1527 2863 manu
1577 2809 1779 2878 prima,
1823 2817 1878 2864 et
1921 2808 2165 2863 nonnulli

605 2877 758 2950 Vulg.
785 2881 925 2947 apud
960 2880 1240 2934 Weitzinm
1270 2881 1494 2950 fervida,
1518 2877 1623 2950 non
1650 2878 1898 2950 absurde,
1930 2880 2173 2950 quamvis

601 2947 709 3017 iam
752 2946 1107 3019 princesserit.
1152 2950 1239 3019 Sic
1272 2946 1467 3019 'Avitus
1514 2948 1607 3002 lib.
1655 2963 1685 2999 ν
1707 2965 1723 3019 ς
1770 2946 1933 3019 Plaga
1977 2947 2174 3019 {erﬁda

602 3015 733 3071 ean.
754 3015 856 3075 Sed
880 3018 997 3072 Ald.
1018 3033 1138 3073 cum
1162 3017 1459 3074 Heinsianis
1479 3026 1535 3073 et
1556 3018 1772 3081 nostris,
1791 3015 2007 3086 Wéits.,
2031 3016 2169 3083 Gis.,

603 3087 820 3157 perﬁda.
848 3086 1041 3157 Punica
1066 3087 1193 3157 ﬁdes
1218 3087 1350 3141 abiit
1378 3087 1431 3157 in
1463 3086 1818 3154 proverbium.

711 3156 797 3211 55.
839 3155 1084 3213 Gifanius
1126 3155 1354 3212 Collect.
1395 3156 1608 3211 Lucret.
1650 3158 1791 3210 hunc
1832 3155 2006 3210 locum
2046 3157 2169 3211 illii-

602 3232 757 3279 atrat.
790 3225 1046 3283 Videlicet
1087 3242 1152 3281 sx
1196 3241 1328 3292 ouo,
1377 3235 1672 3297 postquam,
1702 3225 1819 3297 jam
1862 3241 1995 3297 itero
2028 3236 2171 3295 post-

601 3311 786 3365 quam;
822 3310 1211 3365 rassramxrr,
1242 3294 1535 3365 occupauit,
1575 3294 2168 3365 obseditrobumgrarit,

602 3372 658 3415 nt
687 3363 957 3435 Scriptura
982 3364 1222 3435 loquitur.
1251 3362 1466 3419 Summa
1495 3373 1611 3435 est,
1644 3374 1769 3435 nato
1806 3363 1915 3435 jam
1956 3362 2171 3419 Christo

601 3432 880 3489 evanuisse
897 3434 1024 3488 falsa
1044 3432 1385 3489 ethnicorum
1403 3434 1640 3489 oracula.
1655 3432 1762 3487 Alii
1783 3433 2021 3488 scribunt
2052 3449 2169 3503 per-

601 3503 833 3567 strinxit,
856 3503 944 3556 alii
974 3505 1307 3572 pratstrinxit.

674 3572 801 3626 456.
848 3570 1095 3627 Heinsius
1138 3588 1258 3625 cum
1308 3573 1426 3627 Put.
1460 3582 1510 3627 et
1557 3571 1791 3629 'l‘hnan..
1825 3570 2049 3637 Spiritus
2087 3572 2174 3625 ille

607 3639 767 3711 Deus,
800 3640 952 3696 Deus.
984 3642 1117 3707 Alii,
1150 3642 1375 3711 Spiritus
1399 3641 1489 3696 ille
1513 3640 1636 3707 Dei,
1681 3639 1835 3711 Deus.
1874 3639 1985 3693 Hoc
2011 3642 2171 3695 etiam

602 3710 723 3833 licet.)
782 3711 1012 3766 Verbum
1070 3721 1290 3766 vocatur
1345 3712 1591 3783 Spiritus.
1651 3710 1779 3765 Vide
1834 3723 1955 3778 qua:
2012 3724 2171 3777 supra

638 3796 731 3833 ixi.

638 3796 731 3833 ιιι.

674 3849 797 3905 458.
833 3850 951 3904 Vat.
979 3850 1056 3915 A,
1082 3850 1345 3914 sordibus,
1392 3850 1565 3904 minus
1605 3850 1762 3912 bene,
1792 3864 1890 3918 pro
1925 3850 2169 3904 sortibus.

601 3917 915 3991 Gil'aniuses
935 3921 1432 3991 vet.lib.,joeuerunt
1451 3934 1545 3989 pro
1555 3917 1839 3991 maternal,
1858 3934 1963 3973 non
1980 3920 2169 3989 probo.

672 3988 798 4044 459.
832 3991 1020 4060 Bong.,
1044 3988 1267 4055 Wid'm.,
1298 3991 1441 4053 Ald.,
1467 3990 1622 4060 Mar,
1650 3988 1828 4060 Frag”
1860 3988 2019 4059 regit,
2047 4004 2167 4043 cum

603 4056 783 4128 ᾼΙβχ..
808 4056 1015 4114 υτιηι
1040 4060 1159 4114 Vat.
1182 4060 1246 4127 Ο.
1272 4060 1377 4114 Alii
1402 4056 1627 4114 fortasse
1645 4056 1833 4114 melius
1857 4056 2007 4127 tegit,
2029 4060 2168 4128 quod

602 4126 843 4183 Gifanins
886 4140 1099 4183 tuetur:
1147 4144 1266 4183 nam
1316 4131 1520 4183 cortina
1569 4138 1687 4180 erat
1728 4126 2073 4193 operculum,
2115 4142 2171 4183 et

604 4195 1021 4263 integumentum
1043 4213 1249 4252 :eneum
1279 4199 1519 4265 tripodis.
1547 4197 1794 4266 Virgilius
1822 4199 1911 4250 lib.
1942 4213 1996 4250 ιιι
2019 4197 2168 4261 Em,

603 4266 773 4335 adytis
798 4268 994 4320 cortina
1022 4270 1249 4321 reclusis.
1286 4267 1583 4320 Vocabatur
1621 4268 1785 4321 etiam
1828 4270 2033 4321 cortina
2080 4267 2174 4320 tri-

606 4350 723 4401 pus,
756 4338 866 4390 sive
903 4352 992 4391 vas
1026 4338 1151 4391 illud
1190 4342 1371 4406 ingens
1402 4336 1618 4404 Delphis
1657 4350 1906 4400 aureum,
1942 4351 2047 4403 quo
2091 4337 2172 4390 in-

603 4407 937 4460 eternebatnr
978 4420 1192 4472 mensa,
1236 4405 1423 4473 inqua
1454 4406 1667 4460 oracula
1713 4406 1940 4460 fundens
1985 4405 2168 4472 Pythia

601 4475 887 4529 assidebat.
919 4476 1049 4542 Expl
1076 4479 1244 4530 citius
1277 4477 1462 4529 istbaec
1488 4475 1556 4528 ab
1586 4476 1967 4543 interpretibus
1997 4474 2170 4542 Virgi-

601 4544 654 4596 lii
690 4545 914 4612 aliisque
954 4546 1250 4600 tradnntur.
1293 4546 1508 4600 Servius
1536 4546 1604 4597 ait
1626 4584 1641 4607 ,
1664 4560 1781 4599 esse
1811 4547 2004 4607 lutum,
2033 4548 2172 4598 unde

601 4616 873 4667 oraculum
897 4616 1030 4669 exit.
1055 4614 1285 4669 Cui-time
1318 4616 1370 4668 in
1393 4616 1497 4667 alio
1524 4630 1717 4683 genere
1743 4614 1878 4683 apud
1909 4613 2166 4683 lsidoﬁrum

604 4684 695 4736 lib.
724 4698 845 4745 xix,
880 4699 997 4749 cap.
1022 4685 1113 4744 Q6.
1155 4695 1276 4739 sunt
1306 4685 1500 4747 aulam,
1534 4682 1631 4738 seu
1667 4684 1786 4737 vela
1824 4685 1889 4737 de
1922 4682 2159 4750 pellibus.

602 4752 744 4823 Illud
778 4768 807 4805 a
852 4754 1005 4807 nobis
1038 4755 1225 4823 aliquis
1254 4764 1483 4820 quierat,
1517 4769 1771 4807 verumne
1812 4754 1879 4807 sit
1910 4753 2163 4807 falsorum

602 4821 875 4876 numinum
920 4821 1135 4877 oracula
1179 4825 1437 4885 tacuisse,
1472 4834 1747 4891 po~tquam
1785 4822 2011 4876 Verbum
2038 4838 2162 4877 caro

600 4890 797 4945 factum
840 4904 938 4947 cst.
988 4893 1228 4961 Scriptus
1278 4904 1359 4949 est
1404 4890 1617 4947 Gallice
1660 4892 1793 4946 liber
1836 4906 2161 4959 anouymus,

600 4963 752 5028 cujus
778 4976 961 5015 auctor
990 4962 1086 5016 fuit
1130 4964 1344 5017 lialthus
1374 4962 1432 5016 S.
1468 4963 1531 5025 L,
1559 4962 1625 5015 de
1657 4962 1883 5016 Silcnlio
1923 4964 2165 5015 oraculo-

601 5046 720 5084 rum
763 5030 1014 5085 adversus
1061 5036 1343 5087 Antonium
1378 5033 1488 5085 Van
1538 5032 1696 5095 Dale,
1742 5033 2161 5099 auabaptistam,

598 5099 863 5155 medicum
894 5101 1287 5156 llarlcmensem
1306 5144 1320 5166 ,
1343 5113 1397 5156 et
1426 5103 1541 5169 eius
1566 5102 1904 5156 defensorem
1938 5102 1998 5153 D.
2030 5100 2164 5155 Fon-

602 5172 825 5232 tcnelle,
862 5170 1048 5224 Latine
1091 5174 1329 5226 I'Cdtitllls
1358 5188 1498 5226 anno
1544 5171 1700 5225 1725.
1746 5171 1992 5236 Bnlthns,
2029 5183 2163 5240 part.

599 5242 653 5303 5,
694 5255 812 5305 cap.
853 5242 907 5301 5,
949 5245 1181 5296 ostenst
1224 5243 1560 5296 Prudentium
1608 5243 1706 5294 hoc
1736 5243 1853 5295 loco
1887 5256 2008 5295 cum
2038 5243 2165 5294 reti-

599 5313 717 5373 quis
746 5310 844 5366 SS.
883 5313 1125 5365 l'atribus
1158 5316 1479 5377 consentire,
1505 5312 1624 5378 quia
1656 5313 1861 5365 etiamsi
1892 5311 1960 5364 de
1989 5311 2164 5363 incar-

600 5382 816 5432 natione
844 5381 1105 5434 duminica
1155 5381 1423 5449 loquatur,
1458 5392 1632 5435 tamen
1680 5382 1958 5449 coniungit
1994 5380 2168 5433 idolo-

601 5463 715 5519 tnm
748 5451 1081 5503 eversionem
1118 5461 1170 5503 et
1198 5453 1405 5504 ruinam
1448 5451 1762 5519 paganismi.
1795 5451 1848 5504 Id
1885 5454 2166 5505 coulirmat

600 5518 967 5585 interpretatio
1008 5519 1231 5583 Gifanii,
1260 5534 1420 5585 quam
1450 5518 1702 5587 exposui,
1746 5536 1810 5573 es
1849 5535 1980 5583 quo,
2023 5527 2167 5589 post-

599 5603 750 5654 quam
773 5601 793 5640 :
817 5602 920 5641 non
966 5590 1105 5642 enim
1149 5599 1301 5657 poeta
1332 5592 1549 5650 asserit,
1584 5590 1725 5643 illico
1762 5593 1939 5642 omnia
1970 5591 2164 5655 ubique

599 5657 812 5710 oracula
849 5658 1078 5711 siluisse.
1108 5657 1421 5713 Plutarchus
1456 5667 1737 5712 tractatum
1777 5658 1943 5713 edidit
1972 5660 2038 5712 de
2075 5661 2161 5713 Si-

603 5725 761 5777 letttiu
792 5728 1157 5790 orat-ultimm,
1186 5728 1253 5779 de
1289 5742 1393 5793 quo
1434 5728 1568 5782 libro
1600 5727 1712 5781 fuse
1754 5728 1893 5781 idem
1945 5728 2161 5783 Balthus

604 5796 813 5851 disserit
842 5806 975 5867 part.
1002 5798 1055 5864 5,
1080 5810 1197 5866 cap.
1230 5798 1281 5851 υ.
1315 5796 1475 5857 Nobis
1514 5799 1577 5854 ad
1610 5800 1710 5853 alia
1752 5798 2163 5869 properantibus

2285 2529 2402 2585 huic
2431 2530 2694 2585 indicasse
2718 2527 2951 2583 sufﬁciat
2976 2544 2991 2583 :
3022 2525 3117 2582 sed
3148 2538 3254 2580 non
3285 2533 3370 2579 est
3396 2523 3751 2579 omittendum
3776 2541 3863 2580 rr-

2284 2614 2575 2667 sponsum,
2607 2598 2748 2666 quod
2790 2614 2852 2653 es
2885 2598 3124 2651 ntaculo.
3152 2595 3405 2667 Delphico
3444 2594 3651 2667 accepit
3687 2602 3862 2667 Augur

2286 2664 2423 2734 stus,
2444 2684 2565 2723 cum
2604 2664 2839 2722 misisset
2864 2667 3069 2737 legatos
3100 2679 3228 2737 suos
3252 2664 3578 2737 sciscitatum
3603 2664 3671 2719 de
3702 2665 3861 2737 iebus

2284 2730 2498 2804 futuris,
2536 2747 2595 2793 ut
2638 2737 2875 2791 referunt
2906 2730 3095 2790 multi:
3129 2733 3213 2788 He
3244 2747 3370 2804 pater
3413 2730 3681 2804 Heﬁrcus,
3720 2734 3861 2788 diuos

2284 2806 2423 2861 Deus
2464 2801 2574 2876 ipse
2609 2806 2929 2876 gubernans,
2961 2802 3307 2876 Ceder_e_s_ede
3337 2801 3861 2876 jubet,_‘tristeutque

2280 2878 2451 2931 subire
2474 2871 2563 2931 sub
2587 2871 2782 2931 o'rcunt.
2812 2876 2927 2928 Aris
2949 2890 3068 2945 ergo
3092 2871 3275 2945 deliine
3295 2871 3477 2945 tacitus
3496 2872 3749 2945 discedite
3766 2871 3859 2945 ito-

2280 2948 2419 3001 stris.
2447 2946 2645 3001 Confer
2674 2946 2833 3001 etiam
2864 2946 2955 2999 lib.
2989 2942 3019 2997 ι’
3041 2943 3297 3014 adversus
3322 2942 3497 3014 Sym.,
3540 2955 3684 2997 vers.
3722 2942 3855 3009 245,

2282 3017 2371 3071 ubi
2397 3018 2591 3071 iterum
2620 3016 2734 3069 Van
2764 3014 2958 3069 Daleus
2982 3013 3275 3067 refelletur.

2348 3084 2473 3142 446.
2506 3084 2849 3139 Prudentium
2884 3084 2985 3136 hoc
3014 3085 3132 3137 loco
3153 3080 3377 3151 rejicere
3409 3080 3649 3151 carmina
3677 3080 3859 3151 Sibyl-

2278 3156 2409 3221 lina,
2440 3170 2560 3221 qua:
2588 3156 2725 3209 inter
2742 3152 3072 3207 Christianos
3087 3148 3638 3221 circumferebantur,
3652 3148 3859 3221 nonne-

2280 3239 2370 3280 mo
2396 3217 2649 3289 al’l‘irmat,
2685 3222 2815 3277 mihi
2838 3236 2942 3277 non
2974 3222 3158 3290 liquet.
3206 3217 3435 3290 Romani
3475 3218 3541 3290 ad
3557 3218 3857 3290 Sibyllinos

2281 3294 2467 3360 libros,
2495 3288 2741 3360 tanquam
2770 3293 2835 3346 ad
2866 3288 3103 3355 oracula,
3125 3289 3413 3358 confugere
3439 3288 3700 3360 solebant.
3732 3288 3855 3360 ﬁe-

2196 3352 2242 3415 C
2273 3352 2465 3419 censet
2482 3352 2801 3417 Prudentius
2822 3352 3169 3417 celeberrima
3198 3352 3438 3414 vetérum
3459 3358 3696 3423 oracula,
3728 3358 3855 3415 ιιοι.

2275 3432 2510 3499 phicum,
2535 3431 2873 3502 Sibyllinum,
2916 3429 3265 3502 Dodonaeum,
3321 3427 3462 3502 quod
3493 3428 3567 3502 in_
3600 3426 3853 3502 Dodones

2276 3497 2421 3562 Ettil‘t
2450 3497 2583 3555 silva
2606 3497 2854 3570 quercus,
2882 3508 2937 3555 et
2959 3500 3041 3554 his
3064 3497 3356 3570 insidentes
3375 3497 3636 3570 columbge
3658 3499 3853 3554 redde-

2275 3570 2434 3640 bant,
2476 3565 2777 3633 Cumaznm,
2810 3570 2896 3624 ubi
2925 3578 3137 3623 antrum
3160 3565 3413 3623 Cumana
3456 3566 3692 3637 Sibyllae,
3718 3569 3851 3623 Am-

2275 3642 2509 3695 monium
2538 3640 2591 3695 in
2621 3640 2807 3710 Libya.

2342 3712 2467 3764 441.
2528 3704 2746 3763 Insanos
2791 3723 3012 3774 vapores
3066 3713 3219 3761 vocat
3243 3706 3473 3761 furorem
3542 3704 3850 3771 fanatiatm,

2276 3781 2427 3844 cuius
2457 3780 2675 3833 materia
2699 3793 2727 3832 a
2752 3778 2971 3832 medicis
2999 3792 3162 3845 vapor
3205 3775 3433 3841 calidus,
3495 3785 3553 3845 et
3595 3790 3754 3845 urens
3794 3776 3849 3830 in

2273 3850 2554 3904 cerebrum
2585 3850 2755 3903 elatus
2784 3848 3055 3902 statuitur.
3089 3848 3159 3900 Ita
3182 3846 3415 3912 explicat
3442 3844 3677 3899 medicus
3696 3844 3851 3901 Gise-

2275 3918 2434 3982 linus,
2463 3933 2569 3972 non
2598 3917 2775 3971 infelix
2818 3919 3080 3986 interpres
3137 3919 3187 3970 in
3241 3915 3451 3971 caeteris
3497 3916 3756 3983 partibus,
3791 3916 3845 3969 in

2275 3986 2377 4041 hac
2409 4002 2537 4040 vero
2562 3989 2814 4054 optimus.

2343 4057 2469 4111 445.
2500 4053 2614 4111 Non
2634 4067 2716 4111 est
2758 4054 3229 4123 reprehendendus
3281 4062 3456 4122 poeta,
3479 4053 3627 4123 quasi
3653 4068 3844 4123 oracu-

2274 4125 2381 4179 lum
2446 4127 2722 4181 Ammonis
2777 4122 2833 4180 in
2882 4124 3190 4179 Marmariea
3243 4122 3620 4191 regionepubi
3670 4122 3849 4191 Syrtes

2275 4203 2447 4259 erant,
2478 4196 2840 4250 collocaverit.
2859 4195 2935 4250 De
2957 4194 3060 4250 alia
3087 4190 3468 4262 significatione
3488 4190 3723 4262 Syrtium
3738 4195 3845 4260 jam

2274 4266 2381 4318 dixi
2409 4266 2607 4336 hymno
2632 4267 2662 4336 7
2693 4264 2875 4336 Catb.,
2905 4279 3046 4319 vers.
3070 4265 3159 4336 '50,
3187 4273 3242 4336 et
3291 4262 3457 4316 videri
3491 4270 3667 4336 potest
3714 4264 3845 4316 'l'ur-

2278 4331 2619 4389 nebus'num.
2653 4335 2757 4389 506
2776 4337 3022 4401 Advers.,
3056 4334 3143 4400 qui
3192 4331 3329 4387 hunc
3356 4347 3568 4385 versum
3624 4334 3769 4384 citat.

2345 4403 2468 4458 444.
2496 4403 2745 4473 Capitolia
2790 4403 3008 4457 Romula
3038 4418 3134 4473 pro
3162 4402 3292 4473 Jove
3334 4401 3637 4473 Capitolino
3687 4401 3843 4473 sumi.

2278 4474 2541 4539 i‘irurcipue
2566 4469 2592 4524 ἐι
2626 4475 2823 4528 nostris
2846 4472 3214 4541 scriptoribus,
3240 4472 3555 4542 Augustino,
3582 4469 3847 4540 Cypriano

2273 4553 2327 4597 et
2354 4544 2493 4605 aliis,
2526 4544 2824 4596 observavit
2847 4543 3149 4596 Peveratus.

2344 4611 2467 4667 446.
2501 4610 2745 4676 Purpura
2776 4628 2870 4679 pro
2902 4613 3241 4680 imperatore,
3266 4620 3321 4662 ut
3340 4610 3477 4674 apud
3498 4608 3843 4680 Claudianum

2272 4698 2329 4736 ιιι
2356 4682 2646 4746 Stiliconis,
2679 4680 2856 4752 Posito
2876 4679 2991 4752 jant
3015 4697 3245 4752 purpura
3282 4683 3439 4752 fastu,
3472 4679 3604 4733 Vide
3653 4680 3843 4733 Bulen-

2268 4768 2475 4822 gerum.
2506 4751 2780 4819 delmper.
2804 4748 2960 4805 Ro'm.
2987 4751 3077 4805 lib.
3106 4766 3161 4816 ιι,
3192 4764 3309 4816 cap.
3364 4748 3417 4802 4.

2340 4821 2465 4875 449.
2501 4822 2554 4874 ln
2584 4822 2697 4873 Vat.
2726 4823 2792 4889 A,
2828 4823 2964 4875 male
2986 4835 3014 4875 a
3044 4823 3211 4885 prisca
3243 4829 3608 4889 manu,tamen
3628 4819 3843 4873 cunctis.

2268 4891 2325 4945 S.
2360 4890 2650 4959 Gregorius
2667 4888 2993 4945 Tumncnsis
3040 4890 3173 4945 lib.t
3221 4890 3287 4943 de
3323 4888 3502 4959 Gloria
3534 4896 3844 4959 martyrum,

2269 4977 2391 5029 cap.
2425 4961 2459 5012 4
2477 4957 2664 5017 ESicut
2694 4960 2999 5029 Prudentius
3028 4969 3195 5013 noster
3209 4961 3261 5011 in
3289 4958 3416 5011 libro
3436 4971 3614 5012 contra
3636 4957 3847 5012 Judteos

2270 5028 2511 5090 meminit.
2543 5042 2674 5092 etc.,
2700 5028 3023 5093 Piincipibus
3042 5040 3205 5081 tamen
3236 5043 3262 5080 e
3288 5030 3501 5094 cunctis,
3533 5036 3849 5097 etc.._nsque

2273 5102 2337 5153 ad
2371 5115 2581 5154 versum
2613 5098 2776 5169 Erigit
2797 5101 2848 5151 in
2865 5100 3043 5152 caelum
3062 5098 3238 5169 facies,
3261 5107 3412 5165 atque
3435 5099 3633 5169 inuocat
3654 5095 3842 5151 Iesum.

2275 5171 2422 5224 Multi
2454 5170 2563 5232 alii,
2596 5171 2681 5238 qui
2708 5167 2789 5223 'de
2809 5170 2986 5222 crucis
3016 5167 3256 5221 laudibus
3273 5168 3686 5223 commentarios
3714 5181 3848 5221 con-

2274 5242 2620 5309 scripserunt.
2656 5240 2751 5292 hos
2784 5238 3059 5309 Prudentii
3104 5252 3289 5291 versus
3331 5245 3851 5309 commemorant,et

2268 5307 2396 5366 Cum
2418 5310 2652 5363 auctoris
2672 5310 2848 5377 elogio
2870 5307 3178 5362 describunt
3202 5324 3213 5359 :
3240 5307 3422 5377 omissi
3448 5316 3624 5361 tamen
3644 5316 3773 5377 sunt
3795 5307 3847 5377 in

2268 5394 2428 5443 opere
2462 5378 2745 5448 Hispanico
2770 5374 2909 5433 Petri
2940 5378 3181 5432 Ordonez
3224 5377 3293 5433 de
3339 5375 3602 5448 Zevallos,
3630 5374 3844 5448 nutriti,

2270 5449 2430 5514 1614,
2452 5450 2519 5503 de
2553 5444 2653 5503 hoc
2681 5457 2993 5516 argumento
3021 5465 3034 5500 :
3064 5448 3324 5512 Quarenta
3347 5447 3565 5501 triunfos
3584 5448 3647 5501 de
3666 5447 3717 5499 la
3738 5444 3843 5500 SS.

2269 5516 2402 5573 Crus
2431 5520 2493 5571 de
2511 5517 2733 5581 Christo,
2761 5518 2849 5570 ubi
2875 5520 3035 5570 multa
3068 5517 3224 5585 hujus
3245 5518 3458 5583 generis
3471 5526 3849 5584 congeruntur.

2342 5590 2464 5663 459.
2483 5588 2773 5663 Gregorius
2791 5587 3120 5663 Turonensis
3135 5586 3413 5663 legitqueut
3432 5603 3588 5663 puero
3607 5586 3849 5663 memini;

2273 5659 2523 5713 mendum
2546 5655 2789 5712 codicum
2837 5667 2982 5723 puto.
3016 5655 3439 5726 Contemn'cndte
3484 5655 3677 5726 glossa}
3702 5662 3850 5726 sunt,

2270 5729 2463 5795 quibus
2487 5728 2846 5799 Symmachus
2866 5726 3059 5799 ductor
3080 5728 3179 5779 istc
3229 5725 3455 5799 per/idus
3484 5723 3605 5781 esse
3633 5723 3848 5799 dicitur,

2272 5793 2337 5854 de
2357 5814 2463 5869 quo
2485 5793 2829 5855 Prudentius.
2861 5796 3107 5851 Fortasse
3129 5810 3245 5850 cam
3268 5797 3337 5853 ob
3348 5810 3562 5856 causam
3587 5793 3830 5851 rcccntio
