3912 6486
146 413 237 466 205
1071 406 1155 458 DE
1190 402 1697 460 PERSECUTIONB
1738 397 2106 454 VANDALICA
2148 398 2269 450 LIB.
2314 398 2351 449 ll

3194 398 3300 451 ‘2th

147 526 381 578 statuere,
405 514 787 567 Theodericum
816 515 1025 568 fratrem
1058 515 1291 580 filiosque
1316 513 1449 580 ejus,
1480 520 1504 548 ι
1533 513 1667 565 Gen-
1700 518 1743 572 Α
1775 519 1921 576 pater
1952 508 2177 560 moriens
2211 515 2537 559 sacramento
2569 510 2874 577 interpos'to
2903 512 3297 564 commendave-

148 605 373 672 tonisque
413 604 588 656 fratris
631 602 964 655 nihilominus
1007 602 1137 653 filios
1177 600 1460 653 crudeliter
1504 600 1665 665 coepit

148 695 357 763 insequi.
401 694 632 759 Quorum
683 692 878 744 nullum
923 691 1237 752 dimitteret,
1286 690 1385 743 nisi
1428 693 1475 742 ei
1523 703 1667 741 mors

145 784 375 837 desiderii
442 784 522 834 sui
585 784 899 835 voluntatem
964 785 1207 832 au‘erret.
1266 778 1437 830 Primo
1494 779 1667 830 sciens

146 888 345 926 uxorem
373 872 683 927 Theodorici
724 870 895 921 fratris
936 878 1177 927 astutam.
1212 854 1385 930 credo,
1428 882 1491 918 ne
1535 868 1666 919 forte

147 959 374 1012 maritum
409 968 497 1011 aut
526 959 772 1025 majorem
800 956 981 1017 filium,
1016 954 1107 1025 [al.
1138 954 1247 1023 qui]
1287 957 1406 1022 quia
1438 955 1666 1021 prudens

144 1058 191 1101 et
222 1049 428 1113 sapiens
470 1047 758 1108 videbatur,
809 1044 1040 1098 causiliis
1082 1043 1371 1096 acrioribus
1415 1042 1666 1094 adversus

146 1148 407 1204 tyrannum
459 1145 717 1201 armaret,
768 1134 987 1188 crimine
1035 1133 1299 1198 imposito,
1343 1130 1512 1199 gladio
1550 1145 1664 1183 eam

146 1226 352 1278 interfici
379 1224 547 1291 jubet.
611 1223 885 1289 Postquam
911 1221 1163 1273 occiditur
1199 1229 1249 1273 et
1287 1220 1372 1272 ille
1410 1217 1544 1270 filius
1573 1216 1662 1287 [αι.

145 1314 351 1381 magnis]
408 1326 623 1379 magnus
674 1311 862 1363 litteris
900 1310 1198 1371 institutus,
1248 1307 1330 1359 cui
1380 1305 1663 1359 secundum

142 1402 556 1454 constitutionem
586 1398 613 1436 δ
638 1396 911 1460 Geiserici,
954 1411 1017 1449 eo
1046 1396 1181 1462 quod
1224 1394 1389 1462 major
1426 1394 1665 1446 omnibus

141 1498 285 1550 esset,
329 1505 545 1556 regnum
589 1490 722 1540 inter
760 1497 973 1553 nepotes
1009 1486 1333 1553 potissimum
1361 1483 1661 1536 debebitur.

142 1578 448 1631 Accenditur
520 1577 691 1628 adhuc
748 1574 1012 1626 crudelius
1076 1573 1268 1639 aliquid
1343 1583 1661 1637 perpetrare.

142 1669 344 1715 Astante
384 1662 537 1729 vulgo
575 1663 624 1714 in
658 1660 824 1712 media
852 1659 1061 1711 civitate
1090 1674 1181 1725 pro
1210 1656 1451 1723 gradibus
1482 1657 1663 1720 platea:

140 1765 295 1813 uerae,
327 1751 632 1815 episcopum
662 1762 771 1800 sua:
801 1747 1085 1812 religionis,
1119 1745 1328 1796 nomine
1346 1742 1659 1804 Jocuudum,

1766 608 1847 649 rat
1870 611 2033 670 :_quos
2062 596 2149 647 ille
2174 594 2445 647 immemor
2470 594 2609 659 ﬁdei,
2638 606 2689 649 et
2714 597 3024 651 sacramenti
3053 599 3295 663 violator,

1764 686 1985 737 diversis
2020 684 2189 750 pretiis
2216 690 2269 735 et
2312 681 2560 735 incendiis
2602 685 2895 737 trucidavit.
2938 683 3067 737 Nam
3118 685 3295 738 ileldi-

1764 788 1881 825 cum
1926 773 2225 841 quemdam,
2270 786 2422 838 quem
2464 780 2610 838 pater
2644 772 2755 837 ejus
2792 773 3127 839 praepositum
3156 771 3295 826 fece-

1766 872 1845 913 rat
1879 862 2041 927 regni,
2084 863 2189 922 jam
2226 868 2523 911 veteranum
2564 866 2717 923 atque
2746 873 3021 924 annosum,
3050 873 3165 910 cum
3194 860 3290 913 de-

1765 949 1955 1001 decore
1980 948 2148 1013 capite
2186 947 2472 1009 truncavit;
2520 946 2734 1013 ejusque
2772 962 2986 999 uxorem
3025 964 3139 999 cum
3169 948 3292 1009 alia,

1766 1036 1976 1089 nomine
2019 1045 2041 1071 ο
2089 1035 2408 1097 Thencaria,
2456 1036 2506 1087 in
2555 1035 2727 1087 medio
2775 1037 2999 1089 civitatis
3046 1038 3292 1091 incendit.

1764 1129 1991 1191 Quarum
2019 1140 2239 1192 corpora
2264 1140 2353 1191 per
2378 1126 2516 1177 vicos
2542 1134 2594 1176 et
2625 1128 2818 1192 plateas
2849 1128 2983 1179 trahi
3010 1128 3289 1187 mandavit,

1765 1231 1879 1279 qnze
1921 1224 2025 1267 tota
2066 1214 2149 1267 die
2183 1202 2428 1283 iacentia,
2459 1223 2666 1280 rogatus
2699 1228 2727 1266 a
2771 1216 2878 1267 suis
2916 1215 3174 1281 episcopis
3212 1217 3292 1267 vis

1769 1316 1983 1367 vespere
2030 1303 2237 1369 sepeliri
2284 1300 2560 1354 concessit.
2606 1300 2790 1353 Camut
2830 1316 3053 1368 namque
3097 1302 3292 1353 Heldici

1767 1393 1998 1454 fratrem,
2027 1391 2148 1457 quia
2184 1390 2248 1441 ad
2278 1390 2551 1442 ecclesiam
2590 1405 2767 1443 eorum
2810 1390 3128 1457 confugerat,
3158 1392 3296 1444 oeci-

1764 1480 1887 1531 dere
1936 1493 2039 1530 non
2089 1479 2281 1544 potuit;
2327 1492 2482 1545 quem
2529 1485 2698 1530 tamen
2746 1479 2795 1530 itt
2835 1479 2948 1529 loco
2988 1478 3291 1529 latrinarum

1763 1567 1929 1638 [Lor.,
1951 1566 2192 1634 obscuro]
2220 1568 2445 1620 obsceno
2478 1566 2754 1631 conclusit,
2780 1568 3044 1631 multoque
3071 1582 3189 1620 eum
3220 1568 3287 1617 tbi

1764 1664 1997 1721 tempore
2042 1655 2234 1722 degere
2271 1656 2468 1707 statuit.
2527 1655 2711 1707 Postea
2752 1670 2867 1709 cum
2905 1656 3139 1721 caprario
3169 1669 3295 1722 quo-

1764 1742 1878 1792 dam
1908 1743 2200 1806 etrruslico,
2237 1741 2300 1793 ad
2329 1739 2587 1795 faciendas
2626 1742 2841 1793 scrobes
2866 1741 3030 1795 vineis
3057 1743 3291 1808 profutu-

138 1852 278 1902 quem
311 1847 334 1873 ο
369 1835 717 1905 patriarcham
765 1834 1090 1896 vocitabant,
1136 1834 1383 1898 praecepit
1422 1832 1661 1885 incendio
1697 1836 1736 1890 Β
1765 1845 1845 1879 ras
1871 1829 2233 1881 condemnavit
2265 1847 2277 1881 :
2306 1842 2437 1895 quos
2460 1828 2615 1881 etiam
2645 1828 2927 1883 duodecies
2958 1844 3048 1896 per
3074 1845 3287 1895 annum,

136 1927 482 1989 concremari,
514 1926 583 1977 ob
623 1924 720 1977 hoc
758 1925 896 1990 quod
934 1925 986 1975 in
1026 1924 1182 1976 domo
1206 1922 1512 1975 Theodorici
1541 1936 1659 1989 ger-

139 2015 265 2065 mani
312 2016 453 2080 regis
505 2013 896 2079 acceptissimus
952 2012 1269 2073 habebatur;
1330 2009 1478 2077 cujus
1531 2011 1663 2062 forte

135 2099 369 2168 suﬂragio
398 2111 683 2153 memorata
720 2100 904 2152 domus
931 2114 1145 2166 regnum
1178 2107 1380 2165 poterat
1404 2098 1658 2150 obtinere.

138 2192 185 2244 ln
240 2207 341 2259 quo
399 2191 679 2258 impietatis
736 2192 935 2244 scelere
985 2190 1214 2241 futurum
1269 2189 1421 2241 nobis
1478 2187 1663 2240 adesse

137 2280 495 2345 prospeximus
532 2279 743 2339 malum,
772 2280 969 2329 aientes
1000 2277 1219 2330 invicem
1255 2275 1447 2342 singuli
1476 2275 1657 2326 nobis:

135 2368 223 2431 Qui
251 2367 298 2419 in
330 2381 431 2419 suo
459 2368 527 2419 ita
550 2366 773 2420 crudelis
798 2366 1010 2419 eﬂ‘ectus
1038 2378 1116 2418 est
1144 2367 1432 2426 sacerdote,
1457 2366 1660 2431 quando

136 2463 313 2506 nostra:
344 2456 609 2521 religioni,
635 2456 713 2507 vel
746 2455 895 2505 nobis
926 2455 1216 2521 parciturus
1240 2462 1320 2505 est
1348 2454 1479 2504 iste?
1519 2453 1663 2505 Tunc

134 2542 457 2595 etGentonis
487 2542 736 2609 majorem
783 2542 965 2603 filium,
1010 2542 1219 2593 nomine
1260 2540 1506 2607 Godagis,
1542 2554 1659 2593 cum

137 2646 306 2691 uxore,
329 2631 527 2697 absque
548 2630 734 2683 solatio
755 2630 898 2682 servi
922 2638 1009 2681 aut
1030 2630 1228 2681 ancillae
1253 2628 1449 2681 crudeli
1478 2629 1663 2681 exsilio

134 2720 395 2786 delegavit.
429 2718 667 2771 Fratrem
696 2732 819 2769 vero
846 2716 1250 2781 Theodericum,
1283 2727 1399 2785 post
1444 2719 1664 2771 occisio-

136 2820 244 2858 nem
276 2808 457 2859 uxoris
490 2815 541 2858 et
570 2805 683 2868 filii,
707 2805 894 2858 nudum
922 2813 1075 2873 atque
1099 2805 1401 2858 destitutum
1428 2807 1665 2859 similiter

135 2894 393 2961 relegavit.
438 2895 565 2947 Post
599 2894 747 2958 cujus
786 2902 1005 2946 mortem
1048 2893 1209 2946 filium
1247 2895 1336 2962 qui
1373 2908 1662 2962 supererat,

134 2982 459 3046 infantulum,
484 2984 719 3048 duasque
743 2981 871 3033 filias
898 2983 995 3051 15
1018 2980 1131 3047 ejus
1148 2982 1371 3046 adultas,
1396 2983 1664 3048 impositas

132 3070 301 3131 asinis,
357 3072 566 3139 longius
612 3069 886 3135 affligendo
931 3068 1165 3135 proiecit.
1212 3070 1314 3123 Sed
1357 3080 1410 3122 et
1448 3070 1666 3123 comites

1766 1918 1814 1968 id
1854 1929 1951 1979 est,
1987 1934 2077 1984 per
2106 1918 2338 1984 singulos
2364 1931 2589 1976 menses,
2631 1916 2845 1984 flagellis
2870 1918 3162 1971 crudelibus
3186 1920 3291 1973 dis-

1762 2008 1991 2072 Sipabut;
2021 2012 2104 2058 vix
2128 2007 2331 2060 modico
2354 2020 2521 2074 aquae,
2544 2007 2825 2075 cibariique
2848 2008 2994 2073 panis
3018 2022 3286 2062 concesso.

1764 2097 1870 2147 lloc
1910 2110 1999 2162 per
2027 2096 2255 2162 quinque
2294 2097 2373 2148 vel
2409 2096 2627 2163 amplius
2670 2096 2903 2164 perpessi
2939 2106 3060 2150 sunt
3095 2112 3289 2161 annos;

1761 2192 1944 2258 quibus
1972 2191 2083 2243 haec
2114 2190 2363 2257 supplicia
2394 2192 2645 2256 proficere
2677 2201 2913 2259 poterant
2944 2192 3007 2245 ad
3030 2180 3289 2247 vteternam

1763 2281 2076 2344 mercedem,
2110 2280 2153 2332 si
2182 2280 2423 2332 catholici
2468 2279 2707 2343 fuissent,
2741 2289 2793 2333 et
2820 2280 2940 2332 fidei
2970 2296 3078 2333 suae
3107 2284 3293 2336 merito

1763 2369 1859 2421 ista
1891 2370 2199 2435 perferrent.
2244 2369 2343 2421 Sed
2376 2368 2492 2421 ideo
2519 2368 2652 2420 istud
2685 2370 2839 2421 silere
2866 2371 3209 2435 nequivimus,
3239 2381 3293 2422 ut

1763 2459 2003 2523 impietas
2045 2458 2182 2523 regis
2222 2456 2375 2509 etiam
2417 2456 2467 2508 in
2506 2458 2615 2508 suis
2652 2456 2863 2509 minime
2907 2458 3175 2520 sileretur;
3204 2460 3290 2525 qui

1764 2564 1865 2600 non
1897 2550 2063 2599 solum
2094 2548 2395 2613 episc0pum
2432 2561 2579 2598 suum
2616 2547 2934 2610 Joeundum,
2963 2556 3019 2598 ut
3056 2548 3292 2613 superius

1762 2637 2058 2689 demonstra
2070 2637 2254 2701 vimus,
2280 2636 2501 2689 flammis
2526 2635 2748 2701 adussit,
2772 2636 2861 2689 sed
2888 2646 2940 2689 et
2964 2638 3291 2705 presbyteros

1761 2735 1813 2778 et
1855 2726 2103 2779 diaconos
2145 2738 2299 2789 suos,
2349 2725 2398 2777 id
2452 2732 2532 2777 est
2570 2724 2789 2777 Arianos
2817 2763 2833 2785 ,
2886 2726 3292 2793 quamplurimas

1763 2815 2011 2877 incendit,
2058 2828 2155 2867 nec
2199 2828 2301 2865 non
2345 2823 2399 2867 et
2446 2813 2627 2866 bestiis
2668 2814 3002 2881 mancipavit.

1836 2903 1917 2954 Vl.
1964 2902 2190 2956 Visiones
2210 2912 2325 2953 ante
2352 2902 2756 2970 persecutionem.
2785 2930 2853 2941 -
2880 2904 3171 2968 Amputatis
3200 2904 3293 2967 igi-

1766 3001 1848 3043 tur
1878 2992 1930 3043 in
1956 2990 2103 3043 brevi
2146 2990 2386 3041 omnibus
2415 3003 2544 3055 quos
2574 2988 2807 3051 timebat,
2838 2996 2891 3041 et
2920 2988 3145 3042 solidans
3166 2991 3287 3053 sibi,

1768 3086 1823 3130 ut
1846 3079 2078 3143 putabat,
2107 3092 2343 3143 regnum,
2373 3076 2508 3143 quod
2544 3076 2701 3129 breve
2729 3074 2957 3127 futurum
2985 3086 3097 3129 erat
3126 3087 3173 3129 et
3204 3092 3289 3131 car

132 3157 535 3222 quamplurimos
579 3166 631 3207 et
678 3157 875 3208 nobiles
920 3157 1087 3221 gentis
1132 3170 1238 3207 sua;
1282 3156 1661 3221 objectionibus
1692 3150 1735 3207 C
1765 3166 1973 3227 ducum,
2005 3165 2145 3215 οιηηί
2174 3179 2238 3214 ει
2271 3167 2414 3228 parte
2448 3161 2465 3197 ι
2498 3164 2695 3214 otiosus
2729 3171 2885 3230 atque
2912 3176 3146 3225 securus,
3178 3165 3293 3217 ιιηί-

132 3243 265 3297 falsis
294 3244 589 3305 insectans,
619 3243 685 3296 ob
714 3244 810 3295 hoc
837 3243 972 3310 quod
1004 3258 1255 3311 germano
1282 3258 1376 3295 suo
1402 3244 1656 3309 faverent,

132 3335 253 3386 alios
285 3333 545 3395 incendit,
586 3333 718 3385 alios
756 3333 927 3399 gladio
963 3333 1245 3399 jugulavit;
1278 3334 1510 3387 imitator
1552 3337 1661 3389 exi-

130 3434 262 3476 stens
288 3422 549 3476 Geiscrici
583 3424 761 3488 patris,
791 3427 877 3489 qui
912 3423 990 3474 sui
1032 3422 1204 3475 fratris
1246 3436 1459 3477 uxorem
1502 3424 1661 3492 ligato

132 3514 349 3577 pondere
379 3510 637 3576 lapidum.
670 3511 719 3563 in
747 3508 770 3545 ἀ
796 3513 1105 3577 Ampsagam
1136 3512 1346 3564 fluvium
1372 3514 1659 3567 Cirtensem

132 3597 397 3662 famosum,
426 3599 680 3666 jactando
708 3599 978 3663 demersit;
1010 3611 1063 3653 et
1098 3608 1215 3666 post
1244 3616 1424 3655 necem
1456 3604 1655 3669 matris,

130 3686 271 3739 etiam
303 3686 443 3739 filios
496 3684 776 3739 interfecit.
822 3685 923 3739 Sed
962 3694 1017 3739 et
1052 3687 1242 3741 multos
1281 3690 1329 3741 ei
1370 3688 1664 3743 Geisericus

130 3862 353 3929 contigit,
404 3860 623 3929 quando
659 3862 917 3913 defunctis
962 3860 1330 3915 Guntamundo
1375 3873 1428 3915 et
1477 3866 1662 3919 Trssa-

133 3929 341 3994 mundo,
370 3929 688 3990 llildericus,
723 3929 957 3982 Hunerici
988 3944 1051 3997 ex
1086 3931 1313 3982 Eudoxia
1360 3933 1494 3987 filius
1518 3976 1531 3997 ,
1571 3951 1626 3986 re
1656 3964 1661 3967 -

131 4013 273 4063 gnum
302 3999 581 4060 obtinuit,
635 4010 917 4063 pacemque
968 3996 1189 4063 reddidit
1239 3998 1481 4049 Ecclesiae
1524 4003 1659 4052 Alri-

129 4062 281 4124 canae.
332 4077 389 4117 ut
431 4066 603 4117 fusius
640 4062 875 4115 dicemus
901 4066 952 4115 in
986 4062 1371 4115 Commentario
1412 4065 1657 4119 historico

130 4133 286 4186 capite
309 4133 391 4186 12.

185 4148 330 4251 [:“Aelii
340 4148 597 4250 xscribunt
614 4193 871 4247 Cenantis.
888 4193 1129 4257 0rthod.,
1154 4194 1413 4247 Genzom‘s.
1434 4196 1522 4251 Sic
1537 4212 1653 4250 eum

128 4280 321 4330 quoque
349 4265 587 4331 appellat
609 4263 888 4327 Proc0pius
909 4261 1039 4314 libro
1059 4277 1075 4315 ι
1098 4264 1164 4315 de
1186 4264 1328 4316 Bello
1358 4264 1656 4326 Vandalico,

131 4335 205 4385 ubi
236 4330 398 4384 semel
439 4341 494 4381 et
526 4330 713 4383 iterum
745 4340 1063 4387 memoratur
1085 4371 1100 4391 .
1140 4341 1353 4397 eratque
1400 4335 1658 4387 secundus

129 4401 386 4453 Genserici
420 4399 582 4449 filius.
615 4402 681 4449 At
708 4397 902 4449 fallitur
930 4398 1027 4451 iste
1060 4410 1261 4459 auctor,
1283 4401 1368 4464 qui
1402 4404 1515 4453 loco
1544 4403 1654 4454 lau-

130 4468 240 4518 dato
263 4466 590 4519 Theodorum
612 4504 627 4529 ,
660 4466 963 4535 sic_quippe
986 4467 1359 4521 Theodericum
1402 4471 1654 4535 appellat,

131 4548 420 4599 postremum
462 4542 591 4585 natu
616 4547 682 4584 ex
717 4533 968 4586 Geizerici
1001 4536 1120 4586 liliis
1138 4576 1152 4600 ,
1178 4538 1401 4587 neutrius
1426 4533 1570 4588 sexus
1596 4538 1656 4587 li—

130 4606 245 4654 beris
293 4604 509 4662 rebctis,
564 4610 684 4651 ante
728 4613 946 4669 mortem
994 4604 1153 4669 patris
1196 4606 1347 4655 vitam
1395 4605 1659 4668 explevisse

1766 3266 1911 3303 versa
1939 3252 2037 3301 tela
2061 3250 2249 3301 furoris
2278 3250 2326 3300 iu
2374 3251 2761 3315 persecutiones
2791 3250 3034 3303 Ecclesia:
3072 3251 3294 3305 catholi-

1764 3356 1859 3403 cae,
1892 3342 2098 3405 rugiens
2141 3339 2275 3389 sicut
2304 3338 2403 3399 leo,
2437 3339 2713 3390 convertit.
2745 3341 2878 3390 Ante
2918 3340 3289 3405 persecutionis

1768 3439 1934 3479 tamen
1966 3435 2346 3492 tempestatem,
2389 3424 2562 3475 multis
2603 3423 2953 3489 praeeuntibus
3003 3426 3287 3485 visionibus

1766 3526 1819 3570 et
1863 3518 2045 3582 signis,
2093 3515 2369 3567 imminens
2412 3513 2823 3565 demonstratum
2858 3512 3026 3565 fuerat
3071 3516 3281 3568 malum.

1766 3606 1893 3658 Nam
1925 3605 2086 3657 ferme
2113 3614 2232 3655 ante
2262 3602 2523 3655 biennium
2547 3616 2699 3669 quam
2730 3601 2897 3663 ﬁeret,
2929 3602 3055 3655 vidit
3079 3604 3285 3671 quidam

1769 3703 1793 3740 s
1820 3692 1994 3745 Fausti
2019 3692 2292 3745 ecclesiam
2315 3689 2474 3741 solito
2500 3690 2551 3741 in
2581 3700 2765 3743 ornatu
2796 3690 3093 3757 fulgentem,
3121 3694 3289 3745 cereis

1768 3883 1909 3933 pare.
1943 3868 2071 3935 Hinc
2107 3877 2280 3918 natum
2311 3866 2362 3918 in
2406 3867 2667 3919 nonnullis
2692 3867 3005 3933 regionibus,
3034 3882 3162 3935 quas
3182 3872 3285 3925 ali-

1764 3936 1971 4003 quando
2000 3934 2073 4003 illi
2098 3935 2339 3996 coluere,
2386 3935 2688 4003 patriarcha
2720 3950 2904 4003 nomen
2924 3978 2937 4000 ,
2968 3934 3102 4000 quod
3128 3940 3282 3992 etiam

1764 4000 1958 4063 posteri
2001 4002 2247 4052 Ecclesiae
2275 4000 2543 4051 catholicae
2587 4001 2902 4053 reconciliati
2940 4004 3283 4059 retinuerunt.

1766 4067 1892 4119 Vide
1924 4067 2019 4117 hac
2040 4068 2105 4116 de
2135 4081 2189 4117 re
2228 4066 2336 4116 fuse
2378 4076 2430 4116 et
2452 4066 2655 4117 erudite
2689 4069 3029 4119 disserentem
3060 4070 3283 4123 Ludovi-

1760 4148 1877 4202 cum
1912 4132 2310 4202 Tltomassinum
2340 4132 2563 4202 Oratorii
2608 4131 2856 4202 Gallicani
2882 4135 3243 4202 presbyterum
3265 4178 3281 4202 ,

1761 4201 1847 4253 lib.
1876 4215 1891 4253 ι
1923 4214 2067 4269 novae
2095 4208 2149 4269 et
2183 4199 2408 4269 antiqua
2435 4198 2680 4269 Ecclesiae
2705 4198 3019 4267 Disciplina),
3048 4198 3196 4269 parte
3240 4198 3279 4269 t,

1755 4284 1869 4334 cap.
1896 4268 1986 4327 Ἡ,
2016 4266 2210 4334 Latinae
2236 4266 2495 4334 editionis.

1827 4334 1853 4371 ά
1891 4336 1978 4388 Sic
2006 4333 2302 4397 legendum.
2334 4332 2452 4395 Alii,
2492 4332 2759 4401 Ausagam.
2794 4334 3000 4401 Flavius
3030 4336 3113 4389 ille
3141 4352 3280 4392 nunc

1760 4406 1920 4470 patria
1951 4404 2118 4466 lingua
2145 4402 2329 4453 dicitur
2346 4400 2648 4470 Suﬁ'egmar,
2669 4403 2753 4469 qui
2772 4400 2995 4455 Africam
3024 4408 3280 4470 prepriam

1757 4469 1783 4521 a
1816 4470 2114 4522 Mauritania
2134 4478 2357 4537 separat.
2386 4471 2461 4537 0h
2478 4470 2593 4537 ejus
2616 4469 2847 4521 fortassis
2874 4469 3277 4537 magnitudinem

1759 4542 1809 4590 in
1840 4539 1988 4590 Colb.
2037 4537 2071 4587 2
2108 4544 2160 4588 et
2187 4536 2391 4605 inuedit.
2426 4534 2656 4605 Bhenani
2697 4538 2915 4605 famosus
2952 4534 3285 4605 cognomina-

1759 4615 1863 4669 tur,
1884 4606 2001 4656 aliis
2022 4615 2192 4655 tamen
2216 4602 2403 4653 dicitur
2420 4603 2658 4669 fetulpsus
2682 4602 2767 4654 aut
2784 4602 3038 4668 fecilosus.
3062 4606 3278 4669 Plinius,

132 4673 314 4723 sertbit.
344 4673 421 4723 Ex
458 4661 567 4721 hoc
592 4670 781 4733 quippe
808 4661 1029 4721 Victoris
1060 4671 1173 4723 loco
1203 4680 1342 4737 patet
1369 4661 1658 4725 Tlteodort-
1687 4661 1733 4717 Ι)
1759 4661 2071 4737 Pomponius
2100 4669 2225 4721 Mela
2256 4661 2442 4734 aliique
2470 4661 2736 4730 auctores,
2777 4661 2861 4730 qui
2894 4676 3028 4723 hunc
3064 4661 3276 4726 ﬂuvium

133 4754 235 4790 cum
265 4741 487 4805 ejusque
518 4739 657 4790 filios
683 4749 794 4805 post
828 4737 1091 4805 Genserici
1121 4750 1337 4790 mortem
1369 4740 1527 4791 fuisse
1566 4754 1655 4791 su-

136 4808 381 4869 perstites,
404 4804 555 4871 quos
578 4804 867 4856 llunericus
898 4804 1027 4855 adeo
1054 4806 1331 4857 crudeliter
1356 4806 1560 4859 afflixit.

196 4872 218 4906 δ
257 4872 343 4924 Ille
389 4882 714 4926 testamento
763 4881 1082 4938 praeceperat
1109 4913 1124 4935 ,
1170 4874 1335 4938 inquit
1381 4874 1658 4938 Promptus

138 4939 256 4991 libro
278 4955 291 4989 t
316 4940 451 4991 Hist.
488 4941 737 4998 Vandal.,
768 4947 823 4989 ut
850 4954 1057 5004 semper
1092 4945 1177 5007 qui
1212 4956 1270 4991 ex
1300 4941 1407 4992 suis
1440 4943 1659 5006 posteris

138 5010 265 5070 prior
291 5007 529 5057 omnium
564 5020 704 5059 esset
724 5015 904 5065 aetate,
933 5021 1143 5072 regnum
1170 5009 1457 5069 obtineret,
1488 5010 1661 5061 exclu-

139 5076 199 5126 sis
221 5076 374 5127 etiam
413 5078 536 5138 ejus
572 5076 661 5139 qui
691 5082 841 5125 antea
884 5078 1202 5139 regnavisset
1229 5076 1368 5133 filiis,
1398 5078 1440 5127 si
1466 5077 1668 5139 aliquos

142 5145 372 5194 haberent
392 5150 621 5205 agnatos
648 5144 897 5192 St-niores.
924 5142 1053 5195 Hinc
1071 5144 1382 5204 Hunnerico,
1418 5157 1518 5195 non
1547 5142 1660 5195 Hil-

142 5213 325 5260 dericus
353 5210 471 5274 ejus
504 5208 667 5267 filius,
692 5209 780 5257 sed
812 5206 1227 5272 Guntamundus,
1256 5209 1443 5263 deinde
1470 5212 1659 5262 Trasa-

143 5279 345 5328 mundus
375 5277 555 5343 primo
578 5288 897 5343 successere,
919 5288 1093 5337 postea
1114 5279 1425 5331 llildericus.
1444 5276 1657 5329 Gilimer

144 5348 319 5410 primus
347 5346 481 5396 hanc
506 5345 678 5410 legem
707 5342 897 5393 violare
912 5358 1182 5408 aggressus
1202 5356 1301 5406 est,
1332 5361 1424 5398 suo
1448 5347 1657 5408 damno,

144 5409 203 5465 uti
228 5414 459 5464 dicemus
490 5412 543 5461 in
568 5409 955 5477 Commentario
980 5411 1244 5472 historico,
1278 5414 1539 5477 fusiusque
1566 5427 1662 5463 ex-

146 5480 274 5544 ponit
303 5479 594 5544 Procopius
626 5478 674 5527 iu
707 5475 849 5527 libris
876 5477 1072 5528 duobus
1102 5480 1165 5529 de
1197 5480 1337 5531 Bello
1364 5475 1659 5531 Vandalico.

206 5558 227 5585 ⁸
266 5543 549 5603 Familiam
573 5543 671 5597 fuit
697 5544 832 5609 apud
856 5544 981 5596 istos
1000 5548 1233 5611 aliosque
1260 5548 1507 5599 barbaros
1534 5562 1658 5612 pra:«

146 5622 332 5687 ripuuut
362 5615 542 5688 gentis
576 5627 687 5667 suae
727 5612 1024 5680 episcopum
1073 5614 1419 5679 patriarcham
1467 5629 1663 5668 nuncu-

1762 4749 2074 4799 memorant,
2111 4738 2363 4800 nusquam
2394 4737 2469 4789 sic
2495 4750 2611 4788 eum
2644 4738 2995 4803 appellavere:

1832 4816 1854 4842 ο
1894 4807 2013 4857 Haec
2053 4806 2102 4855 in
2132 4818 2257 4855 mss.
2293 4802 2440 4855 Hart.
2460 4844 2473 4862 .
2505 4802 2691 4856 Germ.
2710 4814 2759 4855 et
2789 4804 2901 4855 Ful.
2941 4806 3128 4858 dicitur
3152 4808 3282 4861 Ths—

1761 4889 1924 4925 vartca
1946 4910 1962 4934 ,
2010 4870 2144 4937 apud
2184 4871 2399 4923 Ortbod.
2432 4881 2481 4923 et
2526 4871 2849 4932 Lorichiutn,
2881 4870 3167 4928 Themeria.
3197 4877 3283 4930 Sic

1765 4940 2048 5002 Heldicum,
2097 4938 2182 5008 alii
2214 4937 2476 5008 Heldieam
2519 4941 2827 5008 appellant,
2878 4948 2927 4990 et
2967 4939 3141 4993 Camut
3171 4949 3284 5008 ejus

1767 5009 2001 5068 fratrem,
2026 5006 2233 5071 quidam
2278 5005 2457 5059 dicunt
2504 5004 2743 5058 Gamuth.
2784 5008 3073 5073 Loricbius,
3104 5004 3282 5064 Canius

1770 5076 1949 5127 Eildici
1980 5077 2212 5142 fratrem,
2244 5081 2345 5125 etc.

1841 5142 1859 5179 τ
1902 5140 2073 5202 nm,
2100 5141 2213 5192 Ful.
2244 5150 2296 5211 et
2332 5141 2508 5193 Germ.
2530 5182 2545 5203 ,
2577 5141 2783 5211 otiosus.
2817 5140 2934 5200 Alii,
2961 5144 3097 5195 breve
3123 5146 3283 5211 fuerat

1768 5221 1811 5264 et
1838 5213 2098 5271 caducum,
2121 5210 2253 5276 om_ni
2279 5224 2339 5259 ex
2358 5219 2495 5276 parte
2515 5210 2720 5269 otiosus,
2748 5219 2849 5261 etc.

1832 5278 1933 5345 74
1959 5286 1981 5320 8
2022 5274 2554 5345 Tres_Colb.,Vllart.,
2582 5275 2820 5336 0rt|tod.,
2850 5276 3015 5339 Bald.,
3050 5278 3189 5339 l.or.,
3232 5287 3283 5327 et

1764 5343 1964 5403 Surtus,
1996 5344 2069 5395 sic
2096 5343 2301 5413 habent,
2335 5344 2631 5413 fulgentem;
2661 5355 2703 5413 et
2724 5346 2838 5413 dum
2878 5346 3132 5413 (ωερε-ειυς
3158 5347 3286 5413 tanti

1766 5413 1975 5481 fulgoris
1998 5410 2239 5481 candore,
2264 5409 2630 5481 cereis'gquoque
2660 5411 2991 5481 fulgentibus,
3026 5409 3287 5481 palliisque

1766 5478 2075 5539 uelaminum,
2104 5493 2162 5528 ac
2192 5478 2503 5542 lampadibus
2525 5481 2837 5540 rutilantem,
2866 5480 3019 5529 subita
3042 5515 3056 5538 ,
3088 5487 3187 5528 etc.
3224 5479 3287 5530 Et

1771 5548 1921 5614 paulo
1947 5545 2076 5597 infra
2107 5562 2119 5596 :
2154 5544 2419 5614 Omnisque
2450 5545 2539 5597 illa
2560 5546 2835 5614 albatogum
2871 5545 3167 5614 turb_a,_etc.
3194 5546 3310 5598 [δυ-ι

1769 5611 1965 5669 suimus
1990 5627 2055 5665 es
2087 5614 2117 5665 4
2149 5628 2277 5667 mss.
2304 5611 2477 5679 MarL,
2500 5614 2699 5676 Gcrm.,
2719 5612 2857 5677 Ful.,
2884 5619 2937 5666 et
2958 5611 3107 5665 Colb.
3142 5612 3191 5666 1.
3216 5614 3285 5666 At
