4102 6434
545 437 650 493 963

716 547 795 602 Nil
819 547 926 617 agit
949 557 1197 600 arcanum
1216 552 1452 595 murmur
1473 536 1848 592 :nil'l'bcssala
1876 547 2102 603 prosunt
2132 541 2178 596 Α

723 637 972 692 Carmina
996 652 1012 691 :
1041 634 1276 688 turbatos
1296 635 1514 684 revocat
1543 627 1686 681 nulla
1708 626 1881 679 hostia
1907 641 2108 681 manes.

731 728 919 783 Nonne
945 727 1112 791 vides,
1145 733 1204 777 ut
1232 719 1516 776 tlturibulis
1542 717 1858 788 frigentibus
1888 717 2022 785 ignis

725 817 989 873 Marceatl
1017 825 1070 867 ut
1098 814 1247 869 canis
1272 813 1532 882 pigrescat
1571 824 1738 878 pruna
1769 809 1998 862 favillis?

724 911 860 963 Ecce
890 907 1156 974 palatinos
1188 914 1418 973 pateram
1450 902 1684 956 retinere
1713 899 1955 954 minister

725 995 838 1048 Non
863 994 1024 1056 valet,
1050 992 1179 1047 elisa
1208 990 1480 1044 destillant
1507 989 1739 1042 balsama
1760 986 1967 1053 dextra,

727 1085 946 1139 Flamen
975 1096 1029 1138 et
1056 1084 1169 1150 ipse
1188 1093 1313 1134 suas
1341 1080 1566 1134 miratur
1595 1078 1796 1134 vertice
1822 1077 2003 1131 laurus

724 1174 950 1238 Cedere,
983 1180 1038 1225 et
1064 1170 1326 1225 incertum
1359 1167 1641 1222 frustratur
1657 1167 1866 1221 victima
1899 1165 2115 1220 ferrum.

735 1265 948 1328 Nescio,
976 1263 1096 1332 quis
1123 1271 1272 1316 certe
1291 1261 1557 1327 subrepsit
1581 1257 2019 1313 Christicolarum

725 1352 882 1422 5.57
917 1351 1013 1406 llic
1031 1351 1285 1420 iuvenum
1312 1364 1328 1414 ;
1359 1362 1522 1418 genus
1554 1347 1654 1402 hoc
1682 1346 1957 1400 hominum
1993 1354 2099 1399 tre-

1450 1438 1570 1510 [mit
1597 1436 1784 1497 infula.
1812 1445 1868 1492 et
1887 1449 2047 1490 omne

732 1533 981 1586 Pulvinar
1004 1530 1204 1585 divum.
1232 1530 1395 1585 Lotus
1426 1528 1604 1597 procul
1631 1527 1787 1593 absit,
1821 1536 1877 1582 et
1905 1534 2114 1580 unctus.

727 1623 952 1679 Pulchra
976 1621 1281 1677 reformatis
1310 1620 1491 1676 redeat
1524 1617 1844 1688 Proserpina
1867 1619 2058 1672 sacris.

550 820 652 875 480

555 1267 659 1320 485

1649 417 1921 476 Αυιιειιι
1963 411 2324 470 PRUDENTII
2363 407 2691 466 CARMINA.

2396 530 2551 594 Dixit,
2575 537 2629 583 et
2655 525 2941 598 exsanguis
2963 525 3251 581 collabitur
3279 540 3296 581 :
3321 537 3386 580 ac
3414 521 3562 578 velut
3588 522 3762 592 ipsum

2217 620 2324 676 490
2395 620 2654 675 Crrneret
2679 627 2864 673 exerto
2893 616 3223 672 minitantem
3251 613 3473 670 fulmine
3497 609 3788 672 Christum.

2405 715 2520 780 lpse
2539 725 2751 780 quoque
2769 709 3032 766 exanimis
3046 710 3218 778 posito
3234 708 3540 762 diademate
3549 703 3791 775 princeps

2401 804 2591 870 Pallet,
2615 811 2672 856 et
2692 811 2926 856 astantes
2949 797 3791 869 circumspicit,ecquisalumnus

2395 891 2717 947 Chrismatis
2739 890 2995 958 inscripto
3013 889 3252 958 signaret
3281 897 3522 955 tempora
3554 884 3736 952 signo:

2393 981 2557 1053 45.8
2573 981 2671 1048 Qui
2683 979 3036 1034 Zoroastreos
3049 979 3317 1033 turbasset
3332 977 3510 1033 fronte
3522 985 3786 1033 susurros.

2223 1075 2330 1132 495
2403 1072 2649 1141 Armiger
2675 1084 2707 1125 e
2734 1084 2910 1125 cuneo
2938 1084 3225 1139 puerorum
3250 1068 3677 1124 flavicomantum

2402 1161 2664 1229 Purpurei
2707 1168 2890 1214 custos
2919 1159 3103 1213 lateris
3132 1157 3480 1225 deprenditur
3511 1168 3649 1210 unus
3673 1169 3688 1216 ;

2399 1253 2506 1307 Nec
2524 1257 2703 1318 negat,
2727 1259 2781 1304 et
2805 1249 3022 1320 gemino
3047 1260 3314 1319 gemmata
3335 1246 3546 1300 hastilia
3577 1244 3721 1299 ferro

2399 1340 2639 1410 Projicit,
2667 1353 2731 1394 ac
2757 1339 2966 1408 signum
2989 1337 3190 1394 Christi
3212 1353 3270 1392 se
3299 1336 3441 1392 ferre
3469 1334 3686 1389 fatetur.

2398 1431 2649 1485 Prosiluit
2667 1430 2888 1498 pavidus
2909 1428 3121 1498 deiecto
3143 1427 3383 1481 antistite
3409 1426 3684 1494 princeps,

2219 1524 2323 1582 500
2394 1523 2752 1578 Marmoreum
2823 1520 3031 1592 fugiens
3084 1518 3235 1575 nullo
3278 1519 3574 1573 comitante
3622 1513 3798 1567 saccis

3589 1604 3726 1668 lum,

1839 1705 2120 1763 GLOSSE
2158 1693 2495 1760 VETERES.

623 1831 745 1884 477.
783 1826 1058 1890 Τὶιεεειιὶα,
1087 1826 1308 1894 magica,
1339 1825 1383 1880 l.

623 1899 749 1951 482.
787 1898 951 1960 Elisa,
983 1892 1248 1958 concussa,
1280 1893 1521 1955 tremula,
1553 1892 1594 1946 l.

623 1967 749 2022 485.
784 1958 1022 2028 Flamen,
1049 1963 1286 2016 sacerdos
1306 1963 1468 2023 lovis,
1496 1962 1638 2031 quasi
1663 1961 1884 2031 ftlamen
1912 1958 2116 2020 dicitur,

556 2037 839 2108 quia/itam
868 2036 1073 2087 rubeam
1100 2034 1152 2084 in
1166 2033 1348 2108 rapite
1369 2030 1624 2101 portabat,
1656 2030 1695 2084 Ι.

627 2101 752 2159 484.
781 2103 1104 2166 Frustratur,
1127 2101 1309 2160 eludit.
1335 2102 1372 2155 Ι.

626 2175 750 2228 486.
778 2172 963 2238 lnfula,
996 2173 1145 2223 vestis
1164 2170 1465 2231 sacerdotis,
1491 2167 1536 2226 ῐ.

625 2243 748 2296 487.
785 2234 1053 2300 Pulvinar,
1092 2240 1254 2298 locus.
1295 2239 1370 2291 vel
1399 2237 1686 2292 collocatio.
1714 2263 1782 2279 -
1811 2236 1995 2301 Lotus,
2028 2234 2120 2287 ba-

563 2317 801 2379 ptizatus,
828 2319 1027 2379 unctus,
1055 2307 1502 2379 cum_Chrismate,
1533 2311 1572 2362 l.

627 2382 750 2435 488.
783 2378 1118 2446 Proserpina,
1157 2376 1347 2440 Diana,
1380 2379 1420 2429 l.

629 2450 754 2504 490.
791 2442 1008 2510 Eserto,
1035 2447 1235 2511 emisso,
1261 2447 1473 2514 nudato,
1497 2444 1573 2500 uel
1605 2445 1860 2514 expedito.
1890 2474 1961 2485 —
1987 2442 2120 2497 Ful-

560 2523 720 2583 mine,
746 2518 943 2589 gladio,
969 2517 1007 2572 1.

2153 1821 2200 1882 Β
2298 1816 2422 1871 494.
2446 1815 2813 1878 Zoroastreos,
2843 1812 3139 1868 Zoroastres
3159 1812 3295 1882 idem
3316 1811 3504 1865 dicitur
3534 1807 3800 1867 Nesraim,

2223 1888 2311 1953 qui
2339 1895 2519 1939 auctor
2543 1885 2852 1953 idololatria!
2877 1885 3040 1939 extitit
3061 1897 3081 1945 ;
3099 1885 3177 1953 vel
3195 1881 3803 1953 Zoroastres,_ntaga.rum

2225 1948 2456 2026 primus,
2486 1966 2532 2008 et
2569 1970 2662 2008 reo:
2698 1952 3093 2026 Bactrianorum
3135 1952 3267 2020 fuit,
3303 1965 3452 2026 quem
3502 1948 3671 2001 Ninus
3711 1955 3804 1998 re:

2226 2019 2553 2093 'Assyriorum
2583 2023 2763 2092 prtelio
2791 2024 3080 2093 interfecit,
3121 2019 3154 2074 a
3189 2037 3292 2090 quo
3318 2019 3672 2093 'Zoroastreus
3712 2029 3807 2067 ποι

2228 2087 2666 2162 ηιειῖαιῆεεεὶυὶιηι
2689 2107 2708 2158 ;
2732 2091 2809 2145 vel
2837 2094 2905 2144 ad
2927 2087 3374 2162 eius-sectatores,
3414 2089 3492 2162 vel
3534 2088 3605 2138 ad
3643 2087 3806 2152 ipsum

2228 2157 2482 2232 magicam
2507 2171 2671 2232 artem
2699 2163 2935 2232 pertinet.
2964 2157 3312 2232 Zoroastreos,
3358 2157 3556 2232 magica
3591 2162 3805 2208 secreta.

2234 2228 2480 2286 Mesraim
2504 2228 2708 2301 Jupiter
2736 2231 2948 2296 fulmine
2980 2230 3252 2301 percussit,
3277 2240 3326 2301 e_t
3352 2229 3468 2279 ideo
3509 2228 3642 2278 inter
3669 2233 3808 2301 astra

2231 2304 2402 2368 ferunt
2431 2317 2547 2354 eum
2577 2293 2916 2369 assumptum,
2945 2293 3094 2365 quem
3131 2297 3244 2352 ideo
3283 2297 3592 2354 Zoroastren
3626 2293 3809 2363 appel-

2231 2372 2363 2433 lant,
2395 2372 2449 2423 id
2475 2381 2569 2434 est,
2597 2371 2766 2423 vivens
2792 2381 3004 2430 astrum,
3031 2369 3071 2421 1.

2301 2429 2426 2495 496.
2460 2429 2686 2499 Lateris.
2709 2440 2859 2508 regis,
2887 2439 2923 2491 l.
3043 2436 3212 2504 Unus,
3245 2436 3453 2506 quidam
3475 2434 3644 2502 ipsum
3669 2429 3806 2484 Prst-

2227 2513 2322 2564 den
2334 2512 2461 2563 tium
2489 2509 2702 2579 intelligi
2732 2507 2925 2574 colunt,
2957 2507 3117 2576 Prag.

1896 2621 2452 2678 COMMENTARIUS.

631 2740 755 2792 477.
797 2735 915 2791 Ald.
945 2775 960 2797 ,
997 2734 1290 2794 hirranum,
1333 2734 1508 2786 minus
1550 2731 1687 2787 bene
1727 2746 1821 2801 pro
1861 2749 2124 2786 arcanum.

562 2807 809 2863 Sidonius
837 2808 1112 2857 :rmulatus
1139 2804 1345 2855 videtur
1376 2801 1720 2870 Prudentium
1765 2802 1816 2855 in
1863 2802 2122 2870 Panegyr.

563 2879 628 2930 ad
653 2875 1010 2936 Anthemium,
1038 2870 1308 2925 Chatdteus
1335 2872 1386 2922 in
1408 2874 1535 2924 extis
1566 2869 1874 2936 Pontiﬁcum
1895 2871 1958 2924 de
1990 2887 2127 2924 more

565 2961 716 3001 senex
743 2958 934 2995 arcana
962 2941 1151 3008 peregit
1182 2940 1469 2993 Murmura.
1496 2939 1922 2994 Elmenhorstius
1951 2940 2003 2992 in
2029 2939 2130 2993 Ar-

567 3016 784 3070 nobium
814 3027 934 3080 pag.
964 3009 1026 3064 3t
1065 3013 1210 3076 plura
1234 3009 1392 3080 habet
1411 3009 1479 3063 de
1504 3024 1764 3080 murmure
1793 3025 1983 3062 arcano
2014 3024 2124 3062 ma-

567 3100 776 3154 gorum,
793 3078 910 3154 sive
929 3083 1157 3154 fremore
1169 3079 1453 3154 intiborum,
1485 3087 1542 3130 ut
1572 3078 1835 3154 Arnobius
1855 3088 2027 3154 vocat.

2231 2730 2416 2785 confer
2432 2727 2766 2784 Malvendam
2791 2727 2858 2784 de
2881 2727 3211 2783 Antichristo
3233 2741 3352 2793 cap.
3375 2727 3466 2790 10,
3489 2725 3585 2781 lib.
3605 2739 3698 2786 vn,
3719 2724 3811 2791 qni

2232 2800 2330 2882 bos
2355 2813 2548 2853 versus
2576 2797 2790 2861 laudat;
2819 2810 2872 2852 ut
2929 2798 3242 2852 Gretzerum
3271 2797 3340 2852 de
3377 2795 3550 2851 Cruce
3583 2807 3636 2849 et
3677 2795 3811 2848 alios

2232 2877 2544 2924 innumeros
2579 2877 2922 2935 praeteream.

2247 3007 2279 3016 Α
2301 2938 2433 3016 490ἶ
2477 2935 2709 3016 Consule
2743 2935 3082 3016 Ba_r.9n_.._loc.
3123 2936 3240 3016 cit.,
3275 2944 3352 3016 et_
3374 2932 3712 3016 Pasrbalinm
3743 2933 3813 3016 die

2240 3007 2466 3062 Coronis
2493 3007 2690 3074 p.246,
2718 3022 2767 3058 c.
2800 3006 2884 3072 15,
2913 3006 3006 3060 lib.
3035 3019 3106 3068 tv,
3133 3007 3219 3074 qui
3246 3020 3310 3058 es
3341 3005 3441 3058 liot:
3475 3004 3596 3056 loco
3628 3005 3812 3067 timet,

2234 3078 2379 3144 ipsos
2401 3073 2694 3142 principes,
2723 3078 2933 3142 quoties
2975 3073 3374 3141 sacrificabant,
3418 3075 3692 3143 regalibus
3727 3076 3809 3126 in.

634 3135 1100 3206 4832'Paschalius
1127 3148 1194 3202 de
1219 3135 1450 3201 Coronis
1473 3161 1589 3217 pag.
1619 3145 1745 3217 247,
1770 3161 1887 3217 cap.
1918 3149 2003 3211 15,
2031 3147 2122 3202 lib.
2155 3135 2201 3197 C
2232 3135 2654 3217 signib'usfuis'se
2674 3135 3013 3217 conspicuos.

571 3239 642 3287 tv,
669 3238 730 3274 ex
763 3217 1051 3273 Prutlentio
1078 3232 1135 3271 se
1165 3217 1385 3287 discere
1403 3217 1496 3287 ait,
1525 3215 2005 3287 ﬂaminisgﬂomani
2034 3231 2128 3270 co-

569 3283 754 3348 ronam
787 3288 951 3342 fuisse
981 3287 1236 3351 lauream,
1269 3284 1349 3337 bis
1372 3283 1599 3339 laudatis
1628 3285 1893 3339 versibus.

634 3358 756 3416 485.
785 3358 1125 3412 DulciSsimos
1138 3363 1293 3409 vocat
1311 3353 1407 3410 hos
1430 3367 1617 3409 versus
1642 3355 1884 3410 Barthius
1906 3354 2126 3420 lib.ai.t,

566 3447 682 3498 cap.
707 3427 939 3498 27AM.
974 3427 1190 3479 Diversa
1217 3423 1425 3498 videtur
1450 3440 1574 3498 esse
1605 3425 1846 3498 hiSIoria,
1881 3441 2035 3491 quam
2065 3427 2131 3480 de

567 3492 755 3554 endem
785 3496 992 3550 Juliano
1026 3498 1278 3562 Apostata
1304 3492 1590 3562 Gregorius
1610 3493 1973 3548 Nazianzenus
1993 3504 2128 3548 orat.

575 3573 595 3623 1
634 3577 816 3621 contra
842 3565 1030 3618 Julian.
1055 3560 1216 3617 refert
1241 3566 1307 3616 de
1327 3560 1495 3616 Cruce
1515 3572 1785 3626 coronata,
1810 3578 1903 3618 seu
1933 3565 2133 3618 circulo

574 3639 776 3690 inclusa
813 3636 946 3687 :alia
969 3640 1084 3687 erat
1115 3647 1245 3685 crux
1278 3640 1555 3695 coronata,
1586 3631 1671 3685 cui
1705 3635 1905 3687 scilicet
1931 3647 2128 3688 corona

571 3721 728 3770 supra
761 3703 1145 3771 imponebatur.
1171 3701 1245 3755 De
1283 3713 1505 3768 utraque
1537 3702 1691 3771 docte
1722 3702 1940 3756 disserit
1995 3704 2129 3758 Ros-

571 3770 876 3847 weydusad
901 3774 1170 3847 Paulinum
1200 3773 1250 3823 in
1273 3772 1429 3838 epist.
1463 3771 1550 3847 lg:
1590 3770 1870 3847 Historiam
1903 3773 2142 3847 similem

572 3838 873 3899 Lactantius
901 3849 1081 3894 narrat
1109 3840 1200 3892 lib.
1230 3855 1298 3902 Iv,
1336 3854 1452 3906 cap.
1483 3841 1550 3892 27
1581 3856 1595 3892 :
1629 3838 1757 3893 Cum
1779 3844 1877 3893 diis
1903 3845 2007 3894 suis
2032 3845 2131 3894 im-

569 3916 781 3976 molant,
806 3911 850 3964 si
879 3911 1080 3963 assistat
1109 3909 1293 3980 aliquis
1309 3910 1554 3980 signatam
1579 3913 1793 3977 frontem
1823 3927 2020 3980 gerens,
2042 3928 2128 3963 sa-

568 4001 655 4036 cra
683 3983 823 4035 nullo
843 3980 991 4033 modo
1021 3981 1190 4032 litant.
1241 3977 1371 4030 Nec'
1395 3993 1636 4047 responsa
1679 3977 1841 4046 potest
1874 3981 2132 4033 consultus

567 4053 778 4106 reddere
805 4059 962 4103 vates.
1020 4047 1085 4100 Et
1123 4049 1227 4100 htec
1256 4063 1388 4110 stcpe
1421 4063 1576 4118 causa
1599 4050 1856 4115 pra'cipua
1882 4051 2131 4118 justitiam

570 4120 899 4189 persequendi
927 4119 1075 4169 malis
1095 4118 1295 4189 regibus
1321 4118 1436 4189 fuit.
1462 4114 1760 4189 Cumlenim
1773 4114 1990 4189 quidam
2035 4121 2126 4171 nti.

573 4185 846 4242 nistrorum
867 4196 1152 4239 nostrorum
1164 4185 1566 4253 sacriﬁcantibus
1587 4186 1807 4240 dominis
1819 4189 2133 4250 assisterent,

572 4261 806 4325 imposito
845 4257 1095 4325 frontibus
1125 4255 1427 4325 signodeos
1466 4256 1677 4307 illorum
1703 4262 2033 4324 fugaverunt,
2077 4274 2136 4310 ne

569 4323 773 4393 possent
801 4323 853 4378 in
875 4326 1142 4396 visceribus
1161 4323 1446 4396 hostiarum
1467 4327 1642 4396 futura
1665 4323 1955 4396 depingere.
1986 4326 2135 4391 Quod

567 4415 679 4449 cum
703 4396 1040 4464 intelligerent
1065 4394 1381 4458 haruspices,
1419 4394 1774 4462 instigantibus
1804 4394 1982 4448 iisdem
2019 4397 2131 4448 dae-

2305 3216 2522 3296 t9_t..ln
2564 3214 2832 3270 nonnullis
2863 3213 3042 3285 Vulg.-,
3077 3215 3353 3280 examinis,
3397 3212 3677 3281 mendose,
3716 3227 3814 3282 pro

2231 3301 2503 3341 επαιιιηιιε.

2302 3355 2428 3411 49Ξ.
2483 3357 2626 3421 Put.,
2675 3355 2869 3409 circum
2911 3355 3138 3424 inspicit,
3179 3355 3322 3424 bono
3364 3353 3579 3424 quidem
3612 3367 3810 3424 sensu,

2232 3427 2372 3495 quod
2397 3425 2609 3494 praefert
2637 3425 2789 3495 Teoﬁl.
2823 3440 2943 3480 cum
2971 3421 3181 3490 lleins.,
3223 3423 3322 3495 sed
3348 3423 3590 3495 plerique
3612 3421 3813 3495 hahfnt

2234 3491 2590 3563 circumspicit,
2625 3494 2763 3563 quod
2791 3505 2967 3549 exstat
2996 3495 3154 3549 etiam
3186 3491 3326 3560 apud
3355 3492 3669 3563 Gregorium
3689 3491 3812 3563 an-

2233 3561 2517 3619 ronensem
2549 3561 2651 3618 loc.
2682 3565 2773 3619 cit.
2810 3564 2925 3618 Vat.
2958 3564 3016 3619 Β.
3044 3565 3219 3631 nequis
3249 3575 3346 3630 pro
3376 3572 3422 3614 et
3450 3561 3586 3631 quis,
3621 3562 3702 3613 vel
3729 3577 3812 3614 ec-

2232 3635 2366 3703 quis.
2397 3633 2531 3688 Vide
2560 3647 2717 3703 supra
2742 3647 2885 3689 vers.
2935 3633 3036 3688 186
3075 3630 3216 3701 quod
3265 3640 3413 3685 notat
3459 3630 3702 3684 Gil’anins
3740 3631 3809 3686 de

2235 3706 2333 3756 hac
2357 3717 2494 3773 voce
2520 3712 2566 3756 et
2591 3705 2725 3773 quis.

2304 3772 2429 3826 493.
2457 3767 2860 3840 Rot.,'siqnarit,
2884 3769 3023 3840 quod
3060 3770 3258 3838 placuit
3298 3769 3538 3824 lleinsio.
3568 3769 3633 3840 VS.
3679 3767 3811 3823 Grc-

2231 3844 2412 3911 gorius
2460 3839 2790 3896 Turonensis
2826 3839 2930 3895 loc.
2966 3841 3094 3899 cit..
3133 3841 3390 3910 signaret;
3417 3840 3510 3911 sed
3563 3839 3615 3893 in
3647 3842 3810 3911 tertio

2233 3909 2622 3992 ins...siqnarit,
2653 3923 2709 3990 ut
2733 3911 3116 3965 animadvertit
3146 3909 3339 3964 editor.
3379 3909 3602 3963 Codices
3645 3910 3806 3963 Hein-

2233 3995 2392 4044 stam,
2426 3971 2580 4044 Man,
2612 3983 2785 4044 Stch.,
2831 3980 2988 4044 Urb.,
3019 3981 3171 4034 Ales.
3209 3979 3328 4033 Vat.
3351 3980 3416 4044 Ο,
3453 3978 3626 4041 Teo|.,
3672 3978 3806 4032 Tor-

2233 3995 2392 4045 stam,
2426 3993 2580 4044 utan,
2612 3993 2785 4046 51cm,
2832 3993 2988 4044 Ut‘D.,
3019 3993 3171 4034 Ales.
3214 3993 3328 4033 vat.
3351 3993 3416 4044 υ,
3454 3993 3626 4041 "te-0L,
3672 3993 3810 4032 't’or-

2235 4065 2394 4116 περι,
2441 4052 2606 4105 editio
2658 4051 2816 4104 Basil.
2858 4051 2911 4104 in
2949 4057 3116 4112 textu,
3155 4049 3299 4111 ΑΜ..
3337 4050 3513 4117 Egm.,
3549 4047 3746 4102 Widm.
3780 4063 3810 4102 a

2235 4123 2403 4186 prima
2435 4135 2614 4184 manu,
2647 4124 2807 4187 ligno,
2839 4119 2978 4189 quod
3003 4121 3178 4185 aptius
3209 4121 3446 4172 cohaeret
3475 4134 3596 4171 cum
3635 4121 3810 4189 signu-

2233 4199 2308 4242 ret
2361 4205 2518 4257 quam
2566 4194 2734 4257 signo.
2784 4188 3010 4258 Aliunde
3051 4197 3227 4242 tamen
3263 4190 3467 4258 lignum,
3497 4188 3810 4241 Cbrismatis

2236 4274 2339 4312 non
2365 4261 2432 4310 ita
2463 4261 2704 4327 apposite
2732 4259 2947 4313 dicitur.
2977 4257 3373 4312 Chamillardns
3405 4257 3540 4311 falso
3570 4259 3663 4327 ait,
3695 4272 3810 4309 om-

2237 4343 2331 4398 nes
2353 4325 2704 4398 lcgere‘signo
2727 4345 2744 4390 ;
2775 4328 2888 4392 ipse
2918 4327 3043 4394 legit
3065 4328 3203 4397 ligno
3229 4343 3349 4382 cum
3368 4327 3559 4398 licius.
3587 4325 3807 4380 Gallan-

2236 4397 2355 4450 dius
2385 4399 2586 4465 mavult
2607 4396 2757 4464 ligno
2787 4397 2906 4465 quis
2937 4396 3120 4464 postea
3167 4413 3312 4451 vers.
3352 4396 3458 4451 498
3491 4400 3728 4450 occurrit
3752 4412 3810 4449 ac

569 4467 817 4554 monibus,
1050 4472 1847 4554 ptfs‘ecrarin‘t,‘fpn‘querenles,
1888 4465 2130 4546 profanos
2159 4493 2208 4554 υ
2232 4467 2434 4545 signum
2475 4464 2703 4531 Christi,
2761 4464 2882 4535 quas
2928 4468 3066 4521 ratio
3107 4467 3370 4522 imbecilla
3419 4476 3522 4521 est.
3573 4465 3808 4521 Praefero

569 4539 793 4588 homines
821 4534 980 4586 sacris
1010 4533 1264 4594 interesse,
1296 4532 1569 4602 adegerunt
1607 4534 1857 4602 principes
1890 4532 2032 4602 ipsos
2076 4535 2131 4588 in
2161 4532 2206 4554 ν
2231 4532 2397 4606 signo.

571 4607 811 4672 furorem.

635 4673 760 4728 486.
793 4673 910 4724 Vat.
941 4672 1005 4733 A,
1029 4671 1120 4721 hoc
1147 4685 1166 4734 ;
1195 4668 1312 4723 Vat.
1348 4669 1407 4721 Β.
1449 4668 1603 4736 Man,
1637 4672 1717 4723 hic
1739 4675 1980 4736 jucenum
2009 4687 2128 4727 cum

569 4744 703 4796 aliis.
735 4742 838 4797 Sed
867 4740 1031 4794 Aldus
1068 4754 1170 4791 non
1202 4737 1334 4792 bene
1361 4739 1666 4806 distinguit:
1693 4737 2126 4797 Christicolarum.

571 4812 670 4865 llic
707 4814 946 4879 iuvenum
989 4825 1146 4876 genus
1193 4808 1302 4879 hoc
1328 4808 1592 4859 hominum
1636 4812 1821 4870 tremit,
1864 4812 2052 4875 infula,
2085 4823 2130 4865 et

568 4877 734 4944 omne,
768 4891 868 4935 etc.
902 4879 1013 4949 Gis.
1038 4879 1072 4930 2
1099 4879 1256 4949 etlit.,
1285 4877 1385 4928 huc
1414 4879 1677 4946 juvenum.
1713 4879 1868 4932 Fahr.
1899 4879 2017 4932 Huc
2038 4885 2131 4949 ju-

569 4966 747 5004 venum
767 4967 785 5004 :
809 4949 970 5001 tremit
991 4947 1083 4998 hoc
1103 4948 1359 4999 hominum
1380 4964 1534 5010 genus
1556 4950 1719 5015 infula
1742 4949 1935 5003 idoneo
1947 4947 2128 5004 sensu.

569 5020 812 5074 Heinsius
841 5017 1002 5071 edidit
1029 5017 1129 5081 hic,
1155 5015 1245 5086 sed
1268 5030 1371 5068 non
1398 5018 1469 5070 ait
1499 5033 1632 5086 quos
1653 5018 1866 5072 codices
1891 5029 2125 5084 secutus,

567 5090 810 5159 quamvis
837 5085 1130 5159 Gisclinum
1160 5084 1472 5159 deseruerit.

640 5160 763 5214 487.
798 5156 1060 5212 aniauus
1101 5157 1153 5207 in
1185 5154 1574 5208 Pseudomante
1598 5155 1664 5208 de
1695 5156 1985 5222 impostore
2011 5158 2130 5212 Ale-

569 5231 769 5284 xandro
802 5245 812 5280 :
841 5227 1014 5280 Primo
1034 5225 1235 5289 quidem
1265 5223 1347 5274 die
1379 5224 1756 5278 Atheniensium
1792 5229 1893 5279 ritu
1932 5226 2128 5280 denun-

567 5300 708 5350 tiatio
739 5297 887 5367 fiebat
919 5293 1213 5364 hujusmodi
1246 5309 1264 5344 :
1295 5293 1494 5367 Siquis
1521 5295 1726 5367 impius,
1752 5305 1840 5347 aut
1881 5297 2129 5350 Christia-

566 5385 681 5432 nus,
714 5364 803 5420 aut
845 5367 1126 5428 Epicureus
1167 5364 1520 5432 mysteriorum
1563 5366 1857 5431 eaplora'or
1891 5368 2126 5428 accessit,

564 5430 809 5489 discedat.
857 5435 1106 5488 Ceterum
1133 5430 1233 5495 qui
1267 5430 1370 5484 Deo
1410 5430 1634 5485 credunt,
1656 5445 1703 5486 et
1743 5446 1942 5500 parent,
1969 5437 2128 5489 sacris

567 5506 776 5573 feliciter
806 5506 1085 5556 initientur.
1121 5500 1370 5573 Sub_htvc
1395 5504 1624 5573 protinus
1649 5505 2001 5571 exigebantur,
2031 5508 2127 5559 illo

568 5568 840 5640 prweunte,
870 5575 1158 5640 dicenteque
1180 5586 1197 5622 :
1219 5568 1380 5623 Foras
1417 5571 1668 5640 pellantur
1693 5568 1989 5628 Christiani.
2034 5576 2127 5630 llis

571 5645 740 5696 verbis
770 5646 900 5698 lotus
924 5651 971 5695 et
999 5651 1177 5693 unctus
1221 5650 1609 5694 sacramentum
1644 5645 1886 5708 baptismi
1909 5659 1961 5698 et
1988 5660 2125 5699 cou-

571 5711 1121 5772 firmationisexprimi
1147 5719 1351 5782 certum
1381 5711 1646 5782 est.iVide
1674 5713 1854 5782 liymn.
1882 5713 2037 5768 Cath.
2066 5715 2121 5779 6,

571 5795 706 5835 vers.
736 5783 856 5848 128,
897 5793 949 5835 et
993 5780 1270 5834 Batoniutn
1313 5791 1441 5843 tom.
1492 5781 1505 5833 Ι
1546 5780 1761 5850 Annal),
1799 5798 1849 5850 p.
1893 5784 2021 5847 219,
2060 5801 2120 5838 ac

2303 4604 2428 4658 494.
2451 4605 2572 4659 Aldi
2600 4619 2754 4658 error
2772 4605 2946 4657 turbas
2968 4613 3036 4658 et.
3066 4605 3245 4674 Prag.,
3275 4605 3513 4658 turbarit.

2300 4675 2427 4744 495.
2460 4674 2671 4744 Nomm,
2700 4677 2954 4744 armigero
2980 4691 3008 4728 e
3037 4690 3196 4728 cuneo
3222 4690 3318 4743 pro
3343 4676 3564 4743 armiger
3583 4690 3611 4727 e
3631 4691 3805 4728 cuneo.

2234 4742 2391 4797 Fabr.
2420 4753 2480 4798 et‘
2505 4741 2619 4798 Gis.
2645 4745 2681 4796 2
2707 4741 2862 4808 editi,
2911 4741 3425 4813 flammicontantum,
3461 4741 3808 4811 repugnanti-

2230 4814 2330 4868 bus
2360 4815 2708 4878 membranis,
2733 4814 2782 4867 in
2812 4816 3003 4882 qulbus
3025 4823 3336 4867 constanter
3356 4826 3438 4868 e~t
3467 4815 3807 4882 ﬂavicoman-

2231 4893 2357 4947 tum,
2381 4893 2607 4951 excepto
2634 4883 2750 4937 Vat.
2775 4883 2842 4946 Ο.
2865 4884 2954 4936 ubi
2982 4890 3064 4936 est
3082 4885 3589 4952 ﬂammicomantum.
3615 4883 3810 4937 Juven-

2231 4967 2325 5006 Cus
2358 4954 2448 5005 lib.
2483 4968 2532 5004 tv
2560 4952 2695 5006 dixit
2723 4952 2970 5004 tantarum
3002 4954 3507 5019 flammicomantum.
3548 4953 3678 5008 Vide
3708 4953 3807 5006 Bu-

2231 5022 2526 5091 lengerum.
2551 5036 2670 5090 cap.
2692 5021 2780 5085 59,
2815 5021 2908 5075 lib.
2939 5031 2991 5074 tu
3019 5021 3087 5075 de
3120 5024 3310 5091 lmper.
3344 5022 3523 5084 Rom..
3551 5025 3615 5076 de
3638 5024 3808 5075 Armi-

2231 5097 2464 5215 ﬁeris,_et
2492 5091 2799 5159 Pignorium
2844 5099 3137 5146 comment.
3187 5095 3256 5146 de
3302 5093 3480 5147 Servis
3511 5109 3632 5172 pag.
3687 5093 3808 5171 il_9.

2280 5162 2475 5214 ifanius
2525 5162 2636 5214 Ind.
2691 5161 2902 5214 Lucret.
2945 5160 3112 5214 verbo
3160 5161 3238 5215 Er
3268 5177 3489 5215 OCAN‘I'IS
3537 5163 3805 5215 intelligit.

2280 5162 2475 5214 ifanius
2525 5162 2636 5214 Ind.
2691 5161 2902 5229 Lucret.
2945 5160 3112 5214 verbo
3160 5161 3238 5215 Er
3268 5160 3805 5229 ocaarts’intelligit.

2233 5245 2425 5298 pueros
2446 5231 2846 5284 ﬂavicomantcs
2873 5228 3038 5284 fuisse
3059 5230 3359 5286 Germanos
3382 5251 3393 5283 :
3420 5234 3497 5285 sic
3517 5228 3803 5286 Germania

2230 5301 2364 5368 ﬂava
2410 5300 2606 5354 dicitur
2647 5300 2740 5352 lib.
2780 5314 2830 5352 tv
2856 5299 3047 5370 _Mani|.
3074 5300 3321 5354 Horatius
3353 5301 3525 5370 Epod.
3555 5300 3618 5355 l6
3652 5319 3665 5354 :
3698 5300 3807 5354 Nec

2230 5370 2336 5438 fera
2365 5369 2582 5423 cterulea
2612 5367 3116 5439 domaitrGermania
3146 5373 3295 5436 pube.
3319 5367 3427 5424 Cur
3450 5388 3632 5439 pueros
3659 5380 3808 5424 vocet

2235 5440 2532 5511 ministros,
2553 5441 2678 5511 sive
2702 5438 2959 5493 satellites
2979 5441 3229 5511 custodes
3255 5443 3524 5510 corporis,
3547 5441 3675 5496 vide
3694 5456 3809 5511 qua

2236 5509 2470 5563 diximus
2500 5510 2562 5561 ad
2591 5522 2735 5563 vers.
2770 5511 2794 5562 1
2832 5512 3016 5577 hymn.
3047 5510 3080 5563 ε)
3105 5509 3263 5564 Catb.

2301 5579 2426 5634 499.
2462 5578 2620 5650 Fabr.
2668 5587 2722 5650 et
2753 5577 2890 5650 (ἤδη
2919 5579 3171 5648 prosiliit;
3212 5581 3423 5650 codices
3450 5596 3609 5647 mss.,
3649 5582 3801 5650 prosi-

2232 5647 2326 5700 luit
2352 5665 2371 5702 :
2398 5659 2451 5702 et
2478 5649 2547 5702 ita
2578 5647 2915 5704 scribendum
2938 5664 3061 5704 esse
3087 5661 3270 5705 monet
3302 5649 3548 5706 Gifanins
3587 5647 3692 5705 loc.
3717 5650 3807 5705 cit.

2231 5719 2395 5774 verbo
2427 5720 2674 5774 DISSILL'I.
