3922 6384
497 294 596 346 ἮΠ

1771 290 2073 346 VICTORIS
2114 292 2415 349 VITENSIS

3579 294 3685 349 208

499 418 704 471 quoque
730 404 1062 471 fulgentibus,
1096 403 1476 469 palliorumque
1518 403 1775 456 velamine
1820 418 1881 457 ac
1912 405 2041 455 lam-
2070 408 2113 463 Α
2146 421 2270 457 xxv:
2291 447 2304 467 ,
2330 406 2442 471 20).
2482 404 2615 457 Vidit
2643 414 2693 457 et
2724 405 3037 458 venerabilis
3065 404 3254 458 Paulus
3294 406 3569 473 episcopus
3595 420 3685 459 ar—

504 497 719 557 padibus
751 497 1063 547 rutilantem.
1100 495 1161 545 Et
1188 494 1309 544 dum
1339 497 1607 546 lmtaretur
1635 493 1863 545 cand're
1915 494 2041 545 tanti

506 584 742 652 fulgoris,
788 586 979 643 subito,
1026 583 1116 644 ait,
1167 584 1379 634 luminis
1432 581 1573 633 illius
1618 582 2043 645 concupiscihilis

503 674 785 726 exstinctus
814 682 893 724 est
919 671 1105 737 fulgor,
1150 686 1209 721 ac
1237 670 1467 723 tenebris
1516 669 1913 721 SUCCedentIItus
1954 670 2043 718 ad»

503 766 763 819 versarius
790 764 1001 815 naribus
1026 772 1175 813 natus
1201 772 1280 813 est
1301 762 1436 814 fetor
1462 780 1470 811 :
1497 761 1771 826 omnisque
1793 761 1875 811 illa
1904 760 2044 810 alba-

502 866 672 907 torum
712 852 881 908 turba.
912 850 1293 917 expellentibus
1342 848 1652 914 quibusdam
1704 846 2044 913 Ethiopibus

501 943 693 1009 minata
724 950 808 994 est
854 940 991 991 foras
1021 955 1033 987 :
1066 938 1135 990 ob
1165 939 1261 991 hoc
1288 938 1480 1004 jugiter
1525 938 1818 989 Iamentaus
1844 977 1857 998 ,
1906 936 2041 1001 quod

499 1044 615 1082 eam
644 1032 695 1081 in
737 1028 975 1080 claritate
1006 1026 1218 1092 pristina
1266 1040 1590 1091 nequaquam
1635 1026 1821 1075 viderit
1854 1024 2043 1075 iterum

502 1120 818 1171 restitutam.
865 1114 993 1166 Nam
1026 1112 1277 1165 visionem
1311 1116 1461 1165 istam
1506 1113 1658 1164 nobis
1704 1112 2044 1192 pri‘rsentibus

502 1218 685 1260 sancto
730 1205 907 1258 retulit
954 1203 1204 1271 Eugenio.
1244 1202 1381 1254 Vidit
1422 1212 1473 1255 et
1517 1202 1725 1269 quidam
1774 1202 2045 1269 presbyter

505 1301 669 1365 ipsam
700 1284 874 1349 Fausti
904 1294 1168 1346 basilicam
1198 1292 1444 1347 refertam
1488 1293 1657 1345 turbis
1688 1293 2043 1345 innumerabi-

505 1388 631 1440 lium
661 1384 991 1451 po,»ulorum,
1022 1392 1074 1435 et
1102 1390 1219 1448 post
1245 1382 1508 1448 paululum
1536 1393 1861 1445 evacuatam,
1892 1393 1942 1433 et
1966 1397 2048 1433 re-

506 1477 699 1545 pletam
733 1486 1010 1539 porcorum
1051 1470 1383 1523 multitudine
1409 1480 1565 1538 atque
1592 1485 1888 1538 caprarum.
1919 1469 2045 1522 Itetn

504 1565 638 1617 alius
662 1563 790 1615 vidit
817 1576 989 1613 aream
1019 1560 1271 1613 triticeam
1301 1560 1623 1612 ventilationi
1654 1570 1907 1626 paratam,
1932 1574 2048 1625 gra-

507 1653 586 1705 nis
611 1651 781 1704 adbuc
810 1648 1136 1702 ventilatoris
1162 1648 1359 1714 judicio
1405 1649 1627 1701 necdum
1657 1664 1683 1699 a
1716 1650 1863 1715 palea
1891 1663 2044 1714 sepa-

2144 496 2322 548 buretn
2374 510 2537 561 usque
2566 494 2627 546 ad
2672 494 2836 547 caelos
2873 495 3033 545 ramis
3063 495 3366 546 florentibus
3392 503 3681 555 ostensam,

2141 598 2257 649 qua:
2287 584 2441 634 etiam
2469 584 2714 635 dilatione
2736 595 2825 635 sua
2857 596 3066 634 onmem
3099 582 3190 651 [aL
3215 585 3349 633 deest
3375 581 3527 651 pene]
3553 598 3686 649 pene

2144 671 2370 723 Africam
2400 674 2670 738 opacabat.
2700 674 2762 722 Et
2791 686 2907 723 cum
2936 672 3165 724 universi
3196 671 3309 735 ejus
3330 673 3687 739 magnitudine

2143 772 2195 812 et
2219 760 2552 827 speciositate
2589 762 2876 829 gauderent
2902 779 2912 811 :
2939 776 3062 813 ecce
3091 761 3286 825 subito,
3331 760 3517 826 inquit,
3549 762 3690 814 venit

2142 852 2321 902 asinus
2352 852 2627 910 violentus,
2660 851 2745 917 qui
2777 851 3039 904 defricans
3064 850 3321 904 cervicem
3353 865 3500 904 suam
3529 864 3688 916 super

2142 939 2301 991 robur
2331 940 2562 991 radicum
2592 942 2727 1005 ejus,
2761 942 2987 1003 impulsu
3016 954 3113 993 suo
3142 954 3259 992 cum
3291 939 3486 1007 ingenti
3516 939 3688 991 sonitu

2145 1028 2284 1077 illam
2334 1028 2624 1080 mirabilem
2672 1029 2913 1082 arborem
2955 1029 3095 1083 elisit
3140 1030 3205 1081 ad
3252 1036 3464 1081 terram.
3509 1027 3611 1083 Sed
3638 1038 3689 1081 et

2144 1117 2459 1181 Quintianus
2499 1116 2525 1152 ἀ
2579 1118 2898 1170 honorabilis
2936 1120 3213 1187 episcopus
3252 1118 3381 1171 vidit
3430 1131 3489 1172 se
3533 1132 3688 1185 super

2143 1205 2420 1271 quemdam
2452 1217 2680 1259 montem
2712 1218 2869 1270 stare,
2890 1208 2956 1261 de
2977 1222 3079 1274 quo
3103 1209 3456 1274 conspiciebat
3476 1222 3687 1276 gregem

2146 1292 2603 1346 innumerabilium
2652 1296 2825 1345 ovium
2876 1293 2966 1363 [aL
3010 1295 3211 1346 additur
3254 1296 3508 1365 suarum],
3541 1306 3594 1349 et
3638 1298 3690 1349 in

2147 1383 2320 1434 medio
2346 1382 2520 1449 gregis
2541 1381 2658 1435 duae
2684 1394 2834 1435 erant
2856 1384 2972 1435 ollae
2996 1384 3209 1435 nimium
3233 1384 3531 1438 bullientes.
3555 1384 3692 1437 Ade-

2147 1480 2262 1523 rant
2288 1480 2461 1524 autem
2482 1472 2655 1523 ovium
2682 1472 2963 1533 occiSores,
2997 1473 3083 1539 qui
3112 1485 3293 1525 earum
3337 1486 3526 1525 carnes
3567 1473 3691 1524 ollis

2150 1562 2489 1615 bullientibus
2516 1562 2909 1627 demergebant.
2965 1563 3027 1615 Et
3063 1577 3179 1615 cum
3210 1563 3281 1615 ita
3320 1564 3489 1627 ﬁeret,
3519 1563 3693 1616 omnis

2149 1653 2233 1704 illa
2265 1653 2565 1719 magnitudo
2586 1653 2758 1719 gregis
2800 1660 3107 1718 consumpta
3137 1661 3234 1723 est.
3286 1652 3425 1705 Reor
3449 1666 3546 1719 ego
3574 1652 3693 1705 illas

506 1742 631 1794 ratis
658 1758 670 1794 :
698 1750 752 1794 et
780 1739 901 1793 dum
936 1739 1160 1807 ingentis
1190 1753 1395 1802 massae,
1426 1739 1547 1791 licet
1573 1738 1824 1799 confusae,
1847 1738 2047 1803 magni-
2079 1730 2119 1785 Β
2147 1741 2279 1793 duas
2308 1742 2461 1802 ollas,
2496 1751 2519 1776 ε
2550 1741 2850 1795 Sicceusem
2876 1750 2930 1794 et
2961 1742 3240 1795 Larensem
3267 1742 3397 1795 duas
3418 1757 3535 1797 esse
3568 1744 3693 1795 civi-

504 1831 758 1884 tudinem'
783 1831 1082 1890 miraretur,
1114 1828 1290 1881 subito
1334 1842 1456 1880 ecce
1504 1827 1657 1879 turbo
1680 1830 1892 1881 veniens
1920 1837 2050 1880 tem-

505 1919 758 1985 pestatis,
817 1917 1069 1983 sonivago
1131 1915 1255 1967 flatu
1327 1918 1485 1981 cmpit
1551 1916 1831 1967 adventum
1898 1930 2047 1968 suum

504 2016 753 2075 surgente
795 2005 1011 2073 pulvere
1056 2005 1440 2057 demonstrare.
1487 2004 1647 2069 Cujus
1676 2008 1869 2071 impetu
1902 2008 2045 2071 palea

507 2098 595 2151 illa
623 2097 794 2150 omnis
818 2096 1034 2149 omnino
1063 2082 1271 2157 volavit,
1296 2096 1687 2149 remanentibus
1706 2098 1902 2162 granis.
1927 2095 2050 2149 Post

506 2188 618 2239 bare
643 2185 784 2237 venit
808 2183 1015 2259 quidam
1048 2199 1317 2252 procerus,
1345 2183 1620 2250 splendido
1650 2186 1816 2249 vultu,
1843 2185 2049 2237 liabitn-

503 2295 605 2349 que
631 2280 795 2333 nitido
827 2280 1049 2346 fulgens,
1091 2278 1176 2346 qui
1204 2279 1359 2345 cmpit
1390 2292 1549 2345 grana
1580 2292 1742 2331 vacua
1774 2280 2046 2330 macilenta

504 2380 658 2439 atque
685 2371 960 2439 similagini
985 2371 1202 2437 reproba
1230 2370 1499 2437 purgando
1521 2370 1797 2435 projicere.
1818 2370 1943 2433 Quae
1959 2369 2048 2420 diu

510 2461 609 2528 ιϐ
632 2460 959 2515 examinans.
988 2460 1070 2510 vix
1093 2459 1503 2524 magnitudinem
1527 2458 1666 2508 illius
1692 2472 1903 2520 massa},
1929 2457 2051 2510 licet

504 2550 755 2615 probatae,
788 2548 853 2600 ad
881 2561 1126 2600 acervum
1157 2555 1329 2597 tamen
1358 2546 1597 2613 perduxit
1624 2547 1891 2613 exiguum.
1922 2547 2047 2598 Item

501 2636 637 2689 alius
664 2637 735 2687 ait
764 2653 775 2685 :
806 2634 985 2687 Stabat
1029 2634 1238 2700 quidam
1289 2634 1571 2700 praecelsus
1604 2648 1762 2700 super
1792 2644 2047 2696 montem,

500 2727 589 2793 qui
614 2734 639 2760 ⁸
667 2724 939 2791 Ziquensis
963 2722 1176 2785 dicitur.
1201 2734 1253 2776 et
1278 2723 1535 2775 clamabat
1556 2724 1779 2777 dextera
1794 2725 2011 2789 levaque
2035 2743 2046 2775 :

502 2793 738 2883 Migrate,
780 2813 1019 2880 migrate.
1056 2812 1203 2864 Alius
1231 2812 1507 2879 conspexit
1536 2800 1773 2880 rugiente
1802 2813 1935 2865 cmlo
1972 2822 2051 2865 at-

500 2920 601 2972 que
628 2904 835 2956 turbato
864 2901 1177 2969 sulphureas
1208 2902 1231 2938 b
1264 2902 1451 2966 nubes,
1478 2901 1715 2968 ingentes
1745 2902 1943 2969 lapides
1966 2902 2049 2969 ja-

500 2996 660 3048 culari
692 3012 704 3046 :
740 2994 826 3061 qui
858 2992 1056 3059 lapides
1098 2991 1219 3043 dum
1252 2991 1567 3045 cecidissent
1606 2992 1656 3043 in
1687 3000 1900 3049 terram.
1934 2992 2048 3057 plus

2153 1840 2302 1891 tates,
2330 1830 2380 1881 in
2407 1830 2597 1897 quibus
2628 1832 2907 1883 multitudo
2939 1832 3107 1899 prima
3145 1831 3313 1885 fuerat
3356 1842 3691 1900 congregata,

2150 1928 2203 1972 et
2227 1938 2253 1972 a
2283 1920 2473 1989 quibus
2502 1920 2797 1973 incendium
2832 1920 3036 1973 initium
3065 1922 3286 1987 sumpsit
3310 1937 3325 1984 ;
3354 1931 3444 1973 aut
3474 1922 3694 1975 Huneri-

2150 2026 2265 2064 cum
2299 2025 2494 2079 regem,
2522 2020 2575 2063 et
2602 2010 2829 2078 Cyrilam
2871 2010 3169 2078 episcopum
3192 2010 3324 2078 ejus.
3352 2010 3452 2065 Sed
3479 2011 3545 2063 de
3570 2012 3693 2063 mni.

2150 2099 2215 2151 tis
2245 2099 2548 2161 visionibus,
2574 2098 2692 2165 quia
2738 2098 2981 2151 brevitati
3030 2098 3407 2151 consulendum
3434 2099 3552 2162 fuit,
3582 2098 3695 2150 bam

2148 2188 2342 2239 dixisse
2373 2187 2618 2238 sufficiat.

2218 2278 2327 2329 VII.
2373 2276 2658 2327 Persecutio
2680 2276 2864 2343 gravis.
2888 2303 2958 2314 κ-
2983 2274 3117 2338 Quid
3153 2274 3285 2325 ultra
3308 2275 3330 2324 τ
3357 2273 3549 2326 Censet
3591 2274 3694 2340 pri-

2151 2380 2238 2419 mo
2265 2374 2516 2432 tyrannus
2538 2364 2778 2433 jussiozie
2799 2362 3037 2423 terribili.
3071 2372 3125 2415 ut
3150 2379 3305 2416 nemo
3335 2365 3383 2414 in
3410 2365 3525 2431 ejus
3553 2364 3694 2431 pala-

2150 2459 2221 2510 tio
2266 2456 2536 2519 militaret,
2590 2470 2758 2522 neque
2808 2456 3038 2523 publicas
3082 2466 3261 2523 ageret
3307 2454 3565 2518 actiones,
3597 2455 3694 2508 nisi

2150 2560 2266 2599 sese
2296 2546 2545 2598 Arianum
2578 2544 2806 2597 fecisset.
2838 2544 3071 2607 Quorum
3120 2545 3302 2610 ingens
3334 2557 3583 2594 numerus
3611 2544 3691 2594 vi-

2148 2648 2274 2701 gore
2304 2634 2517 2699 invicto,
2565 2648 2631 2685 ne
2680 2632 2832 2685 fidem
2868 2632 3131 2696 perderet,
3159 2632 3397 2684 militiam
3434 2642 3694 2698 tempora-

2151 2725 2249 2775 lem
2280 2723 2488 2788 abjecit.
2528 2722 2669 2786 Quos
2697 2731 2873 2789 postea
2902 2722 3143 2775 domibus
3186 2721 3471 2788 proiectos,
3517 2721 3690 2774 omni-

2151 2829 2254 2881 que
2292 2815 2580 2867 substantia
2629 2815 2969 2878 exspoliatos,
3020 2813 3073 2866 in
3125 2815 3322 2867 insulas
3364 2814 3597 2866 Siciliam
3641 2821 3693 2865 et

2152 2904 2443 2957 Sardiniam
2476 2905 2740 2969 relegavit.
2772 2903 2790 2940 τ
2815 2904 2947 2969 Quin
2975 2905 3130 2957 etiam
3159 2914 3388 2958 statuere
3418 2919 3510 2972 per
3532 2913 3693 2958 totam

2153 2994 2381 3048 Africam
2425 2996 2708 3058 festinavit,
2757 3004 2809 3047 ut
2855 3004 3152 3049 nostrorum
3197 2994 3560 3061 episcoporum
3602 2993 3693 3047 de-

500 3060 936 3143 accendebantur,
965 3092 1018 3134 et
1038 3082 1325 3148 majoribus
1347 3082 1573 3135 flammis
1595 3082 1869 3148 ardebant,
1893 3092 2049 3149 atque
2077 3060 2122 3122 Ο
2152 3082 2444 3137 functorum
2474 3084 2631 3138 fiscos
2651 3085 2748 3137 sibi
2780 3085 3123 3138 substantiam
3149 3060 3457 3138 vindicaret.
3478 3085 3575 3146 Qui
3599 3099 3692 3136 au-

501 3179 756 3229 intrantes
787 3177 836 3227 in
888 3175 1168 3242 penetralia
1220 3176 1514 3236 domorum,
1561 3188 1693 3241 quos
1740 3174 2049 3226 invenernt

500 3266 864 3321 incendebant.
916 3264 1011 3328 Qui
1063 3273 1235 3315 autem
1277 3263 1425 3329 vid.t,
1458 3266 1548 3327 ait,
1581 3265 1700 3331 quia
1745 3278 1864 3315 cum
1910 3276 1966 3314 se
1994 3262 2045 3314 in

501 3357 722 3428 quodam
751 3356 991 3419 cubicqu
1016 3353 1759 3411 abscondisset,miseratione
1785 3350 1957 3402 divina
1984 3352 2047 3404 ad

500 3463 622 3500 eum
653 3448 860 3498 flamma
886 3459 990 3496 non
1020 3444 1187 3511 potuit
1215 3444 1490 3507 pervenire
1520 3459 1531 3490 :
1564 3456 1682 3493 reor
1701 3450 1760 3492 ut
1784 3440 1909 3493 illud
1932 3454 2051 3506 pro-

501 3535 765 3602 pheticum
790 3533 1141 3598 compleretur
1166 3547 1177 3580 :
1203 3529 1394 3581 Claude
1424 3529 1607 3580 ostium
1638 3536 1797 3587 tuum,
1822 3536 1868 3579 et
1891 3538 1911 3565 ο
1940 3528 2055 3580 abs-

500 3624 711 3676 condere
754 3621 1151 3689 aliquantulum,
1198 3622 1352 3670 donec
1395 3627 1611 3671 transeat
1642 3619 1719 3669 ira
1764 3616 1857 3670 Dei
1897 3617 2049 3685 (Iani.

500 3797 647 3852 Colb.
696 3798 827 3849 alter
862 3811 957 3864 pro
994 3796 1275 3847 albatorum
1312 3792 1799 3864 liabetgoblatorum.
1839 3792 2041 3857 Chiffl.,

502 3868 667 3925 Bald..
696 3867 837 3927 Sur.,
864 3862 918 3918 et
956 3865 1188 3917 Rhenan.
1214 3902 1230 3925 ,
1255 3878 1372 3913 cum
1403 3862 1552 3915 Colb.
1582 3863 1754 3923 tertio,
1789 3863 2044 3915 beatorum

501 3936 776 3990 Lorichius
812 3934 1062 3986 abbatum.
1096 3933 1167 3984 De
1201 3930 1376 3983 Fausti
1405 3931 1627 3984 ecclesia
1656 3945 1811 3997 supra
1841 3932 2044 3999 egimus

501 4014 621 4058 nota
646 4004 714 4057 25
735 4002 865 4073 (Cof.
896 4003 1088 4073 19!,n.
1117 4000 1187 4069 δ).

569 4083 594 4109 ιι
633 4068 946 4126 Memoratur
991 4068 1174 4123 civitas
1235 4068 1568 4134 Ziquensium
1619 4070 1670 4120 in
1719 4068 1935 4132 Africa,
1992 4068 2041 4120 in

500 4142 717 4208 epistola
745 4140 1072 4193 Constantini
1096 4138 1263 4208 Magni
1292 4138 1353 4188 ad
1388 4137 1719 4208 Probianum,
1741 4138 1880 4208 Asieut
1910 4148 1963 4189 et
1990 4138 2039 4188 in

502 4205 811 4276 P'urgatione
831 4208 1115 4282 Cinciliani.
1138 4205 1399 4282 caeterum
1441 4205 1711 4282 borichius
1738 4206 1894 4258 habet
1916 4244 1927 4265 ,
1962 4222 2043 4256 su-

504 4290 595 4343 pra
611 4273 832 4327 ruentem
860 4275 1090 4335 Domini,
1120 4276 1204 4337 qui
1228 4273 1506 4332 Ziquensis,
1525 4281 1626 4323 etc.

571 4342 599 4379 δ
635 4342 787 4395 Colb.
814 4342 869 4403 2,
896 4340 1036 4399 Ful.,
1063 4341 1264 4399 Gertn.,
1296 4338 1466 4393 Mart..
1499 4338 1758 4399 “lienam,
1788 4339 1963 4400 Ortb.,
1990 4348 2043 4391 et

508 4408 647 4473 Sur.,
666 4408 859 4461 habent
880 4407 1027 4458 nubes
1050 4421 1161 4473 quae
1186 4408 1403 4472 ingentes
1431 4415 1679 4473 coeperunt
1702 4405 1912 4473 lapides.
1936 4415 2042 4458 etc.

506 4478 678 4540 Colb.,
699 4477 753 4539 1,
771 4474 1077 4541 Sufpfmreas
1100 4476 1410 4541 ingentesque
1422 4474 1591 4535 nubes,
1615 4482 1719 4526 etc.
1751 4474 2041 4536 Lorichins,

508 4548 727 4596 turbatas
753 4545 1046 4607 sulphureas
1072 4546 1370 4607 nubes,quw
1396 4541 1622 4606 ingentes
1645 4552 1915 4605 coeperunt,
1943 4554 2046 4595 etc.

582 4625 603 4652 ε
642 4611 787 4666 Colb.
814 4610 849 4665 2
879 4622 931 4666 et
960 4613 1219 4674 Rhenum,
1249 4613 1493 4662 absconde
1517 4619 1564 4663 te
1584 4610 1841 4677 pusillum,
1867 4620 1971 4663 etc.

579 4683 606 4720 ά
648 4682 794 4735 Hunc
830 4680 976 4734 Colb.
1008 4684 1029 4734 1
1056 4689 1109 4733 et
1128 4680 1252 4733 editi
1281 4680 1315 4729 2
1346 4678 1723 4740 Quintinianum
1753 4680 2045 4745 appellant;

512 4767 665 4822 quem
688 4749 982 4822 Siccensem
1008 4749 1307 4822 episcopum
1328 4746 1486 4801 fuisse
1507 4756 1693 4822 censet
1705 4748 1966 4822 barlinius
1996 4748 2045 4822 in

518 4816 653 4876 uotis
681 4818 745 4872 ad
782 4818 1201 4885 Martyrolojgiurn
1237 4817 1524 4868 Romanum
1554 4818 1639 4870 die
1666 4816 1736 4868 25
1780 4817 1921 4879 Maii,
1963 4818 2046 4867 ubi

512 4906 632 4943 cum
658 4888 848 4941 sanctis
879 4884 1028 4938 Lucio
1049 4895 1101 4937 et
1136 4884 1343 4937 Iuliano
1373 4889 1421 4936 in
1453 4887 1813 4947 persecutione
1846 4885 2049 4936 Vanda-

513 4962 607 5012 lica
633 4969 815 5021 passus
838 4956 1043 5007 dicitur.
1075 4953 1177 5007 Sed
1204 4953 1269 5005 de
1294 4953 1372 5005 his
1394 4953 1606 5006 inferius
1626 4955 1767 5021 plura
1789 4952 2043 5013 dicemus,

512 5026 598 5080 ubi
640 5025 707 5077 de
757 5024 1112 5089 persecutione
1145 5022 1510 5084 Guntabundi,
1559 5023 1612 5075 in
1653 5022 2047 5076 Commentario

514 5094 763 5147 historico
783 5094 951 5155 capite
980 5091 1065 5144 10.

585 5171 608 5197 ε
646 5160 734 5212 Sic
759 5158 907 5211 Colb.
938 5161 993 5219 2,
1021 5159 1197 5211 Germ.
1220 5198 1235 5221 ,
1265 5156 1407 5209 Port.
1431 5197 1444 5219 ,
1472 5157 1620 5210 Mart.
1640 5200 1652 5220 ,
1682 5172 1798 5210 cum
1826 5156 2048 5211 Ortliod.

518 5239 569 5282 et
597 5228 857 5281 Loricliio.
891 5227 990 5279 Sed
1022 5227 1166 5279 Colb.
1202 5230 1224 5278 1
1256 5235 1308 5278 et
1352 5225 1487 5291 Ful.,
1518 5236 1631 5289 post
1663 5225 1931 5278 Larensem
1959 5226 2050 5278 ad-

518 5300 644 5349 dunt
690 5294 920 5347 Laribus.
970 5295 1035 5345 At
1080 5294 1225 5346 Colb.
1274 5295 1323 5351 1,
1357 5293 1615 5353 “lienam,
1644 5292 1840 5355 Chifll.,
1877 5295 2047 5361 Bign.,

520 5366 663 5417 Bald.
693 5374 745 5417 et
771 5365 915 5427 Sun,
954 5363 1100 5427 ollas,
1132 5364 1261 5413 sicca
1298 5361 1525 5422 Veneria,
1555 5371 1602 5412 et
1632 5362 1858 5426 Laribus,
1897 5363 2045 5426 duas,

518 5442 621 5485 etc.
644 5433 777 5486 Sunt
798 5441 968 5484 autem
994 5429 1143 5483 Sicca
1163 5429 1381 5482 Veneria
1409 5438 1459 5481 et
1484 5429 1644 5482 Lares
1668 5432 1904 5483 civitates
1932 5433 2048 5483 duce

521 5499 645 5551 olim
674 5500 995 5568 epiSCOpales
1036 5500 1086 5549 in
1114 5496 1283 5568 Africa
1314 5498 1686 5568 proconsulari.
1719 5499 1914 5551 Prioris
1940 5500 2050 5565 epi-

521 5566 1032 5634 scopus—subscripsit
1057 5566 1286 5631 epistola:
1302 5566 1563 5631 synodicae
1584 5566 1791 5620 Patrum
1814 5568 2046 5635 ejusdem

2149 3184 2251 3227 tem
2282 3174 2527 3227 defuncto
2556 3177 2839 3229 succelere
2874 3182 3099 3240 poterat,
3131 3190 3232 3228 non
3267 3185 3388 3228 ante
3425 3175 3693 3245 ordinare-

2153 3273 2255 3327 tur,
2301 3266 2398 3317 nisi
2428 3266 2553 3317 fisco
2591 3266 2750 3332 regali
2801 3266 3113 3332 quingentos
3158 3265 3352 3317 solidos
3393 3265 3690 3319 obtulisset.

2155 3356 2257 3406 Sed
2288 3355 2385 3407 hoc
2410 3356 2710 3415 mdifncium,
2738 3356 2820 3407 ubi
2851 3362 3157 3409 construere
3178 3352 3345 3423 [Lor.,
3370 3351 3531 3421 visus]
3550 3355 3693 3407 nisus

2154 3454 2234 3495 est
2254 3442 2512 3505 diabolus,
2537 3445 2712 3497 statim
2742 3442 2868 3495 illud
2892 3443 3160 3497 destruere
3186 3444 3427 3511 dignatus
3447 3458 3521 3496 est
3546 3443 3694 3497 Chri-

2155 3540 2285 3583 stus.
2325 3532 2621 3597 Suggerunt
2665 3534 2711 3583 ei
2740 3532 3015 3586 domestici
3047 3533 3148 3599 sui,
3172 3532 3443 3587 dicentes:
3471 3533 3525 3585 Si
3555 3531 3687 3587 istud

2159 3620 2445 3673 firmaverit
2470 3621 2753 3689 pmceptio
2774 3630 2968 3684 vestra,
2996 3621 3161 3674 nostri
3186 3620 3438 3689 episcopi,
3462 3620 3547 3687 qui
3570 3627 3693 3672 sunt

2150 3795 2428 3860 provinciae
2454 3795 2516 3848 ad
2555 3794 2771 3848 Paulum
2800 3793 3443 3860 .Constantinopolitanum
3486 3793 3691 3859 episco-

2149 3879 2420 3931 pum.qua2
2447 3864 2578 3917 lecta
2603 3872 2685 3916 est
2702 3867 2749 3915 in
2771 3862 2993 3931 concilio
3021 3862 3359 3931 Lateranensi
3384 3865 3484 3931 sub
3505 3872 3688 3931 sancto

2147 3929 2388 3988 Martino.
2417 3942 2519 3986 act.
2561 3932 2624 3995 2,
2662 3932 2746 3984 ubi
2788 3930 3052 3983 Candidus
3093 3930 3373 3984 Siccensis.
3415 3930 3478 3983 Et
3521 3929 3686 3983 adfuit

2146 4016 2296 4055 conc.
2347 4000 2594 4070 Carthag.
2646 4015 2784 4054 anno
2830 3999 2934 4053 525
2968 3998 3173 4070 Vitulns
3210 3999 3486 4070 episcopus
3517 3998 3685 4065 plebis

2149 4071 2411 4124 Larensis.
2445 4072 2519 4123 Ex
2549 4067 2767 4135 utraque
2796 4070 2916 4121 item
2938 4068 3065 4120 urbe
3090 4067 3339 4133 episcopi.
3372 4076 3479 4120 tum
3502 4070 3685 4121 catho-

2152 4139 2267 4201 liri,
2300 4148 2405 4191 tum
2437 4140 2720 4191 Donatistae
2745 4177 2760 4200 ,
2789 4137 3050 4191 collationi
3096 4136 3343 4199 Cartltag.
3382 4135 3683 4190 interfuere.

2150 4206 2201 4255 In
2230 4221 2290 4257 ea
2325 4208 2515 4271 quippe
2550 4204 2947 4257 Fortunatianus
2976 4206 3232 4271 episwpus
3257 4203 3496 4257 Ecclesia?
3516 4204 3688 4257 catho—

2148 4275 2256 4323 lica:
2272 4274 2519 4325 Siccensis
2538 4288 2679 4339 saepe
2706 4276 3045 4325 interlocutus
3069 4284 3170 4333 est,
3190 4282 3245 4324 et
3263 4289 3318 4323 ea
3329 4277 3416 4335 p't.
3439 4273 3539 4325 159
3564 4274 3687 4325 sub-

2146 4342 2376 4408 scripsit.
2410 4341 2601 4392 Paufus
2627 4356 2753 4393 vero
2781 4342 2894 4405 ejus
2932 4342 3265 4408 adversarius,
3282 4356 3398 4407 cap.
3447 4342 3545 4394 198
3568 4382 3582 4405 ,
3609 4342 3687 4394 in-

2148 4419 2226 4460 ter
2262 4407 2402 4463 alios
2445 4409 2739 4461 Donatistas
2769 4410 3057 4459 retrensilus
3087 4417 3188 4459 est.
3228 4407 3481 4459 Victorius
3509 4419 3681 4462 autem

2075 4461 2121 4517 Ι)
2152 4461 2379 4529 Larensis
2431 4478 2693 4544 episcopus
2745 4490 2862 4528 cum
2912 4474 3175 4544 Honorum
3212 4474 3351 4544 pejus.
3387 4461 3687 4528 adversario

2151 4561 2267 4607 cap.
2316 4545 2408 4597 13f
2446 4542 2735 4606 comparuit
2758 4584 2771 4603 ,
2814 4554 2865 4595 et
2899 4542 3180 4594 Honoratus
3208 4542 3393 4595 iterum
3424 4558 3539 4607 cap.
3564 4544 3684 4597 197.

2152 4612 2327 4666 Adfuit
2364 4621 2418 4664 et
2465 4612 2751 4665 ReStitiitus
2790 4612 3064 4674 episcopus
3097 4610 3383 4663 Laritensis
3421 4610 3684 4662 Donatista

2150 4696 2266 4747 cap.
2298 4680 2422 4733 208.
2447 4681 2522 4733 De
2548 4680 2725 4732 barum
2749 4680 2951 4732 urbium
2975 4679 3075 4731 situ
3100 4678 3301 4747 erudite
3318 4680 3531 4731 disserit
3560 4680 3689 4732 IIen—

2153 4746 2293 4802 ricus
2319 4748 2550 4802 Norisius
2582 4750 2631 4801 in
2663 4748 3122 4801 Observationibus
3150 4746 3400 4799 adversus
3433 4747 3685 4800 Joannem

2150 4817 2457 4870 Garnerium
2488 4856 2503 4880 ,
2543 4830 2670 4883 quas
2712 4818 2943 4869 consule.
2989 4817 3218 4881 Denique
3244 4816 3296 4867 in
3318 4817 3541 4870 concilio
3564 4814 3689 4869 Car-

2156 4888 2295 4951 thag.
2335 4889 2431 4938 sub
2460 4895 2638 4937 sancto
2671 4885 2933 4951 Cypriane
2960 4887 3267 4937 sententiain
3301 4899 3393 4951 pro
3433 4885 3689 4937 lizeretic3s

2157 4954 2535 5020 rebaptizandis
2558 4954 2672 5006 tulit
2700 4953 2877 5005 Castus
2906 4970 2938 5003 a
2972 4953 3117 5007 Sicca
3145 4970 3287 5006 num.
3313 4954 3401 5006 28.
3436 4954 3564 5006 Eum
3603 4968 3688 5004 ur-

2156 5022 2271 5075 bem
2320 5034 2494 5075 notam
2523 5022 2747 5075 reddidit
2776 5022 2971 5074 famosa
2993 5020 3255 5076 Urbanum
3286 5023 3423 5076 inter
3448 5033 3500 5075 et
3528 5022 3687 5088 Apia-

2158 5092 2291 5143 rium
2319 5092 2698 5144 controversia.
2749 5089 3017 5144 IIiIarense
3053 5091 3298 5157 Oppidum
3320 5132 3334 5155 ,
3365 5099 3418 5143 et
3443 5090 3688 5143 Siccense

2158 5166 2413 5212 memorat
2441 5160 2759 5225 Augustinus
2797 5160 3016 5225 epistola
3062 5160 3185 5213 229.
3233 5163 3312 5213 An
3342 5173 3468 5210 vero
3500 5157 3687 5209 Paulus

2158 5237 2211 5279 et
2248 5229 2585 5293 Quintianus,
2628 5228 2711 5280 hic
2747 5242 2777 5279 a
2808 5228 3017 5281 Victore
3047 5229 3352 5288 memorati,
3386 5228 3567 5293 harum
3597 5239 3687 5275 ur—

2160 5296 2298 5349 bium
2350 5292 2574 5362 epiScupi
2622 5296 2830 5356 fuerint.
2860 5299 3112 5349 incertum
3143 5308 3220 5349 est
3242 5336 3256 5359 ,
3285 5310 3403 5349 cum
3434 5295 3481 5345 id
3510 5292 3686 5362 Victor

2153 5361 2403 5427 reticeat,
2447 5378 2543 5416 nec
2579 5366 2656 5417 bac
2692 5365 2807 5417 duze
2844 5366 2997 5418 sedes
3046 5366 3097 5416 in
3149 5363 3334 5417 Africa:
3372 5361 3566 5415 Notitia
3598 5361 3688 5410 lia-

2156 5434 2390 5484 beatitur.

2226 5500 2243 5536 ί
2285 5500 2370 5552 Sic
2391 5498 2537 5555 Ortb.
2576 5509 2627 5551 et
2656 5501 2944 5553 Loricltius.
2972 5500 3037 5552 At
3059 5500 3231 5555 Μαι-ι..
3261 5500 3436 5551 Germ.
3465 5504 3517 5547 et
3545 5494 3682 5557 Ful.,

2156 5569 2298 5629 Quod
2320 5571 2483 5622 etiam.
2511 5570 2715 5629 (Sceleri.
2736 5570 2950 5629 quodam
2977 5580 3194 5630 tempore
3219 5577 3454 5624 statuere.
3481 5572 3579 5617 etc.
