4102 6406
320 408 427 467 oss
1751 394 2201 454 srorneosrs.
3510 397 3621 454 οεο

496 520 605 577 Nec
632 518 826 579 factus.
857 517 954 575 sed
986 524 1165 584 natus,
1201 515 1386 580 habet,
1413 511 1773 585 quodcunque
1818 526 1914 583 pa-
1939 516 1995 576 Α
2195 510 2366 577 Quam
2415 508 2625 575 modus,
2659 516 2712 564 et
2755 506 2967 577 species
3006 507 3369 578 determinat;
3399 520 3454 565 at
3481 513 3622 569 Dens

1466 605 1701 678 [ternum
1732 612 1841 660 est.
3310 601 3549 672 ﬁngens,

497 703 623 760 Haec
644 701 863 770 similis,
891 700 1041 759 velut
1070 700 1282 767 umbra,
1316 698 1411 755 Dei
1440 707 1548 754 est.
1569 696 1661 754 Sic
1690 696 1806 767 ipse
1834 694 1915 751 lo-
2019 698 2126 754 810
2201 697 2374 767 Atque
2395 692 2717 763 superfusus
2756 702 2907 748 trans
2928 694 3133 759 omnia,
3158 692 3232 747 nil
3274 693 3433 747 habet
3460 694 3512 747 in
3564 710 3626 750 se

1666 789 1847 864 [cutus
2201 788 2541 852 Extremum,
2574 798 2629 839 ut
2660 784 2836 840 claudi
2860 782 3061 850 valeat,
3092 798 3325 840 sensuve
3356 787 3550 839 teneri.

497 888 694 946 Factor
706 898 935 957 utroque
972 885 1247 942 hominem
1275 884 1545 942 meditans
1580 884 1651 940 de
1698 883 1919 954 ﬁgmine
2200 879 2577 947 lncomprensa
2606 883 2789 931 manet
2820 874 3016 940 virtus,
3047 874 3133 928 cui
3155 872 3295 929 linea
3324 872 3456 929 defit

1580 974 1847 1047 [junctum
2201 969 2422 1036 Ultima,
2455 982 2616 1040 quam
2640 967 2874 1037 spatium
2905 980 3013 1022 non
3036 964 3401 1021 mensurabile
3433 964 3623 1020 tendit.

497 1068 789 1126 .Editicare
816 1069 901 1125 sui
941 1067 1213 1133 similem;
1239 1066 1337 1123 sed
1364 1082 1473 1123 non
1498 1066 1661 1121 habet
1703 1064 1919 1133 umbra,
2200 1063 2342 1133 Ergo
2357 1062 2593 1117 animam
2610 1060 2828 1124 factam,
2846 1072 3042 1130 magno
3054 1069 3109 1113 et
3122 1058 3326 1113 factore
3338 1058 3627 1123 minorem,

323 1161 430 1219 800
503 1161 654 1232 Quod
677 1175 879 1232 corpus
900 1159 1159 1227 solidum,
1182 1159 1339 1230 cuius
1367 1158 1597 1215 imitatio
1626 1158 1679 1213 in
1728 1155 1919 1211 umbra
2024 1156 2132 1211 8|5
2205 1154 2571 1223 mitioremque
2588 1152 2920 1222 aliis,atque
2933 1149 3186 1205 omnibus
3201 1148 3626 1218 imperitantem,

1697 1246 1802 1319 [est
1834 1264 1848 1300 :
2204 1244 2524 1315 Corruptela
2557 1242 2731 1313 putris
2758 1250 3072 1298 nascentem
3103 1240 3319 1295 turbida
3341 1239 3525 1294 carnis

503 1346 677 1414 Atque
700 1342 848 1398 aliud
871 1356 1056 1399 verum
1081 1350 1188 1411 est,
1219 1339 1361 1396 aliud
1385 1338 1655 1395 simulatio
1670 1338 1811 1394 veri.
2204 1336 2479 1405 Concipit,
2509 1348 2575 1390 ac
2607 1331 2872 1390 membris
2906 1331 3217 1387 tabentibus
3240 1328 3562 1385 interfusam

505 1434 601 1489 Est
628 1433 850 1499 similis,
889 1431 1067 1488 saeclis
1090 1430 1235 1501 quod
1260 1446 1369 1484 non
1395 1428 1733 1501 consumitur
1768 1427 1919 1494 ullis;
2208 1424 2500 1495 Participat
2525 1424 2594 1479 de
2621 1423 2753 1479 fta-ce
2775 1437 2909 1488 sua;
2945 1422 3003 1477 lit
3034 1422 3199 1476 mixta
3220 1419 3419 1475 deinde

504 1529 656 1597 Quod
674 1530 914 1600 sapiens,
932 1498 1169 1597 iustique
1192 1540 1386 1596 capax,
1418 1498 1714 1593 reginaque
1740 1537 1921 1577 rerum
2206 1513 2473 1571 Peccandi
2504 1524 2693 1600 natura
2721 1513 2834 1568 luto
2860 1528 2981 1569 cum
3006 1512 3248 1581 simplice
3275 1511 3429 1565 ﬂatu.

509 1598 777 1690 Imperat:
806 1616 1103 1682 antevidet,
1153 1614 1460 1686 perpendit,
1520 1620 1811 1684 praecavet,
1844 1613 1923 1665 in-
2027 1608 2133 1666 820
2206 1607 2314 1664 Sed
2344 1598 3080 1671 fortassean‘imam,f)omini
3098 1602 3221 1674 quia
3252 1602 3404 1658 ﬂuxit
3423 1601 3490 1656 ab
3516 1615 3634 1667 ore,

1688 1704 1847 1776 [stat;
2207 1697 2605 1768 Compositam,
2638 1696 2947 1765 factamque
2974 1709 3170 1765 neges;
3195 1694 3346 1750 velut
3390 1694 3507 1761 ipsa
3536 1692 3634 1745 Dei

328 1806 435 1864 805
507 1803 828 1868 Verborum,
842 1814 1160 1869 morumque
1170 1797 1375 1868 opifex,
1395 1797 1766 1865 instructaque
1778 1794 1925 1850 mille
3390 1785 3563 1857 [pars,

505 1891 746 1955 Artibus,
774 1898 829 1945 et
857 1890 1054 1945 ctelum
1082 1903 1245 1943 sensu
1284 1900 1608 1957 percurrere
1633 1884 1815 1939 docta.
1958 1930 2000 1957 υ
2206 1878 2368 1951 47³
2385 1878 2541 1947 Quod
2570 1877 2716 1934 dictu
2743 1877 2921 1933 scelus
2942 1886 3046 1945 est,
3076 1884 3243 1932 tetras
3271 1875 3447 1930 trahat
3470 1873 3643 1929 oblita

488 1983 649 2055 4⁸12
666 1981 759 2036 liis
770 1979 1004 2033 animam
1018 1978 1253 2034 similem
1266 1976 1369 2033 sibi
1382 1976 1630 2031 conditor
1642 1973 1919 2045 effigiavit,
1961 1966 2001 1989 ν
3318 1966 3561 2040 [culpas,

505 2071 712 2129 Cmtera
760 2069 1112 2135 dissimilem;
1142 2067 1340 2139 quippe
1361 2068 1500 2122 hanc
1528 2065 1923 2135 comprendere

1381 2157 1715 2230 [promptum
1742 2163 1849 2222 est,

2212 2065 2277 2121 Et
2294 2078 2509 2136 pessum
2524 2063 2777 2119 damnata
2794 2078 2979 2127 ruens;
2995 2062 3161 2119 chaos
3177 2062 3347 2117 intret
3359 2070 3631 2129 opertum.

2208 2156 2293 2213 Sit
2323 2172 2409 2214 res
2438 2156 2530 2213 illa
2562 2157 2677 2221 Dei,
2706 2172 2813 2211 non
2856 2156 3037 2212 abnuo
3070 2174 3083 2209 :
3110 2169 3236 2226 pars
3270 2163 3450 2209 tamen
3478 2152 3567 2207 illa

1628 2245 1915 2304 GLOSSIE
1957 2245 2296 2303 VETERES.

402 2346 527 2403 797.
552 2343 679 2399 llaec
707 2341 923 2404 similis,
955 2342 1126 2395 anima
1160 2342 1289 2407 Deo,
1316 2341 1422 2394 lso.

402 2416 532 2472 798.
552 2416 814 2483 Utroque,
835 2413 1007 2465 anima
1026 2420 1073 2465 et
1091 2427 1319 2482 corpore.
1340 2440 1410 2451 —
1424 2410 1689 2480 Figmine,
1715 2411 1930 2482 figmen-

334 2486 535 2612 m’7ii9.
562 2553 782 2616 Umbra,
813 2555 988 2605 anima
1030 2559 1275 2621 perpetua
1312 2558 1403 2615 est,
1436 2551 1568 2603 sicut
1618 2549 1790 2617 Deus;
1840 2551 1931 2604 sed

335 2628 465 2708 sicut
490 2628 674 2708 urn‘bra
695 2624 854 2708 distat
873 2639 907 2675 a
934 2636 1168 2688 corpore,
1199 2622 1277 2673 ita
1304 2621 1478 2674 anima
1500 2622 1657 2675 distat
1684 2636 1715 2673 a
1750 2636 1931 2691 perpe-

336 2698 519 2753 llitate
548 2693 665 2758 Dei,
695 2694 739 2748 1.

407 2766 533 2822 800.
563 2765 771 2833 Corpus
790 2761 1046 2823 solidum,
1074 2760 1357 2833 maiestas,
1382 2759 1421 2814 Ι.

407 2836 535 2892 802.
562 2834 655 2889 Est
673 2829 890 2896 similis,
908 2833 1083 2885 anima
1107 2831 1291 2884 similis
1323 2829 1430 2883 Deo
1455 2831 1509 2884 in
1530 2830 1645 2894 hoc,
1677 2831 1713 2885 Ι.

406 2906 533 2961 804.
561 2902 874 2975 i’erpendit,
905 2903 1143 2964 testimat,
1180 2900 1446 2958 discernit.
1472 2929 1540 2941 —
1571 2902 1717 2969 Infit,
1762 2902 1932 2971 loqui-

558 3042 768 3113 Opifes,
792 3042 998 3113 artifex,
1034 3041 1075 3095 Ι.

408 3115 536 3171 807.
567 3110 681 3180 liis,
713 3110 910 3184 ofﬁciis,
941 3110 1527 3184 pradictisrebusdso.

410 3184 535 3240 808.
566 3180 793 3249 Caetera,
813 3198 904 3250 per
922 3191 1107 3239 cetera
1128 3181 1375 3251 ofﬁcia—
1393 3180 1733 3252 Promptum,
1758 3181 1931 3251 facile,

338 3256 662 3323 manifestum
693 3263 789 3323 est,
837 3253 879 3307 l.

411 3320 537 3381 8011.
569 3320 783 3389 Modus,
832 3338 1073 3378 mensura
1133 3322 1338 3386 ultima,
1398 3320 1556 3376 linea.
1587 3351 1658 3362 —
1687 3320 1932 3390 Species,

2038 2340 2242 2394 divisio.
2275 2369 2347 2380 —
2375 2336 2728 2403 Determfnat,
2757 2340 2895 2408 ﬁnit,
2919 2338 2961 2393 l.

2112 2412 2237 2465 810.
2265 2410 2614 2480 Superfusns,
2649 2411 2916 2471 dilatatus,
2945 2410 2985 2464 Ι.

2112 2482 2237 2535 811.
2271 2476 2609 2545 Extremum,
2641 2481 2988 2544 terininabile,
3023 2476 3272 2546 ﬁniabilr,
3307 2476 3349 2531 l.

2112 2550 2238 2606 812.
2288 2551 2699 2616 incomprensa,
2736 2550 3283 2620 intompretteisibilis.
3340 2577 3405 2589 —-
3448 2547 3642 2620 Linea,

2048 2622 2319 2676 terminus.
2344 2652 2412 2666 --
2452 2620 2610 2684 Delit,
2642 2623 2800 2683 deest,
2825 2620 2865 2674 ι.

2112 2690 2239 2745 815.
2272 2691 2427 2757 Aliis,
2460 2693 2731 2755 creaturis,
2754 2691 2860 2743 lso.

2114 2760 2243 2830 8l7.
2276 2760 2629 2827 Tabentibus,
2670 2760 3097 2830 putrescentibus,
3134 2759 3177 2813 l.

2112 2829 2238 2914 818.
2264 2830 2578 2914 Partieipat2
2619 2828 2812 2902 partem
2844 2834 2969 2902 facit
3008 2829 3213 2887 habere.
3250 2860 3319 2871 —
3368 2828 3549 2895 cht‘,
3580 2831 3643 2883 de

2045 2913 2249 2973 peccato
2276 2903 2526 2971 corporis,
2563 2902 2601 2955 I.

2113 2973 2242 3049 819.
2266 2969 2485 3049 Natura,
2508 2970 2724 3049 scilicet.

2114 3041 2239 3097 822.
2274 3042 2473 3106 Oblita,
2500 3041 2848 3107 circumdata,
2880 3041 2917 3096 1.

2114 3113 2239 3234 8Ξξτί.
2281 3111 2504 3168 Pessum
2555 3111 2859 3181 perditione,
2912 3114 3068 3168 male.
3100 3112 3391 3178 —Chaos,
3440 3110 3647 3179 voragi—

2114 3198 2180 3234 m.
2235 3224 2246 3234 .
3632 3207 3637 3212 ’

2043 3196 2180 3243 nem,
2208 3196 2246 3235 Ι.
3632 3207 3637 3212 ’

2117 3252 2248 3307 8ὶ1.
2279 3250 2398 3306 Non
2421 3252 2623 3319 abnuo,
2657 3269 2760 3308 non
2782 3268 2934 3325 nego,
2968 3254 3008 3307 l.

1671 3413 1861 3469 COMM
1872 3412 2247 3471 ENTARlUS.

412 3508 538 3564 708.
568 3507 712 3577 Put.,
734 3504 1132 3577 junctim_;ralii,
1154 3506 1413 3577 junctum.

412 3579 538 3635 800.
589 3575 799 3631 Thua'n.
852 3585 909 3632 et
950 3575 1065 3631 Gis.
1095 3575 1399 3639 simulatio;
1454 3575 1663 3635 cmteri.
1693 3576 1936 3630 imitatio.

342 3650 613 3706 Ciselinus
664 3647 892 3717 putavit,
926 3656 1102 3717 metro
1150 3654 1206 3700 et
1235 3646 1417 3717 sensui
1442 3659 1744 3715 repugnare
1772 3648 1942 3701 imita-

343 3723 444 3782 tio;
477 3714 681 3775 falsum'
696 3726 1005 3785 utrumque.
1038 3714 1273 3785 caesura:
1308 3714 1518 3769 ratione
1542 3714 1687 3783 saepe
1720 3718 1939 3771 brevem

346 3787 669 3846 Prudentius
722 3784 1015 3857 producit.
1062 3784 1321 3857 Umbram
1370 3798 1549 3840 autem
1606 3787 1944 3841 imitationem

347 3858 634 3929 quamdam
659 3856 781 3913 esse
806 3856 1203 3929 corporisquis
1218 3857 1413 3929 neget?

416 3929 539 3985 801.
574 3928 744 3991 Man;
770 3936 843 3988 at.
875 3927 1076 3982 recenti
1106 3940 1265 3980 manu
1291 3927 1488 3979 factum
1515 3934 1701 3994 atque:
1733 3925 1947 3982 Tertul-

348 4000 523 4054 liattus
580 3998 677 4053 lib.
717 4012 755 4053 tt
783 4009 967 4051 contra
999 3995 1349 4060 Marcionem,
1379 4010 1501 4063 cap.
1530 3997 1589 4059 9,
1621 3995 1769 4053 Sicut
1810 3998 1947 4050 enim

343 4071 537 4141 imago,
560 4084 680 4141 cunt
705 4083 879 4141 omnes
915 4067 1077 4120 lineas
1117 4067 1391 4141 exprimat,
1422 4067 1654 4141 ueritatis
1699 4069 1744 4141 ivi
1774 4076 1943 4141 tamen

344 4136 505 4207 care't,
534 4155 635 4192 non
660 4137 849 4191 habens
876 4147 1103 4190 motum:
1120 4136 1191 4189 ita
1219 4145 1267 4189 et
1293 4138 1467 4207 anima
1490 4137 1660 4206 imago
1688 4137 1943 4205 Spiritus,

343 4206 509 4265 solam
534 4208 631 4261 vim
657 4210 771 4278 ejus
800 4208 1085 4277 exprimere
1100 4222 1204 4260 non
1237 4206 1416 4273 valuit,
1439 4207 1495 4261 id
1519 4217 1616 4274 est,
1647 4223 1751 4262 non
1779 4206 1947 4262 delin-

344 4278 538 4348 quendi
569 4278 884 4348 felicitatem.
1317 4345 1344 4348 _f
1406 4346 1416 4348 _
1609 4343 1613 4347 δ

416 4346 541 4403 802.
569 4345 711 4402 Bon.
736 4364 764 4399 a
796 4349 965 4418 prima
994 4362 1176 4412 manu,
1208 4354 1265 4401 et
1312 4345 1489 4411 Sieh.,
1520 4345 1663 4412 quia.
1707 4345 1943 4418 Reliqui,

384 4419 507 4485 uad,
524 4419 714 4473 eodem
728 4432 912 4471 sensu.
938 4417 1100 4472 Poeta
1119 4418 1432 4484 imaginem,
1455 4429 1511 4473 et
1537 4417 1949 4473 similitudinem

430 4489 443 4541 i
475 4488 526 4542 in
540 4489 735 4558 animae
756 4498 955 4558 nostris
979 4488 1387 4558 immortalitate
1411 4504 1481 4543 es
1517 4500 1667 4558 parte
1694 4488 1946 4543 collocat.

352 4559 582 4613 Faustus
631 4557 899 4621 iteiensis,
933 4558 1029 4612 lib.
1058 4573 1075 4612 t
1103 4558 1171 4612 de
1202 4556 1320 4612 Lib.
1358 4556 1529 4621 Arb.,'
1548 4573 1668 4627 cap.
1702 4561 1724 4612 1
1763 4576 1777 4614 :
1812 4558 1953 4624 Quid

1966 3508 2012 3572 C
2047 3507 2299 3562 Petavius
2328 3505 2423 3561 lib.
2457 3521 2534 3572 ill,
2565 3520 2687 3573 cap.
2734 3506 2791 3572 9,
2824 3515 2957 3561 tom.
3002 3504 3043 3570 l,
3069 3505 3236 3560 multa
3266 3503 3320 3559 in
3351 3502 3493 3557 hanc
3525 3516 3652 3557 sen-

2049 3578 2268 3631 tentiam
2310 3591 2632 3646 cungerens,
2664 3575 2733 3631 Et
2764 3578 3129 3645 pulcherrime,
3159 3575 3255 3641 ait,
3287 3574 3607 3630 Prudentius
3636 3586 3658 3630 .‘

2054 3648 2121 3703 At
2166 3646 2304 3701 Deus
2329 3648 2528 3717 ingens,
2559 3650 2725 3716 Atque
2752 3652 3078 3718 superfusus.

2127 3718 2257 3773 813.
2308 3714 2563 3786 Vegetius
2589 3714 3057 3779 mensuraredisit,
3080 3715 3407 3772 Claudianus
3432 3714 3663 3770 Mamer-

2050 3796 2135 3845 tus
2160 3790 2520 3851 mensurabile,
2539 3789 2823 3844 Salvianus
2852 3788 3291 3842 intmensurabile.

2124 3860 2253 3916 8i9.
2288 3858 2554 3913 Weitzius
2608 3859 2806 3928 allegat
2860 3860 2933 3919 Μ.
2990 3858 3149 3926 Berg.
3182 3872 3280 3927 pro
3314 3860 3567 3923 peccanti.
3602 3859 3655 3912 in

2050 3928 2283 3996 Cauch.,
2317 3930 2527 3985 lionon.
2574 3938 2632 3984 et
2678 3928 2828 3991 Ηιιι..
2873 3931 3135 3997 peccando
3171 3939 3359 3982 natura
3381 3930 3476 3983 luti
3503 3948 3519 3993 ;
3550 3939 3661 3983 tres

2050 4000 2205 4063 Tor.,
2234 4000 2493 4068 peccando
2516 4008 2703 4052 natura
2728 4000 2862 4055 luto.
2901 3999 3174 4053 Cauchius
3201 4000 3481 4055 contendit
3501 4002 3662 4068 casti:

2052 4066 2287 4137 gandum
2335 4070 2531 4139 peccati
2582 4081 2769 4123 natura
2796 4071 2917 4134 luti,
2961 4080 3021 4124 ut
3062 4070 3261 4140 peccati
3288 4071 3358 4122 sit
3402 4066 3663 4135 praeteriti

2059 4140 2319 4211 temporis
2364 4140 2728 4211 participium,
2781 4147 2992 4211 agentis
3046 4139 3197 4195 verbi
3243 4139 3659 4211 significatione,

2064 4209 2396 4280 Terentiano
2423 4210 2673 4279 exemplo
2698 4225 2766 4265 ex
2818 4209 3025 4280 Hecyra
3042 4226 3057 4265 ε
3076 4219 3286 4280 peccato
3312 4210 3439 4265 mihi
3468 4212 3661 4280 ignosci

2056 4296 2281 4348 tequum.
2321 4279 2464 4335 idem
2493 4280 2763 4337 Cauchius
2791 4279 2952 4336 aliam
2978 4279 3373 4335 correctionem
3417 4279 3665 4345 ind-gitat

2054 4353 2312 4421 peccantis
2340 4362 2532 4404 natura
2558 4350 2674 4404 luti.
2692 4352 2877 4407 Lectio
2892 4353 3196 4406 communis
3219 4365 3325 4405 non
3349 4364 3427 4405 est
3462 4352 3663 4406 sollicio

2058 4422 2241 4484 tanda,
2278 4421 2437 4490 cujus
2466 4430 2649 4476 rectus
2669 4434 2747 4477 est
2774 4437 2991 4491 sensus,
3021 4422 3077 4491 ﬁt
3106 4423 3268 4475 mixta
3315 4421 3501 4475 deinde
3532 4421 3664 4475 Pee-

2056 4492 2210 4545 caudi
2238 4501 2430 4546 natura
2456 4492 2566 4545 luto
2595 4507 2713 4545 cunt
2751 4490 2986 4559 simplice
3010 4490 3140 4561 ﬂatu
3164 4507 3183 4547 :
3208 4492 3417 4546 scilicet
3444 4508 3509 4545 ex
3539 4506 3664 4546 ροη-

2054 4562 2345 4632 junctione
2385 4562 2581 4617 anima:
2626 4570 2684 4617 et
2734 4565 2981 4632 corporis
3039 4563 3098 4616 lit
3149 4562 3407 4629 peccandi
3450 4572 3661 4621 natura.

349 4629 635 4709 vero-aliud
680 4628 1069 4709 intelligendum
1116 4638 1190 4681 est
1221 4630 1374 4709 etiam
1408 4630 1461 4682 in
1484 4630 1630 4709 ipsa,
1669 4645 1772 4709 qus
1803 4629 1956 4709 (tome
2056 4628 2228 4709 mixta
2246 4649 2310 4687 ex
2338 4631 2451 4709 luto
2472 4632 2803 4709 et_simplice
2833 4628 3131 4709 spirituzid
3156 4628 3159 4629 ⁷
3186 4633 3329 4686 enim
3376 4642 3459 4689 est
3500 4649 3551 4683 m
3575 4642 3668 4685 xta

350 4700 589 4773 conditus
634 4706 728 4773 est,
764 4696 863 4752 Dei
890 4700 1132 4767 imagine,
1182 4700 1283 4752 nisi
1325 4696 1957 4773 perennitatis’insigne?
2060 4704 2169 4756 luto
2215 4718 2332 4756 cum
2380 4703 2614 4773 simplice
2646 4696 2801 4773 ﬂatu.
2852 4696 2935 4758 [so
2978 4705 3366 4772 interpretatur
3393 4717 3663 4768 εικιιωεε,

350 4768 503 4824 Adde
532 4768 821 4825 Maximum
854 4778 1143 4838 martyrem
1169 4768 1393 4827 cent.’5.
1420 4784 1539 4836 cap.
1571 4768 1667 4823 25.

422 4838 549 4893 805.
578 4839 697 4908 Yat.
719 4841 786 4903 Α,
813 4855 913 4905 quo
934 4839 1327 4908 ;meliusquod.
1350 4840 1545 4895 Sermo
1558 4850 1641 4894 est
1658 4839 1727 4895 de
1749 4840 1951 4895 anima.

2064 4773 2437 4856 sinhenpeccato,
2451 4844 2463 4856 l
2476 4774 2621 4856 quod
2647 4790 2751 4856 non
2788 4775 2983 4856 probo.
3018 4844 3029 4856 .
3274 4841 3306 4856 μ

2134 4845 2264 4899 822.
2299 4842 2384 4899 lso
2412 4844 2573 4898 oblita
2597 4844 2773 4900 reddit
2792 4842 3155 4910 circumdata;
3186 4842 3375 4899 melius
3404 4842 3666 4898 maculata

424 4883 549 4963 ἒόῐῖ
574 4883 1440 4978 causa.3';a";s'.a;'s.7s::
1457 4883 1542 4963 ii;
1560 4883 1953 4965 ῑέὀῗέἷέἐιίὶῖιῖἑ
1984 4883 2036 4945 ι)
2061 4883 2347 4968 ευτὐἲὲηόῗ

358 4978 529 5051 inde.
560 4978 715 5051 _Lucr.
746 4977 876 5049 legit
922 4995 988 5035 ex
1015 4990 1123 5035 vet.
1156 4980 1282 5035 cod.
1330 4977 1586 5035 anteridet
1634 4981 1946 5051 coniuncte,

352 5050 495 5120 quod
527 5048 717 5120 placet.

427 5116 554 5173 805’.
608 5116 869 5174 Weitz'ns
921 5118 1127 5173 invenit
1170 5118 1225 5174 in
1276 5119 1504 5189 vulgatis
1534 5123 1719 5177 nescio
1748 5120 1947 5192 quibus

354 5204 627 5258 rerumque
652 5203 750 5257 pro
782 5204 1097 5258 morumque.

424 5260 552 5315 800.
588 5258 663 5315 De
691 5262 887 5313 mentis
918 5260 1202 5314 velocitate
1233 5260 1431 5328 passim
1456 5268 1732 5329 auctores,
1755 5272 1812 5318 et
1834 5263 1950 5330 plu-

355 5344 411 5383 η
426 5339 698 5473 ὣῗιῇξιεο
718 5413 817 5453 vos
853 5400 1020 5470 emgio
1035 5399 1327 5468 esplanata
1345 5410 1429 5457 est
1456 5400 1657 5473 hymno
1675 5402 1740 5458 10
1769 5403 1922 5459 Catb.
1936 5444 1950 5466 ,

359 5470 744 5606 νεξῗίέῗἘςηι.
776 5550 828 5595 et
861 5539 999 5605 PaL,
1051 5549 1333 5610 sumptum,
1367 5557 1473 5597 non
1507 5541 1663 5598 video
1690 5557 1800 5613 quo
1822 5557 1950 5600 sen-

352 5620 416 5662 su
445 5623 541 5677 pro
571 5619 886 5679 promptum.

429 5679 555 5733 809.
594 5680 771 5747 Prag.,
810 5697 868 5733 ac
900 5695 998 5745 pro
1026 5691 1100 5735 at.

428 5746 553 5803 810.
580 5748 815 5805 Consule
857 5750 1191 5807 Wowerum.
1224 5751 1527 5807 Ouzvlium.
1562 5754 1757 5807 Meursi

416 5754 815 5835 'SIlDLConsule
857 5754 1527 5835 Wowerutn,’(.)uz«-lium,
1562 5754 1850 5835 Meu_rsi_um
1883 5757 1947 5835 ad

365 5817 574 5877 Iinucii
614 5823 798 5891 verba,
831 5837 952 5892 quae
982 5822 1212 5894 est-ripsi
1240 5824 1295 5880 in
1319 5834 1443 5883 uota
1474 5817 1619 5883 vers.
1663 5824 1697 5881 7
1745 5827 1944 5896 Apoth.

2134 4986 2263 5040 825.
2298 4984 2571 5040 Giselinus
2620 4984 2693 5038 ait
2752 4998 2811 5039 se
2862 4984 2978 5039 loco
3024 4984 3262 5040 movisse
3307 4983 3663 5038 adulterinam

2058 5054 2349 5110 dicti0nem
2399 5071 2678 5123 pressum;
2721 5056 2952 5110 fortasse
3002 5056 3073 5109 ita
3132 5067 3248 5109 erat
3298 5055 3349 5108 in
3393 5056 3523 5109 edit.
3565 5054 3667 5107 Da-

2063 5136 2266 5189 ventr.,
2286 5141 2408 5181 nam
2441 5126 2565 5180 Ald.
2583 5126 2787 5181 diserte
2810 5127 2970 5180 habet
2991 5142 3217 5197 pessum.
3240 5126 3390 5180 Sich.
3421 5123 3663 5197 et‘Fabr.

2065 5205 2191 5259 post
2221 5198 2413 5251 Aldum
2464 5211 2572 5266 non
2620 5196 2925 5266 debuerunt
2953 5193 3117 5251 edere
3154 5212 3401 5266 pressum.
3462 5193 3666 5249 Contra

2055 5266 2344 5321 Gnosticos
2387 5274 2443 5320 et
2491 5265 2843 5333 Manichaaos,
2888 5267 2983 5337 qui
3028 5265 3260 5321 aniuiam
3308 5266 3663 5319 substantiam

2061 5337 2155 5390 ltei
2206 5352 2325 5391 esse
2372 5337 2792 5402 asseverabant,
2852 5336 3096 5405 probavit
3140 5336 3401 5392 hactenus
3430 5337 3663 5389 animam

2060 5422 2167 5460 non
2195 5422 2317 5463 esse
2350 5408 2537 5471 Deum,
2572 5408 2694 5477 quia
2717 5408 2971 5463 sordibus
3021 5408 3268 5477 corporis
3309 5406 3657 5477 comprehenf

2060 5476 2227 5544 ditur,
2275 5477 2417 5547 quod
2461 5494 2489 5531 a
2536 5474 2645 5532 Deo
2692 5479 2925 5533 alienum
2974 5489 3076 5542 est,
3110 5474 3467 5547 praeterquam
3522 5474 3662 5544 quod

2060 5548 2258 5601 anima:
2287 5548 2531 5601 collatum
2571 5558 2643 5602 est
2697 5552 2884 5612 subito,
2917 5558 2973 5601 ut
3011 5550 3150 5611 quod
3196 5565 3298 5601 non
3350 5554 3479 5609 erat,
3509 5555 3662 5608 esset,

2064 5619 2165 5672 hoc
2193 5628 2296 5682 est,
2328 5620 2505 5672 anima
2535 5620 2700 5686 coepit
2724 5635 2847 5673 esse
2878 5621 2927 5673 in
2954 5619 3379 5688 temporc.Nunc
3410 5617 3666 5685 quoniam

2062 5689 2397 5755 respondere
2444 5699 2712 5756 poterant,
2764 5690 3000 5743 animam
3046 5691 3236 5744 saltem
3285 5702 3406 5742 esse
3458 5694 3665 5752 partem

2065 5757 2106 5810 1)
2144 5758 2183 5821 i,
2211 5773 2309 5812 eos
2340 5758 2441 5813 hac
2467 5759 2631 5811 etiam
2660 5761 2717 5814 in
2744 5772 2893 5825 parte
2923 5759 3142 5824 refellit,
3178 5767 3233 5811 et
3256 5756 3557 5813 convincit.

2132 5827 2266 5883 82‘.
2296 5828 2415 5886 Vat.
2450 5837 2517 5901 Δ,
2551 5832 2730 5902 Egttt.,
2768 5834 2828 5905 ﬁt
2851 5848 2955 5901 res,
2982 5846 3092 5893 uou
3120 5830 3194 5886 ita
3215 5835 3375 5887 bene.
