4190 6426
432 465 539 524 39':

612 665 777 736 479
788 663 1072 718 Inviolatus
1083 664 1212 731 agit,
1229 677 1326 717 nec
1337 661 1628 732 quidquam
1642 660 2021 717 sentitacerbi.

623 756 904 812 Exsortem
918 753 1002 808 dic
1021 766 1144 808 esse
1154 753 1392 806 animam
1409 752 1611 816 crucis,
1625 759 1787 823 atque
1800 751 2026 817 doloris,

607 847 665 903 Si
685 845 856 916 culpa:
876 845 1194 912 immunem,
1213 859 1544 916 vacuamque
1557 858 1589 900 a
1609 845 1836 900 crimine
1851 842 2017 898 nosti.

608 938 737 1006 Qum
761 949 987 1007 peccare
1008 934 1174 1002 valet,
1201 935 1346 990 valet
1364 944 1418 991 et
1437 933 1790 992 succumbere
1819 949 2016 1006 ptent.

616 1027 734 1095 ipsa
772 1024 985 1097 quidem
1021 1025 1232 1080 sincera
1261 1023 1390 1091 fuit,
1418 1024 1546 1080 dum
1577 1023 1830 1081 conditur
1862 1024 2025 1090 olim,

610 1120 740 1186 Qum
766 1117 962 1175 collata
993 1115 1182 1171 rudem
1215 1115 1338 1171 fecit
1369 1115 1631 1172 viviscere
1659 1115 1882 1184 limum;

614 1211 684 1268 Ut
710 1218 835 1282 pote
863 1209 932 1266 de
954 1208 1158 1277 liquido
1181 1217 1388 1265 natura:
1412 1207 1620 1264 semine
1648 1207 1852 1278 primos

611 1301 896 1372 Accipiens
927 1299 1160 1365 habitus,
1190 1313 1497 1370 superoque
1524 1312 1781 1369 expressa
1809 1312 2027 1354 sereno.

528 1400 540 1450 ἰ
616 1394 721 1452 Sex
747 1409 905 1463 mox,
946 1403 1004 1449 ut
1032 1391 1256 1464 gravido
1279 1393 1430 1462 iussa
1469 1400 1553 1446 est
1582 1390 1845 1447 innectier
1876 1404 2026 1458 arvo,

613 1485 882 1543 Suavibus
905 1483 1175 1540 illecebris
1199 1482 1422 1537 nimium
1453 1479 1693 1537 blandita
1719 1480 1954 1551 refrixit,

609 1578 793 1648 Deque
821 1575 1117 1631 volutabris
1140 1574 1437 1644 pretiosum
1470 1571 1664 1642 polluit
1693 1575 1906 1643 ignem,

616 1668 749 1724 Dum
765 1675 1097 1737 transgressa
1117 1665 1212 1721 Dei
1230 1665 1460 1734 positum
1477 1663 1557 1719 fas
1570 1663 1814 1734 improba
1833 1664 2024 1719 calcat.

614 1758 738 1814 llaec
768 1757 940 1828 prima
977 1763 1059 1812 est
1083 1763 1273 1810 natura
1304 1754 1522 1821 anime,
1545 1755 1626 1809 sic
1645 1753 1861 1810 condita
1901 1752 2030 1809 sim-

1694 1842 1842 1914 lplex
1861 1887 1874 1908 .

428 1941 534 1997 910
608 1939 814 1997 Decidit
841 1938 895 1994 in
928 1937 1115 1994 vitium
1145 1950 1243 2007 pcr
1273 1933 1492 1991 sordida
1518 1932 1718 1991 ftedera
1750 1934 1952 1989 carnis.

1838 461 1876 511 A
1888 455 2287 514 POTIIEOSIS.

613 573 790 638 Solus,
817 581 872 629 et
889 580 1147 643 exceptus
1174 578 1504 626 tormentum
1531 569 1817 625 admittere
1849 569 2021 636 triste,
2052 573 2104 634 Α

2311 567 2445 623 Exin
2477 567 2641 624 tincta
2671 567 2813 625 malo
2843 570 3153 640 peccamine
3179 572 3439 645 principis
3466 577 3622 636 Atlas.

2313 658 2505 715 Infecit
2517 674 2691 730 genus
2707 675 2869 715 omne
2882 660 3064 717 homin
3072 678 3181 728 um,
3196 665 3339 734 quod
3352 669 3578 736 pullulat
3590 671 3733 740 ἱμῶν,

2311 750 2384 806 Et
2413 758 2558 806 tenet
2581 750 2850 820 ingenitas
2874 752 3178 809 animarum
3203 754 3426 813 infantia
3455 758 3509 814 in
3534 771 3657 818 ortu

2313 842 2482 914 ‘80
2511 842 2678 899 Primi
2717 843 2951 901 hominis
2992 846 3260 914 maculas,
3304 865 3406 906 nec
3446 852 3730 924 quisquam

3160 933 3422 1009 [nascitur
3451 941 3664 999 insons.

2318 1021 2587 1078 Vitandus
2609 1032 2788 1080 tamen
2814 1039 2969 1081 error
2992 1025 3117 1094 erit,
3152 1043 3219 1082 ne
3241 1030 3465 1087 traduce
3486 1035 3670 1089 carnis

2311 1115 2641 1174 Transfuodi
2664 1117 2717 1171 in
2739 1118 2980 1173 sobolem
3007 1118 3263 1174 credatur
3285 1119 3408 1178 fons
3432 1124 3734 1180 animarum

2313 1206 2610 1278 Sanguinis
2619 1222 2774 1264 exem
2781 1208 2889 1279 plo;
2907 1209 2993 1264 cui
3009 1218 3151 1266 texta
3165 1213 3460 1282 propagine
3474 1230 3609 1272 vena
3628 1227 3735 1271 est.

2309 1296 2429 1353 Non
2457 1299 2668 1353 animas
2694 1299 2891 1354 animae
2923 1299 3170 1367 pariunt;
3202 1301 3298 1357 sed
3331 1302 3448 1375 lege
3478 1304 3663 1361 latenti

2315 1387 2514 1444 Fundit
2535 1403 2672 1458 opus
2691 1397 2881 1444 natura
2901 1405 3084 1458 suum,
3107 1405 3215 1462 quo
3233 1395 3455 1462 parvula
3478 1397 3738 1453 anhelent

2317 1476 2570 1545 Vascula,
2594 1477 2882 1548 vitalisque
2907 1478 3051 1535 adsit
3078 1479 3314 1535 scintilla
3344 1485 3566 1539 coactis.

2312 1567 2448 1636 Qua
2497 1569 2746 1639 quamvis
2802 1569 2979 1626 infusa
3036 1585 3236 1628 novum
3294 1585 3542 1642 penetret
3601 1591 3738 1635 nota

3427 1663 3666 1737 [semper

2310 1747 2476 1822 481
2506 1749 2872 1821 Figmentum,
2900 1758 3055 1808 vetus
3080 1751 3174 1809 illa
3204 1761 3384 1810 tamen
3413 1754 3483 1810 de
3510 1758 3737 1814 crimine

3439 1860 3660 1902 ﬂorum

3439 1860 3660 1902 avorum

2311 1928 2538 1985 Ducitur
2571 1945 2588 1984 :
2619 1928 2771 1985 illato
2799 1927 3056 2001 quoniam
3085 1939 3343 1989 concreta
3373 1844 3598 1993 deum
3625 1947 3731 1994 est.

2133 1019 2242 1080 9l5

2132 1473 2242 1532 920

1738 2022 2027 2081 ϐιοεειε
2067 2020 2412 2078 VETERES.

497 2122 622 2194 890.
641 2122 933 2194 Exceptus,
957 2129 1318 2194 sequestrata,
1347 2127 1634 2194 separatus,
1667 2116 1706 2194 ζ.

496 2188 954 2317 897.ΙΙηνίοῙιιιις,
977 2188 1178 2245 insons.
1201 2218 1273 2229 —
1289 2189 1436 2260 Agit,
1458 2188 1610 2255 valet,
1637 2189 1779 2254 vivit,
1807 2205 2025 2243 convcr-

511 2278 597 2317 ur.
650 2302 664 2316 .

427 2271 597 2326 satur,
625 2271 664 2317 Ι.

495 2331 622 2388 898.
657 2333 938 2401 Exsortem
963 2369 980 2396 ,
1026 2339 1308 2401 expertem.
1355 2357 1425 2369 —-
1453 2327 1643 2385 Crucis
1667 2371 1682 2396 ,
1735 2328 2023 2398 passionis,

423 2400 786 2466 cruciatus,l.

493 2471 618 2526 899.
648 2470 968 2538 Immunem,
1000 2484 1256 2534 securam,
1285 2468 1617 2538 incapacem,
1644 2469 1683 2524 l.

494 2539 620 2596 902.
651 2539 876 2606 Collata,
905 2537 1198 2606 conjuncta,
1232 2555 1264 2591 a
1299 2537 1405 2592 Deo
1433 2550 1626 2592 creata.

493 2609 620 2665 903.
669 2609 735 2666 Ut
761 2620 908 2676 pote,
939 2608 1127 2680 sicuti,
1167 2608 1336 2679 quasi.
1359 2638 1430 2648 —
1455 2609 1682 2680 Liquida
1701 2649 1716 2674 ,
1747 2624 1899 2678 puro.
1947 2637 2019 2649 —

421 2677 652 2744 Natura,
689 2679 994 2742 divinitatis,
1027 2677 1069 2732 l.

493 2748 620 2819 904.
652 2748 896 2811 Habitus.
928 2757 1164 2819 ornatus.
1195 2777 1264 2789 -—
1293 2747 1632 2819 Superoque,
1662 2748 1726 2804 de
1765 2765 2014 2818 superno.

420 2843 490 2860 -—
517 2817 742 2885 Sereno,
779 2821 1074 2878 serenitate.
1107 2817 1148 2871 Ι.

490 2888 615 2943 905.
640 2887 808 2954 Arvo,
843 2898 1012 2950 εει-τω,
1045 2886 1084 2942 l.

491 2958 617 3014 906.
652 2957 942 3024 "lecebris,
973 2957 1426 3021 delectationibus,
1459 2955 1501 3011 Ι.

491 3028 614 3083 907.
649 3027 970 3095 Volutabris,
997 3028 1251 3082 sordibus.
1280 3057 1352 3068 —
1374 3026 1578 3097 Ignem,
1607 3026 1859 3096 animans,
1891 3026 1932 3080 l.

2053 2120 2101 2181 Β
2199 2113 2327 2187 θη.
2356 2110 2520 2187 βᾴη,
2541 2111 2746 2166 deinde.
2769 2111 3079 2187 _--_'l‘incta,
3107 2113 3307 2187 polluta
3325 2127 3554 2187 peccato,
3591 2118 3630 2172 Ι.

2201 2182 2329 2238 912.
2354 2181 2564 2246 lufet-it,
2607 2182 2908 2245 maculavit,
2939 2182 3170 2250 violavit,
3202 2184 3243 2240 Ι.

2201 2253 2328 2308 915.
2360 2251 2516 2320 Ortu,
2550 2253 2602 2304 in
2632 2252 2915 2316 nativitate,
2953 2251 2992 2305 Ι.

2199 2323 2324 2395 9l5.
2352 2321 3056 2395 [caducettrattsmissiong
3078 2323 3297 2395 origine,
3319 2325 3658 2393 traductione,
3687 2329 3729 2384 l.

2199 2391 2324 2447 916.
2353 2392 2516 2458 Fons,
2558 2390 2723 2460 origo,
2752 2390 2871 2444 Vat.
2906 2394 2970 2446 A.

2196 2462 2325 2536 9_i7.
2351 2461 2666 2536 Sanguinis.
2696 2461 2928 2536 seminis.
2961 2490 3032 2501 —
3077 2463 3199 2536 Cui,
3226 2465 3500 2536 sanguini,
3532 2469 3728 2536 generi.

2117 2561 2188 2574 ...
2206 2531 2532 2603 νΡι-ορίιεὶηε,
2556 2533 2915 2603 generatione,
2938 2531 3387 2600 procreationefl.

2189 2600 2592 2665 9i8.'Pariunt',
2627 2601 2865 2670 gignunt,
2898 2600 2938 2655 Ι.

2189 2671 2318 2747 9_l9.
2343 2671 2566 2733 Natura.
2597 2673 2818 2747 animis;
2851 2670 3382 2747 _Deus._—_-‘Suum_,
3432 2677 3724 2747 proprium.

2115 2772 2188 2784 _
2210 2743 2361 2812 Quo,
2380 2756 2562 2812 opere.
2589 2768 2662 2782 —
2688 2740 2978 2804 Anhelcnt,
3011 2742 3322 2812 desiderent,
3357 2742 3397 2798 1.

2349 2811 2608 2892 vascula,
2659 2826 2903 2892 corpora.
2933 2839 3004 2892 -_—-
3032 2811 3277 2876 Coactis,
3316 2813 3555 2870 membris
3581 2856 3595 2881 ,
3625 2831 3719 2871 va-

2121 2882 2302 2947 sculis,
2331 2881 2635 2951 corporibus
2657 2880 2918 2947 solidatis,
2945 2880 2987 2951 ζ.

2194 2951 2320 3025 ἓξὲξ.
2339 2949 2702 3025 ﬁgmentum,
2723 2965 2931 3020 corpus,
2945 2949 3067 3003 Vat.
3089 2949 3154 3025 A_.
3171 2979 3244 2992 —-
3257 2951 3372 3022 Illa,
3387 2955 3669 3025 peccatrix,
3686 2956 3728 3012 l.

2195 3021 2324 3076 925.
2352 3018 2610 3087 veterno,
2641 3018 3043 3090 peste,‘peccato
3063 3058 3078 3086 ,
3113 3018 3155 3074 Ι.

1774 3113 2346 3173 COMMENTARIUS.

487 3213 613 3270 896.
647 3213 703 3268 In
761 3215 880 3268 Vat.
908 3214 951 3268 A
994 3222 1266 3268 corrector
1345 3211 1616 3279 antiquus,
1659 3221 1714 3266 et
1763 3209 2011 3279 ejusdem

419 3282 531 3340 fere
560 3287 682 3348 aevi,
705 3284 873 3340 erasis
905 3284 1192 3353 prioribus,
1218 3281 1398 3352 posuit
1444 3281 1678 3352 Spiritus
1713 3291 1762 3334 et
1777 3288 2009 3344 sanctus,

416 3361 474 3407 et
498 3369 655 3422 supra
670 3356 980 3409 charactere
1003 3355 1362 3408 minutissime
1377 3353 1518 3406 solus
1535 3361 1582 3406 et
1607 3359 1868 3421 exceptus,
1886 3363 2010 3405 cum

416 3426 616 3492 glossa,
633 3433 922 3495 separatus.
959 3431 1323 3495 sequestratae.

489 3495 616 3549 897.
645 3490 764 3548 vat.
789 3499 854 3559 A,
883 3490 1074 3555 sensit;
1107 3492 1319 3554 melius,
1343 3490 1518 3543 sentit.

487 3561 616 3633 898.
647 3563 802 3633 Egm.
835 3579 864 3617 a
887 3577 1046 3616 manu
1079 3563 1272 3631 prima,
1303 3561 1440 3613 disce
1471 3574 1568 3627 pro
1587 3558 1692 3614 dic.

487 3632 610 3686 899.
641 3627 841 3687 ln'Ald.
865 3632 1019 3687 deest
1037 3627 1213 3700 a'post
1233 3646 1564 3700 vacuantque.
1589 3627 1846 3700 Quamvis
1867 3628 2011 3700 enim

418 3709 637 3768 propter
661 3703 797 3756 duas
824 3698 1187 3756 consonantes
1208 3699 1460 3755 dictionis
1485 3699 1764 3768 sequentis
1791 3698 2010 3764 produci

417 3780 600 3839 posset
623 3787 740 3841 que,
772 3781 948 3826 tamen
975 3786 1108 3826 mss.
1136 3771 1294 3825 codd.
1325 3769 1524 3841 habent
1549 3785 1581 3820 a
1605 3769 1837 3841 crimine.

487 3841 612 3897 900.
633 3837 810 3912 Pra'g.,
831 3841 928 3905 Qui
950 3857 1182 3911 peccare;
1197 3838 1378 3895 cmteri
1399 3854 1534 3909 quae,
1557 3838 1788 3904 scilicet,
1807 3837 2008 3908 anima,

417 3925 539 3981 nam
562 3912 806 3981 sequitur
825 3912 940 3980 ipsa
961 3926 1119 3965 versu
1149 3925 1265 3975 seq.

490 3979 616 4034 90l.
642 3979 853 4034 ‘Cellar.’
876 3981 965 4034 ed.
996 3982 1052 4045 2,
1088 3981 1347 4036 conditor.
1379 3979 1540 4033 male.

485 4049 610 4104 902.
628 4049 891 4112 Potiores,
908 4051 1172 4114 viviscere;
1187 4049 1299 4112 alii,
1314 4050 1582 4104 vinescere.
1599 4046 1803 4101 liudem
1824 4045 2008 4103 limum

416 4119 568 4189 dicit,
602 4129 660 4173 ut
685 4135 848 4189 supra
879 4134 1022 4174 vers.
1054 4119 1181 4182 869,
1212 4120 1334 4172 rudi
1361 4135 1570 4172 munere
1601 4132 1698 4186 pro
1725 4131 1874 4170 novo.

485 4188 609 4244 903.
639 4188 785 4254 Rati,
814 4197 1025 4255 natura,
1053 4189 1225 4254 male,
1259 4205 1354 4255 pro
1382 4197 1602 4241 natura.

488 4259 610 4329 904.
643 4259 763 4329 Aldi
794 4275 947 4314 error
975 4268 1059 4314 est
1094 4275 1345 4329 superque
1366 4275 1624 4329 expressa.

487 4328 614 4383 907.
657 4328 941 4383 Volntabra
969 4340 1092 4382 sunt
1125 4327 1241 4384 loca
1261 4327 1509 4390 caenosa,
1538 4327 1624 4382 ubi
1652 4341 1780 4381 sues
1808 4336 1860 4380 et
1891 4328 2006 4393 apri

415 4398 742 4468 volutantur.
777 4399 956 4468 Ignem
991 4407 1146 4453 vocat
1181 4399 1375 4453 animm
1411 4399 1694 4467 puritatem
1730 4405 1785 4451 et
1820 4397 2002 4467 splen-

415 4467 624 4532 dorem,
653 4479 710 4521 ut
736 4483 880 4536 saepe
905 4468 1060 4523 alias.

487 4537 613 4593 9H.
645 4538 928 4594 Peccatum
945 4538 1226 4608 originale,
1258 4537 1398 4608 quod
1423 4536 1695 4606 Pelagiani
1718 4536 2005 4607 negabant,

415 4607 562 4663 clare
585 4609 815 4676 explicat
841 4617 895 4663 et
924 4607 1138 4663 astruit.

489 4678 616 4733 9l5.
647 4677 870 4732 Notatur
898 4693 1051 4732 error
1086 4693 1273 4734 eorum
1315 4677 1403 4746 qui
1435 4677 1703 4732 docebant
1732 4688 2009 4742 peccatum

415 4749 674 4815 originale
704 4763 766 4802 ea
797 4751 1003 4802 ratione
1031 4749 1081 4802 iu
1116 4747 1305 4802 Adami
1339 4759 1584 4814 posteros
1611 4747 1838 4809 traduci,
1867 4750 2007 4816 quod

414 4833 520 4871 non
545 4821 716 4871 solum
757 4832 987 4886 corpus,
1017 4818 1112 4872 sed
1144 4819 1306 4872 etiam
1339 4821 1529 4871 anima:
1554 4834 1616 4871 ex
1642 4819 1848 4870 Adamn
1889 4835 2010 4887 pro-

2121 3207 2176 3262 ln
2205 3205 2453 3280 versibus
2482 3203 2744 3280 editionis
2776 3203 3084 3280 lleinsiana:
3115 3205 3324 3280 nullum
3354 3207 3607 3264 mendmn
3642 3218 3726 3280 ty-

2119 3278 2508 3346 pographicum
2550 3273 2908 3346 deprehendo
2944 3291 2959 3346 _:
3006 3275 3060 3328 in
3104 3279 3248 3329 notis
3279 3291 3407 3329 vero
3447 3293 3606 3333 error
3648 3273 3730 3341 est

2118 3343 2340 3411 corpora
2371 3359 2467 3417 pro
2493 3345 2708 3417 vascula
2727 3383 2743 3408 ,
2777 3345 2869 3417 qui
2894 3343 2957 3417 ad
3000 3360 3115 3417 rem
3143 3347 3211 3398 de
3241 3361 3345 3412 qua
3376 3348 3586 3417 agimus
3622 3367 3730 3412 non

2116 3418 2372 3484 pertinet.
2409 3414 2480 3484 Et
2505 3413 2767 3484 Heinsius
2785 3413 2902 3482 ipse
2936 3414 2992 3484 in,
3013 3413 3119 3469 line
3142 3421 3283 3468 nota:
3306 3413 3483 3479 ait,'in
3507 3417 3724 3476 Tlntan.

2041 3511 2087 3574 C
2117 3483 2573 3574 P.’93‘“.‘."L"3."3§i
2597 3483 3279 3574 Ἠίέῗέί¹¹ἔνέἔξέἷὲίᾶἓὲίῗὲἔ¹ί
3304 3486 3491 3574 891³⁸39
3495 3497 3569 3574 9}:
3599 3491 3722 3546 1""

2119 3553 2325 3610 lieinsii
2359 3567 2477 3608 mos
2510 3553 2562 3606 in
2597 3554 2738 3606 notia
2783 3553 3119 3622 explicandis
3159 3563 3274 3619 est,
3324 3553 3404 3609 ut
3433 3557 3726 3616 lectionem

2117 3640 2276 3695 quam
2303 3625 2355 3678 in
2394 3623 2635 3678 Giselino
2664 3623 2900 3695 regerit,
2932 3624 3165 3695 primum
3199 3635 3395 3692 ponat,
3445 3638 3557 3680 tum
3603 3646 3728 3687 eam

2117 3690 2209 3748 aut
2239 3695 2480 3761 rejiciat,
2514 3701 2608 3746 aut
2654 3690 2944 3764 defendat.
2981 3693 3108 3764 Hoc
3141 3690 3304 3764 igitur
3340 3695 3459 3750 loco
3487 3697 3566 3751 sic
3595 3700 3671 3753 ait
3714 3719 3729 3756 :

2116 3764 2233 3828 Ouo
2259 3779 2499 3818 rauvuu
2531 3777 2833 3826 annuens,
2858 3762 2930 3815 sic
2949 3763 3113 3817 nostri
3129 3762 3338 3827 omnes;
3360 3776 3410 3818 at
3438 3767 3492 3820 in
3525 3772 3729 3825 duobus

2119 3833 2428 3889 Weitsianis
2450 3847 2656 3905 ,“QL‘OD
2686 3848 2991 3905 nuntiastis,
3019 3833 3173 3904 idque
3203 3836 3487 3905 marginem
3535 3841 3727 3893 editio-

2114 3920 2268 3978 num__
2295 3901 2664 3978 nonnullarum
2709 3903 2992 3978 occupavit
3038 3901 3334 3978 A:'_pr_obe,'
3371 3907 3447 3959 sic
3492 3923 3653 3978 supra
3707 3925 3728 3966 :

2127 3973 2297 4028 Variis
2342 3973 2495 4047 Siloa
2533 3973 3077 4047 refunditdlontentis
3109 3975 3322 4047 latices,
3365 3991 3457 4047 nec
3505 3973 3726 4047 ﬂuctum

2113 4059 2313 4112 semper
2341 4042 2570 4115 anhelat.
2601 4043 3137 4115 etestiltamillardus
3183 4045 3311 4114 legit
3342 4055 3396 4099 et
3429 4042 3718 4115 legendum

2114 4115 2188 4167 ait
2223 4111 2363 4182 quod
2405 4111 2676 4176 anhelent,
2725 4111 2886 4183 idque
2918 4114 3225 4183 marginem,
3242 4111 3560 4169 editionum
3595 4135 3730 4174 non-

2116 4181 2382 4237 nullarum
2407 4185 2779 4250 occupavisse.
2813 4181 3448 4240 Teolius'aitWeitzium
3480 4188 3722 4245 voluisse

2114 4267 2232 4328 920‘
2269 4267 2551 4328 tantum
2577 4293 2593 4318 ,
2649 4252 2726 4305 uti
2753 4252 2930 4328 _et_iam
2970 4253 3156 4328 habent
3182 4255 3453 4328 editiones
3501 4258 3725 4328 aliquot.

2114 4321 2377 4397 Wcitzius
2408 4326 2665 4397 ita__certe
2686 4321 2874 4397 edidit
2893 4363 2908 4387 ,
2941 4323 3084 4392 quod
3116 4324 3286 4397 etiam
3317 4336 3504 4397 exstat
3528 4321 3729 4397 in'ple-

2118 4395 2302 4462 risque
2331 4394 2604 4446 veteribus
2633 4391 3004 4462 editionibus',
3034 4393 3131 4448 sed
3162 4393 3297 4448 duos
3325 4396 3543 4451 codices
3581 4391 3725 4452 indi-

2115 4460 2276 4527 rasit,
2311 4463 2399 4515 ubi
2429 4463 2623 4531 legitur
2644 4462 2782 4531 quod
2810 4460 3074 4528 anhelent,
3098 4473 3152 4517 et
3175 4462 3225 4517 id
3251 4479 3439 4519 revera
3471 4471 3727 4527 exStahat

2116 4543 2243 4587 ante
2280 4533 2556 4588 Heinsium
2587 4533 2637 4585 in
2669 4532 2914 4601 margine
2955 4533 3340 4588 nonnullarum
3397 4536 3723 4593 editionum.

2115 4603 2383 4658 Caeterum
2409 4617 2594 4656 verum
2624 4603 2842 4669 quidem
2870 4611 2974 4668 est,
3005 4602 3252 4657 anhelare
3281 4620 3403 4657 cum
3428 4610 3722 4665 accusandi

2116 4688 2246 4728 casu
2287 4672 2515 4741 reperiri
2567 4673 2709 4740 apud
2769 4673 3120 4727 Prudentium
3162 4685 3216 4727 et
3260 4675 3425 4740 alios;
3474 4677 3568 4730 sed
3611 4694 3718 4735 non

2115 4758 2269 4812 aeque
2297 4752 2540 4804 certum,
2574 4744 2673 4795 hoc
2698 4743 2817 4796 loco
2847 4752 3058 4812 poetam
3089 4745 3376 4798 accusandi
3403 4761 3587 4800 casum
3623 4764 3718 4803 vo-

2117 4813 2303 4887 luisse,
2333 4829 2456 4866 nam
2484 4815 2726 4887 sequitur
2749 4831 2760 4865 :
2784 4813 3057 4884 vitalisque
3077 4815 3212 4867 adsit
3244 4815 3475 4869 scintilla
3504 4821 3720 4887 coactis,

415 4899 755 4953 pagareutur.
787 4881 901 4954 Qua
934 4881 984 4940 in
1017 4889 1384 4941 controversia
1420 4889 1574 4941 valde
1615 4887 1806 4940 dubius
1849 4881 2007 4943 ltmsit
2040 4881 2089 4940 D
2115 4884 2451 4954 scilicetiquo
2485 4883 2643 4954 adsit.

413 4959 472 5010 ὃ.
505 4960 850 5025 Augustinus,
881 4957 1022 5026 quod
1053 4959 1272 5012 diflicile
1297 4959 1395 5025 ipsi
1423 4960 1715 5017 videretur,
1743 4969 1797 5009 ut
1828 4959 2005 5012 anima
2042 4979 2058 5000 κ

414 5027 468 5080 in
497 5042 725 5094 corpore
755 5038 1005 5096 tanquam
1051 5027 1102 5081 in
1135 5043 1263 5082 vase
1299 5029 1598 5090 vitiaretur,
1633 5029 1736 5080 nisi
1783 5028 1896 5094 ipsa
1933 5030 2010 5082 vi-

416 5096 548 5149 tiosa
581 5113 644 5149 ex
697 5098 899 5150 Adamn
943 5098 1268 5153 traheretur.
1304 5097 1455 5151 Nunc
1484 5107 1692 5152 certum
1737 5107 1822 5151 est
1869 5099 2008 5166 apud

415 5182 603 5220 utnncs
630 5167 945 5232 catholicus,
980 5170 1186 5222 animas
1215 5183 1318 5220 nou
1343 5167 1640 5221 transfundi
1670 5182 1734 5220 ex
1766 5168 1972 5223 Adamn
1991 5213 2005 5237 ,

420 5248 698 5302 peccatum
731 5252 859 5292 vero
881 5239 1140 5304 originale
1183 5239 1264 5290 vel
1296 5254 1360 5292 ex
1391 5253 1458 5291 cn
1505 5238 1676 5290 solum
1728 5240 2010 5307 contrahi,

415 5309 555 5376 quod
590 5307 838 5362 homines
871 5322 932 5362 ex
968 5309 1174 5362 semine
1209 5309 1336 5361 Adae
1386 5307 1664 5376 [πομπευιί
1696 5319 2008 5375 nascuntur,

415 5374 467 5429 iu
500 5392 604 5440 quo
629 5387 877 5443 tanquam
912 5377 964 5431 in
987 5378 1161 5444 capite
1193 5392 1380 5431 omnes
1417 5374 1794 5443 nece-(verunt.

492 5448 615 5500 919.
647 5447 819 5512 Sicin,
853 5447 968 5502 Gis.
1005 5449 1026 5500 1
1063 5448 1192 5502 edit.
1223 5449 1288 5502 ad
1319 5464 1500 5511 oram,
1536 5448 1654 5501 Vat.
1685 5447 1753 5512 ρ,
1797 5447 2008 5517 lleins.,

415 5515 555 5574 Cel..
579 5517 757 5580 Teol.,
785 5518 999 5578 Cltam.,
1021 5517 1157 5582 PaL,
1180 5518 1346 5585 Bong.
1369 5533 1395 5568 a
1433 5520 1600 5582 prima
1640 5533 1822 5582 manu,
1846 5515 2006 5586 quod.

419 5586 693 5640 lleiusiani
723 5603 932 5650 omm-s.
967 5589 1197 5654 itemque
1224 5588 1391 5642 nostri
1423 5603 1552 5641 mss.
1585 5602 1634 5642 et
1665 5589 1816 5653 editi,
1843 5594 2009 5645 etiam

418 5657 597 5727 Alc},
631 5671 684 5711 et
730 5656 884 5718 Urb.,
911 5673 1032 5725 quo.
1060 5658 1279 5712 Teolius
1320 5659 1740 5711 Citatniilardum
1767 5671 2008 5724 accusat,

417 5727 558 5794 quod
594 5729 977 5798 typograpitico
1028 5728 1330 5782 licinsanm
1380 5731 1633 5782 editionis
1675 5732 1870 5798 mendo
1916 5732 2011 5784 tle-

418 5797 758 5862 reptus'nthil
786 5799 868 5849 hic
899 5799 1029 5851 vide.
1051 5799 1108 5851 it.
1159 5801 1358 5852 Contra
1391 5815 1489 5868 ego
1522 5810 1647 5867 puto
1688 5797 2012 5852 Chamillar-

417 5868 541 5921 dum
570 5869 767 5935 optimc
799 5868 993 5922 vidisse
1024 5869 1166 5935 quod
1199 5871 1250 5923 in
1285 5869 1508 5924 lleinsto
1531 5871 1790 5939 scriptum
1810 5881 2009 5924 exstat.

2187 4951 2311 5008 922.
2339 4953 2414 5006 De
2445 4967 2574 5007 voce
2614 4953 2913 5022 figmentum
2945 4952 3094 5022 plura
3129 4953 3396 5012 Cellarius
3422 4957 3474 5012 in
3510 4957 3718 5014 Latini-

2116 5031 2226 5098 tate
2265 5025 2526 5098 _restituta
2550 5023 2946 5098 saeculgtteuet)
2989 5027 3320 5098 ex_Apulein
3344 5068 3359 5092 ,
3396 5029 3720 5098 Ammiano,

2115 5092 2406 5166 Qypriano,
2457 5092 2836 5166 Aulo-Gellio,
2868 5093 3181 5166 ‘Macrnbio,
3240 5097 3471 5152 Minucio
3517 5092 3717 5166 Felice,

2119 5163 2417 5237 Lactantio,
2453 5165 2814 5237 Tertulliano,
2863 5163 3156 5237 Spartiano
3189 5185 3203 5219 :
3236 5182 3339 5233 qua
3365 5184 3496 5223 voce
3539 5184 3635 5237 pto
3661 5163 3720 5224 re

2119 5233 2256 5287 facta
2297 5244 2353 5288 et
2382 5244 2559 5286 t-reata
2601 5234 2876 5303 eleganter
2927 5250 3082 5288 usnm
3122 5235 3470 5291 Prudentium
3514 5233 3720 5294 monet.

2116 5306 2328 5370 Allegat
2352 5305 2511 5356 etiam
2541 5305 2815 5370 antiquius
2846 5305 3212 5360 testimonium
3239 5310 3455 5362 Ascanii
3479 5308 3717 5364 Pediani.

2190 5375 2315 5429 99.3.
2344 5375 2491 5446 Ald.,
2521 5374 2664 5439 Put.,
2689 5376 2892 5446 υξςιιμ,
2914 5376 3090 5446 ΜΨ..
3119 5378 3328 5432 dicitur.
3349 5379 3449 5432 V'at
3473 5383 3535 5437 Α,
3560 5380 3718 5446 Man,

2116 5445 2238 5499 Rat.
2265 5460 2294 5497 a
2327 5445 2495 5512 prima
2527 5460 2707 5510 manu,
2745 5444 2902 5506 Urb.,
2938 5445 3158 5511 Weitz.,
3188 5450 3414 5502 ducitur.
3466 5444 3718 5506 Heinsius

2118 5519 2420 5584 suspicatur
2451 5516 2668 5567 diditur.
2697 5516 2937 5569 Gifanius
2961 5516 3076 5570 lnd.
3104 5516 3322 5572 Lucret.
3352 5535 3471 5585 pag.
3496 5521 3621 5578 456,
3654 5524 3721 5576 de

2119 5586 2383 5640 incisione
2415 5600 2508 5638 seu
2541 5586 2714 5639 inciso
2746 5587 2995 5654 loquens,
3031 5601 3092 5638 ex
3119 5598 3227 5641 vct.
3260 5591 3380 5642 cod.
3417 5592 3542 5654 legit
3591 5591 3722 5642 dici-

2116 5667 2197 5709 tur
2225 5655 2406 5720 illata,
2450 5657 2590 5723 quod
2651 5659 3012 5710 rectissnnum
3055 5667 3228 5725 putat.
3283 5659 3435 5721 Man,
3470 5662 3522 5712 in
3573 5661 3720 5721 loco;

2117 5727 2267 5790 “aL,
2300 5731 2352 5778 in
2378 5729 2484 5778 loto
2518 5741 2613 5793 pro
2649 5730 2700 5778 in
2737 5730 2866 5791 tn'o,
2900 5739 2953 5780 ut
2982 5729 3214 5794 explicat
3245 5730 3550 5783 Mamertus.
3596 5745 3716 5783 nam

2117 5813 2263 5866 smpti
2309 5813 2338 5849 0
2371 5798 2531 5849 habet
2581 5814 2675 5864 pro
2709 5816 2757 5850 u.
2797 5800 2971 5865 Egtn.,
3010 5798 3180 5850 ilt'uto.
3235 5797 3366 5852 Urb.
3399 5811 3452 5852 et
3482 5803 3636 5853 Alex.
3691 5816 3721 5854 ει

2120 5876 2292 5939 prima
2326 5883 2510 5934 manu,
2545 5870 2594 5920 in
2629 5869 2759 5922 luto.
2820 5871 2986 5923 Metto
3009 5879 3269 5940 repugnat
3319 5872 3369 5920 in
3399 5873 3530 5933 luto,
3566 5872 3719 5925 Alex.
