3912 6410
195 367 291 420 209

1136 361 1218 412 DE
1258 355 1762 412 PERSECUTIONE
1801 354 2180 409 VANDALICA
2223 356 2349 408 LIB.
2391 357 2449 409 ll.

3285 343 3393 420 sua

198 479 244 526 in
291 472 526 540 partibus
569 472 809 526 Thraciae
849 479 902 522 et
939 470 1056 520 aliis
1109 468 1409 533 regionibus
1452 467 1740 528 constituti,
1772 467 1815 524 Α
1845 468 1980 518 versi
2029 469 2076 516 in
2109 467 2404 519 Siccensem
2448 476 2497 517 et
2542 466 2822 520 Larensem
2875 471 3140 539 civitates,
3185 485 3236 526 ut
3269 475 3393 531 illuc

198 561 367 628 pejora
397 560 652 627 incipient
698 559 822 626 pati.
857 556 1109 624 Prazcepit
1151 556 1340 608 deinde
1368 570 1544 608 sacras
1576 553 1736 621 virgi-

197 665 283 703 nes
329 650 657 716 congregari,
705 647 934 714 dirigens
980 644 1248 697 Vandalos
1274 660 1391 696 cum
1420 658 1528 696 suae
1572 644 1741 710 gentis

193 739 559 792 obstetricibus
586 737 652 790 ad
677 746 703 772 ⁸
734 735 1058 802 inspicienda
1095 743 1149 788 et
1194 735 1569 788 contrectanda
1614 748 1741 785 con-

195 841 267 880 tra
316 828 434 895 jura
484 826 813 880 verecundia:
864 825 1158 877 verecunda
1208 824 1462 891 pudoris,
1511 823 1597 874 ubi
1644 839 1740 877 nec

195 926 384 981 matres
429 916 666 979 aderant,
700 929 794 967 nec
837 914 1008 980 aliqua
1049 914 1428 965 catholicarum
1476 923 1741 964 matrona-

195 1020 322 1056 rum.
357 1005 498 1068 Quas
525 1003 616 1072 [aL
649 999 965 1070 cruciantes]
995 1011 1302 1066 torquentes
1329 1002 1472 1068 gravi
1498 989 1736 1067 suspen-

193 1099 296 1158 dio,
328 1105 483 1162 atque
509 1094 736 1162 ingentia
778 1092 1008 1160 pondera
1042 1092 1265 1158 pedibus
1294 1092 1626 1159 colligantes,
1661 1091 1737 1142 la-

195 1183 462 1252 minasque
511 1183 634 1235 ferri
689 1183 876 1249 ignitas
923 1182 1104 1248 dorso,
1162 1183 1351 1244 ventri,
1394 1182 1638 1232 mamillis
1687 1190 1739 1232 et

195 1274 438 1327 lateribus
466 1272 821 1341 apponebant.
844 1271 1046 1336 Quibus
1089 1273 1225 1323 inter
1251 1271 1503 1337 supplicia
1535 1269 1739 1321 diceba-

195 1376 272 1417 tur
296 1383 306 1416 :
337 1364 506 1417 Dicite
536 1366 782 1430 quoniam
811 1363 1042 1429 episc0pi
1070 1363 1338 1414 vobiscum
1362 1361 1735 1434 c->ncumbuut,

193 1462 244 1506 et
278 1453 457 1506 clerici
487 1453 676 1516 vestri;
708 1466 925 1520 quarum
952 1453 1236 1504 acerbitate
1278 1465 1548 1517 poenarum
1580 1449 1737 1514 pluri—

195 1556 300 1594 mas
330 1551 453 1594 tunc
480 1543 678 1594 scimus
703 1542 1012 1593 exstinctas.
1048 1540 1174 1592 Aliae
1200 1553 1314 1606 qua:
1346 1546 1734 1600 remanserunt,

192 1633 392 1685 cutibus
433 1629 798 1684 arescentibus
847 1629 995 1684 laetae
1040 1615 1164 1681 sunt
1203 1642 1396 1680 curva.
1428 1626 1738 1678 Nitebamur

189 1723 324 1777 enim
353 1723 599 1775 semitam
627 1721 864 1774 invenire
889 1734 981 1786 per
1004 1720 1155 1784 cujus
1200 1717 1424 1786 aditum,
1457 1717 1734 1784 publicam,

1839 564 2176 606 occurrentes
2208 554 2367 606 Mauri
2393 596 2406 615 ,
2438 554 2535 605 sibi
2584 555 2795 608 traditos
2826 559 2888 608 ad
2934 574 3170 613 cremnm
3205 565 3393 629 perdu-

1839 652 2039 696 cerent.
2067 644 2509 710 Supervenieotes
2542 643 2693 710 igitur
2721 646 2940 697 comites
2967 649 3071 703 duo
3102 652 3391 706 subtilitate

1838 733 2122 786 damnabili
2146 776 2159 798 ,
2209 733 2414 786 blandis
2442 735 2770 786 sermonibus
2811 751 2928 787 cum
2957 737 3045 788 Dei
3074 739 3392 795 confessori-

1841 821 1933 873 bus
1962 837 2116 888 agere
2136 831 2410 887 coeperunt
2448 837 2462 874 ι
2502 821 2632 884 Quid
2659 822 2820 886 vobis,
2867 825 3130 890 inquiunt,
3162 828 3386 893 videtur,

1839 921 1894 962 ut
1927 913 1992 962 ita
2041 912 2330 977 pertinaces
2371 911 2486 962 sitis
2517 951 2528 973 ,
2576 919 2629 963 et
2658 910 2852 963 domini
2901 915 3062 965 nostri
3114 923 3388 984 prmeeptis

1839 999 2054 1053 minime
2084 1000 2475 1067 obtemperetis,
2508 1001 2592 1065 qui
2619 1015 2734 1053 esse
2765 1003 2996 1068 poteritis
3024 1004 3075 1055 in
3105 1013 3386 1073 conspectu

1840 1091 1978 1157 regis
2024 1090 2361 1144 honorabiles
2382 1132 2395 1154 ,
2446 1093 2488 1143 si
2520 1092 2635 1158 ejus
2663 1092 2918 1145 festinetis
2946 1093 3116 1148 facere
3145 1098 3385 1151 volunta-

1840 1185 1983 1235 tem?
2023 1184 2212 1236 Statim
2257 1184 2359 1236 illis
2392 1184 2588 1251 ingenti
2614 1184 2988 1238 vociferatione
3019 1187 3381 1250 clamantibus,

1839 1283 1890 1325 et
1919 1275 2215 1328 dicentibus
2249 1293 2260 1326 :
2295 1275 2578 1328 Christiani
2625 1292 2823 1339 sumus,
2872 1279 3118 1331 catholici
3161 1295 3339 1333 sumus
3370 1298 3381 1332 :

1839 1362 2148 1416 Trinitatem
2196 1381 2353 1417 unum
2419 1366 2578 1417 Deum
2643 1366 3012 1420 inviolabiliter
3054 1370 3382 1434 confitemur,

1839 1450 2175 1504 includuntur
2221 1455 2444 1519 graviori
2477 1455 2717 1519 quidem,
2768 1457 2858 1507 sed
2904 1457 3073 1510 adhuc
3103 1458 3270 1510 latiori
3300 1474 3385 1509 cu-

1837 1543 2039 1602 stodia;
2083 1544 2169 1595 ubi
2198 1545 2346 1595 nol-is
2377 1545 2524 1607 Copia
2557 1546 2780 1597 dabatur
2811 1547 3055 1610 introire;
3097 1559 3147 1601 et
3172 1551 3386 1602 verbum

1837 1631 2209 1683 admonitionis
2260 1632 2505 1684 fratribus
2555 1633 2766 1696 facere,
2819 1646 2869 1686 et
2918 1637 3092 1688 divina
3141 1640 3386 1707 mysteria

1838 1719 2130 1772 celebrare.
2162 1719 2236 1773 lbi
2264 1729 2316 1773 et
2348 1720 2587 1773 infantuli
2617 1721 2762 1774 fuere
2793 1725 3188 1790 quamplurimi,
3219 1726 3383 1794 ['Lor.,

190 1814 321 1866 sicut
364 1814 511 1877 fecit,
561 1810 759 1865 laceret
805 1809 1245 1876 persecutionem.
1293 1809 1356 1862 Et
1395 1811 1462 1861 ita
1513 1808 1726 1869 faciens,
1760 1793 1959 1878 Bqui]
2005 1823 2135 1877 quos
2178 1810 2457 1878 genitrices
2506 1821 2740 1864 materno
2786 1815 3138 1880 sequebantur
3175 1793 3384 1880 affectu,

192 1901 332 1955 nullo”
372 1899 532 1953 modo
571 1897 887 1967 investigare
918 1898 1086 1967 potuit
1111 1897 1377 1967 quomodo
1413 1897 1604 1952 Christi
1639 1899 1733 1951 Ec-

189 1991 396 2046 clesiam
431 1989 738 2042 macularet.

259 2083 353 2152 l7
383 2080 513 2135 Vlll.
542 2079 740 2133 Fideles
760 2082 810 2133 in
837 2079 1069 2134 exsilium
1089 2069 1238 2145 pulsi.
1257 2080 1536 2145 -—Quibus
1559 2089 1729 2133 autem

190 2187 472 2243 prosequar
496 2171 800 2226 ﬂuminibus
817 2171 1189 2240 lacrymarum,
1208 2170 1416 2237 quando
1431 2171 1729 2236 episcopos,

191 2261 520 2330 presbyteros
542 2299 557 2322 ,
589 2259 839 2314 diaconos
867 2269 918 2313 et
946 2260 1043 2311 alia
1081 2260 1329 2312 Ecclesiae
1375 2260 1606 2312 membra
1635 2298 1650 2322 ,
1681 2259 1731 2311 id

190 2358 284 2410 est,
312 2358 538 2417 quatuor
589 2348 748 2400 millia
794 2356 1084 2416 nongentos
1118 2347 1144 2386 δ
1170 2348 1498 2417 septuaginta
1526 2364 1638 2410 sex,
1669 2349 1731 2400 ad

189 2439 421 2491 exsilium
451 2437 616 2490 eremi
642 2437 952 2489 destinavit?
987 2438 1035 2489 in
1063 2437 1253 2504 quibus
1289 2448 1442 2492 erant
1472 2437 1735 2505 podagrici

184 2543 333 2591 quam
365 2527 576 2595 plurimi
601 2567 614 2586 ,
644 2527 728 2579 alii
778 2535 990 2594 propter
1015 2538 1220 2581 aetatem
1253 2523 1505 2581 annosam
1538 2528 1735 2580 lumine

190 2615 455 2682 temporali
507 2615 715 2682 privati.
765 2614 819 2666 ln
868 2630 1089 2682 quorum
1135 2625 1249 2668 erat
1296 2630 1516 2669 numero
1551 2617 1735 2669 beatus

191 2705 326 2758 Felix
356 2716 377 2742 ε
400 2706 744 2759 Abbiritanus
775 2707 1075 2772 episcopus,
1101 2707 1300 2758 habens
1321 2707 1426 2773 jam
1453 2708 1502 2758 in
1527 2709 1733 2775 episco-

189 2805 301 2862 patu
331 2797 677 2864 quadraginta
702 2805 927 2863 quatuor
946 2811 1131 2862 annos,
1150 2797 1238 2865 qui
1268 2798 1521 2866 paralysis
1551 2799 1736 2852 morbo

189 2901 457 2952 percussus
481 2926 500 2953 ,
552 2901 650 2941 nec
678 2887 936 2941 sentiebat
959 2890 1262 2956 quidquam,
1293 2904 1390 2942 nec
1428 2890 1634 2955 penitus
1662 2890 1737 2943 lo-

187 2978 452 3043 quebatur.
487 2976 562 3031 De
604 2993 709 3043 quo
756 2993 853 3031 nos
881 2980 1107 3031 minime
1136 2980 1426 3047 cogitantes
1451 2981 1589 3048 quod
1631 2996 1735 3033 non

187 3077 357 3131 posset
385 3067 634 3133 jumento
678 3068 878 3133 portari
902 3106 916 3128 ,
965 3070 1320 3134 suggessimus
1363 3077 1475 3120 uta
1504 3070 1612 3122 suis
1642 3084 1733 3122 rex

1833 1898 1858 1935 ἀ
1910 1901 2027 1954 aliae
2077 1902 2401 1969 gaudentes,
2449 1902 2562 1954 alize
2613 1905 2818 1966 tristes,
2859 1905 2974 1956 alize
3025 1905 3382 1970 retrahentes;

1835 1992 1952 2045 alia:
1973 1993 2270 2061 gaudebant
2295 2009 2352 2047 se
2376 2002 2632 2063 martyres
2658 1995 2945 2061 peperisse,
2961 1995 3078 2048 alia:
3101 1996 3384 2062 moliendo,

1833 2084 2027 2137 diluvio
2071 2085 2496 2150 rcbaptizationis
2529 2086 2824 2138 nitebantur
2851 2101 2878 2138 a
2909 2086 3241 2140 confessione
3268 2088 3385 2141 fidei

1836 2188 2104 2226 revocare.
2138 2174 2344 2225 Nullum
2375 2182 2546 2226 tamen
2581 2184 2702 2227 tunc
2747 2190 2841 2229 nec
2874 2175 3224 2230 blandimenta
3251 2179 3386 2232 vice-

1834 2274 1956 2315 runt
1983 2303 1996 2325 ,
2031 2279 2127 2316 nec
2173 2263 2400 2316 carnalis
2432 2264 2598 2328 pietas
2625 2266 2848 2332 aliquem
2882 2267 3152 2320 inclinavit
3178 2269 3242 2321 ad
3287 2279 3386 2322 ter-

1836 2369 1966 2406 ram.
1997 2354 2124 2406 Nam
2151 2353 2388 2419 quazdam
2431 2362 2551 2405 tunc
2595 2356 2717 2420 quid
2749 2357 2931 2409 fecerit
2970 2373 3129 2418 anus,
3163 2359 3385 2411 breviter

1837 2445 2031 2498 referre
2060 2444 2308 2498 delectat.
2339 2444 2468 2496 Dum
2502 2446 2601 2497 iter
2629 2459 2905 2513 ageremus
2946 2462 3063 2500 cum
3099 2450 3187 2501 Dei
3228 2465 3385 2502 excr.

1836 2534 1940 2585 citu
1970 2533 2284 2586 comitantes
2309 2572 2323 2594 ,
2354 2542 2404 2586 et
2433 2532 2567 2586 forte
2597 2535 2758 2601 magis
2787 2536 3024 2587 noctibus
3056 2551 3383 2601 prornovera-

1838 2636 1952 2673 mus
1977 2631 2190 2689 propter
2215 2622 2342 2675 solis
2367 2622 2632 2685 ardorem,
2649 2624 3001 2690 conspicimus
3025 2626 3381 2679 mulierculam

1838 2713 2101 2765 sacculum
2127 2753 2140 2774 ,
2175 2721 2226 2764 et
2266 2713 2362 2764 alia
2394 2713 2704 2764 vestimenta
2751 2723 3044 2780 portantem
3074 2757 3088 2778 ,
3119 2731 3272 2768 manu
3304 2716 3385 2767 iu-

1840 2800 2095 2853 fantulum
2146 2816 2307 2853 unum
2364 2811 2667 2865 tenentem,
2710 2811 2864 2868 atque
2915 2803 2996 2856 his
3055 2805 3386 2858 sermonibus

1839 2891 2201 2943 consolantem
2231 2906 2244 2941 :
2269 2890 2454 2951 Curre,
2488 2889 2699 2942 domine
2731 2904 2896 2942 meus.
2932 2891 3085 2943 Vides
3117 2891 3384 2946 universos

1838 2989 2049 3035 sanctos
2093 2980 2357 3046 quomodo
2403 2989 2664 3046 pergunt,
2709 2991 2762 3032 et
2811 2980 3058 3033 fesvioant
3089 2981 3284 3034 hilares
3313 2985 3378 3033 ad

1838 3072 2125 3124 coronam?
2162 3070 2327 3134 Quam
2358 3084 2452 3120 nos
2477 3083 2596 3121 cum
2639 3070 3028 3135 increparemus
3054 3111 3068 3134 ,
3113 3075 3257 3138 quod
3292 3055 3392 3132 iiu-

188 3166 462 3221 peteretur,
494 3164 551 3207 ut
598 3154 783 3207 saltem
832 3171 950 3207 eum
1001 3170 1223 3222 propere
1252 3158 1560 3217 moriturum
1602 3156 1730 3209 Car-
1760 3135 1805 3195 Ε
1838 3167 2054 3226 portuna
2082 3158 2368 3219 videretur,
2394 3167 2484 3208 aut
2509 3157 2637 3209 viris
2659 3172 2754 3222 pro
2783 3172 2908 3213 sexu
2937 3161 3101 3230 jungi,
3132 3135 3219 3215 aut
3243 3178 3386 3217 exer-

189 3245 373 3313 tbagini
419 3258 545 3298 esse
585 3245 819 3312 juberet,
866 3246 986 3312 quia
1018 3246 1082 3298 ad
1112 3246 1351 3298 exsilium
1384 3247 1523 3298 nulla
1555 3258 1732 3313 posset

188 3337 377 3390 ratione
417 3336 658 3405 perduci.
702 3336 901 3402 Quibus
934 3337 1003 3388 ita
1037 3335 1199 3388 fertur
1228 3345 1481 3404 tyrannus
1505 3351 1622 3389 cum
1655 3338 1732 3387 fu-

188 3439 298 3479 rore
318 3426 520 3479 dixisse
539 3442 555 3473 :
580 3427 633 3478 Si
661 3425 872 3478 animali
900 3427 1086 3478 sedere
1107 3440 1210 3477 non
1238 3434 1429 3492 potest,
1450 3425 1734 3494 jungantur

189 3513 334 3567 boves
363 3516 631 3580 indomiti,
654 3517 738 3583 qui
767 3530 885 3569 eum
917 3515 1215 3582 colligatum
1248 3515 1458 3568 funibus
1481 3518 1735 3570 trahendo

190 3608 462 3671 perducant
514 3623 618 3676 quo
667 3623 765 3676 ego
813 3608 1058 3676 praecepi.
1105 3608 1269 3671 Quem
1319 3624 1378 3661 ex
1428 3618 1733 3662 transverso

189 3709 333 3763 super
394 3699 690 3751 burdonem
742 3698 1015 3759 vinctum,
1067 3700 1211 3764 quasi
1273 3699 1551 3765 quemdam
1607 3700 1733 3768 ligni

190 3797 438 3850 truncum,
473 3799 588 3841 toto
617 3789 806 3841 itinere
839 3788 1192 3851 portabamus.

251 3878 335 3932 IX.
375 3878 514 3931 Mira
564 3879 690 3946 ﬁdes
719 3877 1048 3930 mulierculw.
1091 3907 1156 3916 —
1192 3878 1589 3945 Congregantur
1616 3881 1730 3931 uni-

251 4036 274 4063 ⁸
310 4027 458 4081 Colb.
493 4029 547 4088 1,
578 4027 728 4078 Mart.
775 4035 828 4077 et
856 4024 1004 4076 Orth.
1035 4040 1153 4076 cum
1188 4026 1449 4086 Lorichio,
1483 4028 1550 4076 ad
1571 4028 1732 4090 inspi-

190 4095 404 4147 ciendum
429 4137 444 4158 ,
493 4103 542 4145 et
577 4093 988 4158 contrectandum
1026 4103 1201 4141 contra
1219 4095 1308 4155 jus
1354 4095 1659 4143 uerecundiae
1689 4105 1731 4144 et

223 4167 399 4222 nidoris,
431 4157 538 4227 ubi,
557 4169 662 4211 etc.
691 4159 883 4210 Harum
912 4157 1166 4227 virginum
1199 4161 1504 4227 memoriam
1550 4162 1732 4214 recolit

236 4225 604 4297 artyrologium
629 4227 920 4297 Romanum
942 4226 1046 4296 75
1066 4225 1154 4297 die
1172 4226 1237 4279 16
1266 4228 1584 4282 Decembris.

253 4300 277 4334 δ
297 4293 382 4351 Sic
407 4293 527 4351 col.
552 4296 609 4359 ἓ,
642 4295 815 4361 Mart.,
835 4293 1040 4358 Germ;
1066 4295 1203 4359 Ful.,
1237 4297 1402 4360 Port.,
1435 4297 1730 4362 Lorichius,

193 4377 239 4418 et
259 4365 500 4425 Orthod'..
535 4380 658 4419 cum
688 4365 1072 4433 Martyrologiis
1094 4365 1314 4432 Adonis,
1342 4365 1590 4432 Usuardi,
1609 4369 1726 4422 Not-

1833 3247 1958 3300 citui
1983 3246 2174 3299 Christi
2217 3244 2426 3309 sociari,
2461 3248 2733 3314 respondit
2768 3267 2781 3300 :
2821 3251 3143 3315 Benedicite,
3175 3254 3386 3306 benedi-

1834 3336 1936 3390 cite
1960 3377 1974 3401 ,
2006 3347 2059 3388 et
2103 3344 2250 3386 orate
2281 3347 2376 3399 pro
2421 3350 2504 3388 me
2531 3379 2544 3400 ,
2592 3347 2643 3387 et
2690 3350 2782 3402 pro
2823 3339 2923 3390 isto
2955 3343 3170 3406 parvulo
3199 3353 3387 3407 nepote

1836 3441 1984 3488 meo;
2025 3426 2165 3492 quia,
2200 3423 2298 3476 etsi
2331 3425 2616 3489 peccatrix.
2658 3425 2759 3476 lilia
2793 3439 2905 3478 sum
2933 3427 3198 3492 quondam
3228 3437 3252 3464 ο
3286 3429 3387 3481 Ζυ-

1838 3518 2019 3568 ritana:
2048 3513 2277 3568 civitatis
2295 3515 2553 3581 episcopi.
2586 3512 2678 3565 Cui
2711 3529 2805 3568 nos
2847 3532 2858 3566 :
2906 3515 2971 3568 Et
2999 3531 3161 3584 quare
3201 3517 3266 3570 ita
3296 3521 3386 3571 ab-

1838 3610 1976 3674 jecte
2004 3607 2259 3668 ambulas,
2297 3605 2375 3657 vel
2403 3619 2504 3672 qua
2551 3606 2750 3657 ratioiie
2790 3604 2855 3658 de
2891 3614 2993 3658 tam
3021 3606 3175 3674 longo
3205 3609 3388 3662 itinere

1842 3699 1944 3750 huc
1972 3711 2187 3765 pergere
2212 3694 2625 3749 demonstraris?
2663 3695 2788 3759 Quae
2816 3696 3082 3763 respondit
3106 3697 3267 3751 :Cnm
3292 3699 3389 3752 hoc

1842 3787 2058 3853 parvulo
2086 3799 2238 3838 servo
2278 3795 2452 3835 vestro
2478 3783 2540 3834 ad
2573 3783 2809 3836 exsilium
2859 3799 3034 3850 pergo,
3067 3801 3132 3837 ne
3163 3786 3390 3840 inveniat

1843 3893 1963 3931 eum
2012 3878 2178 3929 solum
2227 3875 2470 3926 inimicus
2497 3915 2511 3937 ,
2552 3883 2602 3926 et
2631 3889 2657 3924 a
2687 3874 2765 3923 via
2799 3874 3028 3925 veritatis
3069 3885 3277 3927 revocet
3325 3874 3388 3925 ad

1839 4041 1960 4090 cap.
1987 4026 2106 4076 128.
2141 4026 2301 4078 Porro
2333 4024 2480 4075 Felix
2511 4025 2590 4075 hic
2615 4042 2643 4076 a
2680 4026 2887 4077 Victore
2917 4027 3172 4085 laudatus,
3207 4028 3250 4078 is
3279 4029 3387 4093 ipse

1838 4106 1959 4144 esse
1990 4093 2213 4152 videtur,
2244 4094 2330 4156 qui
2362 4093 2409 4142 in
2441 4093 2630 4145 Notitia
2662 4094 2906 4143 Africana
2945 4095 3079 4142 inter
3105 4109 3386 4159 proconsu-

1840 4160 1974 4214 lares
2005 4159 2276 4227 episcopus
2300 4175 2444 4210 nmn.
2477 4160 2509 4209 Ξ
2538 4159 2838 4210 Abaritanus
2865 4161 3074 4223 dicitur,
3109 4177 3206 4227 qua
3240 4163 3386 4221 dere

1839 4231 1957 4282 vide
1986 4238 2134 4281 notas
2161 4228 2216 4279 in
2245 4227 2512 4280 Notitiam.
2543 4228 2664 4292 Ejus
2686 4238 2732 4280 et
2757 4238 3064 4281 cmterorum
3098 4233 3180 4283 hic
3210 4231 3386 4285 lauda-

1843 4309 2013 4352 torum
2045 4298 2349 4369 memoriam
2373 4297 2850 4369 recoluutAvulgata
2883 4298 3249 4369 martyrologia
3298 4302 3386 4356 die

1841 4369 1910 4422 12
1930 4368 2193 4429 Octobris,
2219 4365 2388 4420 (ἓνκαὶ
2416 4382 2538 4420 vero
2562 4367 2591 4418 7
2619 4366 2962 4432 Septembris.

195 4433 310 4500 lteri,
340 4447 440 4490 etc.
469 4441 539 4491 At
569 4433 722 4488 Colb.
756 4434 782 4486 1
809 4431 836 4499 ,’
857 4431 1122 4496 Rhenan.,
1153 4434 1358 4499 Surius,
1385 4431 1735 4491 Bald.Belfor.
1765 4431 1819 4491 Ι)
1898 4436 1935 4474 ’ἀ
1966 4438 2234 4491 Lorichius
2256 4447 2309 4489 ct
2340 4437 2580 4490 Rhenau.
2607 4431 2707 4489 non
2733 4438 2925 4490 habent
2952 4438 3066 4490 alia:
3104 4440 3287 4495 tristes.
3319 4440 3386 4494 Et

195 4519 300 4575 cum
323 4505 549 4560 Baronio
579 4504 628 4558 in
660 4503 1026 4575 Martyrologio
1054 4503 1312 4573 Romano,
1335 4505 1606 4575 Sexaginta
1625 4524 1734 4563 sex.

196 4572 354 4627 Chiffl.
384 4586 438 4629 et
472 4576 627 4643 Bigu.
662 4572 1205 4642 Smginta’quatuor.

262 4655 281 4681 ⁸
306 4646 390 4704 Sic
417 4646 572 4699 Colb.
608 4646 662 4706 5.
689 4645 909 4696 Orthod.
941 4657 992 4695 et
1017 4645 1246 4708 Lorich.,
1272 4644 1461 4712 quibus
1482 4647 1740 4700 accedunt

199 4712 357 4780 Mart.,
387 4715 502 4768 Ful.
528 4725 586 4768 et
611 4713 820 4775 Germ.,
854 4713 962 4773 tibi,
995 4713 1307 4765 Abiritanus.
1351 4715 1517 4778 l'ort.,
1551 4713 1740 4767 [Iarbi-

198 4784 392 4836 ritanus.
428 4787 495 4836 At
522 4781 701 4842 cum.
734 4782 886 4843 edit.,
919 4781 1276 4834 Abderitunus.
1306 4783 1567 4847 Rhenan.,
1610 4784 1730 4836 Sur.

200 4860 246 4902 et
269 4854 347 4904 alii
376 4849 524 4914 editi,
548 4852 893 4904 Abdiritanus.
922 4850 1085 4902 Perro
1111 4853 1160 4903 in
1194 4851 1364 4904 Africa
1394 4853 1519 4904 urbs
1543 4853 1734 4918 duplex

203 4918 285 4970 fuit
311 4921 458 4972 Abbir
482 4923 662 4983 dicta;
692 4934 912 4988 quarum
942 4922 1101 4971 altera
1141 4921 1291 4971 Abbir
1322 4921 1487 4988 Majas
1523 4921 1734 4972 diceba-

203 4996 293 5058 tur.
325 4988 916 5058 Utriusqueiepiscopus
942 4988 1204 5041 collationi
1235 4989 1736 5058 cartilaginensind—

205 5056 306 5128 fuit,
341 5054 491 5109 Felix
520 5054 740 5128 scilicet
771 5058 1030 5128 episcopus
1066 5058 1217 5128 Abibiir
1261 5056 1432 5128 Majas
1461 5072 1577 5124 cap.
1614 5060 1730 5128 155,

205 5125 278 5176 ubi
305 5127 472 5179 nullus
515 5126 588 5179 ibi
631 5126 794 5178 fuisse
826 5125 1090 5178 Donatista
1117 5125 1418 5186 dicitur;'et
1447 5141 1563 5192 cap.
1610 5126 1731 5192 215,

206 5196 496 5247 Annibonius
518 5193 796 5246 catholicus
820 5195 1079 5260 episcopus
1109 5195 1454 5249 Abbirilensis.
1497 5197 1734 5248 Concilio

205 5274 356 5317 autem
385 5262 790 5329 Carthagineosi
830 5276 967 5313 anno
993 5263 1097 5315 M9
1127 5265 1438 5331 subscripsit
1471 5263 1730 5317 Candidus

205 5334 444 5401 episcopus
465 5331 772 5401 Germanice,
803 5331 889 5395 qui
912 5331 1039 5401 alias
1071 5331 1266 5385 ibidem
1298 5333 1605 5401 simpliciter
1634 5334 1730 5383 Ab-

204 5400 427 5456 biritanus
455 5401 671 5457 dicitur,
723 5399 836 5464 ejus
863 5399 1063 5450 scilicet
1089 5401 1253 5461 urbis,
1286 5405 1339 5455 ni
1382 5399 1552 5465 fallor,
1582 5404 1731 5465 cujus

205 5485 436 5524 successus
485 5472 550 5522 ab
581 5465 1148 5521 Abbir-Germaniciana
1180 5470 1401 5524 habetur
1428 5474 1477 5523 in
1509 5471 1732 5524 concilio

205 5537 427 5609 Carthag.
460 5540 559 5593 Sub
591 5546 776 5609 sancto
793 5535 1223 5609 Cypriano,_num
1253 5539 1340 5592 16.
1369 5541 1447 5593 Ab
1476 5540 1556 5592 his
1586 5538 1728 5609 urbi-

208 5609 288 5661 bus
322 5605 520 5665 diversa
561 5607 780 5670 omnino
821 5615 935 5658 erat
980 5605 1174 5657 Abdera
1214 5622 1304 5660 seu
1346 5610 1551 5671 Abzcra,
1585 5608 1733 5674 cujus

207 5680 459 5747 episcopus
489 5675 806 5733 Fructuosus
849 5684 1168 5728 memoratur
1199 5676 1249 5729 in
1277 5678 1453 5732 collat.
1485 5678 1728 5743 Carthag.

1844 4506 1996 4570 infra,
2023 4507 2290 4560 moliendo.
2327 4506 2476 4559 Colb.
2512 4509 2561 4569 l,
2612 4509 2912 4561 moriendos.
2945 4507 3208 4573 Rhenan.,
3238 4510 3383 4576 Sur.,

1841 4579 1988 4643 liign.
2020 4589 2072 4628 et
2096 4575 2266 4635 Bald.,
2298 4576 2586 4628 morituros.

1912 4656 1936 4683 ο
1960 4647 2163 4707 Germ.,
2211 4643 2350 4706 Fu|.,
2390 4655 2443 4697 et
2471 4644 2690 4697 Orthod.
2721 4658 2839 4697 cum
2871 4645 3135 4710 Lorichio,
3165 4647 3385 4702 Zurina-

1840 4730 1936 4767 me.
1969 4715 2119 4768 Mart.
2149 4711 2445 4766 Zurinaliw.
2476 4714 2626 4766 Colb.
2655 4715 2702 4775 1,
2726 4712 3014 4776 Τυτίιαηω;
3038 4716 3186 4778 Sur.,
3215 4718 3385 4780 Quiri-

1841 4793 1988 4835 tana’.
2026 4784 2075 4834 In
2108 4780 2284 4834 Indice
2309 4782 2593 4834 Oxoniensi
2620 4783 2727 4849 jam
2756 4783 2964 4833 laudato
3005 4783 3143 4836 Zura
3171 4788 3384 4840 incerta:

1843 4852 2124 4922 provinciae,
2150 4851 2363 4901 dicitur.
2388 4853 2456 4903 At
2485 4867 2551 4904 ex
2575 4849 3276 4922 collationeparthaginensi
3305 4856 3383 4909 di-

1839 4921 2035 4972 scimus
2065 4934 2178 4970 cam
2195 4935 2256 4970 ex
2280 4922 2636 4985 proconsulari
2662 4920 2839 4972 fuisse.
2863 4920 3066 4974 Etenim
3081 4920 3200 4975 cum
3225 4926 3379 4988 Quin-

1838 4997 1936 5053 tus,
1972 4998 2018 5040 ut
2053 4989 2271 5054 vulgata:
2302 4990 2560 5042 editiones
2592 4989 2801 5049 habent,
2835 5004 2951 5040 nam
2986 5008 3030 5040 v.
3062 5004 3110 5042 c.
3140 4993 3382 5045 Baluzius

1839 5058 1994 5111 habet
2020 5055 2116 5120 Qui
2146 5073 2320 5119 supra,
2345 5072 2438 5123 pro
2469 5057 2685 5110 Paulino
2713 5057 2921 5110 Zureusi
2945 5058 3135 5113 litteras
3163 5065 3381 5113 nesciui-

1838 5137 1902 5191 ιε,
1935 5128 2020 5192 qui
2055 5141 2285 5190 praesens
2305 5129 2504 5190 aderat,
2527 5143 2584 5181 se
2612 5128 2982 5192 subscripsisse
3011 5128 3193 5183 fuisset
3217 5139 3375 5180 testa-

1839 5205 1920 5247 tus
1943 5198 1990 5248 in
2023 5195 2300 5247 collatione
2325 5194 2569 5264 Carthag.
2591 5212 2707 5263 cap.
2731 5198 2846 5255 155,
2874 5197 3220 5264 l’aiilinusque
3247 5199 3375 5264 ipse.

1835 5265 2125 5334 catholicus
2153 5265 2452 5331 episcopus,
2499 5281 2557 5318 se
2603 5268 2792 5319 habere
2823 5267 3072 5317 unitatem
3117 5267 3379 5334 professus-

1831 5332 2040 5396 fuisset,
2068 5331 2344 5385 llabetdeus
2371 5338 2614 5388 diaconus
2647 5335 2889 5385 Primiani
2919 5331 3136 5402 episcopi
3165 5336 3380 5386 Cartha-

1832 5404 2065 5469 ginensis
2095 5403 2253 5468 partis
2294 5403 2500 5469 Donati,
2534 5406 2661 5456 dixit
2699 5419 2715 5455 :
2749 5404 3008 5472 Presbyter
3041 5414 3112 5454 est
3147 5404 3251 5454 illic
3289 5421 3378 5456 no-

1835 5481 1957 5524 ster.
1987 5471 2223 5523 Diwcesis
2250 5483 2419 5525 nostra
2446 5487 2536 5526 εει.
2574 5471 2968 5526 Reccnseturet
2997 5471 3178 5523 eodem
3211 5474 3378 5537 capite

1833 5539 2146 5610 collationis,
2175 5550 2230 5591 ut
2255 5541 2362 5608 jam
2390 5543 2620 5599 diximus
2647 5559 2700 5597 η.
2729 5543 2816 5607 59,
2868 5543 3094 5594 Donatus
3120 5543 3378 5610 cpiscopus

1835 5611 1989 5678 plebis
2020 5608 2298 5664 Buritanaz.
