4102 6390
312 422 447 481 1017

1655 617 1827 686 [quat

484 715 644 770 Secta
671 713 856 778 ﬁdem.
883 711 1117 768 dominis
1142 709 1336 764 caelum
1369 711 1565 778 partita
1593 708 1824 762 duobus.

486 804 616 872 Qua:
639 817 692 860 te
712 801 1048 859 confundunt
1073 799 1316 856 nebulai?
1341 801 1461 868 quis
1489 813 1710 852 somnus
1740 797 1898 852 inerti

490 895 708 950 lncubat
733 893 970 964 ingenio,
993 891 1078 947 cui
1111 906 1204 958 per
1229 889 1601 961 phantasmata
1630 889 1826 957 duplex

309 985 376 1042 σο
486 987 731 1041 Occurrit
762 985 997 1052 species,
1030 983 1174 1036 bivio
1204 981 1445 1052 dispersa
1477 982 1756 1050 superno?

489 1077 649 1149 505
699 1077 754 1135 Si
807 1078 914 1132 vim
965 1075 1162 1131 mentis
1213 1074 1377 1130 hebes
1426 1083 1611 1141 stupor
1663 1073 1897 1139 obsidet,

1401 1165 1603 1236 [asgiicc
1633 1165 1825 1220 saltem

483 1259 650 1311 Obvia
681 1258 908 1313 terrenis
933 1256 1103 1311 oculis
1131 1257 1420 1323 elementa,
1456 1255 1652 1324 quibus
1679 1269 1738 1310 se

489 1350 594 1403 lles
620 1347 826 1403 occulta
862 1347 956 1410 Dei
986 1345 1202 1414 dignata
1233 1355 1316 1400 est
1346 1345 1576 1415 prodere.
1603 1345 1794 1414 signis.

487 1441 636 1495 llanc
664 1441 883 1496 heresin
914 1453 1152 1509 prmsaga
1180 1437 1353 1492 Patris
1384 1435 1706 1506 pratvidcrat
1731 1437 1859 1490 olim

307 1533 375 1588 liii
490 1533 742 1599 Maiestas
775 1534 889 1588 lore
917 1547 934 1588 :
961 1547 1081 1602 qua:
1113 1541 1378 1586 rectorem
1413 1532 1567 1595 lueis,
1599 1540 1650 1584 et
1681 1530 1828 1584 orbis

482 1622 766 1678 Scinderet
789 1622 840 1676 in
866 1631 1068 1692 partes,
1097 1622 1425 1691 geminatum
1456 1635 1679 1689 segrege
1709 1633 1893 1689 riguo.

485 1713 690 1769 Idcirco
716 1714 990 1783 specimen
1020 1713 1193 1782 posuit
1225 1712 1521 1780 spectabile
1552 1711 1753 1766 nostris

485 1805 911 1875 Exemplumque
931 1805 1128 1871 oculis,
1145 1806 1334 1873 nequ's
1351 1804 1454 1859 duo
1479 1806 1695 1866 numina
1716 1808 1894 1859 credat

482 1895 798 1962 Imperitaro
826 1896 976 1965 vagis
1020 1895 1202 1949 mundi
1236 1911 1332 1962 per
1364 1896 1540 1949 inania
1578 1895 1786 1950 formis.

309 1987 370 2041 79
494 1986 604 2041 Una
638 2001 732 2054 per
763 1987 1078 2039 immensam
1107 1985 1226 2038 (δαειί
1260 2001 1479 2040 caveam
1512 1987 1785 2041 revolutos

482 2077 692 2130 l’raztiet
720 2075 934 2128 ﬂamma
962 2074 1095 2138 dies,
1132 2075 1264 2128 texit
1296 2075 1375 2128 sol
1409 2077 1602 2128 unicus
1632 2090 1851 2128 annum.

479 2166 698 2232 'l'riplex
735 2164 824 2218 ille
855 2172 1032 2217 tamen
1066 2165 1212 2217 nullo
1242 2164 1575 2222 discrimine.
1613 2166 1747 2217 trina

480 2255 752 2311 Subuisus
781 2256 988 2311 ratione
1022 2255 1187 2324 viget,
1220 2254 1488 2325 Splendet,
1520 2255 1686 2320 volat,
1718 2256 1888 2319 ardi-t,

1692 414 2231 472 llAilAllTlGENlA.

487 533 614 589 Hinc
643 532 763 596 tibi,
794 526 1052 595 Marcion,
1083 527 1166 582 via
1198 524 1482 596 displicet;
1524 525 1660 578 hanc
1696 535 1781 577 tua
1814 523 1904 577 da.
1935 530 1982 585 Α

1925 1879 2069 1948 885

3465 411 3613 469 illis

2192 524 2334 579 llotu
2358 524 2552 596 agitur,
2577 523 2787 578 fervore
2808 531 3034 586 cremat,
3059 532 3168 576 tum
3193 523 3394 577 lumine
3417 521 3603 590 fulget.

2016 617 2084 670 75
2195 616 2330 671 Sunt
2359 617 2455 671 uia
2485 632 2680 686 nempe
2708 615 2890 679 simul,
2917 614 3028 682 lux,
3047 621 3101 669 et
3121 613 3290 680 calor,
3312 623 3366 668 et
3390 622 3608 682 vegeta-

3342 704 3486 773 I_men
3514 719 3528 754 :

2188 795 2351 866 506
2381 795 2528 861 Una,
2559 795 2854 866 cadentque
2885 803 3061 848 tamen
3093 801 3206 847 rota
3239 793 3432 846 sideris
3461 793 3602 849 indi-

2843 909 2846 912 -
3316 884 3534 955 [scrctis

2192 980 2454 1049 Fungitnr
2488 978 2601 1047 liis,
2635 993 2743 1032 uno
2774 987 2954 1032 servat
2983 985 3062 1029 tot
3096 990 3317 1029 munera
3346 977 3529 1036 ductu,

2192 1071 2260 1125 Et
2295 1071 2463 1124 tribus
2495 1085 2599 1122 nua
2629 1069 2814 1122 subest
2841 1067 3046 1120 mixtim
3080 1065 3374 1119 subsnmtia
3409 1066 3594 1118 rebus.

2187 1163 2302 1216 Non
2343 1163 2590 1216 conferre
2620 1161 2729 1216 Deo
2749 1201 2764 1226 ,
2796 1159 2944 1214 velut
2973 1155 3385 1228 scquiparabile,
3443 1155 3602 1224 quid-

3341 1253 3522 1321 [tutam

2007 1346 2076 1403 80
2189 1346 2372 1401 Ausim
2398 1389 2410 1411 ,
2455 1360 2556 1399 nec
2604 1343 2824 1398 domino
2866 1341 3120 1396 famulum
3161 1354 3488 1405 componere
3530 1338 3604 1392 si-

3296 1433 3482 1504 lsnmn
3516 1449 3528 1483 =

2187 1530 2263 1582 Es
2300 1528 2536 1581 minimis
2561 1527 2655 1580 sed
2687 1525 2890 1595 grande
2920 1539 3074 1578 suum
3103 1522 3274 1576 voluit
3302 1522 3458 1575 Pater
3486 1522 3602 1589 ipse

2180 1617 2749 1686 Coniectarebozniues
2768 1631 2782 1669 :
2800 1616 2992 1683 quibus
3006 1614 3170 1666 ardua
3184 1613 3359 1666 visere
3376 1627 3479 1664 non
3497 1623 3571 1664 est
3585 1649 3598 1663 .

2184 1709 2472 1763 Parvorum
2506 1708 2725 1774 speculo
2754 1721 2858 1758 non
2891 1706 3159 1758 intellecta
3194 1715 3466 1767 notamus,

2182 1802 2244 1854 Et
2267 1801 2423 1854 datur
2444 1799 2712 1854 occultum
2738 1813 2831 1867 per
2856 1800 3097 1867 proxima
3123 1810 3366 1865 quasrerc
3389 1810 3597 1847 verum.

2178 1893 2348 1946 Nemo
2377 1892 2510 1945 duos
2541 1891 2704 1953 soles,
2737 1889 2840 1944 nisi
2872 1890 2970 1941 sub
2999 1888 3358 1957 glaucomate,
3392 1886 3519 1939 vidit
3549 1904 3561 1938 :

2180 1985 2314 2044 Aut,
2348 1982 2391 2034 si
2426 1981 2569 2036 lusca
2603 1983 2782 2049 polum
2815 1981 3035 2034 sntfudit
3067 1979 3204 2046 palla
3238 1993 3526 2043 serenum,

2180 2074 2469 2140 Oppositus
2499 2073 2710 2141 quoties
2740 2070 3014 2125 radiorum
3047 2069 3250 2138 spicula
3285 2069 3502 2121 nimbus

2181 2165 2338 2234 507
2357 2165 2483 2232 Igne
2503 2177 2819 2232 repercusso
2837 2163 3088 2216 mentitos
3116 2162 3315 2230 spargit
3342 2162 3389 2211 in
3414 2159 3591 2214 orbes.

2181 2257 2318 2311 Sunt
2340 2255 2536 2309 animis
2562 2254 2724 2308 etiam
2755 2269 2852 2308 sua
2886 2254 3088 2318 uubi'a,
3123 2266 3341 2307 crassus
3371 2261 3424 2304 et
3455 2265 3548 2306 aer
3580 2267 3596 2308 :

1623 2369 1912 2429 GLOSSxE
1955 2369 2299 2424 VETERES.

373 2463 459 2516 61).
507 2463 675 2524 Bivio,
703 2462 970 2520 divisione,
997 2459 1034 2513 Ι.

373 2533 462 2584 6‘3.
510 2533 808 2596 Eli-nicum,
838 2533 1006 2600 signa,
1036 2529 1072 2581 Ι.

372 2602 461 2656 (id.
509 2601 772 2669 Prmsaga,
803 2599 1222 2670 prtvdirinatrix,
1257 2599 1489 2664 pra’scin,
1527 2599 1563 2650 Ι.

373 2671 461 2726 66.
507 2671 761 2739 Segrege,
791 2680 1044 2739 separata,
1086 2669 1202 2720 Vat.
1239 2673 1302 2720 A.

373 2743 462 2794 67.
505 2737 810 2804 Specimen,
843 2737 1136 2806 imaginem.
1161 2769 1228 2778 —
1259 2739 1460 2798 l’osoit,
1499 2737 1650 2795 Deus,
1690 2738 1724 2788 l.

375 2812 460 2864 7|.
505 2809 733 2873 Praebet,
765 2809 969 2862 ordinat
1018 2837 1079 2847 —-
1108 2807 1372 2871 Flamma,
1402 2808 1498 2860 sol.
1522 2808 1768 2862 -—'l'esit
1799 2827 1889 2862 or-

305 2880 523 2941 dinavit,
555 2881 593 2932 1.

375 2951 463 3002 73.
512 2948 685 3014 Volat,
712 2949 890 3010 curri',
923 2946 962 3000 l.

377 3019 465 3073 75.
511 3019 855 3085 Vegetamen,
875 3018 1146 3081 veqetatio,
1172 3017 1462 3080 commotio,
1497 3019 1534 3071 Ι.

376 3090 463 3140 76.
507 3087 804 3153 ludisrreti,
841 3097 1006 3139 motus
1033 3086 1378 3148 indivisibilis,
1411 3087 1447 3139 Ι.

377 3161 463 3210 77.
510 3158 622 3222 llis,
659 3157 854 3225 ofﬁciis.
875 3186 943 3196 -—
974 3157 1162 3221 llnetn,
1191 3156 1448 3222 ductione,
1482 3157 1521 3210 Ι.

374 3228 462 3282 78.
503 3227 834 3288 Substantia,
860 3227 958 3290 sol,
993 3226 1030 3278 Ι.

376 3300 464 3352 79.
507 3297 930 3367 Equiparabile,
963 3297 1149 3360 simile,
1180 3296 1541 3367 comparabile,
1577 3297 1613 3346 Ι.

2075 2460 2164 2514 8‘2.
2208 2459 2545 2527 Coniectare,
2572 2471 2998 2523 pra-cognoscere.
3024 2456 3076 2527 in
3102 2455 3197 2507 hoc
3215 2454 3351 2527 quod
3371 2453 3439 2527 ad
3463 2453 3598 2505 inta-

2003 2531 2171 2598 ginem
2218 2525 2364 2584 suam
2411 2530 2567 2582 creati
2610 2543 2807 2582 suntus.
2835 2557 2901 2567 ——
2924 2526 3173 2598 Quibus_,_
3203 2525 3510 2577 hominibus.
3530 2549 3595 2598 -ς-

2004 2593 2209 2669 Ardua,
2241 2601 2452 2664 visere,
2495 2599 2670 2652 divina
2699 2612 3018 2670 cognoscere.
3039 2625 3108 2636 —
3131 2595 3245 2649 Non
3278 2601 3394 2658 cst,
3431 2593 3598 2663 possi-

2003 2672 2122 2730 bile.
2165 2671 2202 2725 Ι.

2075 2740 2165 2794 83.
2210 2741 2528 2803 ParVorum,
2559 2756 2646 2806 per
2674 2737 2912 2791 visibilia.
2945 2764 3016 2775 -ι
3041 2734 3156 2788 Non
3203 2733 3492 2806 intellecta,
3523 2734 3595 2786 in-

2004 2811 2245 2876 visibilia,
2271 2829 2348 2877 ea,
2375 2826 2488 2875 quia
2508 2805 2608 2862 non
2634 2824 2904 2875 possumus
2929 2806 3231 2876 intelligere,
3267 2805 3306 2858 l.

2071 2879 2160 2935 84.
2207 2883 2476 2944 Proxima,
2501 2896 2612 2946 qua:
2632 2880 2874 2942 vidimus,
2908 2878 2943 2928 l.

2071 2950 2161 3006 85.
2202 2943 2570 3013 Glaucomate,
2617 2949 2875 3016 albugine,
2920 2943 3277 3016 o/fuscatione,
3321 2943 3588 3012 t'nfusiotte.

2004 3015 2287 3075 Claucoma
2317 3029 2390 3075 est
2423 3020 2700 3084 inﬁrmitas
2733 3013 3020 3078 oculorum,
3053 3013 3095 3066 l.
3171 3037 3178 3044 -

2071 3090 2160 3144 86.
2205 3091 2397 3150 Fusca,
2431 3083 2684 3155 nigra.—-
2706 3086 2996 3147 Sullundit,
3027 3083 3313 3137 obumbrat.
3332 3113 3399 3125 -—
3423 3083 3593 3149 Palla,

2000 3162 2180 3213 nubem
2205 3160 2428 3230 appellat
2451 3159 2664 3230 pallam,
2687 3156 2956 3230 nubecula,
2991 3156 3028 3210 Ι.

2071 3231 2161 3283 87.
2205 3227 2458 3292 Nimbus,
2481 3229 2658 3290 nubes,
2690 3227 2730 3281 Ι.

2066 3300 2155 3353 88.
2189 3299 2466 3363 Meutitos,
2489 3298 2820 3368 infrustratos
2836 3294 3026 3349 scilicet
3055 3294 3266 3348 lumine.
3298 3323 3365 3333 —-
3395 3292 3591 3358 Urbes,

375 3369 465 3420 80.
508 3361 713 3432 Atisim,
747 3366 983 3418 audeam.
1008 3394 1077 3404 —
1099 3361 1455 3431 Compduerc,
1487 3381 1809 3434 comparare,
1845 3365 1884 3418 l.
1919 3361 1961 3380 ”
1995 3369 2203 3434 oculos,
2233 3369 2273 3424 Ι.

376 3437 446 3492 81
506 3435 719 3492 Grande
748 3451 924 3502 suum,
953 3439 1264 3502 maiestatem
1285 3451 1454 3501 suam,
1486 3435 1526 3488 Ι.

2063 3437 2153 3494 89.
2189 3441 2317 3506 Aer,
2346 3437 2574 3504 animzts,
2609 3436 2649 3491 1.

1669 3564 2231 3656 COMMENTARIUS.
2324 3589 2331 3596 '

376 3707 464 3761 60.
504 3707 658 3775 Prag.
686 3703 868 3759 scribit
900 3703 1156 3772 disparsa.

377 3778 465 3830 Gl.
503 3767 700 3843 Aldiis,
734 3785 784 3827 ut
819 3767 993 3828 metro
1031 3771 1703 3843 consuleret,rrclormare_
1729 3767 1900 3822 voluit

307 3847 504 3899 heresin
529 3839 826 3903 lianc.'lloc
857 3844 1030 3912 ipsum
1063 3858 1222 3896 ausus
1249 3851 1329 3898 est
1364 3842 1609 3896 'lbrarius
1640 3839 1899 3894 adnotare

307 3919 359 3970 in
389 3916 597 3970 llatisb.
625 3915 764 3974 Vera
794 3913 954 3968 lectio
986 3914 1120 3965 hanc
1148 3915 1368 3966 heresin.

381 3987 468 4038 t8.
522 3987 636 4039 Vat.
669 3993 732 4053 A,
779 3984 952 4046 male,
993 3999 1149 4051 neque
1179 3985 1291 4051 quis
1331 3997 1428 4051 pro
1458 3981 1668 4051 nequis;
1712 3979 1896 4048 Prag.,

303 4058 513 4110 credens
546 4072 640 4121 pro
670 4059 862 4120 credat,
898 4067 1000 4106 non
1026 4054 1182 4106 bene.

378 4127 468 4180 69.
500 4118 668 4179 Abest
695 4129 782 4180 hie
813 4118 998 4178 versus
1029 4137 1057 4174 a
1092 4123 1227 4185 l’al.,
1258 4120 1428 4189 Egm,
1471 4121 1612 4188 Ald.,
1642 4118 1897 4189 omnibus

306 4196 515 4256 licium,
559 4210 664 4249 uno
697 4197 879 4257 Torr.,
915 4193 1096 4258 Alex.,
1130 4192 1263 4246 Urb.
1311 4188 1550 4245 Aﬁertur
1596 4205 1625 4242 a
1667 4188 1894 4255 Weitz.,

305 4265 445 4326 (iis,
474 4266 631 4330 Man,
668 4268 846 4332 Prag.,
874 4265 1068 4332 liabet
1098 4262 1310 4330 quidem
1342 4262 1460 4315 sine
1490 4262 1670 4322 litura,
1697 4259 1890 4332 Boug.,

309 4333 496 4396 Falir.,
522 4345 575 4388 et
605 4329 743 4388 aliis.
771 4329 875 4391 Sed
904 4335 957 4386 in
985 4329 1162 4393 FabrL,
1192 4332 1380 4400 Bong..
1412 4341 1466 4383 ct
1496 4332 1628 4384 Mar.
1664 4345 1691 4379 a
1725 4329 1890 4393 prima

303 4421 485 4468 manu,
518 4423 668 4475 vagas
696 4408 1008 4475 formaspro
1036 4403 1174 4475 vagis
1197 4403 1394 4475 formis.
1422 4401 1695 4475 Giseliuus
1717 4408 1891 4475 testa-

303 4484 391 4527 tur
437 4468 828 4530 bunc'versum
857 4468 1048 4526 abesse
1072 4473 1140 4525 ab
1166 4468 1294 4525 edit.
1327 4471 1581 4524 Daventr.
1602 4468 1816 4523 'l'eolins
1841 4469 1890 4521 in

305 4559 411 4595 uno
444 4554 646 4597 tantum
681 4546 796 4598 Vat.
827 4560 945 4598 eum
973 4558 1092 4594 esse
1123 4543 1218 4604 ait,
1247 4541 1339 4593 sed
1369 4540 1640 4594 inductum
1674 4553 1700 4588 a
1733 4552 1891 4591 manu

301 4616 536 4684 secunda
563 4616 829 4684 (intelligo
851 4612 1166 4681 adjectum).
1195 4611 1469 4684 Maricttus
1499 4611 1553 4664 in
1579 4625 1676 4664 suo
1703 4609 1890 4662 codice

302 4699 443 4736 mmc
487 4683 606 4739 Val.
637 4701 664 4737 a
698 4699 857 4739 manu
902 4684 1070 4750 prima
1119 4683 1366 4735 eumdem
1413 4696 1628 4734 versum
1673 4687 1890 4733 exstare

301 4755 539 4811 agnovit.
584 4755 738 4808 Alex.
773 4770 800 4807 a
833 4752 1066 4807 secunda
1104 4767 1262 4804 manu
1296 4751 1435 4803 bune
1467 4753 1639 4819 ipsum
1673 4762 1886 4802 versum

301 4820 481 4894 habet,
517 4834 569 4894 {-t
600 4825 724 4894 legit
759 4839 908 4894 vagas
933 4823 1145 4889 formas.

373 4893 461 4963 70.
498 4891 682 4959 Fabrf,
706 4891 844 4954 Gisf,
872 4893 1065 4959 Bong.,
1118 4891 1400 4963 resolutos,
1446 4905 1749 4960 perperam,
1792 4912 1887 4963 pro

2002 3714 2283 3776 comparat
2309 3705 2620 3760 Trinitatem
2650 3724 2662 3760 :
2706 3705 2767 3760 Et
2799 3705 2931 3776 ignis
2956 3707 3087 3758 enim
3119 3707 3218 3758 tria
3246 3705 3414 3765 habet,
3442 3717 3489 3760 et
3510 3709 3590 3761 di-

2000 3775 2106 3844 vidi
2145 3792 2244 3827 non
2281 3786 2472 3844 potest,
2507 3777 2602 3829 ltoc
2631 3787 2736 3840 est,
2768 3775 2982 3839 motum,
3017 3782 3210 3836 lucem,
3245 3787 3290 3827 et
3325 3779 3591 3844 fervorem.

2002 3841 2400 3900 Cliamillardus
2438 3848 2510 3899 ait
2559 3846 2750 3900 vitiose
2787 3848 2855 3901 ab
2899 3861 3004 3900 uno
3053 3841 3349 3900 Prudentia
3391 3846 3595 3903 dictum

1999 3925 2285 3985 vegetamen
2316 3932 2410 3981 pro
2446 3919 2712 3983 vegetatio.
2755 3918 2950 3971 Contra
3003 3915 3250 3985 Barthius
3292 3918 3384 3970 lib.
3424 3933 3454 3970 ι
3485 3918 3596 3971 Λᾶς

2001 3984 2171 4048 vers.,
2198 3999 2299 4052 cap
2326 3986 2416 4048 24,
2449 3986 2746 4049 elegantem
2780 4002 2965 4039 vocem
2995 3984 3146 4050 dicit,
3177 4000 3277 4038 nec
3303 3987 3592 4042 admodum

2002 4057 2250 4108 usitatam
2279 4067 2519 4108 nutamen
2553 4055 2604 4109 in
2630 4057 2761 4110 Silio
2788 4057 2971 4110 lialieo
3001 4073 3012 4107 :
3049 4054 3227 4108 Nirea:
3257 4059 3474 4110 tremulo
3493 4074 3590 4110 nu-

2000 4128 2188 4177 tamine
2205 4142 2403 4190 penum.
2433 4125 2643 4191 Quales,
2667 4127 2856 4194 inquit,
2881 4125 3072 4178 multas
3089 4124 3400 4179 Prudentius
3416 4128 3593 4194 ﬁnxit,

1999 4203 2184 4248 temere
2205 4197 2336 4248 inter
2355 4197 2599 4248 barbaras
2621 4213 2650 4247 a
2673 4196 2969 4248 censoribus
2993 4197 3146 4248 nimis
3163 4195 3395 4248 delicatis
3415 4213 3591 4251 recen-

1998 4266 2146 4320 sitas.
2179 4265 2291 4318 Huc
2317 4265 2840 4319 refero-vocabulum
2872 4276 3182 4334 vegetamen,
3213 4276 3266 4318 et
3296 4267 3398 4319 alia
3429 4265 3592 4334 hujus

1997 4335 2231 4403 geni-ris,
2282 4352 2576 4401 peccatum,
2619 4351 2871 4399 creamen,
2914 4345 3202 4401 ructanten,
3249 4345 3587 4405 ostentamen,

1996 4406 2325 4458 oblectamen.
2355 4406 2486 4459 Vide
2512 4406 2561 4458 in
2590 4405 2763 4461 indice
2787 4405 3012 4460 Fabricii
3038 4405 3104 4458 ad
3131 4416 3313 4471 poetas
3329 4407 3589 4461 Christia-

1984 4490 2096 4528 nos
2131 4475 2386 4540 a/famen,
2420 4492 2693 4535 conamen,
2732 4477 3082 4538 exhortamen,
3130 4485 3390 4528 testamen.
3433 4477 3588 4530 Plura

1995 4547 2190 4615 similia
2236 4559 2357 4598 sunt
2404 4547 2455 4598 in
2492 4546 2774 4612 Lucretio,
2802 4562 2920 4615 qua:
2969 4545 3022 4597 in
3057 4544 3234 4599 indice
3264 4545 3588 4602 Lucretiano

1995 4613 2238 4669 Gifanius
2266 4617 2492 4672 notavit.

2065 4685 2154 4739 76.
2205 4685 2359 4748 Man,
2406 4685 2586 4754 Prag.,
2644 4685 2791 4748 Rat.,
2853 4685 3070 4748 Wcitz.,
3115 4685 3253 4746 Gis.,
3286 4686 3584 4751 indiscreti,

1994 4770 2188 4826 nempe
2215 4756 2361 4808 solis.
2393 4755 2592 4826 Scripti
2628 4755 2926 4819 lleinsiani,
2963 4755 3082 4826 Vat.
3117 4756 3182 4826 Α,
3210 4756 3394 4826 Alex,
3427 4756 3582 4826 Urb.,

1992 4825 2141 4891 Ald.,
2177 4827 2351 4893 Egm.,
2387 4825 2556 4879 Palat.
2587 4826 2893 4890 indiscretis,
2929 4825 3137 4879 scilicet
3171 4824 3252 4878 bis
3285 4825 3474 4879 tribus.

2063 4897 2154 4952 78.
2193 4894 2374 4963 Prag.,
2404 4912 2467 4949 ea:
2493 4895 2690 4959 tribus;
2719 4896 2830 4958 alii,
2871 4905 2918 4948 et
2948 4896 3125 4948 tribus.
3160 4895 3308 4962 Al.l.,
3335 4897 3582 4964 mixtum;

300 4961 573 5046 revolutos.
613 4964 760 5046 .Vide
801 4965 1123 5046 Bectnanutn
1145 5003 1192 5041 ,.
1225 4962 1292 5014 de
1336 4962 1534 5046 orgine
1557 4963 1711 5046 rling.
1765 4961 1884 5046 Lat.
1917 4989 1964 5046 υ
1992 4961 2451 5046 ετυξεξτὲ,“››ιὶ;ὲιὶιη,
2485 4966 2624 5046 quod
2661 4974 2745 5018 est
2773 4966 3186 5045 prail'ercnilum.

298 5047 422 5099 cap.
452 5033 504 5103 (if.
537 5037 624 5102 qui
652 5050 713 5086 ex
745 5048 874 5087 mss.
909 5035 1045 5085 banc
1073 5032 1353 5103 lectionem
1379 5031 1615 5085 defendit
1646 5045 1697 5085 et
1722 5037 1888 5103 expli-

297 5111 405 5155 cat.
440 5101 564 5156 Dies
603 5103 829 5158 revolUti
864 5114 1017 5166 sunt,
1051 5102 1141 5168 qui
1186 5101 1531 5156 revolvuntur
1570 5101 1882 5171 identidem,

299 5182 352 5226 rt
381 5173 626 5227 redeunt.

371 5243 457 5295 7t.
498 5242 667 5297 Codd.
715 5257 841 5295 mss.
880 5250 934 5295 et
965 5241 1112 5309 edd.,
1156 5242 1299 5294 texit.
1340 5241 1620 5295 Fabricius
1666 5246 1883 5300 excudit

297 5313 447 5372 rea-it,
472 5315 555 5366 cui
581 5314 719 5366 lavet
743 5312 938 5378 glossa.
973 5313 1084 5366 l-loc
1114 5313 1361 5378 exemplo
1388 5328 1516 5365 usus
1545 5323 1626 5366 est
1650 5314 1880 5368 Alexan-

295 5383 392 5435 der
420 5384 637 5452 Magnus
666 5401 676 5434 :
706 5382 886 5452 Neque
911 5393 1044 5435 terra
1072 5391 1231 5452 potest
1255 5385 1382 5435 duos
1403 5383 1553 5448 soles,
1582 5400 1740 5452 neque
1761 5386 1884 5440 Asia

294 5454 362 5505 du
374 5470 426 5505 os
456 5470 596 5521 reges
623 5454 856 5506 tolerare.

368 5524 458 5577 75.
484 5525 542 5578 S.
560 5525 906 5590 Augustinus,
926 5522 990 5575 de
1009 5521 1322 5590 Cognitione
1344 5537 1485 5575 vera:
1519 5540 1536 5572 κ
1552 5523 1636 5575 itm
1658 5540 1774 5589 cap.
1790 5527 1875 5594 l0,

295 5595 598 5658 exemplum
632 5595 789 5658 lueis,
816 5594 1120 5660 splendoris
1147 5604 1199 5646 et
1227 5594 1442 5653 caloris,
1477 5610 1592 5655 qum
1622 5608 1743 5646 sunt
1780 5599 1875 5649 tria

295 5663 505 5716 diversa
535 5663 810 5725 vocabula,
839 5663 933 5716 sed
961 5679 1058 5714 una
1088 5673 1138 5715 et
1167 5665 1430 5715 ‘ndiviilua
1463 5665 1775 5726 substantia,
1809 5670 1874 5719 ad

295 5733 612 5787 altissimum
637 5732 912 5786 Trinitatis
934 5734 1468 5800 til\lllll:llt}'5lul‘ll1'll
1500 5737 1870 5801 explicandum

296 5805 529 5859 adducit.
558 5806 623 5858 Et.
648 5819 894 5859 sermone
927 5805 1032 5860 ldo
1058 5804 1246 5858 Voibis
1269 5807 1504 5870 Aposroli
1530 5807 1651 5874 Soli,
1683 5818 1732 5859 et
1767 5809 1869 5876 igni

2063 5037 2151 5091 80.
2184 5035 2438 5089 Famulus
2481 5036 2746 5103 adjective
2794 5036 2931 5104 apud
2961 5035 3210 5089 Ovidium
3257 5051 3363 5090 non
3414 5037 3580 5092 semel

1990 5118 2246 5161 ΟΟΗΠΊἹΙ..

2061 5179 2150 5232 86.
2185 5177 2303 5230 Vat.
2326 5179 2388 5239 A,
2413 5188 2457 5228 et
2485 5177 2527 5228 ,αἱ
2560 5192 2654 5244 pro
2682 5187 2769 5228 aut
2791 5177 2854 5243 si,
2879 5175 3040 5244 Man,
3064 5175 3207 5238 Rat.,
3228 5176 3413 5238 Wcit.,
3441 5176 3577 5240 Gis.,

1989 5245 2161 5308 Sich.,
2191 5247 2460 5313 stt/fundit.
2496 5247 2613 5301 Vat.
2634 5248 2720 5309 Λ..
2742 5248 2885 5309 Ald.,
2909 5249 3088 5309 Alcm,
3115 5248 3268 5311 l_'rb.,
3301 5248 3577 5302 lleinsiani

1989 5319 2236 5399 sul/fudit:
2254 5317 2412 5397 Palla
2431 5320 2572 5386 fusca
2585 5333 2688 5399 pro
2713 5317 2871 5399 nube,
2895 5318 3033 5399 sicin
3060 5317 3198 5399 apud
3217 5327 3417 5399 .poetas
3448 5318 3581 5370 nube

1989 5391 2116 5456 tegi,
2147 5388 2278 5440 nube
2309 5388 2543 5442 amictus.
2585 5388 2840 5450 Virgilius
2878 5403 2893 5440 ι
2925 5385 3164 5441 {Em-ida
3206 5385 3272 5440 Et
3303 5389 3460 5441 multo
3490 5404 3578 5440 ue-

1987 5460 2119 5510 bulaz
2145 5460 2336 5510 circum
2359 5461 2453 5510 dea
2481 5459 2612 5525 fudit
2637 5459 2849 5510 antictu.

2058 5531 2146 5583 87.
2191 5527 2406 5580 Nimbus
2449 5544 2543 5594 pro
2583 5527 2710 5579 nulze
2753 5527 2891 5596 apud
2924 5528 3262 5591 Lucretium,
3299 5527 3576 5597 Virgilium

1983 5609 2036 5672 et
2065 5600 2218 5672 alios.
2248 5599 2462 5664 Spicula
2493 5598 2778 5663 radiorum,
2807 5607 2864 5652 ut
2884 5599 3140 5669 spiculum
3170 5601 3311 5666 solis,
3333 5601 3516 5672 bymn.
3541 5599 3579 5652 ‘2

1982 5671 2160 5732 (Zatli.,
2198 5684 2338 5722 vers.
2371 5672 2423 5722 6.

2054 5742 2140 5795 88.
2175 5739 2324 5803 Ald,
2359 5740 2610 5796 mentitus.
2651 5739 2860 5807 reliqui,
2893 5742 3143 5794 mentitos.
