3922 6412
549 343 644 395 211

1801 330 2101 386 VICTORIS
2142 330 2434 389 VITENSIS

3636 94 3867 139 'Illfrwﬂl

3596 333 3700 387 213

551 456 793 501 mortem.
822 426 900 499 Ad
929 445 1040 498 haec
1077 443 1231 498 verba
1258 440 1442 511 repleti
1468 441 1708 511 laerymis
1739 439 1869 493 nihil
1899 438 2073 495 dicere
2100 445 2149 500 Α
2176 443 2413 496 manibus
2440 451 2724 510 gestantes,
2753 459 2979 513 suosque
3006 445 3285 500 infantulos
3308 444 3537 515 vestigiis
3560 461 3697 497 tuar-

548 534 821 595 valuimus,
854 531 951 584 nisi
978 540 1033 583 ut
1060 532 1294 585 voluntas
1318 529 1413 583 Dei
1441 528 1613 583 ﬂeret.

620 620 685 673 Χ.
724 618 943 671 Carceris
980 617 1307 669 incommoda.
1342 644 1410 654 —
1443 614 1548 669 Sed
1598 614 1685 668 ubi
1726 614 2075 678 adversarius,

552 712 635 777 qui
659 712 765 777 jam
794 709 927 762 forte
954 708 1158 761 dicebat
1194 724 1205 759 :
1245 705 1478 758 Partibor
1509 704 1702 773 spolia,
1742 705 1941 771 replebo
1968 705 2081 755 ani-

551 814 679 851 mani
707 811 866 850 meant
890 834 904 856 ,
941 795 1233 857 interﬁciam
1258 793 1425 859 gladio
1457 807 1583 856 mea,
1610 791 1941 843 dominabitur
1977 805 2081 840 nra-

552 903 644 939 nsts
682 902 787 937 mea
814 884 1011 953 (Exod.
1050 897 1134 945 xv,
1166 883 1242 950 9),
1282 881 1478 934 nullum
1504 882 1672 949 potuit
1696 878 1787 949 [αι.
1820 877 2083 948 aucupari]

554 987 834 1042 occupare;
874 970 1086 1038 inquirit
1114 978 1328 1037 angusta
1358 977 1411 1021 et
1432 968 1691 1022 teterrima
1720 967 1851 1026 loca.
1874 966 1927 1019 in
1956 981 2083 1032 quo-

557 1077 670 1116 rum
714 1059 1040 1114 conclavibus
1069 1058 1157 1111 Dei
1189 1058 1471 1112 exercitum
1501 1066 1805 1109 coarctaret.
1836 1056 1983 1107 Tunc
2009 1054 2086 1107 eis

558 1152 709 1207 etiam
738 1150 1042 1203 visitationis
1072 1150 1311 1201 humanae
1331 1157 1509 1214 negata
1537 1158 1618 1198 est
1653 1147 1751 1215 ιε
1779 1146 2081 1198 consolatio.

561 1240 851 1295 Puniuntur
864 1248 917 1293 et
931 1238 1171 1291 custodes
1196 1237 1431 1300 fustibus,
1451 1244 1503 1288 et
1524 1236 1746 1302 graviter
1763 1233 2085 1301 allliguntur;

554 1332 822 1398 jactantur
855 1325 1176 1379 confessores
1200 1323 1390 1377 Christi
1416 1336 1570 1390 super
1595 1323 1832 1381 invicem,
1855 1334 1899 1371 at
1922 1319 2088 1385 gustia

562 1426 876 1476 coarctante,
901 1427 1034 1467 unus
1059 1426 1215 1480 super
1242 1412 1417 1471 alium,
1440 1421 1495 1461 ut
1520 1410 1721 1477 agmina
1753 1409 2087 1468 locustarum,

562 1511 635 1567 et,
659 1512 715 1555 ut
740 1502 948 1570 proprie
976 1500 1264 1562 dicatur,ut
1285 1512 1444 1567 grana
1467 1498 1836 1565 pretiosissima
1862 1496 2090 1549 frumen-

565 1600 751 1644 torum.
801 1591 853 1641 In
883 1603 979 1657 qua
1022 1589 1418 1655 constipatione,
1459 1588 1731 1640 secedendi
1766 1587 1827 1639 ad
1860 1586 2092 1639 naturale

564 1681 791 1733 oflicium
838 1680 974 1730 nulla
1021 1679 1155 1729 ratio
1200 1676 1428 1738 sinebat;
1469 1683 1495 1710 ι
1527 1675 1616 1727 sed
1648 1676 1815 1728 locum
1845 1673 2090 1726 stercoris

2182 541 2350 601 tyrum
2378 533 2726 599 projicientes.
2754 534 2852 587 ista
2878 547 3006 588 voce
3030 534 3323 586 clamabant
3351 534 3578 599 :Quibns
3603 547 3698 586 nos

2180 622 2395 674 miseros
2437 622 2764 689 relinquitis,
2813 622 2934 675 dum
2966 624 3175 689 pergitis
3217 621 3279 674 ad
3317 622 3571 675 coronas?
3608 622 3694 685 qui

2182 711 2277 762 bos
2302 708 2603 774 baptizaturi
2626 719 2743 761 sunt
2760 710 3002 777 parvulos
3019 710 3243 762 fontibus
3260 722 3406 775 aqua:
3427 708 3700 776 perennis!

2180 798 2267 865 qui
2298 796 2445 850 nobis
2472 798 2787 863 pmnitentia:
2828 795 2936 865 [αι.
2979 795 3202 866 manus]
3246 809 3431 848 munus
3468 795 3699 849 Collaturi

2182 894 2322 947 sunt,
2354 893 2408 937 et
2448 884 2882 937 reconciliationis
2906 884 3251 950 indulgentia,
3281 882 3561 935 obstrictos
3586 896 3700 947 pec-

2183 980 2415 1025 catorum
2462 972 2677 1023 vinculis
2699 1010 2714 1033 ,
2758 971 3011 1024 soluturil
3046 971 3163 1038 quia
3194 969 3341 1023 vobis
3368 968 3559 1022 dictum
3588 964 3699 1021 est:

2188 1063 2505 1125 Quaecunque
2530 1060 2769 1111 solren'tis
2791 1075 2940 1123 super
2975 1068 3155 1111 terram
3172 1099 3188 1121 ,
3217 1066 3359 1111 erant
3386 1060 3545 1111 soluta
3584 1066 3629 1111 et
3652 1058 3702 1109 ia

2185 1149 2316 1200 ctelis
2344 1147 2361 1215 (
2385 1146 2568 1200 Hatth.
2596 1162 2737 1209 xvtu,
2768 1148 2832 1199 18
2856 1148 2891 1211 ).
2924 1146 3021 1211 Qui
3052 1161 3146 1199 nos
3171 1146 3490 1199 solemnibus
3516 1146 3702 1199 oratio-

2189 1236 2339 1287 nibus
2366 1234 2613 1301 sepulturi
2657 1244 2780 1287 sunt
2807 1235 3125 1287 morientes?
3162 1242 3249 1285 aut
3273 1248 3303 1285 a
3325 1232 3514 1301 quibus
3543 1232 3703 1285 divini

2186 1321 2424 1376 sacrilicii
2454 1321 2585 1397 ritus
2626 1322 2948 1375 exbibendus
2980 1331 3060 1374 est
3096 1320 3405 1374 consuetus?
3442 1319 3703 1373 vobiscum

2187 1422 2239 1465 et
2265 1426 2355 1464 nos
2382 1412 2535 1465 hbeat
2558 1425 2807 1479 pergere,
2836 1410 2878 1462 si
2904 1412 3097 1474 liceret,
3129 1418 3184 1463 ut
3210 1409 3298 1464 tali
3328 1408 3482 1462 modo
3518 1409 3649 1461 lilios
3676 1422 3705 1459 a

2191 1501 2421 1569 patribus
2470 1485 2623 1552 nulla.
2658 1500 2941 1553 necessitas
2972 1508 3272 1566 separaret.
3301 1499 3354 1551 In
3394 1496 3473 1550 his
3496 1498 3707 1549 vocibus

2193 1599 2215 1627 ο
2248 1590 2327 1641 vel
2355 1587 2599 1655 Iacrymis
2624 1628 2637 1650 ,
2682 1594 2735 1641 et
2761 1585 2998 1640 laudibus
3038 1586 3209 1638 nullus
3241 1584 3345 1650 jam
3377 1597 3591 1650 pergere
3618 1581 3708 1633 ad-

2192 1675 2382 1727 missus
2418 1684 2499 1727 est
2536 1673 2861 1735 consolator;
2900 1673 2989 1725 sed
3022 1673 3321 1726 arctahatur
3347 1670 3618 1724 multitudo
3643 1668 3707 1722 ad

564 1778 615 1823 et
645 1769 807 1821 urina:
850 1774 1065 1834 urgente
1115 1766 1440 1824 necessitate,
1487 1762 1676 1815 ibidem
1726 1763 1999 1823 faciebant,
2029 1771 2084 1813 ut
2112 1757 2158 1816 Β
2182 1763 2491 1813 currendum
2516 1799 2531 1823 ,
2572 1772 2626 1813 ut
2663 1761 2746 1815 ubi
2776 1757 2802 1796 (ί
2840 1774 3068 1813 cannava
3115 1769 3226 1813 erat
3272 1766 3554 1827 praeparata
3577 1794 3595 1821 ,
3638 1757 3709 1808 la-

564 1856 653 1910 ille
680 1849 801 1909 tunc
825 1855 960 1908 fetor
1000 1863 1051 1906 et
1093 1854 1275 1904 horror
1300 1852 1537 1903 universa
1587 1864 1854 1915 pinnarum
1898 1862 2105 1915 genera.

567 1953 834 2011 superaret
874 1960 885 1994 :
929 1943 993 1993 ad
1025 1955 1154 2008 quos
1179 1940 1454 2007 aliquando
1498 1940 1618 1991 dato
1647 1940 1836 2005 ingenti
1874 1952 2089 1989 munere

572 2030 761 2085 Mauris
786 2072 797 2085 .
835 2028 1212 2082 dormientibus
1246 2027 1484 2079 Vandalis
1507 2067 1523 2089 ,
1567 2026 1651 2077 vix
1699 2028 1829 2076 clam
1879 2022 2086 2075 admissi

563 2133 745 2171 sumus
773 2118 983 2170 intrare.
1006 2115 1102 2180 Qui
1126 2118 1465 2177 introeuntes,
1489 2112 1644 2164 veluti
1671 2114 1719 2163 in
1746 2112 1943 2177 gurgite
1973 2109 2084 2174 luti,

573 2222 733 2274 usque
779 2208 842 2259 ad
884 2221 1050 2274 genua
1080 2207 1335 2270 coepimus
1382 2201 1569 2268 mergi;
1611 2201 1732 2253 illud
1764 2211 1881 2252 tunc
1911 2199 2089 2251 lliere-

574 2295 689 2345 inite
722 2293 951 2345 videntes
982 2294 1136 2344 luisse
1164 2291 1475 2356 cotnpletum
1515 2308 1529 2342 :
1568 2288 1666 2353 Qui
1694 2289 1862 2338 nutriti
1890 2297 2002 2338 sunt
2036 2286 2089 2336 in

570 2381 753 2433 croceis
775 2419 790 2444 ,
838 2380 1111 2446 θηριωωί
1129 2387 1239 2430 sunt
1264 2387 1479 2429 stercora
1513 2392 1601 2427 sua
1630 2377 1646 2441 (
1670 2374 1849 2424 Thren.
1892 2388 1961 2435 tv,
1990 2371 2021 2421 5
2048 2373 2089 2436 ).

571 2468 702 2533 Quid
731 2466 928 2520 multa!
964 2464 1209 2533 prmcepti
1248 2473 1369 2516 sunt
1402 2461 1626 2527 undique
1651 2458 2089 2527 perstrvpetttibus

573 2557 780 2615 Mauris,
810 2554 874 2606 ad
904 2554 1001 2605 iter
1028 2553 1113 2604 ubi
1140 2551 1379 2604 destinati
1408 2551 1609 2602 fuerant
1637 2548 1936 2614 praeparari.

642 2643 729 2695 XI.
769 2638 1662 2693 ltinerisincommoda.-—Eseunles
1686 2637 1855 2703 itaque
1878 2634 1962 2687 die
1994 2634 2090 2687 do-

575 2732 761 2786 minica
786 2770 801 2794 ,
852 2730 995 2783 linita
1027 2729 1275 2781 habentes
1303 2726 1618 2780 stercoribus
1645 2726 1948 2778 vestimenta
1972 2762 1987 2787 ,
2020 2722 2092 2774 fa-

572 2822 683 2875 cies
717 2818 869 2873 simul
911 2826 964 2871 et
1004 2817 1171 2882 capita
1198 2854 1213 2879 ,
1258 2828 1287 2865 a
1330 2814 1519 2866 Mauris
1584 2822 1754 2865 tamen
1815 2808 2093 2862 crudeliter
2128 2822 2133 2827 ’

582 2909 929 2968 minabantur,
963 2905 1210 2976 hymnum
1238 2917 1356 2956 cum
1385 2901 1729 2955 exsultatione
1759 2898 1980 2952 Domino
2002 2896 2093 2949 de-

577 3006 847 3051 cantantes
870 3012 884 3046 :
907 2994 1031 3047 Hac
1054 3000 1125 3045 est
1146 2992 1305 3059 gloria
1339 2988 1564 3042 omnibus
1592 2987 1773 3039 sanctis
1799 2988 1905 3053 ejus
1924 2983 2091 3052 (Psal.

2188 1849 2445 1901 boriosam
2481 1858 2690 1914 caperet
2734 1848 3077 1901 mansionem.
3108 1848 3348 1913 Quicum
3392 1862 3544 1900 senes
3586 1846 3709 1899 deli-

2186 1944 2393 1998 cerent,
2420 1944 2471 1988 et
2496 1934 2584 1987 alii
2628 1936 2789 1999 forte,
2830 1936 2924 1988 etsi
2945 1936 3191 2001 juvenes,
3217 1935 3422 1988 delicati
3463 1947 3706 1999 corpore,

2185 2034 2453 2090 cmperunt
2496 2023 2754 2075 hastilium
2799 2023 3101 2090 cuspidibus
3158 2022 3221 2075 ad
3268 2022 3619 2084 currendum,
3657 2029 3709 2073 et

2189 2114 2443 2181 lapidibus
2490 2113 2634 2165 tundi
2677 2127 2691 2170 ;
2730 2112 2867 2166 unde
2918 2114 3081 2181 magis
3108 2112 3440 2178 delicientes,
3490 2108 3709 2176 amplius

2188 2203 2530 2255 lassahantnr.

2257 2290 2365 2343 ΧΗ.
2406 2290 2609 2343 Servitia
2634 2290 2685 2339 in
2716 2303 2804 2338 con
2812 2285 3233 2355 {esserem—Post
3254 2300 3379 2337 vero
3401 2286 3706 2350 imperatum

2189 2391 2269 2433 est
2295 2380 2483 2431 Mauris
2506 2387 2562 2429 ut
2589 2389 2679 2429 eos
2706 2377 2791 2443 qui
2823 2375 3088 2428 ambulare
3119 2389 3219 2427 non
3252 2380 3509 2440 poterant.
3543 2371 3710 2438 ligatis

2192 2468 2429 2536 pedibus.
2460 2466 2600 2519 velut
2629 2465 2875 2517 cadavera
2899 2464 3200 2516 animalium
3230 2470 3569 2523 mortuorum,
3604 2468 3710 2510 tra-

2191 2557 2377 2609 herent
2407 2569 2497 2621 per
2522 2554 2653 2606 dura
2698 2561 2749 2605 et
2777 2566 2957 2618 aspera
2986 2550 3212 2618 lapidum
3256 2548 3366 2601 loca
3390 2586 3407 2610 ,
3436 2546 3521 2599 ubi
3547 2547 3710 2613 primo

2190 2645 2497 2697 vestimenta
2529 2681 2543 2703 ,
2592 2652 2769 2707 postea
2821 2641 3051 2694 membra
3102 2639 3300 2707 singula
3343 2637 3707 2705 carpebantur.

2192 2732 2388 2794 Quibus
2413 2744 2505 2795 per
2533 2727 2733 2795 gladios
2776 2736 2953 2780 acutos
2982 2735 3244 2793 petrarum
3271 2724 3363 2793 [aL
3396 2723 3542 2776 hic...
3568 2719 3709 2790 alibi]

2192 2820 2311 2872 huic
2354 2824 2509 2883 caput
2543 2816 2925 2876 conterebatur,
2951 2816 3037 2866 alii
3083 2816 3239 2866 latera
3288 2812 3635 2874 findebantur,
3662 2820 3711 2862 et

2191 2905 2261 2957 ita
2313 2905 2448 2956 inter
2500 2902 2810 2955 trahentium
2861 2914 3042 2953 manus
3092 2901 3331 2967 spiritum
3382 2897 3709 2951 esbalabant.

2192 2996 2419 3059 Quorum
2462 3006 2732 3045 numerum
2772 3005 3093 3058 nequaquam
3136 2989 3393 3043 valuimus
3438 2986 3707 3054 colligere,

580 3098 755 3142 C\Ll!,
785 3080 861 3149 9).
893 3082 1084 3133 Aderat
1111 3080 1247 3131 enim
1270 3078 1338 3130 ibi
1376 3086 1500 3130 tunc
1523 3076 1702 3129 beatus
1731 3074 1956 3141 pontifex
1988 3071 2091 3140 Cy-

2195 3084 2523 3136 multitudinc
2557 3096 2864 3145 coercente;
2902 3082 3159 3135 exaltatur
3202 3090 3373 3132 tamen
3414 3092 3505 3146 per
3547 3084 3708 3129 totum

582 3170 794 3236 prianus
820 3166 847 3204 ¹³
884 3165 1256 3220 Unizibirensls
1294 3163 1598 3231 episcopus,
1628 3163 1921 3214 consolator
1948 3174 2095 3227 egre-

582 3258 729 3323 gius,
776 3257 861 3322 qui
905 3254 1132 3322 singulos
1155 3254 1242 3320 pio
1264 3261 1313 3305 et
1365 3261 1579 3319 paterno
1623 3252 1832 3302 fovebat
1870 3251 2091 3313 allecto,

583 3361 683 3400 non
709 3344 821 3398 sine
847 3343 1141 3397 numinibus
1168 3342 1483 3395 currentium
1508 3340 2098 3408 Iacrymarutnzparatus

587 3447 677 3501 pro
722 3431 962 3484 fratribus
1004 3431 1227 3483 animam
1274 3443 1494 3495 ponere,
1535 3436 1587 3479 et
1614 3439 1671 3480 se
1699 3426 2022 3489 ultroneum,
2054 3423 2097 3478 si

584 3521 965 3579 dimitteretur,
1008 3519 1195 3571 talibus
1241 3511 1562 3584 passionib'hs
1601 3501 1779 3578 dare:
1807 3515 1893 3579 qui
1938 3524 2096 3567 totum

586 3608 704 3673 quid
727 3607 921 3667 habuit,
939 3606 1204 3672 egentibus
1224 3605 1463 3656 fratribus
1486 3603 1536 3655 in
1554 3603 1639 3657 illa
1655 3612 1777 3655 tunc
1792 3602 2100 3655 necessi'ate

587 3695 829 3762 expendit
846 3712 857 3744 :
877 3692 1135 3758 quarebat
1163 3693 1297 3743 enim
1319 3692 1640 3743 occasionem
1664 3690 1878 3756 qualiter
1899 3687 2099 3739 confes-

588 3786 791 3838 soribus
832 3782 1136 3839 sociaretur,
1169 3780 1279 3843 ipse
1314 3780 1491 3829 animo
1516 3785 1569 3828 et
1598 3778 1785 3827 virtute
1811 3774 2099 3826 confessor.

589 3874 683 3938 Qui
719 3880 896 3938 postea
927 3884 1020 3936 per
1046 3867 1236 3919 multos
1263 3879 1455 3931 agones
1482 3874 1535 3916 et
1560 3864 1826 3930 squalores
1854 3863 2101 3924 carceris,

588 3962 651 4013 ad
682 3960 915 4014 exsilium
941 3956 1076 4025 quod
1102 3954 1445 4016 desiderabat,
1469 3966 1583 4005 cum
1613 3951 1958 4005 exsultatione
1989 3965 2103 4017 per-

590 4050 740 4102 rexit.
764 4048 979 4110 Quantae
1000 4054 1052 4098 et
1082 4056 1203 4096 tunc
1228 4042 1579 4096 multitudines
1603 4041 1669 4095 de
1692 4041 1907 4095 diversis
1938 4040 2104 4107 regio-

594 4138 763 4197 nibus,
792 4145 844 4187 et
884 4132 1194 4191 civitatibus,
1225 4130 1289 4182 ad
1326 4128 1568 4181 visendos
1615 4128 1702 4181 Dei
1735 4139 1987 4194 martyres
2016 4141 2104 4181 oc-

591 4221 845 4275 currerint
871 4219 1173 4285 populorum
1194 4258 1210 4280 ,
1243 4224 1495 4267 testantur
1524 4214 1619 4265 vite
1644 4214 1723 4266 vel
1748 4215 2105 4279 semitzezqua:

594 4322 710 4360 cum
752 4306 951 4369 agmina
977 4302 1289 4353 venientium
1333 4314 1651 4366 nequaquam
1692 4309 1971 4373 caperent,
2015 4315 2107 4365 per

2204 3173 2302 3242 19
2328 3186 2565 3238 aggerem
2588 3170 2848 3237 publicum
2870 3170 2985 3222 vilis
3008 3170 3265 3235 sepultura
3286 3175 3605 3224 sanctorum,
3636 3162 3711 3215 Io-

2194 3262 2467 3329 quentibus
2496 3259 2722 3311 tumulis.
2756 3256 2957 3323 Reliqui
2989 3255 3268 3307 habiliores
3310 3252 3375 3303 ad
3419 3249 3709 3303 solitudinis

2194 3350 2304 3403 loca
2333 3348 2655 3414 perveniunt,
2676 3347 2729 3398 in
2758 3346 2941 3413 quibus
2968 3342 3147 3415 [Colb.
3184 3344 3233 3407 I,
3265 3338 3529 3409 colligati]
3553 3339 3711 3393 collo-

2194 3437 2290 3489 cati
2317 3474 2330 3496 ,
2364 3434 2608 3486 hordeum
2638 3434 2700 3485 ad
2729 3431 3040 3486 vescendum
3085 3442 3137 3482 ut
3158 3430 3390 3497 iumenta
3434 3427 3708 3493 accipiunt.

2197 3522 2292 3577 Ubi
2318 3524 2471 3575 etiam
2493 3530 2863 3574 venenatorum
2886 3520 3181 3571 animalium
3204 3528 3357 3584 atque
3384 3518 3709 3583 scorpionum

2202 3621 2340 3663 tanta
2370 3623 2485 3663 esse
2508 3609 2695 3662 dicitur
2718 3608 2988 3661 multitudo
3012 3648 3025 3665 .
3058 3618 3113 3658 ut
3154 3604 3506 3673 ignorantibus
3546 3596 3712 3656 iocre-

2198 3698 2368 3749 dibilis
2390 3698 2625 3747 videatur
2649 3738 2663 3760 ,
2693 3710 2807 3759 qua:
2834 3695 2944 3747 solo
2969 3677 3088 3746 Ilatu
3130 3695 3283 3746 etiam
3332 3693 3505 3757 procul
3536 3691 3711 3758 positis

2199 3782 2381 3835 veneni
2412 3782 2551 3833 virus
2573 3781 2810 3833 infundit.
2831 3782 2908 3833 Ab
2927 3782 3199 3846 scorpione
3224 3780 3362 3831 enim
3390 3792 3709 3844 percussum,

2201 3872 2395 3924 nullum
2438 3871 2613 3923 dicunt
2658 3871 2932 3937 aliquando
2976 3870 3221 3922 evasisse.
3264 3870 3491 3933 Quorum
3539 3870 3711 3921 feritas

2199 3958 2455 4011 virulenta
2502 3973 2665 4021 usque
2692 3958 2753 4009 ad
2784 3972 3012 4025 praesens
3044 3966 3261 4023 tempus,
3289 3956 3494 4009 Christo
3530 3955 3711 4009 defen-

2200 4046 2376 4105 dente,
2418 4046 2611 4097 nullum
2642 4060 2905 4097 servorum
2930 4049 3043 4110 ejus
3085 4045 3323 4097 nocuisse
3348 4044 3580 4096 docetur.
3610 4042 3709 4096 Sed

2201 4146 2319 4183 cum
2350 4133 2455 4184 illic
2495 4132 2701 4183 aluntur
2728 4132 3030 4185 hordeaceis
3066 4133 3241 4200 granis
3264 4170 3282 4196 ,
3311 4138 3489 4199 postea
3521 4138 3576 4183 et
3618 4130 3714 4183 hoc

2202 4215 2431 4268 ablatum
2456 4226 2533 4267 est
2568 4234 2580 4265 :
2621 4218 2766 4282 quasi
2798 4234 2899 4268 non
2930 4226 3103 4283 posset
3129 4219 3264 4271 Deus
3285 4220 3369 4285 qui
3399 4219 3599 4284 pluerat
3621 4231 3713 4283 pa-

2206 4302 2369 4355 trihus
2412 4317 2619 4367 tuatnta,
2653 4312 2674 4338 ο
2716 4318 2925 4369 pascere
2947 4314 3000 4356 et
3028 4317 3167 4358 nunc
3194 4306 3280 4356 tali
3313 4305 3496 4357 exsilio
3524 4304 3713 4357 manci-

595 4394 817 4445 vertires
861 4389 1110 4442 montium
1156 4396 1208 4439 et
1246 4400 1472 4438 concava
1502 4388 1707 4440 vallium
1737 4398 2103 4440 concurrentes
2130 4374 2180 4433 Π
2205 4399 2369 4457 pales.

597 4481 759 4534 turba:
802 4477 1026 4530 lidelium
1052 4474 1436 4528 inaestimabiles
1461 4473 1876 4539 descendebant,
1923 4490 2103 4529 cereos

668 4724 694 4751 ι
720 4713 892 4766 Chifll.
922 4726 1038 4764 cum
1062 4711 1259 4779 aliquot
1285 4712 1439 4766 editis
1465 4723 1516 4765 et
1543 4728 1667 4766 mss.
1700 4716 1826 4766 ratio
1851 4731 1948 4767 non
1976 4716 2104 4768 sine—

601 4784 677 4834 bat
698 4782 823 4843 loci;
851 4781 934 4831 sed
952 4782 1198 4843 stercoris,
1221 4787 1321 4832 etc.
1352 4779 1498 4832 Colb.
1521 4780 1573 4841 Ξ,
1602 4782 1834 4833 Rhenan.
1859 4793 1912 4835 et
1939 4784 2105 4845 llald.,

602 4847 1139 4917 Locidedstercoraet
1163 4850 1379 4917 urinam.
1412 4848 1473 4898 Et
1500 4848 1648 4917 inira,
1672 4850 1841 4917 dantes
1870 4852 2103 4917 ingentia,

603 4928 705 4969 etc.
751 4912 922 4966 Chiiﬂ.
953 4921 1005 4982 et
1053 4912 1161 4973 alii,
1206 4914 1325 4964 dato
1352 4915 1537 4982 ingenti
1563 4931 1779 4969 munere.
1814 4912 2106 4979 Lorichius,

604 4983 769 5037 dando
797 4981 1013 5047 ingentia
1026 4996 1249 5039 munera.
1268 4993 1369 5033 etc.

671 5049 697 5088 δ
730 5050 936 5115 Aliquot
963 5062 1109 5115 mss.,
1146 5047 1556 5100 Unizibilinensis.
1588 5048 1877 5114 Loricbius,
1904 5051 2107 5104 Unsibi-

606 5114 839 5188 lineusis.’
857 5117 1012 5188 Porro
1041 5114 1317 5188 Qgprianus
1352 5117 1432 5188 hic
1456 5124 1785 5188 memoratus,
1824 5119 1959 5171 idem
1997 5122 2107 5188 ipse

606 5198 683 5241 est
717 5187 801 5251 qui
826 5185 877 5234 in
907 5181 1093 5253 Notitia
1122 5181 1361 5253 Africana
1376 5183 1520 5253 inter
1543 5184 1818 5249 Byzacente
1838 5181 2108 5253 episcopos

608 5249 921 5307 recensetur.
947 5249 1017 5317 De
1038 5262 1134 5312 qua
1156 5249 1291 5317 urbe
1307 5251 1421 5301 vide
1451 5259 1597 5301 notas
1625 5252 1671 5301 in
1706 5249 1989 5317 ltyzacenas
2014 5249 2106 5307 ltr-

609 5322 699 5373 bes
743 5335 797 5372 n.
820 5318 906 5370 11.
952 5316 1096 5381 Ljus,
1124 5316 1257 5385 sicut
1281 5317 1590 5385 etialiorum
1620 5316 1772 5385 supra
1804 5334 2113 5373 memorato.

610 5388 955 5507 Bumbfestutn
1001 5382 1247 5436 recolunt
1276 5384 1479 5451 vulgata
1532 5382 1891 5454 martirologia
1920 5389 2004 5441 die
2048 5388 2111 5440 12

653 5469 680 5505 c
704 5470 733 5504 ο
770 5469 860 5505 ris.
1180 5468 1185 5471 ’

653 5455 860 5505 ctobris.
1180 5468 1185 5471 '

684 5530 703 5556 ε
731 5521 849 5573 Ilac
892 5518 997 5571 duo
1048 5515 1200 5570 verba
1252 5515 1337 5579 vel,
1368 5516 1597 5584 lucrymis
1626 5517 1812 5573 desunt
1842 5523 1892 5575 in
1940 5522 2112 5587 Mam,

2276 4478 2407 4532 XIII.
2445 4480 2589 4549 Regis
2635 4479 2864 4531 edictum.
2892 4506 2960 4518 —
2985 4476 3183 4545 Cogitat
3226 4478 3425 4530 acriora
3473 4476 3717 4532 adversus

2205 4720 2413 4838 ἓςίι-ἰςιι.
2446 4718 2735 4773 etUrthod.
2764 4718 2817 4771 in
2852 4719 2969 4769 aliis
3003 4733 3125 4771 vero
3154 4721 3249 4770 ista
3287 4719 3493 4785 desunt,
3540 4731 3586 4773 et
3608 4722 3717 4775 lau-

2240 4804 2257 4838 ι
2294 4804 2367 4838 us.

2240 4804 2367 4839 ιυυι.

2275 4852 2300 4891 δ
2332 4855 2504 4907 Cirim.
2534 4855 2773 4904 cannabo.
2803 4852 2973 4913 Μαι-1.,
3016 4853 3163 4905 Colb.
3208 4857 3257 4917 1,
3287 4853 3401 4907 Ful.
3431 4864 3484 4909 et
3517 4855 3715 4917 Germ,

2206 4922 2287 4972 ubi
2324 4933 2440 4974 tunc
2468 4924 2600 4973 navis
2621 4931 2745 4978 erat,
2776 4930 2871 4971 etc.
2905 4920 3053 4971 Orth.
3082 4930 3135 4971 et
3164 4920 3453 4987 Lorichius,
3480 4924 3575 4977 Ubi
3605 4934 3717 4976 tunc

2209 4990 2400 5041 Mauris
2438 4998 2543 5040 erat
2572 5001 2847 5057 praeparata
2877 4987 3169 5038 laboriosam
3197 5005 3477 5057 caperemus
3504 4993 3717 5043 mansio-

2208 5073 2335 5107 nrm.
2362 5058 2616 5110 Craterum
2647 5056 2754 5104 haec
2786 5069 2883 5123 vox
2912 5070 3148 5114 cannava.
3173 5056 3304 5123 apud
3340 5060 3523 5111 medim
3553 5058 3717 5110 :etatis

2209 5140 2286 5175 aut
2308 5134 2445 5176 tores
2491 5124 2725 5186 designat
2765 5122 2944 5173 uellant
2987 5122 3252 5185 vinariam,
3284 5134 3371 5176 aut
3398 5126 3617 5177 similem
3644 5124 3717 5176 lo-

2208 5207 2324 5243 cum
2346 5193 2755 5258 snhterraimum,
2782 5190 2883 5257 76
2902 5204 3051 5256 quem
3076 5192 3269 5245 Gallice
3292 5193 3609 5258 appellamus
3628 5206 3719 5242 una

2210 5258 2503 5378 caecaquod
2538 5256 2655 5307 huic
2677 5256 3005 5322 loco’optime
3042 5262 3295 5327 congruit.
3329 5256 3460 5313 Vide
3492 5258 3713 5311 Glossar.

2287 5338 2543 5378 numnum.

2287 5338 2543 5389 ngtanum.

2285 5402 2307 5428 ε
2336 5393 2437 5444 Pro
2464 5401 2510 5442 et
2537 5407 2665 5442 nunc
2709 5393 2975 5445 Lorichius
3002 5394 3151 5446 habet
3183 5395 3341 5444 etiam.
3372 5393 3517 5444 Colb.
3552 5392 3599 5453 1,
3635 5407 3717 5458 pa-

2214 5468 2614 5538 scere.etg.nunc
2652 5461 2891 5538 familiam
2937 5477 3094 5514 suam.
3138 5460 3230 5512 llis
3262 5462 3411 5529 igitur
3430 5459 3517 5511 tali
3552 5460 3721 5511 exsilio

2218 5536 2527 5594 mancipum,
2555 5536 2758 5593 cogitat,
2779 5538 2881 5581 etc.
