3922 6456
187 438 282 489 9.Ιό

1117 429 1196 482 DE
1235 428 1740 484 PERSECUTIONE
1781 427 2150 482 VANDALICA
2193 428 2316 482 LIB.
2361 429 2420 479 ll.

3243 426 3338 480 ΞΗ

188 551 461 606 Ecc'esiam
515 549 636 613 Dei,
665 556 720 601 ut
761 547 847 615 qui
901 547 1132 600 membra
1179 547 1348 611 aliqua
1395 545 1711 608 absciderat,
1743 550 1789 605 Α
1817 547 2040 599 medium
2068 549 2344 600 imminens
2365 549 2649 607 calamitas,
2683 549 2777 598 nisi
2810 557 2862 598 ut
2891 561 2918 596 a
2965 556 3146 599 sancto
3175 547 3342 613 Euge-

185 650 338 691 tutum
377 637 626 691 laniando
655 636 896 704 perderet
920 648 1130 700 corpus.
1162 633 1286 686 Nam
1314 633 1398 686 die
1440 635 1717 686 Ascensio-

182 728 256 780 nis
303 724 529 786 Domini,
575 725 746 790 legato
798 721 1020 774 Zenonis
1073 721 1403 786 imperatoris
1460 728 1486 755 ι
1517 721 1719 786 Regino

184 822 460 876 t-resente,
490 812 768 881 legendum
802 811 854 862 in
889 810 1056 862 media
1086 810 1310 862 ecclesia
1337 811 1583 874 episcotio
1617 810 1716 861 Eu-

180 906 326 969 genio
356 901 535 968 dirigit
587 899 923 968 praeceptum,
974 897 1060 949 tali
1115 907 1296 948 tenore
1327 899 1714 962 conscriptum:

181 989 311 1056 quod
349 988 506 1040 etiam
549 987 802 1038 universae
832 984 1018 1037 Africa:
1071 983 1155 1053 [αι.
1182 982 1405 1051 veredis]
1435 983 1716 1036 veredariis

181 1076 506 1130 currentibus
538 1073 846 1126 destinavit.

550 1193 787 1231 EUNERICI
827 1190 971 1230 BEGlS
1010 1191 1322 1228 PR:£CI~ZPTUM
1334 1215 1346 1227 .

188 1291 402 1358 Eugenio
431 1289 818 1367 Carthaginiensi
835 1329 848 1349 ,
880 1288 1430 1367 rwterirqueepis‘cOpis
1456 1287 1713 1367 catholicis

242 1356 324 1426 per
369 1356 655 1410 universam
685 1357 905 1426 Africam
933 1356 1518 1426 constitutis,__dire_ctum,
1548 1366 1598 1407 ut
1647 1356 1714 1406 ad

240 1423 354 1504 ﬁdei
407 1442 515 1478 suis
573 1425 875 1478 reddendam
928 1427 1167 1476 rationem
1224 1423 1572 1491 Carthaginem
1629 1438 1712 1472 ve-

242 1504 396 1548 ruant.

248 1623 262 1653 I
304 1604 410 1657 Ite:
436 1602 670 1655 llunerix
701 1602 1043 1656 Vandalornm
1061 1613 1111 1655 et
1133 1604 1436 1664 Alanorum,
1457 1599 1712 1654 universis

181 1693 426 1759 episcOpis
452 1691 793 1745 omousiauis.
1692 1676 1704 1698 ‘

247 1803 263 1832 ι
297 1783 408 1836 Non
436 1797 568 1835 sem:
587 1782 629 1843 l,
656 1782 746 1834 sed
773 1779 963 1846 sepius
990 1789 1193 1833 constat
1219 1795 1335 1832 esse
1357 1781 1673 1846 prohibitum
1694 1819 1708 1843 ,

1819 636 1904 687 nio
1943 636 2276 700 rationabilis,
2311 638 2351 688 si
2383 652 2471 689 cor
2499 638 2776 689 barbarum
2811 637 3116 697 molliretur,
3161 650 3343 702 sugge-

1819 724 1976 776 renda
2011 725 2241 786 daretur,
2270 726 2357 776 tali
2398 732 2536 776 textu
2564 726 2875 786 comeripta.

2193 828 2370 866 SANCTI
2412 827 2613 864 EUGENII
2653 825 2945 863 RESPONSIO.

1816 923 2252 990 ZOSuggerenda
2274 921 2522 973 Hunerico
2542 921 2644 990 regi
2661 921 2776 971 data
2788 921 2845 970 ab
2874 919 3093 985 Eugenio
3114 918 3340 990 episcopo

1886 984 2277 1053 Carthhqinensi,
2324 1000 2374 1041 ut
2406 991 2471 1040 ad
2499 989 2809 1039 collationem
2838 990 2897 1038 de
2926 984 3194 1036 communis
3224 984 3339 1049 ﬁdei

1883 1074 2029 1111 causa
2053 1058 2320 1110 habendam
2341 1059 2486 1108 etiam
2509 1057 2824 1108 transmarini
2852 1054 3068 1123 episwpi
3088 1059 3335 1103 vocentur.

1881 1183 1900 1213 r
1932 1165 2143 1228 Quoties
2172 1166 2359 1217 anima:
2400 1165 2482 1217 vel
2531 1166 2650 1217 vita:
2689 1173 2895 1215 (eterna:
2951 1177 3009 1214 ac
3043 1162 3159 1212 ﬁdei
3186 1160 3336 1212 Chri-

1812 1255 1995 1306 stianae
2031 1269 2182 1307 causa
2217 1263 2484 1319 tractatur,
2521 1253 2776 1319 intrepide
2807 1251 2960 1319 (sicut
3001 1251 3184 1316 regalis
3216 1263 3335 1315 pro-

1812 1341 2036 1393 videntia
2081 1341 2458 1406 compromisit)
2506 1354 2718 1392 necesse
2748 1350 2826 1392 est
2855 1338 3062 1400 utquod
3093 1337 3336 1402 competit

1810 1444 2135 1498 Suggeratur.
2161 1429 2333 1494 Nuper
2357 1441 2584 1495 potestas
2610 1431 2748 1496 regia
2775 1443 2864 1493 per
2884 1427 2972 1494 [αι.
2993 1420 3334 1488 Witareduml

1811 1520 2019 1571 Witarit
2072 1520 2329 1570 notarium
2362 1521 2665 1584 parvitatem
2720 1532 2883 1569 meam
2936 1514 3216 1565 admonere
3260 1511 3336 1562 di-

1808 1615 1957 1674 gnata
2003 1616 2109 1667 est;
2157 1607 2241 1672 qui
2266 1604 2290 1640 ά
2318 1605 2468 1658 nobis
2497 1607 2560 1657 de
2590 1606 2773 1657 merito
2822 1617 2882 1655 ac
2921 1601 3166 1666 religione
3195 1599 3334 1658 fidei,

1809 1703 2123 1766 praeceptum
2157 1693 2267 1758 ejus
2297 1694 2348 1744 in
2379 1693 2601 1745 ecclesia
2633 1700 2887 1759 praesente
2918 1691 3059 1741 clero
3105 1694 3157 1740 et
3188 1687 3337 1753 plebe

1811 1787 2086 1840 recensuit.
2133 1783 2204 1836 Ex
2255 1781 2400 1848 cujus
2445 1791 2621 1832 tenore
2657 1779 2993 1846 cognovimus
3047 1775 3108 1826 ad
3158 1789 3336 1825 omnes

180 1882 230 1925 ut
257 1874 305 1926 in
331 1873 564 1925 sortibus
596 1871 942 1923 Vandalorum
974 1872 1272 1924 sacerdotes
1301 1873 1457 1924 vestri
1484 1886 1712 1924 conven-
1741 1866 1784 1924 Β
1813 1875 2148 1939 coepiscopos
2179 1885 2322 1924 meos
2364 1879 2674 1936 prmeeptum
2705 1869 2902 1930 regium
2932 1864 3168 1915 similiter
3196 1877 3334 1913 ema-

181 1971 256 2012 tus
298 1960 512 2033 minime
556 1958 904 2021 celebrarent,
932 1974 999 2012 ne
1045 1974 1135 2012 sua
1185 1961 1485 2013 seductione
1511 1962 1708 2013 animus

180 2045 535 2100 subverterent
555 2046 896 2100 Christianas.
928 2048 1092 2111 Quam
1124 2063 1230 2099 rem
1259 2059 1565 2113 spernentes
1599 2050 1708 2113 plu-

181 2138 308 2200 rimi,
339 2152 480 2192 nunc
510 2137 702 2203 reperti
726 2147 847 2190 sunt
881 2147 1059 2190 contra
1088 2138 1415 2190 interdictum
1449 2140 1635 2189 missas
1657 2139 1705 2188 itt

182 2227 395 2280 sortibus
420 2226 771 2279 Vandalorum
803 2227 1001 2294 egisse;
1051 2237 1346 2279 asserentes
1369 2241 1424 2278 se
1455 2226 1705 2292 integram

183 2320 402 2386 regulam
431 2304 743 2372 Cbristiante
771 2335 832 2371 ac
874 2334 1009 2372 verae
1040 2319 1156 2373 lidei
1186 2329 1384 2374 tenere.
1418 2321 1482 2373 Et
1509 2321 1628 2387 quia
1657 2321 1707 2372 in

185 2408 454 2472 provinciis
484 2422 514 2460 a
551 2408 654 2461 Deo
683 2410 832 2462 nobis
859 2413 1124 2463 CtlnCCSSiS
1147 2410 1447 2462 scandalum
1479 2424 1595 2463 esse
1617 2422 1711 2462 no-

186 2497 360 2559 lornus,
398 2498 518 2550 ideo
560 2497 650 2550 Dei
682 2496 1026 2565 providentia,
1073 2513 1188 2551 cum
1217 2513 1474 2552 consensu
1504 2509 1707 2552 sancto-

185 2599 289 2637 rum
316 2587 685 2652 episcoporum
739 2595 1034 2638 nostrorum
1078 2587 1177 2638 hoc
1219 2601 1313 2638 nos
1351 2588 1592 2639 statuisse
1631 2601 1712 2638 co-
1747 2574 1751 2578 ’

183 2675 430 2740 gnoscite.
486 2684 544 2726 ut
573 2673 635 2724 ad
679 2673 814 2724 diem
859 2673 1192 2727 colendarum
1236 2673 1262 2709 ι»
1308 2673 1708 2726 Februariarum

187 2764 410 2823 proxime
441 2760 766 2821 futurarum,
793 2760 983 2811 omissa
1009 2759 1148 2812 omni
1178 2761 1510 2814 excusatione
1535 2759 1710 2811 formi-

183 2847 330 2910 dinis,
353 2862 539 2900 omnes
561 2847 925 2914 Carthaginem
949 2850 1185 2911 veniatis,
1208 2857 1261 2901 ut
1280 2850 1344 2902 de
1372 2851 1572 2904 ratione
1592 2849 1708 2902 ﬁdei

184 2948 291 2987 cum
339 2937 534 2990 nostris
588 2937 972 2989 venerabilibus
1025 2937 1282 3004 episcOpis
1327 2939 1534 3005 possitis
1578 2939 1710 2991 inire

184 3024 502 3088 conﬂictum;
546 3034 598 3078 et
630 3025 779 3078 lidvm
807 3028 1252 3089 omousianorum,
1283 3042 1435 3094 quam
1479 3027 1711 3080 delendi-

185 3115 261 3175 tls,
292 3114 358 3167 de
388 3114 481 3182 [al.
511 3113 754 3182 diversis]
781 3113 964 3165 divinis
995 3113 1274 3178 Scripturis
1298 3115 1502 3181 proprie
1523 3130 1709 3182 appro-

1811 1978 1981 2020 nasse.
2015 1972 2070 2014 tit
2118 1961 2204 2012 die
2234 1963 2510 2013 constituta
2567 1971 2659 2022 pro
2697 1953 3043 2019 disputatione
3090 1950 3205 2001 fidei
3245 1965 3333 2001 ve-

1810 2055 1998 2114 niatur,
2023 2049 2154 2116 quod
2175 2063 2267 2102 nos
2292 2047 2656 2102 venerabiliter
2679 2045 2940 2108 accepisse
2962 2040 3332 2105 suggessimus.

1808 2141 1900 2192 Cui
1927 2137 2140 2205 prmlato
2170 2137 2368 2188 notario
2399 2137 2662 2187 humilitas
2690 2147 2801 2184 mea
2845 2130 3118 2198 suggessit,
3145 2127 3334 2179 debere

1807 2231 1960 2280 etiam
1994 2225 2450 2277 transmarinarum
2499 2223 2728 2272 omnium
2777 2219 3016 2285 partium,
3049 2217 3132 2282 qui
3164 2214 3335 2265 nubis-

1810 2333 1926 2371 cum
1952 2321 2073 2368 sunt
2097 2317 2146 2367 in
2172 2331 2267 2366 una
2295 2315 2542 2380 religione
2565 2314 2642 2364 vel
2666 2312 3026 2363 communione
3048 2315 3333 2365 consortes,

1809 2418 2115 2475 agnoscere;
2143 2405 2259 2471 quia
2286 2402 2472 2466 ubique
2502 2415 2660 2467 regno
2690 2399 2801 2465 ejus
2829 2401 3189 2462 obtemperant
3219 2395 3336 2446 uni-

1809 2495 1940 2548 versi
1976 2491 2245 2544 :‘maxime
2275 2489 2408 2556 quod
2457 2490 2614 2540 totius
2666 2486 2837 2536 mundi
2870 2485 2937 2535 sit
2988 2497 3179 2540 causa,
3234 2496 3334 2532 non

1810 2583 2046 2644 Specialis
2111 2577 2489 2645 provinciarum
2560 2574 2914 2626 Africanarum
2982 2569 3335 2621 tantummodo

1813 2674 1875 2724 Et
1901 2674 2015 2738 quia
2045 2669 2271 2723 secundo
2304 2683 2552 2734 responso
2583 2663 2954 2731 suggerendatn
2998 2676 3080 2713 me
3126 2658 3334 2724 promisi

1811 2763 2126 2821 oblaturum,
2172 2761 2359 2811 rnerito
2390 2759 2689 2823 stippiieiter
2720 2757 2807 2824 [al.
2840 2751 3043 2819 precor]
3078 2766 3193 2816 peto
3224 2765 3335 2803 ma-

1808 2850 2154 2917 gnificentiam
2211 2846 2370 2905 tuam,
2403 2857 2456 2899 ιιι
2498 2847 2558 2897 ad
2605 2843 2799 2895 domini
2852 2853 2902 2894 et
2949 2839 3334 2895 clementissimi

1811 2941 1948 3006 regis
1974 2953 2125 2992 aures
2145 2945 2481 2990 memoratam
2508 2933 2885 2997 suggestionem
2917 2944 3082 2980 meam
3111 2929 3336 2992 perferre

1811 3029 2071 3095 digneris;
2094 3041 2195 3093 quo
2224 3026 2333 3089 ejus
2353 3022 2622 3075 clementia
2647 3022 2918 3085 dignanter
2948 3025 3211 3082 agnoscat,
3244 3029 3336 3065 nos

1812 3118 2211 3179 disiiutationem
2263 3113 2407 3178 legis,
2439 3125 2552 3161 cum
2602 3109 2691 3158 Dei
2740 3106 2994 3172 adiutorio
3050 3106 3336 3156 nullatenus

187 3201 336 3262 betis.
361 3216 465 3267 quo
496 3203 657 3266 possit
678 3203 889 3266 agnosci
917 3201 960 3252 si
1006 3201 1255 3268 integram
1285 3203 1433 3254 (idem
1467 3203 1703 3254 teneatis.
1735 3189 1777 3246 (ἶ
1810 3205 2069 3256 declinare
2106 3201 2185 3253 vel
2217 3202 2424 3265 lugere;
2456 3200 2545 3247 sed
2580 3196 2690 3248 sine
2721 3195 3070 3248 universitatis
3101 3207 3333 3256 assensu,

188 3287 338 3355 llujns
366 3301 544 3342 autem
583 3290 738 3342 edicti
765 3300 997 3342 tenorem
1029 3292 1280 3343 universis
1324 3291 1412 3361 [αι.
1443 3292 1707 3358 coepisco-

189 3376 278 3444 pis]
303 3378 564 3444 episcopis
596 3378 696 3430 tuis
721 3392 812 3443 per
842 3380 1132 3429 universam
1164 3377 1388 3430 Africam
1417 3380 1709 3431 constitutis

188 3464 479 3519 direximus.
517 3465 640 3516 Data
668 3464 766 3518 sub
807 3465 891 3519 die
931 3465 1131 3518 decimo
1158 3465 1310 3518 tertio
1353 3467 1597 3520 calendas
1621 3467 1711 3520 Ju-

188 3555 306 3616 nias,
329 3569 467 3607 anno
487 3558 708 3620 septimo
734 3557 875 3622 regni
903 3555 1167 3607 llunerici.
1208 3574 1223 3603 ι

251 3644 378 3695 XIV.
411 3644 798 3710 Cognoscentes
828 3645 978 3710 igitur
1007 3644 1091 3710 qui
1122 3643 1419 3710 aderamus,
1454 3645 1708 3710 simulque

190 3735 409 3801 legentes
433 3773 448 3797 ,
505 3735 784 3786 contritum
828 3743 908 3786 est
936 3735 1194 3799 extemplo
1245 3747 1335 3786 cor
1373 3743 1628 3797 no~trum,
1657 3745 1708 3786 et

188 3826 534 3877 contenebrati
558 3834 676 3875 sunt
704 3825 839 3876 oculi
870 3824 1062 3886 nostri;
1095 3832 1146 3876 et
1172 3838 1295 3876 vere
1319 3823 1566 3876 tttnc'dics
1594 3823 1710 3876 festi

190 3917 340 3965 nostri
370 3915 610 3966 conversi
642 3913 829 3964 suntin
871 3912 1091 3973 luctum,
1120 3920 1172 3963 et
1197 3916 1393 3964 cantica
1427 3911 1476 3963 in
1515 3915 1711 3964 lamen—

189 4005 458 4070 tationem,
506 4003 626 4054 dum
665 4002 816 4054 edicti
846 4012 994 4054 tenor
1025 4002 1276 4052 indicaret
1312 4000 1497 4054 futurae
1537 4014 1710 4065 perse-

189 4092 397 4144 ctttionis
415 4092 670 4150 furorem;
698 4099 749 4139 et
775 4090 1057 4153 prresertirn
1085 4089 1166 4138 ubi
1184 4089 1317 4137 dixit
1338 4104 1347 4134 :
1367 4085 1427 4135 In
1443 4087 1708 4152 provinciis

189 4193 214 4226 e
241 4177 334 4228 Deo
362 4178 503 4227 nobis
525 4179 763 4226 concessis
790 4174 1080 4224 scandalum
1107 4189 1208 4224 esse
1237 4174 1498 4224 nolumus:
1521 4184 1541 4210 ε
1560 4174 1708 4238 quasi

190 4264 376 4315 diceret
414 4279 427 4316 :
472 4263 524 4314 In
550 4261 824 4326 provinciis
856 4261 1044 4312 nostris
1095 4259 1376 4313 catholicos
1400 4274 1514 4314 esse
1559 4261 1708 4313 nolu-

191 4368 314 4404 mus.
346 4352 646 4405 Tractatum
676 4360 754 4404 est
791 4351 914 4418 quid
955 4349 1119 4403 ﬁeret.
1160 4350 1366 4403 Nullum
1404 4350 1599 4403 invenit
1626 4364 1709 4402 re-

1809 3307 1902 3345 nos
1932 3306 2033 3344 non
2061 3290 2254 3341 debere
2283 3286 2579 3339 asserenda:
2628 3285 2745 3336 fidei
2776 3292 2965 3335 nostra:
2995 3296 3173 3333 causas
3195 3296 3336 3333 assu-

1811 3395 1971 3434 mere.
1995 3378 2138 3442 Quod
2171 3377 2388 3441 pelitnus
2417 3382 2469 3423 ut
2494 3371 2834 3436 benignitate,
2856 3385 2954 3436 qua
2979 3380 3148 3419 tantus
3169 3377 3264 3429 est,
3289 3377 3337 3418 ct

1807 3467 2004 3536 justitia
2053 3468 2322 3531 sapientia:
2370 3476 2477 3513 sum
2523 3461 2766 3524 dignetur
2815 3471 3066 3509 annuere.
3101 3456 3222 3504 Data
3274 3456 3337 3505 alt

1813 3557 2041 3624 Eugenio
2070 3558 2311 3620 episcopo
2348 3550 2589 3604 licclesize
2636 3548 2906 3600 catholica:
2938 3546 3282 3610 Carthaginis.
3317 3565 3334 3593 ι

1881 3645 1992 3698 XV.
2032 3645 2293 3713 Rejt'citur.
2319 3669 2386 3680 -—
2416 3641 2517 3692 Sed
2545 3655 2662 3691 eum
2696 3638 2805 3690 hate
2835 3636 3096 3702 suggestio
3127 3648 3154 3684 a
3191 3635 3340 3686 bcrtto

1812 3735 2042 3802 Eugenio
2071 3733 2362 3790 offerretur,
2391 3730 2476 3782 ille
2506 3729 2588 3795 qui
2615 3728 2719 3794 jam
2749 3734 3061 3790 conceperat
3088 3727 3341 3782 do'orem,

1811 3823 2088 3892 urgebatur
2117 3822 2444 3888 iniquitatem
2475 3819 2679 3885 gravius
2709 3819 3000 3884 parturire;
3041 3825 3088 3866 et
3133 3816 3201 3865 ita
3228 3827 3343 3865 san~

1809 3924 1893 3966 cto
1919 3912 2029 3964 viro
2058 3912 2289 3978 Eugenio
2332 3910 2574 3974 episc0po
2617 3923 2706 3972 per
2740 3917 2762 3942 ε
2793 3904 3056 3956 Cubadutn
3095 3903 3342 3969 praeposi-

1813 4010 1919 4050 tum
1966 3998 2111 4062 regni
2157 4000 2232 4050 sui
2267 3997 2541 4046 mandasse
2584 3994 2793 4044 videtur
2824 4011 2832 4041 :
2867 3992 3039 4043 Subde
3079 3990 3201 4040 mihi
3233 3991 3340 4038 uni~

1811 4098 2017 4136 versum
2043 4085 2220 4134 orbem
2255 4095 2526 4141 terrarum,
2562 4091 2614 4130 ut
2647 4080 2741 4129 sub
2772 4086 3024 4142 potestate
3065 4091 3174 4127 mea
3209 4083 3340 4126 lotus

1811 4171 2032 4224 mundus
2061 4170 2345 4234 redigatur,
2375 4177 2424 4218 et
2452 4168 2598 4224 facio,
2625 4184 2655 4216 ο
2687 4166 2904 4231 Eugeni,
2925 4167 3056 4230 quod
3083 4166 3230 4214 dicis.
3264 4165 3339 4216 Ad

1810 4257 1942 4324 quod
1991 4257 2168 4309 beatus
2199 4253 2458 4322 Eugenius
2507 4251 2771 4319 respondit
2805 4263 2857 4301 ιιι
2902 4251 2993 4320 [αι.
3027 4250 3215 4318 decuit]
3248 4266 3340 4316 po-

1812 4349 1907 4400 tuit
1935 4362 1948 4397 :
1980 4344 2128 4410 Quod
2157 4343 2433 4407 rationem,
2463 4343 2647 4409 inquit,
2679 4356 2778 4393 non
2806 4340 2978 4402 liabet,
3002 4340 3099 4392 dici
3126 4354 3226 4392 non
3247 4339 3341 4392 de-

254 4541 274 4565 ·
305 4531 472 4592 λιιι-ι..
510 4530 677 4598 Fttlg.,
713 4529 912 4590 Germ.,
942 4542 1059 4598 c_nm
1092 4526 1336 4598 Orrtltod.,
1377 4527 1519 4587 Sur.,
1563 4527 1708 4598 _i.ori-
1739 4529 1786 4586 D
1810 4521 2322 4598 {anttariarunthqni
2345 4529 2512 4598 tamen
2547 4517 2899 4598 infranltabent
2932 4516 3339 4598 ιξξριιξιιιιινξιιζιιιιιΓ

192 4602 318 4662 cbio,
341 4610 393 4652 et
420 4594 637 4661 Bellorf,
665 4613 777 4666 rege
805 4614 920 4648 non.
947 4594 1092 4666 Colb.
1123 4597 1175 4657 1,
1206 4612 1315 4664 rege
1344 4608 1527 4666 nostra.
1561 4596 1704 4661 Bign.

193 4677 238 4720 et
267 4669 428 4741 Balli”
457 4670 644 4741 regina.
677 4665 1427 4741 libertam,legatus...:_regitm
1449 4675 1704 4727 praesente.

192 4745 283 4788 etc.
325 4737 478 4790 Certe
515 4731 769 4796 Eudoxia,
819 4731 1162 4784 Valentiniani
1209 4732 1306 4781 lilia
1347 4732 1521 4782 ltotme
1561 4742 1706 4793 capta

195 4805 480 4858 llunnerico
511 4811 781 4869 nupserat;
814 4800 1022 4869 sedjam
1050 4797 1705 4869 aufugeratConstantino-

196 4873 360 4932 polim,
389 4883 444 4924 ut
471 4866 630 4924 refert
650 4870 897 4920 Zonaras.
925 4868 1046 4917 Eam
1073 4880 1189 4918 cum
1216 4866 1399 4916 marito
1424 4869 1572 4917 annis
1593 4880 1710 4916 sex-

195 4939 350 4990 decim
373 4942 567 4992 vixisse
595 4938 749 4990 tradit
778 4935 1096 5000 Nicepbortts
1122 4933 1208 4984 lib.
1244 4947 1309 4982 xv
1344 4933 1556 4992 llistor.,
1587 4947 1702 4996 cap.

197 5003 257 5055 12
287 5023 298 5055 ;
331 5010 467 5059 unde
494 5004 810 5058 retinendam
842 5017 958 5055 esse
985 5001 1259 5053 lectionem
1293 5001 1546 5064 vulgatam
1579 5016 1704 5049 cen-

197 5086 376 5124 scmus.
411 5075 614 5127 Etenim
639 5071 862 5138 Reginus
889 5084 1065 5138 comes
1090 5070 1260 5138 potuit
1291 5077 1411 5119 tunc
1438 5069 1488 5118 in
1529 5067 1704 5138 A_lritra

200 5138 344 5191 fuisse
376 5140 594 5206 legatus.
626 5135 750 5191 Eum
775 5153 959 5204 nempe
988 5137 1125 5189 Afris
1153 5135 1313 5200 probe
1342 5146 1517 5186 notum
1547 5135 1706 5185 fuisse

199 5216 348 5273 patet,
374 5208 510 5269 quod
541 5218 716 5270 postea
763 5208 810 5259 in
850 5207 1074 5259 Orientis
1119 5206 1349 5269 partibus
1377 5206 1706 5265 constitutus,

200 5275 499 5340 quaestiones
519 5274 719 5340 aliquot
747 5275 896 5326 brato
919 5274 1189 5339 Fulgentio
1214 5273 1487 5324 solvendas
1521 5286 1706 5336 propo-

202 5339 313 5406 suit,
335 5344 518 5410 quibus
539 5339 629 5393 ille
652 5343 1081 5410 responditepist.
1113 5341 1204 5401 i8;
1233 5350 1289 5410 et
1316 5349 1431 5410 post
1456 5339 1705 5410 Eulgetttii

204 5406 406 5462 mortem
458 5407 754 5463 Ferrandtts
800 5406 1066 5472 diaconus,
1117 5417 1170 5461 ut
1197 5407 1426 5474 ejusdem
1460 5407 1704 5459 Ferrandi

203 5479 485 5541 opusculum
526 5476 594 5528 de
624 5474 722 5525 hoc
756 5487 1054 5539 argumento
1083 5485 1318 5529 testatur.
1361 5476 1486 5528 lllud
1514 5475 1704 5526 editum

203 5557 273 5599 est
296 5561 321 5598 a
350 5544 616 5599 Chimetio
644 5555 768 5610 cum
795 5544 1004 5610 creteris
1029 5544 1265 5610 ejusdem
1292 5544 1518 5598 auctoris
1543 5543 1706 5609 operi-

206 5618 306 5672 bus.
333 5615 564 5678 Divione,
589 5608 901 5678 unnojﬁw.

263 5682 285 5719 ι
305 5683 445 5738 εοιδ,
476 5680 532 5746 2,
551 5673 918 5742 'Ful.,Germ.,
945 5676 1114 5744 Μαι-ι..
1145 5677 1436 5742 Loricltius,
1463 5678 1702 5739 etOrth.,

1816 4595 1874 4643 F.t
1907 4595 2033 4642 infra
2080 4606 2172 4655 pro
2202 4589 2382 4639 Junius
2423 4589 2626 4648 ὕεται..
2670 4586 2803 4647 FUL,
2853 4593 2906 4636 et
2934 4586 3108 4646 Orth.,
3150 4586 3339 4638 habent

1811 4659 1995 4711 Julias.
2032 4660 2202 4718 Mart.,
2238 4672 2288 4706 ιιι
2321 4657 2418 4706 cal.
2443 4655 2625 4706 Iulias.

1884 4738 1904 4765 ο
1933 4728 2081 4788 Quasi
2108 4726 2287 4776 dicere:
2310 4739 2324 4772 :
2349 4722 2408 4773 In
2433 4723 2694 4788 provinciis
2722 4721 2922 4782 nostris,
2947 4719 3216 4788 catholicos
3239 4736 3341 4772 esse

1815 4787 2062 4845 nolumus.
2115 4792 2234 4843 llaec
2277 4793 2464 4843 desunt
2511 4793 2558 4841 in
2601 4790 2829 4841 Colbert.
2863 4789 3106 4848 l,hlart.,
3137 4787 3338 4849 Germ.,

1813 4862 2074 4918 Loticltio,
2104 4869 2156 4910 et
2180 4858 2398 4912 Orthod.
2437 4859 2498 4911 Et
2524 4857 2673 4918 infra,
2698 4858 2859 4906 ubiex
2896 4855 3044 4907 Coll).
3098 4858 3118 4908 1
3171 4858 3340 4921 posui-

1811 4943 1948 4993 mus,
1975 4930 2068 4979 nisi
2095 4938 2145 4977 ut
2176 4943 2204 4975 a
2232 4938 2416 4988 sancto,
2451 4939 2551 4980 etc.
2588 4927 2822 4989 Plerique
2851 4926 2971 4993 editi
2999 4926 3197 4993 liabent
3242 4925 3337 4993 nisi

1811 5014 1840 5044 a
1865 4991 2054 5055 sancto,
2092 5005 2193 5046 etc.
2225 4996 2408 5047 Cmteri
2445 4995 2552 5046 fere
2584 5007 2708 5043 mss.
2742 5006 2859 5042 cum
2900 4991 3044 5042 Orth.
3104 5001 3153 5042 et
3193 4992 3336 5042 Lori-

1810 5064 1949 5125 cbio,
1989 5063 2129 5113 Tunc
2168 5073 2336 5112 sancto
2371 5064 2589 5128 Eugenio
2618 5060 2927 5109 rationabilis
2958 5076 3108 5109 causa
3141 5062 3239 5109 risu
3270 5065 3336 5108 est

1810 5133 1852 5181 si
1881 5147 1966 5182 cor
1993 5131 2251 5181 barbarum
2277 5130 2547 5188 moliretur,
2579 5128 2909 5194 suggerendo,
2941 5130 2982 5176 si
3014 5130 3216 5194 legenda
3247 5129 3335 5176 a'a-

1811 5207 1944 5250 retur
1964 5200 2052 5248 tali
2079 5209 2210 5249 textu
2229 5202 2430 5262 cpistola
2458 5201 2752 5258 conscripta.
2875 5193 2883 5199 ’

1880 5265 1905 5302 d
1931 5266 2078 5318 (ΞΟΠ).
2117 5266 2172 5326 9.,
2213 5260 2349 5325 Ftt|.,
2380 5266 2575 5324 Germ.,
2615 5265 2782 5321 M:tt‘l.,
2826 5262 2986 5321 Port.,
3027 5271 3075 5310 et
3120 5260 3332 5310 ΟιίΙιυιΙ.

1807 5348 1925 5387 cum
1975 5334 2233 5398 Loricltio,
2287 5335 2419 5385 nobis
2451 5341 2620 5382 merito
2659 5330 2912 5397 religionis
2938 5346 2993 5378 ac
3022 5330 3155 5392 ﬁdei.
3188 5330 3330 5382 (lt-ib.

1812 5402 2009 5461 tertius,
2042 5403 2102 5451 de
2131 5404 2305 5453 merito
2336 5401 2582 5466 religionis
2609 5400 2724 5462 ﬁdei
2753 5400 2856 5457 eius
2876 5413 2992 5464 praet
3012 5408 3194 5466 cptum.

1882 5481 1904 5505 θ
1924 5470 2073 5521 Colb.
2100 5470 2148 5531 1,
2170 5484 2284 5520 cum
2308 5465 2502 5531 aliquot
2531 5467 2700 5526 editis,
2726 5467 2982 5524 Ubudum;
3014 5465 3160 5515 tlolb.
3185 5466 3326 5529 alter,

1813 5537 2091 5598 Oubadum,
2141 5548 2191 5589 et
2219 5538 2293 5588 sic
2344 5534 2494 5586 infra.
2525 5534 2682 5586 Paulo
2722 5543 2859 5594 ante,
2886 5534 3194 5597 iniquitatem
3222 5551 3319 5597 gira-

1808 5607 1914 5657 vius
1945 5605 2211 5669 parturire.
2237 5603 2530 5667 Loricbius,
2572 5614 2621 5653 ut
2654 5602 2960 5668 iniquitatem
2987 5601 3185 5667 gravius
3211 5618 3324 5667 par-

1810 5675 2002 5728 turirst.
2859 5679 2862 5681 ’
