4102 6428
567 432 702 489 1087

569 631 670 688 490
743 629 903 701 538
947 627 1184 696 Angulus
1218 624 1302 680 hic
1343 629 1510 691 porta:
1546 620 1599 673 in
1650 617 1821 686 capite
1859 623 1982 670 est:
2034 614 2120 669 hic

1554 704 1812 778 [continet
1837 717 2050 758 omnem

727 809 990 862 Saxorum
1011 800 1228 861 seriem,
1253 802 1660 862 constructaque
1692 792 1875 846 limina
1903 791 2078 845 ﬁrmat
2104 806 2118 840 :

745 899 912 964 Quem
935 892 1020 960 qui
1045 890 1144 942 rite
1171 887 1282 941 suis
1310 900 1404 953 per
1434 890 1822 953 propugnacula
1852 881 2018 934 muris

742 981 959 1040 Noverit
983 980 1272 1042 insertum,
1307 986 1502 1041 seque,
1535 985 1597 1024 ac
1626 982 1721 1022 sua
1751 968 1942 1021 moenia
1983 965 2124 1018 vallo

744 1070 1041 1137 Pmcingat
1096 1063 1310 1133 triplici,
1350 1062 1490 1116 celsa
1540 1068 1687 1112 stans
1738 1057 1944 1111 eminus
1977 1068 2122 1119 arce,

584 1161 686 1217 ωδ
756 1160 946 1215 Fretus
975 1169 1157 1210 amore
1194 1162 1376 1221 petrae,
1408 1149 1568 1204 castis
1605 1157 1661 1203 et
1686 1143 1904 1217 pervigil
1929 1144 2122 1197 armis:

749 1249 865 1304 Non
894 1247 1039 1300 illum
1072 1241 1252 1312 regina
1271 1240 1421 1310 Tyri,
1450 1253 1555 1293 non
1585 1236 1759 1291 accola
1786 1233 1959 1301 magni

742 1336 1027 1405 Euphratis
1059 1331 1281 1388 Parthus
1309 1330 1510 1395 rapiet,
1544 1340 1648 1382 non
1679 1325 1893 1380 decolor
1921 1322 2083 1376 Indus
2112 1362 2127 1387 ,

754 1427 1022 1492 Tempora
1051 1421 1292 1491 pennatis
1315 1416 1593 1473 redimitus
1615 1416 1761 1484 nigra
1789 1413 2016 1483 sagittis.

1636 413 1911 476 AURELII
1943 409 2305 470 I'RUDENI'II
2340 405 2661 465 CARMINA.

739 541 946 603 Arietat
972 537 1238 602 insiliens,
1265 549 1366 591 nec
1390 533 1557 588 ferrea
1575 530 1796 585 verbera
1821 527 2121 598 quassant?
2149 533 2202 590 Α

3651 389 3786 449 1048

2400 521 2569 580 Fallo.
2598 524 2895 575 creaturam
2923 513 3023 570 nisi
3052 512 3237 570 doctor
3264 507 3550 580 Apostolus
3575 520 3786 561 omnem

2403 607 2707 677 Subiectam
2729 604 2880 658 vanis
2907 617 3015 657 non
3037 610 3236 672 sponte
3265 596 3537 654 laboribus
3564 608 3739 650 orsus.

2400 697 2622 766 Perjuro
2651 694 2907 764 ingemuit
2932 693 3195 748 miseram
3220 688 3426 746 servire
3453 684 3670 741 latroni.

2399 788 2586 849 Errat,
2615 785 2719 847 ait,
2747 783 2836 853 qui
2861 783 3126 836 luctamen
3149 793 3272 834 cum
3291 776 3550 847 sanguine
3579 770 3750 834 nobis,

2225 879 2330 935 5l0
2402 877 2468 934 Et
2493 889 2672 938 carne,
2704 882 2758 928 et
2787 873 2935 926 venis
2964 869 3315 933 tenentibus,
3341 876 3398 922 et
3422 865 3621 918 vitioso

2403 964 2548 1019 Felle
2589 971 2764 1031 putat,
2799 958 3090 1028 calidisque
3129 957 3362 1011 animam
3408 965 3650 1114 peetEarel
3675 962 3791 1003 me-

3543 1042 3631 1096 dnl
3656 1041 3723 1094 is.

3543 1041 3723 1096 dullis.

2410 1146 2523 1201 Non
2556 1152 2784 1198 mentem
2806 1154 2902 1198 sua
2927 1139 3164 1195 membra
3194 1142 3475 1208 premunt,
3497 1147 3599 1189 nec
3626 1143 3798 1186 terrea

3533 1221 3724 1294 [virtus

2407 1321 2688 1392 Oppuguat
2713 1334 2901 1376 sensus
2928 1317 3176 1389 liquidos,
3205 1314 3416 1371 bellove
3444 1311 3696 1368 lacessit:

2401 1411 2504 1467 Sed
2531 1426 2650 1466 cum
2670 1409 2944 1478 spiritibus
2967 1407 3267 1464 tenebrosis
3291 1411 3452 1460 nocte
3476 1403 3672 1472 dieque

747 1489 913 1582 Quini
954 1515 1000 1567 εἰ
1047 1489 1329 1566 Ϊιιῐῐῐιίιιθοε
1359 1521 1555 1577 cogens
1592 1506 1660 1559 ad
1705 1505 1840 1558 bella
1891 1505 2133 1570 gigantas
2235 1501 2340 1558 5ιό
2410 1500 2828 1570 Congredimur,
2873 1511 3100 1568 quorum
3144 1492 3506 1551 dominatibus
3548 1489 3802 1546 humidus

576 1606 682 1664 500
746 1601 1060 1672 AIIOphylus
1113 1606 1198 1653 tua
1229 1604 1402 1651 castra
1465 1595 1593 1650 velit
1630 1593 1812 1648 delere
1854 1601 2132 1662 tyrannus.

748 1691 920 1747 Tutus
943 1691 1048 1743 eris
1073 1705 1086 1740 :
1117 1699 1220 1742 nec
1241 1695 1293 1740 te
1319 1685 1468 1738 ﬁrma
1495 1684 1723 1738 statione
1748 1683 1982 1736 movebit

754 1780 874 1848 Ipse
900 1776 1112 1832 Charon
1135 1773 1337 1842 mundi,
1377 1786 1572 1826 numen
1621 1771 1938 1826 Marcionis:
1981 1769 2093 1838 ipse
2114 1808 2129 1832 ,

749 1871 851 1937 Qui
878 1852 1014 1938 regit
1036 1866 1178 1922 aerio
1205 1879 1368 1918 vanas
1397 1863 1497 1918 sub
1516 1862 1628 1917 sole
1653 1861 1918 1917 tenebras.

752 1961 911 2032 539
953 1959 1084 2014 Nam
1123 1970 1345 2020 vanum,
1388 1952 1639 2023 quidquid
1689 1951 1769 2004 sol
1807 1949 2036 2018 aspicit:
2066 1961 2132 2001 cx

1761 2043 2065 2117 [elementis

583 2142 687 2201 505
753 2141 952 2198 Cuncta
1003 2139 1342 2206 solubilibus,
1391 2138 1636 2206 ﬂuxoque
1692 2135 1961 2295 creami[ne
2003 2146 2136 2187 con-

1908 2230 2068 2277 stant.

1908 2230 2068 2277 stant.

3609 1582 3734 1650 iste,

3609 1583 3615 1636 ἰ

2418 1682 2480 1736 Et
2507 1681 2670 1750 pigris
2690 1679 2886 1736 densus
2913 1679 3121 1734 nebulis
3147 1679 3483 1747 obtemperat
3501 1583 3615 1732 aet-l.

2412 1771 2628 1825 Scilicet
2670 1771 2772 1824 hoc
2815 1768 3080 1834 medium,
3115 1768 3310 1823 ctelum
3345 1767 3502 1832 inter,
3532 1773 3587 1819 et
3620 1763 3807 1818 inﬁma

2411 1947 2562 2014 Quod
2591 1953 2762 2014 patet,
2785 1955 2840 2001 et
2862 1959 3027 2000 vacuo
3050 1943 3219 2000 nubes
3257 1941 3535 2012 suspendit

2415 2037 2591 2091 Frena
2624 2043 2946 2105 potestatum
2976 2034 3243 2086 variarum
3273 2032 3530 2093 sustinet,
3555 2043 3619 2084 ac
3643 2027 3744 2082 sub

2242 2127 2344 2183 520
2413 2125 2659 2193 Prlncipe
2689 2124 2831 2178 Belia
2859 2121 3156 2177 rectoribus
3186 2121 3370 2176 horret
3392 2119 3608 2190 iniquis.

2417 2215 2511 2271 llis
2539 2215 2890 2270 colluctamur
2915 2211 3275 2282 praedonibus,
3299 2220 3356 2266 ut
3375 2224 3528 2266 sacra
3557 2209 3710 2266 nobis

1874 2325 2158 2383 CLOSSE
2197 2321 2532 2380 VETERES.

656 2431 781 2487 489.
832 2431 1056 2495 Arietat,
1099 2428 1298 2493 sternit,
1331 2421 1997 2495 commouet.:—lnsiliens,
2030 2435 2143 2475 cum

585 2512 782 2556 tumore
810 2493 1371 2564 satiensE—Quassant,
1401 2495 1614 2557 (cedunt,
1644 2493 1684 2546 l.

653 2569 777 2623 491.
817 2568 1044 2631 Seriem,
1071 2563 1317 2631 ordinem,
1353 2563 1393 2618 I.

652 2637 777 2691 49L.
821 2627 1059 2696 Eminus,
1088 2651 1117 2688 e
1141 2627 1570 2696 conum—Arce,
1597 2629 1739 2693 alte;
1768 2629 1885 2697 (ide.
1916 2627 1958 2682 Ι.

654 2705 780 2758 495.
827 2705 1038 2766 Fretus,
1070 2704 1314 2768 conﬁsus,
1345 2700 1452 2755 lso.

650 2772 780 2827 £96.
828 2772 1025 2840 Regina
1054 2767 1199 2840 Tyri,
1223 2769 1461 2840 avaritia,
1486 2767 1537 2840 ξ.

654 2842 780 2895 497.
832 2830 1706 2903 Parthus,'Iuereticus.-é-Rapiet,
1746 2832 1934 2887 scilicet
1979 2830 2142 2897 capti-

585 2908 971 2970 uum—Indus,
993 2907 1315 2959 inmunditia
1331 2947 1346 2969 ,
1371 2905 1411 2956 Ι.

654 2979 780 3032 499.
831 2975 1100 3044 Gigantas,
1126 2989 1360 3044 sequares
1389 2971 1602 3044 diaboli,
1634 2970 1676 3026 l.

657 3045 783 3101 500.
829 3039 1141 3114 Allophylus
1161 3039 1488 3114 ,'dial>_olusi;
1523 3043 1816 3096 Philistarus
1847 3056 1867 3106 ;
1896 3055 1987 3109 pro
2032 3039 2144 3092 dia-

592 3117 706 3171 lo'o
731 3115 918 3185 posuit,
945 3111 1226 3183 alienigena
1245 3128 1277 3164 a
1302 3111 1432 3185 ilco,
1457 3113 1499 3166 1.

660 3181 781 3240 501.
805 3185 991 3248 Tutus,
1014 3181 1266 3252 protectus
1283 3221 1298 3247 ,
1324 3181 1365 3234 l.

2317 2416 2440 2472 502.
2493 2417 2728 2484 Charon,
2771 2415 3034 2484 navigator
3074 2413 3290 2482 inferni,
3333 2411 3819 2468 diabolus.—Nu—

2247 2500 2392 2548 men,
2420 2485 2592 2551 Deus;
2618 2482 2785 2540 malus
2806 2482 2950 2546 deus,
2976 2482 3019 2536 ῐ.

2317 2555 2442 2610 505.
2471 2550 2662 2620 Fluso,
2691 2554 2864 2619 labili,
2892 2552 3173 2620 deﬁcienti,
3200 2550 3242 2605 ι.

2317 2623 2442 2679 506.
2473 2623 2643 2688 Fallo,
2671 2623 2906 2686 mentior,
2935 2620 3157 2689 decipio,
3182 2621 3224 2674 l.

2317 2694 2444 2748 507.
2476 2694 2664 2757 Orsus,
2687 2693 2930 2755 dixisset,
2962 2689 3004 2742 1.

2315 2759 2441 2835 509.
2472 2756 2713 2835 Perjuro,
2741 2760 2940 2835 fallaci.
2964 2789 3036 2835 τ-
3058 2756 3279 2835 _Latroni
3297 2798 3312 2818 .
3341 2757 3570 2835 dicente,
3591 2765 3648 2835 _t.

2319 2827 2442 2887 509.
2473 2827 2592 2895 'Ait',
2620 2827 2890 2899 Apostolus
2916 2844 2934 2881 :
2968 2829 3102 2894 Quia
3126 2843 3227 2899 non
3253 2839 3327 2882 est
3355 2827 3501 2882 nobis
3522 2827 3820 2884 colluctatio

2249 2899 2487 2954 adversus
2514 2896 2718 2954 carnem
2741 2911 2788 2954 et
2813 2899 3109 2967 sanguinem
3125 2937 3140 2958 ,
3174 2896 3210 2948 l.

2319 2969 2443 3022 5l5.
2473 2967 2880 3037 Cttngredimur,
2910 2966 3227 3037 proeliantur,
3258 2966 3297 3019 Ι.

2319 3038 2446 3092 519.
2481 3034 2680 3103 Frena,
2709 3036 3098 3098 dominationes,
3126 3034 3164 3088 l.

2323 3106 2446 3160 520.
2479 3106 2619 3160 Belia
2637 3150 2652 3174 ,
2681 3105 2904 3170 diabolo,
2931 3107 2968 3157 Ι.

2325 3175 2447 3229 521.
2482 3175 2581 3242 Ut,
2610 3175 2769 3239 sicut,
2795 3174 2834 3227 Ι.

1932 3282 2483 3337 COMMENTARIUS.

1932 3284 2061 3337 Cllll
2126 3282 2349 3337 ENTAR
2469 3321 2483 3335 .
2961 3282 2964 3283 ⁷

595 3399 740 3454 quem
773 3379 1348 3454 Vis_inipacta_quat_it,_
1400 3393 1502 3432 non
1554 3377 1670 3431 atris
1713 3375 1948 3454 machina
1990 3283 2156 3454 τοεῖξυο
2181 3371 2228 3434 C
2259 3282 2556 3454 saggasndo
2595 3372 2817 3454 valet-tt”
2845 3370 3074 3454 sagittis
3103 3371 3289 3454 solitos
3335 3367 3498 3454 caput
3539 3367 3816 3454 redimire.

591 3443 800 3506 Arietat.
825 3443 1101 3514 Weititus,
1132 3443 1458 3510 Prandium,
1492 3461 1640 3514 quem
1670 3462 1768 3498 nou
1793 3449 1964 3515 fragor
1989 3443 2149 3496 hosti-

593 3538 711 3585 cus,
751 3521 922 3572 arietis
950 3528 1036 3570 aut
1065 3520 1136 3570 uis
1166 3517 1396 3585 Concinit
1426 3518 1688 3585 impacta,
1733 3523 1820 3566 aut
1854 3520 2011 3585 (τινας)
2043 3527 2152 3585 nta-

595 3578 743 3641 rhina
776 3597 939 3641 rostro
978 3587 1194 3639 Arietat.
1236 3584 1351 3638 Οἱς.
1386 3586 1409 3638 1
1445 3578 1574 3638 edit.
1610 3583 1674 3636 ad
1719 3595 1910 3648 τηατ-ε..
1957 3578 2153 3633 Prtesi-

593 3659 738 3711 dium
758 3697 772 3720 ,
801 3673 944 3725 quem
971 3671 1068 3707 non
1094 3658 1267 3722 fragor
1295 3653 1550 3725 hosticus,
1579 3651 1751 3702 arietis
1773 3659 1864 3725 aut
1885 3664 2031 3725 quem
2065 3648 2153 3725 [is

593 3718 1029 3791 quatit'impacta,
1060 3718 1218 3775 airan
1245 3737 1346 3774 non
1372 3722 1609 3791 machina
1641 3728 1808 3791 rostro
1831 3718 2154 3791 Arietat._Si-

595 3788 1195 3857 cllardus,'Prwsidium,
1226 3807 1372 3860 quem
1402 3806 1502 3842 non
1525 3790 1700 3858 fragor
1721 3788 1960 3860 hosticus,
1979 3788 2152 3841 arietis

594 3866 668 3916 t'is
713 3862 942 3918 Concutit
985 3857 1247 3926 impacto,
1277 3870 1363 3911 aut
1404 3867 1562 3911 (erata
1594 3857 1692 3911 non
1721 3857 1957 3909 machina
1985 3866 2151 3926 rostro

596 3933 808 3984 Arietat.
854 3932 925 3983 Ita
959 3929 1022 3982 ad
1058 3925 1204 3980 aram
1233 3946 1245 3980 :
1284 3943 1402 3980 nam
1435 3929 1488 3980 in
1521 3935 1663 3984 textu
1705 3925 1937 3978 cohaeret
1967 3925 2150 3984 prima:

597 4000 816 4055 editioni
855 3997 1435 4055 Giselini.Memltran:e
1477 3995 1630 4055 natiue
1665 3995 1804 4048 inter
1848 4009 1906 4048 se
1951 3995 2151 4049 discre-

593 4079 737 4136 pani.
754 4069 879 4122 Cum
906 4068 1127 4122 Weilzlo
1150 4066 1347 4120 faciunt
1369 4067 1511 4136 ιω..
1534 4065 1714 4136 Prag.,
1733 4064 1860 4136 ηπ.
1884 4077 1912 4115 a
1933 4073 2148 4136 recente

598 4132 777 4200 inanu,
810 4146 864 4189 ct
902 4137 1076 4204 Egm.,
1129 4136 1226 4188 nisi
1270 4136 1408 4202 quod
1451 4135 1505 4204 in
1533 4133 1861 4204 hoculegitur
1897 4132 2150 4204 mendose

597 4208 786 4258 arietus
838 4220 930 4270 pro
963 4201 1162 4256 arietis.
1208 4201 1337 4257 Tres
1376 4203 1585 4256 codices
1629 4202 1771 4255 Vat‘t.
1821 4214 1917 4269 pro
1966 4201 2149 4255 eadem

601 4276 826 4328 lectione
851 4273 1061 4326 Teolius
1085 4273 1294 4340 allegat.
1331 4271 1452 4325 Mihi
1478 4271 1633 4340 aliter
1657 4274 1849 4324 visum.
1881 4270 2150 4324 Mariettus

597 4356 627 4395 a
648 4346 813 4408 prima
842 4356 1018 4403 manu,
1045 4341 1095 4393 Η
1102 4339 1286 4393 asticus
1305 4342 1477 4393 arietis
1497 4350 1586 4392 aut
1616 4339 1705 4392 Vis
1725 4342 1948 4402 impacta
1967 4341 2148 4406 quatit,

595 4428 695 4464 non
717 4421 875 4464 aerato
896 4412 1130 4463 machina
1156 4420 1337 4463 rostro.
1366 4410 1637 4462 Mariettus
1664 4424 1769 4462 non
1799 4409 1933 4462 bene
1957 4408 2153 4473 allega-

595 4489 746 4534 verat
778 4481 1088 4536 Sichardum
1109 4519 1124 4542 ,
1152 4480 1238 4546 qui
1270 4479 1320 4531 in
1344 4493 1436 4532 sua
1461 4478 1626 4547 prima
1651 4477 1884 4531 editione
1906 4485 1934 4530 a
1967 4491 2052 4547 me
2077 4478 2152 4530 vi-

598 4564 712 4609 sus.
751 4551 821 4603 ita
854 4548 1015 4601 edidit
1047 4555 1106 4600 ut
1149 4547 1306 4601 modo
1348 4547 1478 4601 dixi.
1512 4547 1662 4600 Alex.
1690 4548 1752 4600 ad
1784 4560 1958 4603 oram.
1998 4546 2149 4610 Urb.,

596 4619 798 4680 Οκοη..
848 4616 1176 4680 Pra’sidium,
1221 4632 1366 4683 quem
1405 4633 1505 4669 non
1546 4617 1722 4684 fragor
1771 4617 2023 4675 hosticus,
2064 4626 2153 4668 aut

597 4689 769 4739 arietis
810 4685 893 4738 Vis
930 4689 1148 4750 impacta
1187 4687 1378 4750 quatit,
1409 4701 1508 4736 non
1531 4694 1686 4737 (erato
1714 4685 1946 4737 machina
1987 4695 2150 4737 rostro

596 4765 779 4808 contra
810 4764 1056 4808 metrum.
1087 4755 1142 4807 In
1173 4754 1296 4807 Rot.
1326 4763 1380 4807 et
1410 4755 1575 4807 tribus
1601 4753 1779 4818 Torr.,
1819 4753 1906 4806 Vis
1931 4755 2150 4822 impacta

594 4825 774 4892 quatit,
799 4839 941 4892 quem
962 4834 1118 4876 errato
1148 4824 1380 4892 mae/tina
1403 4833 1587 4875 rostro.

669 4889 818 4946 49οζ
847 4893 919 4946 De
948 4893 1178 4955 thristo,
1209 4891 1380 4958 lapide
1400 4889 1662 4958 angulari,
1705 4890 1790 4959 qui
1831 4899 1884 4943 et
1919 4891 2148 4958 parietes

600 4971 654 5014 ct
681 4961 1077 5014 fundamentum
1103 4961 1359 5026 continet,
1389 4959 1510 5015 vide
1538 4959 1970 5028 Cltrysostomum
2001 4962 2145 5014 hom.

599 5031 653 5092 6,
679 5045 795 5095 cap.
826 5043 883 5084 ll.
911 5029 975 5081 ad
1004 5029 1199 5096 Ephes.

668 5099 792 5151 194.
853 5098 1036 5162 Weit.,
1075 5097 1212 5163 Gis.,
1243 5097 1522 5167 prwcingit.
1555 5098 1699 5162 Rat.,
1728 5098 2018 5168 pra'cingit,
2060 5105 2149 5150 aut

633 5183 728 5218 ra'c
738 5170 884 5220 ’naet.

595 5184 816 5290 ""133?
819 5184 1003 5300 inepte
1042 5236 1202 5304 aliqui
1227 5236 1290 5290 ad
1317 5234 1552 5304 reginam
1585 5236 1720 5290 Saba
1743 5278 1756 5299 ,
1783 5236 1871 5290 alii
1896 5235 1960 5289 ad
1989 5234 2149 5288 Dido-

600 5319 722 5358 nem
772 5305 824 5357 id
871 5307 1274 5359 transtulerunt.
1323 5304 1511 5373 Tyrios
1551 5305 1789 5373 intelligit
1836 5305 2156 5359 Prudentius

596 5387 714 5427 esse
744 5373 827 5428 vel
864 5374 1141 5426 avaritiam
1166 5414 1183 5436 ,
1212 5374 1292 5428 vel
1324 5373 1621 5442 superbiam
1646 5414 1662 5435 ,
1695 5389 1811 5442 qua:
1836 5389 1930 5442 per
1957 5373 2153 5438 Tyrum

599 5443 879 5511 allegorice
906 5443 1249 5510 signiﬁcatur.
1287 5442 1416 5494 Vide
1441 5439 1919 5501 Ezeclrielstvtu.
1945 5442 2155 5511 Ruper-

599 5511 1075 5632 itgtgre'l'uitientem
1105 5525 1220 5580 cap.
1255 5527 1305 5565 ιι
1337 5511 1491 5577 Osee,
1522 5521 1576 5565 et
1605 5511 1818 5582 Sylvam
1850 5510 2152 5582 allegorian

796 5598 832 5631 Ι.

644 5591 832 5632 attreti.

667 5649 792 5702 498.
825 5648 1048 5704 Carolus
1074 5649 1401 5711 Paschalius,
1430 5650 1496 5703 de
1520 5648 1742 5704 Coronis
1771 5664 1889 5719 pag.
1916 5649 2021 5705 200
2044 5689 2059 5713 ,
2087 5663 2152 5703 ex

600 5715 683 5772 his
707 5719 948 5775 versibus
966 5719 1164 5788 colligit
1186 5719 1361 5788 Indos,
1390 5727 1443 5774 et
1474 5719 1526 5774 in
1555 5720 1636 5774 his
1658 5715 1984 5785 Bactrianos,
2011 5719 2151 5790 quod

2327 3441 2451 3496 499.
2495 3441 2686 3509 Scripti
2723 3437 2993 3495 Heinsiani
3025 3448 3079 3494 et
3110 3440 3294 3510 diem,
3316 3437 3593 3510 gigantas;
3623 3437 3713 3490 alii
3729 3440 3822 3510 gi-

2257 3521 2453 3580 gantes.
2487 3507 2684 3580 Harum
2713 3511 2945 3580 gentium
2974 3508 3246 3580 vocabulis
3276 3507 3648 3580 intelliguntur
3687 3507 3816 3558 vitia

2253 3577 2371 3648 qua:
2395 3580 2474 3634 eis
2499 3577 2887 3647 quodam—modo
2916 3579 3361 3645 dominabantur,
3393 3586 3486 3632 aut
3520 3577 3816 3638 damoncs,

2253 3651 2340 3717 qui
2369 3662 2430 3702 ea
2453 3649 2578 3717 vitia
2601 3649 2879 3717 inspirant.
2910 3648 3042 3702 Vide
3069 3648 3293 3715 glossas.

2323 3717 2448 3773 500.
2491 3715 2598 3771 Cur
2628 3714 3018 3786 in’Allophylus
3046 3714 3446 3786 georripiatur,
3477 3714 3591 3786 diri
3607 3717 3669 3786 in
3699 3729 3823 3784 pro-

2253 3784 2359 3855 leg.
2391 3786 2706 3856 Allophylus
2733 3783 2920 3840 Graece
2952 3783 3106 3840 sonat
3129 3783 3452 3856 alienigena.
3488 3787 3532 3856 Α
3561 3783 3820 3839 Οιιτὶςιίιο

2253 3856 2336 3907 nis
2366 3855 2714 3924 scriptoribus
2744 3857 2941 3924 passim
2983 3869 3081 3924 pro
3121 3855 3389 3908 Philistteo
3427 3855 3732 3924 accipitur;
3770 3863 3827 3909 et

2252 3937 2350 3994 pro
2370 3923 2671 3994 hPltilistieis
2699 3921 2834 3994 ιιχ
2883 3921 3202 3994 interpretes
3245 3932 3462 3978 vertunt
3506 3923 3820 3994 allophyLos.

2253 3993 2313 4046 S.
2356 3992 2623 4047 Orientius
2670 3994 2721 4044 in
2766 3991 3046 4047 Common.
3077 3994 3166 4046 lib.
3210 4007 3413 4047 tnovte
3455 3991 3826 4047 collect.’Ed-

2253 4062 2434 4131 mundi
2456 4061 2693 4131 Μαι-ιεηῇ
2721 4076 2844 4130 pag.
2876 4061 2936 4114 ll
2967 4078 2981 4114 :
3012 4059 3169 4115 Illum
3198 4061 3414 4129 miriﬁco
3454 4063 3707 4131 famosum
3738 4077 3824 4131 ro-

2253 4130 2369 4200 liore
2399 4130 2618 4200 Sqmson
2649 4129 2841 4200 Forma
2880 4132 3049 4200 decem
3087 4131 3230 4184 servis
3270 4129 3479 4183 tradidit
3509 4129 3822 4200 Allapltylis.

2253 4199 2312 4268 ὃ.
2337 4199 2583 4254 Paulinus
2609 4199 2776 4254 Natali
2804 4199 2837 4253 8
2861 4217 2875 4255 :
2906 4199 3107 4254 Credite
3128 4240 3144 4266 ,
3172 4215 3273 4253 non
3301 4201 3476 4264 armis,
3523 4199 3684 4268 neque
3703 4199 3825 4251 ciri-

2255 4267 2480 4337 busgesse
2507 4270 2750 4323 timendos
2777 4269 3110 4337 Allophylum
3137 4269 3373 4336 pOpulos.
3407 4268 3471 4322 Et
3501 4270 3554 4321 in
3585 4267 3825 4320 carmine

2257 4336 2322 4389 ad
2347 4335 2652 4406 Cytheriutn
2677 4339 2743 4392 de
2771 4335 3048 4406 naufragio
3076 4335 3376 4392 martiniani
3407 4337 3682 4406 Altopliyla
3709 4352 3826 4388 mn-

2256 4406 2351 4458 lier
2379 4415 2453 4459 est
2481 4407 2604 4458 mihi
2643 4408 2726 4459 lea:
2754 4421 2956 4459 carnea.
2991 4407 3105 4459 Alia
3145 4406 3314 4460 videri
3356 4415 3580 4474 possunt
3629 4407 3681 4459 in
3727 4407 3826 4461 Se-

2254 4489 2380 4528 vero
2406 4474 2662 4542 Sulpicio,
2694 4476 2746 4529 in
2774 4477 2967 4530 Attone
2994 4476 3060 4529 de
3086 4474 3362 4530 obsidione
3389 4475 3634 4530 Lutetix.

2325 4544 2450 4598 503.
2497 4543 2677 4613 Prag.,
2705 4547 2872 4597 uarias
2904 4559 3000 4612 pro
3026 4561 3204 4598 vanas.

2324 4613 2447 4683 ξοι.
2476 4613 2599 4667 Vat.
2629 4615 2701 4676 A,
2731 4613 2851 4666 lant
2882 4629 3086 4683 uanum.
3114 4614 3293 4683 Prag.,
3328 4613 3468 4667 Nunt
3509 4627 3692 4666 vanum
3724 4621 3819 4666 est.

2478 4683 2612 4745 PaL,
2634 4694 2814 4734 cuncta
2845 4682 3166 4746 volubilibus,
3206 4681 3382 4737 minus
3412 4684 3567 4737 bene.

2180 4720 2230 4780 Β
2322 4750 2447 4806 506.
2480 4751 2536 4804 ln
2562 4724 2829 4805 nonnullis
2856 4753 3022 4819 vulg.,
3051 4723 3208 4818 male,
3242 4762 3533 4804 creaturam
3559 4765 3659 4816 pro
3681 4765 3826 4804 crea-

2254 4829 2442 4874 turam.
2474 4820 2643 4885 Epist.
2665 4822 2731 4874 ad
2762 4820 2916 4877 Rom.
2942 4836 3032 4873 νιιι
3054 4860 3068 4882 ,
3095 4819 3164 4874 20
3189 4836 3204 4874 :
3244 4819 3472 4872 Vanitati
3502 4825 3635 4873 enim
3677 4836 3822 4873 crea-

2253 4899 2368 4942 tura
2412 4890 2634 4957 subjecta
2661 4899 2731 4942 est
2771 4905 2872 4941 non
2899 4888 3092 4955 uolens,
3114 4893 3254 4944 et‘c.:
3284 4890 3472 4942 scimus
3519 4891 3652 4941 enim
3688 4890 3826 4955 quod

2253 4959 2416 5010 omnis
2441 4967 2674 5011 creatura
2714 4958 3108 5026 ingemiscit.....
3134 4968 3179 5012 et
3222 4959 3320 5026 ipsi
3360 4959 3498 5010 intra
3544 4974 3638 5010 nos
3666 4959 3828 5026 genti-

2255 5043 2390 5090 mus,
2421 5029 2741 5091 adoptionem
2772 5027 2996 5092 ﬁliarum
3029 5028 3124 5081 Dei
3146 5037 3490 5096 exspectantes
3517 5027 3828 5096 redemptio-

2256 5111 2366 5148 nem
2393 5098 2618 5149 corporis
2645 5097 2819 5149 nostri.

2481 5162 2606 5236 [hec
2637 5178 2744 5236 non
2786 5179 2851 5219 ex
2894 5164 3130 5236 Epistula
3171 5163 3238 5236 ad
3277 5163 3577 5236 Romanos,
3611 5162 3705 5236 sed
3749 5177 3823 5236 es

2258 5233 2356 5288 alia
2383 5233 2449 5286 ad
2480 5234 2738 5302 Ephesios
2761 5247 2812 5288 vt
2831 5274 2846 5297 ,
2874 5233 2968 5298 12⁷,
2996 5235 3158 5288 sumit
3187 5233 3526 5297 Prudentius,
3552 5233 3706 5302 cuius
3746 5234 3828 5287 in-

2260 5303 3095 5373 terpretationemvindicavimus
3123 5305 3327 5373 proleg.
3350 5317 3470 5373 esp.
3497 5302 3552 5357 9.

2329 5372 2452 5426 5l8.
2485 5372 2594 5426 Gis.
2620 5381 2677 5426 et
2701 5371 2880 5437 Fabr.,
2903 5391 2964 5427 ac
2988 5371 3166 5426 vacuo.

2329 5441 2450 5511 520.
2483 5439 2870 5511 Egm.,ABcllia.
2899 5443 3076 5511 Vulg.,
3101 5441 3288 5496 Belial.
3315 5441 3686 5511 ,Vetustiores,
3719 5439 3822 5511 Be-

2259 5511 2352 5564 lia.
2379 5510 2450 5564 lta
2480 5509 2622 5564 enim
2669 5509 2982 5566 Prudentius
3006 5509 3324 5577 'hujusmodi
3361 5511 3572 5566 nomina
3605 5510 3822 5577 propria

2259 5581 2448 5633 ellerre
2492 5579 2630 5633 solet
2661 5578 2836 5647 Helia,
2864 5581 3022 5647 Belia,
3052 5579 3219 5643 Iuda,
3252 5596 3370 5648 quae
3410 5581 3641 5648 alioquin
3683 5580 3734 5648 in
3764 5594 3825 5631 as

2258 5649 2626 5702 terminantur.
2663 5649 3017 5712 Quodqutem
3049 5651 3100 5703 in
3144 5647 3318 5710 Belia,
3359 5660 3448 5704 aut
3492 5647 3658 5704 Belial
3700 5647 3825 5702 duo

2261 5718 2445 5785 prima:
2469 5716 2537 5772 ab
2561 5716 2680 5774 aliis
2703 5719 3072 5790 corripiantur,
3102 5719 3233 5776 nihil
3261 5719 3446 5776 refert.
