4102 6444
412 419 552 479 1019

582 534 701 591 oris
728 530 1006 603 apostolici
1035 530 1187 586 testis
1208 526 1471 583 sententia
1496 524 1695 595 prodit.

584 623 744 696 550
784 622 954 678 Nemo
993 620 1231 675 habitum
1274 626 1512 683 naturae,
1551 621 1643 669 aut
1690 613 1986 667 irritamina

1665 700 1917 775 [peccans

587 802 838 873 Corporis
862 806 1115 857 accuset:
1149 797 1304 852 facile
1329 802 1413 851 est
1436 794 1651 849 frenare
1677 792 1909 847 rebelles

583 890 819 948 Affectus
848 890 1057 955 carnis,
1086 888 1383 955 nimiosque
1412 882 1701 940 retundere
1732 880 1918 950 pulsus

582 981 814 1037 Materiae
837 978 1062 1048 fragilis,
1089 986 1147 1032 et
1167 977 1376 1030 viscera
1406 975 1543 1027 victa
1569 972 1811 1026 domare.

582 1069 788 1140 Quippe
802 1068 1011 1123 animus
1024 1067 1181 1136 longe
1197 1062 1558 1133 praestantior,
1574 1067 1760 1129 utpote
1776 1072 1989 1112 summo

580 1157 804 1213 Ethere
824 1158 1113 1220 demissus,
1143 1154 1417 1222 subjectos
1444 1152 1489 1207 si
1515 1151 1645 1207 velit
1671 1157 1821 1204 artus

584 1247 812 1317 imperio
840 1259 1098 1315 quassare
1122 1245 1269 1313 gravi
1286 1282 1303 1307 ,
1329 1244 1603 1312 juss‘sque
1623 1240 1829 1294 severis

582 1336 809 1403 Dedere,
835 1335 1081 1407 regnanti
1114 1334 1333 1389 domino
1359 1333 1441 1387 vis
1470 1331 1613 1385 nulla
1642 1331 1876 1385 resistet.

580 1428 747 1495 Haior
776 1428 917 1482 inest
944 1426 1023 1481 vis
1046 1425 1135 1480 illa
1166 1424 1367 1479 homini
1388 1463 1404 1489 ,
1434 1438 1556 1493 qua:
1587 1421 1751 1476 ﬂatile
1782 1422 1933 1475 virus

589 1518 821 1586 Ingerit,
848 1526 903 1572 et
927 1525 1141 1571 tenuem
1174 1515 1318 1570 tenui
1349 1513 1473 1569 ferit
1495 1527 1633 1568 aere.
1648 1520 1905 1565 mentem.

580 1610 826 1664 Parthica
855 1623 961 1663 non
992 1622 1145 1685 atque
1182 1615 1372 1661 ventos
1404 1603 1720 1659 transcurrit
1756 1603 1985 1667 arundo,

581 1699 744 1767 Cujus
772 1697 876 1753 iter
906 1698 1082 1751 nullus
1113 1696 1251 1765 potis
1273 1705 1357 1750 est
1381 1695 1774 1764 comprendere
1802 1693 1950 1747 visus
1974 1708 1988 1745 :

580 1787 797 1859 Praepcs
830 1789 1007 1855 enim,
1040 1787 1284 1841 volucres
1314 1785 1440 1840 dum
1469 1784 1663 1855 pennis
1692 1783 1991 1838 transvolat

1715 1874 1915 1946 lauru.

582 1970 869 2041 lmprovisa
897 1970 1075 2036 venit,
1108 1983 1209 2025 nec
1236 1968 1439 2025 stridor
1466 1968 1675 2024 nuntiat
1695 1974 1820 2021 ante

582 2064 880 2119 Adventum
910 2060 1059 2125 lethi,
1092 2074 1248 2130 quam
1282 2058 1518 2127 pectoris
1544 2056 1722 2111 abdita
1754 2063 1988 2124 rumpat,

584 2152 841 2209 Securam
871 2153 1089 2221 rapiens
1114 2149 1379 2205 medicato
1404 2148 1629 2203 vulnere
1652 2147 1839 2201 vitam.

584 2244 694 2300 Sed
722 2244 890 2315 magis
924 2244 1120 2311 aligera
1157 2251 1273 2307 est,
1304 2242 1477 2312 magis
1501 2250 1555 2297 et
1595 2241 1858 2296 medicata
1903 2256 1991 2295 sa-

1736 2330 1884 2401 [gitta
1902 2369 1917 2391 ,

410 2425 516 2481 διο
587 2423 742 2497 541
785 2422 954 2490 Quam
979 2422 1107 2491 iacit
1148 2419 1389 2475 umbrosi
1435 2418 1731 2474 dominatio
1780 2419 1987 2474 lubrica

1679 2512 1886 2584 [mundi
1904 2553 1920 2577 ,

582 2604 815 2661 Eludens
843 2618 1068 2661 excussa
1096 2604 1301 2669 oculos,
1325 2602 1623 2672 calamique
1646 2604 1891 2659 volantis

408 892 513 948 535

405 1336 510 1393 550

403 1789 510 1847 535

1752 408 2291 467 ιιιὶὶίΑῐὶτῐϐΕΝΙΔ.

2010 530 2063 586 Α

2017 1887 2067 1947 Β

3539 414 3679 473 1031

2266 524 2509 591 Prcpete
2532 527 2843 576 transcursu
2868 521 3051 577 cordis
3082 522 3371 590 penetralia
3415 525 3603 593 figens.

2269 610 2376 667 Nec
2415 609 2594 680 segnis
2629 618 2820 666 natura
2866 610 3062 666 anima:
3100 618 3213 680 est,
3254 620 3346 669 aut
3390 613 3542 667 tarda
3584 628 3675 669 ea-

3449 704 3607 758 vendi

3449 718 3477 752 ν
3591 704 3603 716 .

2272 788 2559 844 Vulneris:
2590 789 2811 859 ignitum
2845 789 3095 859 quoniam
3119 789 3263 845 Deus
3294 703 3607 848 indigitezlcii

2092 880 2199 935 545
2273 878 2546 947 ingenium
2566 920 2581 940 ,
2608 892 2800 947 purum
2818 922 2833 946 ,
2860 878 3101 949 sapiens.
3132 879 3355 947 subtile,
3390 895 3640 937 serenum
3662 922 3680 949 ,

2270 967 2489 1032 Mobile,
2515 967 2801 1022 sollicitum
2820 1008 2836 1033 ,
2857 967 3011 1022 velox
3028 1008 3043 1025 .
3070 969 3395 1040 vegetabile,
3421 982 3634 1025 acutum
3662 990 3676 1026 :

2275 1058 2559 1113 Factorem
2590 1058 2750 1113 modo
2777 1066 2923 1113 easta
2953 1072 3107 1114 suum
3131 1070 3443 1127 veneretur,
3464 1072 3518 1117 et
3544 1064 3646 1130 ipsi

2268 1147 2492 1213 Militet,
2516 1162 2579 1203 ac
2604 1149 2804 1203 victum
2836 1148 3110 1217 proculcet
3142 1149 3321 1204 sobria
3358 1152 3644 1217 mundum;

2269 1236 2354 1292 Nil
2374 1238 2441 1291 de
2470 1237 2735 1304 pestiferis
2758 1238 2971 1307 opibus,
2996 1248 3089 1293 aut
3119 1238 3416 1296 falsiﬁcatis

2270 1328 2555 1384 Terrarum
2580 1329 2766 1396 spoliis
2789 1328 2956 1383 stulto
2978 1328 3335 1393 oblectamine
3367 1330 3564 1396 libans,

2271 1419 2348 1473 Ne
2373 1420 2473 1473 sub
2504 1419 2646 1474 fasce
2666 1418 2875 1487 iacens,
2908 1418 3085 1475 alieno
3107 1429 3161 1474 et
3182 1420 3359 1475 dedita
3390 1436 3559 1492 regno

2270 1508 2385 1562 Non
2412 1518 2570 1578 queat
2595 1518 2812 1579 argutas
2842 1509 3011 1564 hostis
3034 1509 3203 1565 vitare
3229 1512 3473 1580 sagittas.

2272 1599 2377 1655 Sed
2404 1598 2530 1669 quid
2557 1614 2657 1669 ego
2696 1614 2861 1655 omne
2889 1602 3088 1654 malum
3139 1601 3463 1670 mundique,
3508 1600 3681 1658 homi-

3101 1688 3361 1761 [numque
3391 1692 3608 1761 maligni

2273 1779 2452 1836 llostis
2487 1778 2553 1834 ad
2586 1778 2839 1835 invidiam
2882 1779 3219 1850 detorqueo:
3250 1796 3372 1836 cum
3406 1783 3543 1837 mala
3580 1798 3681 1839 no-

2095 1328 2201 1385 550

1719 2711 2000 2769 (ἔιΟὸεῶ
2040 2711 2372 2771 VETERES.

478 2832 601 2889 522.
631 2830 846 2895 Prodit,
870 2832 1031 2897 dicit,
1060 2829 1167 2884 lso.

479 2903 604 2958 523.
636 2903 965 2966 lrritamina,
994 2896 1376 2967 provocamina,
1406 2896 1980 2967 provocationes,quia,

410 2987 620 3040 corpore
648 2979 948 3039 provocante
972 2966 1017 3023 et
1046 2977 1367 3040 suggerente,
1396 2966 1572 3019 animo
1597 2966 1844 3019 consentit
1870 2982 1987 3035 pec-

412 3050 582 3094 catum
608 3041 908 3108 aliquando,
938 3040 979 3092 1.

480 3110 609 3164 525.
641 3110 896 3171 Affectus,
923 3107 1173 3162 desideria
1192 3146 1205 3168 ,
1230 3107 1273 3159 1.

481 3178 607 3233 527.
656 3178 1033 3243 Ρτωεωηιὶοτ,
1082 3176 1296 3241 melior,
1346 3172 1571 3228 nobilior
1621 3172 1813 3227 scilicet
1864 3184 1981 3225 cor-

445 3262 549 3314 ore,
581 3249 621 3302 Ι.

409 3265 923 3440 ρο5ῗ9ζοιιαδεπο,
972 3316 1215 3387 fatigare,
1265 3315 1534 3381 edomare,
1582 3328 1829 3381 premere,
1883 3310 1983 3365 do-

410 3401 571 3440 mare.
628 3423 644 3439 .
948 3412 965 3425 κ

410 3401 571 3452 mare,
604 3401 644 3440 Ι.
948 3412 965 3425 κ

478 3450 605 3525 550.
636 3455 864 3525 Dedere,
896 3470 1162 3525 occupare.
1186 3454 1357 3507 animo
1388 3454 1609 3525 tradere.
1636 3478 1711 3493 -—-
1735 3450 1987 3517 Domino,

408 3524 601 3580 animo.
622 3554 692 3564 -—
718 3524 811 3579 Vis
840 3524 982 3579 nulla
1005 3521 1029 3589 ,⁷
1052 3524 1243 3594 scilicet
1270 3524 1517 3594 corporis,
1550 3521 1590 3594 l_.

478 3596 600 3663 551.
634 3594 823 3663 Maior,
856 3595 919 3648 de
946 3588 1117 3645 animo
1145 3592 1291 3647 dicit.
1313 3588 1384 3633 —-'-
1412 3593 1499 3646 Vis
1548 3588 1984 3663 illa,gdiaboli;l.

475 3662 599 3718 551.
632 3658 856 3731 Ingerit,
880 3664 1124 3717 immittit.
1143 3692 1213 3702 —
1230 3662 1470 3731 Tenuem
1488 3702 1503 3726 ,
1528 3661 1865 3731 fragilem.-
1890 3658 1992 3714 Fe-

406 3731 503 3794 rit,
534 3730 854 3798 percuiit.-—
878 3733 1038 3794 Aere.
1066 3733 1412 3798 persuasione,
1443 3730 1484 3783 1.

485 3802 608 3859 555.
641 3801 843 3873 Eque,
886 3802 1147 3868 similiter,
1187 3804 1313 3855 non“
1326 3803 1422 3855 sic.
1444 3828 1513 3841 —
1539 3798 1793 3866 Arundo,
1825 3803 1989 3872 sagit—

3474 1881 3585 1927 stra

3474 1881 3585 1927 stra

2096 1963 2201 2020 555
2274 1963 2350 2019 Ex
2381 1964 2581 2021 nostris
2608 1972 2857 2019 concreta
2905 1962 3121 2029 animis,
3153 1977 3343 2034 genus,
3386 1871 3684 2033 et[eaput,

3395 2064 3451 2109 et
3484 2050 3613 2109 vim.

3484 2072 3513 2106 ν
3597 2092 3613 2108 ο

2273 2143 2432 2217 542
2456 2143 2591 2212 Quid
2618 2144 2755 2211 sint,
2779 2143 2908 2215 quid
2932 2144 3165 2213 valeant,
3191 2053 3502 2200 suman[te:le
3517 2069 3687 2199 grde

3333 2233 3612 2307 [parentet

2273 2324 2365 2379 ille
2396 2323 2613 2395 quidem
2658 2323 2831 2380 fomes
2859 2333 3203 2392 nostrorum,
3241 2334 3297 2381 et
3325 2340 3484 2381 causa
3518 2327 3689 2381 malo-

3340 2417 3480 2488 [ntm
3510 2427 3616 2474 est.

2278 2507 2385 2564 Sed
2427 2516 2633 2564 tantum
2676 2508 2895 2565 turbare
2924 2516 3133 2581 potest,
3164 2520 3257 2564 aut
3288 2508 3475 2565 fallere
3512 2524 3686 2577 quan-

3480 2602 3615 2675 [tum

2095 2835 2180 2892 ta,
2215 2825 2255 2880 l.

2164 2897 2292 2951 535.
2324 2894 2560 2965 Praepes,
2590 2897 2737 2951 velox
2752 2937 2767 2961 ,
2793 2896 2832 2953 l.

2164 2966 2293 3023 538.
2325 2968 2608 3032 Medicam,
2638 2968 2793 3033 illita,
2827 2965 3073 3031 loricata,
3098 2964 3138 3019 l.

2162 3036 2286 3092 539.
2316 3036 2524 3103 Aligera
2544 3077 2559 3101 ,
2590 3038 2755 3089 velox.
2779 3066 2850 3075 —
2881 3036 3135 3090 Medicam
3154 3078 3171 3101 ,
3196 3042 3470 3098 venenata,
3501 3037 3542 3091 1.

2160 3105 2288 3161 540.
2329 3105 2609 3171 Umbrosi,
2644 3105 2915 3158 tenebrosi.
2943 3134 3009 3144 —
3040 3104 3251 3166 Mundi,
3282 3104 3508 3170 diaboli,
3536 3106 3575 3159 1.

2160 3174 2287 3245 5η.
2321 3174 2580 3245 Eludens,
2612 3174 2891 3245 decipiens.
2916 3204 2986 3213 —
3010 3172 3281 3241 Excussa,
3316 3176 3589 3245 sagittata.
3612 3203 3683 3217 -~

2016 3261 2064 3325 C
2101 3243 2302 3325 ei!!!“
2320 3244 2451 3325 ’.⁸⁸έὲ
2465 3243 2553 3325 v.'.:

2166 3312 2292 3367 546.
2324 3312 2608 3378 Agitabile,
2638 3312 2841 3374 mobile,
2868 3312 2910 3368 1.

2166 3382 2295 3437 550.
2327 3381 2546 3448 Libane,
2570 3383 2801 3450 cupiens,
2829 3384 2869 3436 l.

2165 3452 2290 3506 551.
2324 3452 2515 3517 Fasce,
2547 3466 2720 3513 onere.
2748 3452 2787 3505 1.
2851 3509 2857 3516 ,

2164 3521 2293 3575 552.
2328 3522 2575 3589 Argutas,
2603 3522 2794 3574 scilicet
2821 3521 2963 3585 viles,
2990 3522 3027 3578 l.

2165 3590 2291 3645 554.
2326 3591 2647 3659 Detorqueo,
2670 3600 2927 3655 converto,
2957 3592 2996 3645 I.

2162 3660 2291 3714 555.
2322 3660 2614 3725 Concreto,
2641 3663 2946 3729 coagulata,
2979 3662 3079 3717 Iso.

2166 3729 2293 3852 5‘15].
2326 3729 2451 3854 ιιιῗ,
2490 3730 2838 3785 diabolus.-—
2864 3730 3079 3799 Fomcs,
3120 3732 3458 3798 incentivum,
3485 3735 3563 3788 vel
3602 3736 3680 3788 in-

2166 3818 2186 3853 i
2227 3816 2359 3854 tum.
2419 3836 2436 3854 .

2092 3801 2331 3855 cendium
2344 3844 2359 3869 ,
2392 3801 2436 3854 1.

1743 3953 2308 4011 COMMENTARIUS.

467 4066 598 4150 .525.
628 4066 781 4133 Man,
811 4068 1119 4138 nimiosque,
1158 4067 1252 4123 sed
1282 4080 1443 4137 supra
1472 4067 1758 4122 recentiori
1793 4083 1982 4135 manu,

408 4152 759 4205 summosque.

634 4207 789 4287 dies.
817 4222 937 4287 cum
966 4207 1275 4287 .ﬂeinsianis
1306 4206 1579 4287 nonnullis
1610 4206 1981 4287 resistet._Ald.

408 4276 569 4346 etalii
592 4276 721 4346 editi
740 4290 859 4330 cum
888 4274 1016 4331 Urb.
1040 4278 1266 4346 aliisque
1293 4292 1447 4343 mss.,
1477 4277 1694 4329 resistit:
1721 4276 1857 4344 quod
1888 4291 1983 4330 ne-

406 4344 520 4397 scio
550 4359 643 4398 cur
682 4344 930 4399 Heinsius
979 4344 1194 4401 damnet
1239 4364 1251 4399 :
1296 4362 1417 4399 nam
1467 4347 1607 4400 idem
1650 4354 1733 4399 est
1768 4359 1979 4398 sensus.

406 4410 690 4532 Ecl-peram
710 4422 885 4469 autem
908 4416 1101 4486 vulgati
1131 4416 1528 4485 distinguebant
1545 4416 1729 4469 dedere
1749 4416 1983 4485 regnanti

444 4499 639 4536 omina.

474 4552 599 4625 555.
632 4554 812 4621 Prag.,
838 4556 1146 4609 transcendit
1172 4570 1268 4625 pro
1296 4556 1611 4608 transcurrit.
1645 4554 1853 4625 Ver-nti,
1884 4569 1978 4609 seu

407 4620 1037 4691 tclicursum’eleganter
1061 4620 1232 4679 dici'a
1267 4626 1513 4679 Lucretio
1542 4632 1691 4678 notat
1712 4623 1974 4691 (Ninnius,

404 4700 459 4743 et
481 4689 589 4763 μορ
620 4689 888 4763 Prudentii
921 4696 1227 4762 exemplum
1253 4697 1467 4763 allegat.

478 4760 602 4813 555.
628 4762 773 4825 Ald.,
798 4762 1015 4827 Weitz.,
1043 4760 1206 4829 Han,
1235 4760 1484 4828 volucris,
1514 4764 1707 4817 melius
1744 4763 1866 4826 alii,
1894 4778 1981 4817 uo—

405 4828 599 4909 lucres;
630 4830 682 4883 in
713 4846 842 4886 mss.
871 4834 1099 4901 antiquis
1133 4848 1288 4909 casus
1328 4834 1627 4909 huiusmodi
1662 4848 1816 4909 -stepe
1844 4834 1897 4887 in
1935 4835 1979 4887 is

406 4904 780 4971 terminantur,
804 4916 869 4955 ex
898 4917 1004 4971 quo
1029 4917 1090 4955 ea
1114 4907 1343 4957 varietas
1370 4904 1496 4955 oriri
1530 4904 1718 4971 potuit.

405 4967 594 5087 "xiiii.
649 4968 841 5035 Fabr.,
889 4967 1091 5040 Bong.,
1141 4974 1304 5037 Man,
1360 4967 1544 5036 Sich.,
1590 4974 1817 5041 rumpit,
1871 4988 1977 5027 non

474 5074 821 5180 338._Egm.,
868 5122 899 5161 a
949 5110 1180 5165 secunda
1229 5126 1420 5173 manu,
1472 5111 1671 5180 Bong.,
1716 5110 1863 5167 Siclt.
1912 5113 1979 5165 ad

403 5184 583 5238 oram,
608 5174 747 5249 Put.,
773 5174 972 5249 Oxon,
996 5181 1230 5246 Thuan.,
1262 5192 1551 5249 penetrans.
1579 5174 1727 5249 Egm.
1756 5196 1783 5232 a
1810 5183 1978 5249 prima

404 5256 598 5363 m:nu,
638 5245 820 5313 Alcm,
863 5248 1016 5315 Urb.,
1059 5245 1272 5320 aliique
1300 5251 1469 5304 nostri
1512 5245 1642 5304 cuni
1678 5245 1851 5320 vulgi,
1896 5267 1982 5303 ra-

404 5327 453 5365 οι
487 5328 566 5365 ill.

402 5327 816 5515 Etim.
835 5385 1008 5456 segni,
1040 5402 1145 5442 non
1172 5388 1331 5458 bene,
1364 5402 1461 5459 pro
1485 5390 1670 5459 segnis.
1704 5387 1854 5458 Ald.,
1888 5400 1978 5454 ut;

472 5520 596 5595 5M5.
626 5522 833 5595 Legunt
849 5523 1015 5578 nobile
1032 5523 1151 5580 Rat.
1177 5542 1205 5580 a
1230 5527 1401 5595 prima
1428 5528 1776 5592 manu,Mar.,
1796 5528 1975 5595 Prag.,

399 5586 763 5663 Waltz.,_Gi's.
801 5592 908 5648 Sed
938 5596 988 5647 in
1029 5586 1277 5651 omnibus
1320 5597 1534 5663 lleins.,
1569 5586 1723 5662 ᾸΙά..
1753 5586 1871 5651 Vat.
1896 5586 1972 5662 Ᾰξ

401 5662 579 5727 Men,
614 5661 735 5715 Rat.
761 5674 793 5715 a
829 5664 1061 5719 secunda
1088 5681 1245 5719 manu
1268 5705 1282 5730 ,
1314 5661 1629 5722 mabile.Sic
1667 5661 1859 5722 melius
1893 5661 1977 5723 est

398 5730 672 5797 vegetabile
691 5746 811 5804 cum
840 5733 1051 5788 Tltuau.
1080 5749 1111 5787 a
1138 5750 1295 5789 manu
1324 5741 1512 5804 prima,
1536 5738 1714 5801 Alex.,
1746 5738 1975 5791 Bolierio

401 5807 724 5866 pervetusto.
755 5800 891 5858 Nam
928 5803 1197 5874 agitabile,
1238 5800 1379 5876 quod
1423 5806 1512 5861 alii
1552 5800 1784 5874 habent,
1830 5805 1968 5862 idem

2087 4076 2244 4123 sonat
2272 4082 2335 4123 ac
2362 4068 2564 4122 mobile.
2598 4068 2713 4123 Non
2751 4077 2832 4123 est
2871 4076 3049 4125 autem
3082 4071 3470 4126 contemnenda
3517 4073 3677 4127 lectio

2088 4138 2276 4202 nobile,
2305 4137 2569 4208 agitabile,
2598 4153 2719 4207 quae
2744 4149 2921 4193 exstat
2956 4140 3011 4191 in
3041 4138 3175 4195 Urb.
3202 4149 3255 4194 et
3284 4141 3424 4197 aliis.
3458 4142 3680 4199 Teolius

2087 4208 2140 4261 in
2173 4222 2278 4261 uno
2307 4207 2508 4263 tantum
2539 4207 2658 4262 Vat.
2684 4208 2816 4262 vidit
2844 4208 3031 4262 nobile.

2158 4278 2284 4332 547.
2316 4278 2868 4348 OptimiuHeinsiani,
2900 4279 3055 4348 Man,
3096 4279 3215 4333 Rat.
3236 4320 3251 4345 ,
3281 4282 3434 4336 Alex.
3455 4322 3469 4347 ,
3499 4282 3673 4348 Sieh.,

2088 4344 2494 4419 mammia.
2517 4346 2637 4419 vat.
2664 4350 2729 4412 Δ,
2751 4348 2903 4419 Διά..
2933 4346 3077 4419 Gis.,
3106 4344 3262 4415 Urb.,
3291 4354 3448 4419 facta.

2160 4416 2285 4471 549.
2318 4415 2373 4471 1η
2394 4416 2525 4487 Βει.
2556 4417 2653 4469 fuit
2682 4418 3039 4487 falsiﬁcantis,
3070 4418 3163 4471 sed
3202 4437 3234 4473 n
3264 4415 3347 4474 est
3372 4421 3671 4475 inductum.

2089 4482 2368 4567 Falsiﬁcus
2390 4486 2559 4540 Plauti
2583 4482 2691 4541 est.
2710 4482 3041 4567 Faccinlatus
3063 4488 3343 4610 [Mercare
3358 4491 3421 4542 ad
3446 4492 3673 4545 barbara

2090 4566 2307 4610 rerecnt.
2334 4571 2453 4610 cum
2481 4556 2629 4610 plura
2652 4558 2753 4609 alta
2784 4559 2948 4610 verba
2978 4558 3147 4610 solius
3219 4560 3449 4610 rudentii
3488 4571 3673 4610 aucto-

2090 4556 2307 4625 reiecit,
2334 4571 2453 4610 cum
2481 4556 2629 4625 plura
2652 4558 2753 4609 alia
2784 4559 2948 4611 verba
2978 4556 3147 4611 solius
3176 4556 3449 4613 Prudentii
3488 4571 3677 4614 aucto-

2088 4624 2247 4679 ritate
2277 4628 2416 4679 inter
2438 4624 2627 4691 Latina
2650 4628 3000 4693 reposuisset.
3032 4626 3087 4680 In
3114 4627 3350 4681 editione
3369 4628 3404 4681 2
3424 4629 3671 4692 Giselini,

2088 4703 2144 4747 et
2198 4696 2249 4747 in
2303 4695 2532 4762 quodam
2584 4696 2882 4764 exemplari
2934 4696 3189 4752 editionis
3240 4697 3556 4752 Weilziane
3606 4701 3674 4753 ad

2088 4778 2283 4832 marg,
2310 4766 2389 4817 vel
2419 4779 2515 4833 pro
2544 4774 2653 4817 aut.

2158 4834 2285 4889 551.
2320 4834 2479 4899 Man,
2504 4832 2722 4899 Weitz.,
2752 4851 2845 4899 ne;
2885 4836 3010 4901 alii,
3040 4853 3153 4891 nec.
3184 4838 3326 4903 Rat,
3370 4856 3491 4893 non.
3530 4839 3677 4894 Non-

2004 4892 2057 4952 D
2084 4904 2217 4981 nulli
2245 4892 2627 4981 vulgati'male
2668 4892 3013 4981 distinguunt:
3046 4923 3135 4981 nec
3176 4906 3268 4960 sub
3315 4892 3454 4981 ξἀεεε
3479 4892 3675 4981 ίρἰρὲηε

2086 4973 2288 5105 alligo,
2322 4982 2370 5027 et
2407 4974 2581 5027 dedita
2609 4990 2784 5047 regno.
2828 4976 2886 5030 1n
2920 4976 3139 5031 Heinsio
3177 4973 3431 5033 mendum
3471 4973 3555 5035 est
3584 4996 3675 5033 uce

2086 5057 2145 5094 su
2232 5060 2338 5099 ace.

2084 5057 2177 5095 5ηο
2209 5057 2338 5099 tace.

2157 5110 2283 5165 552.
2320 5114 2507 5179 Aldus,
2540 5128 2603 5166 ne
2632 5127 2729 5179 pro
2756 5129 2878 5170 non.
3664 5154 3669 5157 »

2158 5182 2285 5255 555.
2319 5183 2515 5238 Weitz.
2536 5224 2550 5248 ,
2579 5184 3189 5255 mundirltominumque;
3218 5187 3431 5255 caeteri,
3466 5184 3676 5243 mundi-

2086 5266 2204 5320 que,
2238 5250 2623 5321 hominumque,
2653 5254 2871 5308 rectius.
2902 5254 3034 5309 Cutn
3062 5250 3515 5311 demonstraverit
3542 5256 3673 5310 Pru-

2086 5322 2303 5392 dentius
2345 5323 2511 5379 Deum
2562 5337 2685 5376 non-
2707 5337 2829 5377 esse
2859 5326 3063 5392 peccati
3096 5337 3401 5391 auctorem,
3430 5328 3525 5381 sed
3556 5326 3674 5379 dia-

2085 5388 2279 5470 bolum
2301 5408 2421 5470 eum
2449 5406 2569 5447 esse
2588 5392 2677 5461 qui
2705 5388 2951 5470 homines
2989 5396 3042 5448 in
3073 5404 3288 5470 peccata
3317 5388 3572 5470 traxerit,
3605 5412 3673 5451 nc

2084 5461 2137 5532 in
2160 5464 2483 5532 contrariam
2506 5472 2712 5532 partem
2734 5461 3009 5519 declinare
3034 5461 3303 5530 videatur,
3324 5473 3408 5531 et,
3430 5477 3487 5519 ut
3507 5466 3672 5520 alium

2082 5527 2523 5601 marcionitarum'
2551 5546 2792 5587 errorem
2824 5543 3063 5601 evertat,
3092 5535 3159 5590 ad
3192 5527 3494 5592 libertatein
3529 5536 3673 5591 arbi-

2082 5598 2173 5671 trii
2192 5600 2583 5671 ostendendam
2606 5602 2932 5671 aggreditur.

2150 5668 2277 5723 556.
2310 5669 2413 5741 Alii
2446 5668 2728 5726 liabent'dc
2747 5674 2902 5726 corde
2932 5674 3158 5741 parenti.
3182 5673 3459 5731 Sententia
3488 5687 3674 5741 sump-

2082 5744 2133 5816 ta
2164 5747 2245 5792 est
2273 5754 2339 5794 ex
2366 5740 2550 5816 blatth.
2575 5756 2663 5816 xv,
2683 5741 2755 5816 _i_9
2780 5758 2794 5795 :
2823 5742 2901 5797 De
2922 5740 3077 5799 corde
3098 5746 3235 5799 enim
3262 5756 3445 5801 exeunt
3473 5740 3668 5816 rogita-

2081 5808 2243 5863 tiones
2271 5810 2444 5879 male,
2472 5811 2773 5881 homicidia,
2802 5822 2906 5868 etc.
