4102 6452
410 432 548 489 1053

584 640 865 696 lnsinusus
887 640 998 695 oris
1025 639 1168 694 coitu
1198 636 1436 707 genitale
1460 649 1750 689 venenum.

583 731 780 801 Nupta,
813 731 1100 798 voluptatis
1131 730 1180 782 vi
1211 728 1412 790 saucia,
1450 725 1722 780 mordicus
1756 723 2005 777 haustum

583 823 804 892 Frangit
833 821 1090 877 amatoris
1112 816 1309 874 blanda
1335 819 1473 871 inter
1494 815 1698 871 foedera
1725 825 1929 885 guttur,

583 912 896 983 inlusasque
923 911 1221 977 bibit,caro
1255 915 1532 978 pereunte,
1568 906 1787 961 salivas.

586 1002 681 1058 llis
717 1012 866 1072 pater
896 1001 1168 1056 illecebris
1199 997 1570 1062 consumitur,
1605 1009 1658 1049 at
1690 992 2001 1064 genitiicem

583 1094 778 1150 Clausa
818 1111 848 1148 n
891 1105 974 1149 cat
1011 1093 1260 1157 soboles;
1307 1105 1430 1144 nam
1478 1098 1760 1160 postquam
1795 1087 2004 1141 semine

1719 1178 1928 1252 [adulto

586 1277 855 1349 incipiunt
879 1275 1070 1332 calidis
1095 1274 1413 1345 corpuscula
1445 1287 1608 1343 parva
1638 1272 1861 1327 latebris

582 1369 834 1438 Serpere,
867 1377 1238 1435 motatumque
1269 1375 1478 1420 uterum
1507 1363 1713 1418 vibrata
1740 1361 1927 1428 ferire,

585 1461 804 1517 Aistuat
835 1461 1050 1516 interno
1072 1460 1286 1530 pictatis
1315 1459 1543 1516 crimine
1566 1468 1761 1526 mater,

584 1553 747 1626 545
803 1551 1236 1622 Carniﬁcemque
1274 1553 1444 1623 gemit
1487 1551 1730 1606 damnati
1785 1551 2000 1605 conscia

1737 1640 1931 1713 [sesus

577 1731 922 1804 Progeniem,
949 1733 1084 1802 septi
1121 1742 1460 1803 rumpentem
1483 1732 1760 1788 obstacula
1794 1744 1997 1803 partus.

578 1825 713 1883 Nam
736 1867 752 1895 ,
780 1827 905 1899 quia
942 1828 1198 1884 nascendi
1241 1829 1420 1883 nullus
1449 1836 1596 1898 patet
1617 1830 1815 1892 exitus,
1848 1828 2001 1881 aivus

577 1918 803 1976 Fetibus
821 1920 876 1974 in
905 1921 1080 1975 lucem
1102 1920 1397 1975 nitentibus
1419 1921 1728 1975 excruciata

577 2009 846 2082 Carpitur,
873 2023 1037 2083 atque
1064 2013 1205 2068 viam
1229 2015 1463 2069 lacerata
1487 2028 1585 2083 per
1606 2013 1693 2067 ilia
1719 2012 1925 2084 pandit.

577 2101 820 2158 Tandem
851 2101 1002 2157 obitu
1023 2102 1230 2158 altricis
1251 2103 1431 2173 prodit
1456 2118 1587 2173 grex
1612 2104 1703 2158 ille
1726 2103 1998 2169 dolorum,

577 2191 884 2263 lngressum
905 2194 1031 2248 vitm
1055 2194 1142 2248 vix
1172 2194 1460 2262 eluctatus,
1494 2203 1548 2250 et
1577 2203 1758 2249 ortum

579 2283 686 2339 Per
711 2283 889 2339 scelus
908 2283 1269 2354 exsculpens:
1299 2283 1545 2339 lambunt
1566 2283 1744 2340 natale
1770 2283 2004 2340 cadaver

578 2375 872 2446 Reptantes
891 2375 1074 2444 catuli,
1094 2376 1294 2447 proles,
1317 2375 1446 2431 dum
1475 2377 1738 2444 nascitur,
1770 2377 1924 2442 orba,

405 691 512 790 suo

404 1277 512 1334 595

399 1826 508 1883 630

398 2283 506 2343 605

1788 425 2333 486 ΙΙΛΜΑΠΤΙΟΕΝῙΑ.

581 545 836 617 Coniugis
865 546 918 601 in
948 545 1129 602 fauces
1157 552 1322 614 atque
1342 541 1523 598 oscula
1555 539 1791 596 fervidus
1813 542 2002 608 intrat,
2033 553 2088 609 Α

2031 1909 2089 1970 Β
2107 1915 2212 1974 620

3573 430 3712 492 1051

2291 543 2442 599 Haud
2485 552 2706 614 experta
2759 543 2944 616 diem,
2999 545 3212 602 misera:
3265 547 3369 604 nisi
3424 549 3713 618 posthuma

3395 636 3413 709 [
3429 639 3640 694 matris.

2289 722 2406 778 Non
2430 722 2614 794 dispar
2635 732 2833 780 nostra:
2862 734 3157 796 conceptus
3187 730 3416 796 mentis;
3447 729 3516 784 ab
3546 744 3642 785 ore

2287 815 2519 884 Vipereo
2541 815 2774 871 infusum
2797 819 2876 871 sic
2896 819 3155 873 combibit
3180 819 3267 873 illa
3297 835 3570 876 venenum

2291 907 2532 976 Coniuge
2562 906 2780 962 Beliade
2799 949 2814 974 ,
2834 907 2911 962 sic
2934 909 3118 962 oscula
3140 909 3364 964 devorat
3387 909 3600 976 haustu,

2286 999 2626 1066 interiusque
2654 999 2813 1067 rapit,
2842 999 2919 1053 sic
2943 998 3070 1054 felle
3102 1000 3341 1056 libidinis
3372 1002 3568 1057 ardens

2287 1087 2452 1160 546
2479 1088 2738 1157 lmpletur
2766 1089 2931 1154 vitiis,
2965 1092 3204 1158 perituro
3227 1091 3396 1146 mixta
3417 1094 3634 1149 marito.

2287 1180 2438 1234 'I‘uuc
2464 1194 2746 1248 praegnans
2780 1179 2978 1235 letliale
3006 1195 3192 1250 genus,
3211 1191 3468 1250 concepta
3491 1183 3711 1252 maligni

2286 1273 2414 1329 Fert
2433 1289 2596 1344 opera
2629 1275 2853 1344 ingenii,
2879 1275 2946 1328 de
2975 1277 3184 1331 semine
3215 1275 3495 1346 complicis
3520 1275 3709 1347 hydri:

2289 1367 2457 1431 Quem
2478 1367 2654 1436 poenis
2679 1381 2908 1436 pensare
2931 1368 3083 1437 prius
3109 1381 3204 1421 sua
3235 1367 3369 1423 facta
3391 1376 3713 1424 necesseest

2287 1456 2568 1528 Corruptae
2597 1467 2904 1531 prostupro
2935 1459 3153 1530 animai,
3188 1475 3392 1530 proque
3419 1460 3553 1517 orbe
3589 1476 3713 1528 per-

3401 1550 3636 1624 [empto.

2284 1642 2461 1713 Ipsam
2493 1657 2656 1712 porro
2685 1642 2920 1697 animam
2949 1641 3189 1697 crudelia
3219 1643 3447 1699 vulnera
3477 1654 3711 1714 carpunt

2289 1733 2436 1788 Mille
2458 1733 2776 1804 puerperiis,
2809 1733 3025 1790 soboles
3046 1734 3174 1790 dum
3198 1735 3427 1806 parturit
3454 1750 3521 1792 ex
3552 1753 3614 1793 se

2282 1824 2483 1881 Contra
2511 1833 2756 1880 naturam
2788 1825 3028 1896 genitas,
3067 1828 3376 1896 peccamina
3409 1830 3602 1884 crebra

2285 1916 2521 1982 Scilicet,
2549 1925 2605 1972 et
2627 1927 2807 1987 pastus
2837 1927 3082 1972 materno
3111 1920 3296 1974 funere
3319 1930 3496 1976 natos.

2289 2008 2428 2064 Hine
2448 2009 2538 2063 illa
2562 2017 2647 2064 est
2667 2008 2880 2062 Domini
2898 2008 3043 2079 justa
3073 2008 3377 2082 obiurgatio
3402 2011 3636 2068 Christi:

2282 2100 2477 2156 Nonne
2505 2109 2657 2169 pater
2677 2099 2926 2167 daemon,
2960 2115 3056 2156 vos
3080 2100 3307 2170 increpo
3330 2143 3346 2169 ,
3371 2113 3706 2173 peccatores,

2284 2191 2588 2248 Concubitu
2614 2194 2792 2247 carnis
2821 2205 3006 2248 semen
3041 2194 3274 2248 sitientis
3304 2195 3546 2264 iniquum

2291 2286 2395 2341 Vos
2417 2286 2640 2357 genuit?
2672 2284 2929 2340 Sanctum
2957 2328 2972 2354 ,
3007 2283 3177 2340 lector
3200 2324 3215 2350 ,
3261 2299 3524 2356 percense
3555 2295 3706 2343 votu-

3425 2376 3584 2448 [mea
3619 2395 3634 2431 ε

2109 906 2216 962 610

2109 1364 2215 1421 615

1716 2465 2012 2524 ϐιυδδιΕ
2055 2466 2394 2524 VETERES.

397 2577 503 2617 non
537 2561 722 2617 habeat
750 2561 850 2617 nisi
886 2561 1116 2632 linguam
1144 2577 1300 2616 unam
1320 2602 1336 2627 ,
1370 2570 1515 2632 tanta
1537 2571 1708 2616 tamen
1736 2561 1996 2615 celeritate

397 2648 512 2688 eam
530 2643 715 2698 mouet,
745 2643 800 2685 ut
821 2631 1088 2686 videantur
1116 2640 1216 2687 tres
1240 2647 1350 2687 esse
1369 2673 1384 2699 ,
1415 2631 1457 2686 1.

467 2703 592 2757 588.
635 2703 854 2770 Oscula,
877 2718 989 2772 per,
1011 2701 1052 2755 l.

465 2772 592 2843 589.
635 2771 932 2843 insinuans,
964 2773 1264 2827 imminens.
1296 2802 1367 2813 —
1397 2771 1589 2838 Coitu,’
1607 2787 1726 2843 pro,
1761 2772 1839 2836 in,
1873 2771 1912 2843 1.

465 2841 593 2897 590.
632 2841 828 2912 Nupta,
853 2844 1065 2912 conjuz.
1096 2872 1168 2882 —
1189 2843 1382 2898 Saucia
1402 2887 1417 2910 ,
1449 2841 1701 2896 sauciata.
1739 2870 1806 2881 --
1835 2842 1951 2896 Mor

395 2909 548 2967 (ficus
567 2952 584 2979 ,
612 2909 903 2966 adverbium
921 2909 956 2980 ,⁷
977 2913 1286 2966 mordaciter
1314 2953 1329 2978 ,
1369 2909 1675 2966 mordenda.
1710 2940 1780 2952 -—
1811 2911 1986 2966 [laus-

396 2990 532 3045 tum,
561 2984 897 3048 det-oratum,
922 2985 974 3036 in
1007 2998 1094 3044 ore
1122 2994 1475 3050 assumptum,
1507 2983 1548 3035 1.

463 3052 588 3106 591.
629 3052 868 3106 Frauait.
898 3049 1112 3106 mordet.
1145 3083 1216 3094 —
1237 3054 1538 3106 Amatoris.

462 3122 590 3178 592.

462 3191 586 3248 593.

391 3263 514 3327 bus,
546 3266 586 3320 Ι.

459 3335 586 3389 594.

460 3406 586 3459 596.

460 3475 584 3530 597.
628 3475 850 3530 Pietatis
875 3516 890 3538 ,
920 3476 1102 3544 prolis.
1144 3506 1214 3515 ——
1243 3475 1518 3542 Crimine,
1575 3480 1694 3545 quia
1740 3478 1984 3528 maritum

389 3547 573 3599 occidit
598 3561 616 3599 :
647 3547 782 3598 dolet
812 3547 945 3598 enim
975 3562 1027 3600 se
1057 3562 1164 3600 esse
1189 3547 1484 3614 carniﬁcem
1511 3549 1702 3611 mariti,
1735 3549 1776 3600 1.

456 3617 584 3672 598.
626 3615 968 3679 Carniﬁcem,
993 3631 1067 3680 se,
1104 3616 1142 3670 Ι.

455 3684 580 3741 599.
622 3685 794 3754 Septi,
822 3688 1030 3752 inclusi,
1056 3687 1335 3751 reconditi,
1369 3686 1692 3751 circumdati,
1726 3689 1764 3742 1.

456 3757 581 3811 605.
622 3754 803 3818 Obitu,
839 3769 1020 3811 morte.
1055 3785 1125 3797 —
1153 3757 1389 3821 AltriCis,
1419 3759 1622 3825 matris,
1653 3760 1693 3811 l.

456 3829 580 3883 604.
626 3829 921 3893 Eluctatus,
953 3829 1192 3890 evudens,
1220 3828 1260 3880 Ι.

458 3899 581 3954 605.
624 3898 983 3968 Exsculpens,
1001 3902 1232 3966 sulcaris,
1258 3899 1848 3970 investigans;sculpere
1877 3919 1985 3957 rem

629 3052 868 3122 Frangit,
898 3049 1112 3108 mordet.
1145 3083 1216 3094 —
1237 3049 1538 3118 Amatoris,
1573 3051 1769 3120 mariti,
1795 3051 1838 3104 l.

629 3125 787 3188 Caro,
822 3126 1007 3176 marito
1028 3164 1046 3188 ,
1073 3124 1112 3177 1.

628 3193 790 3250 Pater
809 3234 824 3260 ,
852 3194 942 3247 itte
964 3195 1241 3248 masculus.
1272 3223 1344 3234 —
1370 3192 1675 3257 lllecebris,
1707 3191 1990 3262 voluptati-

626 3332 813 3399 Necat,
844 3334 1050 3398 occidit,
1086 3335 1126 3388 Ι.

630 3405 910 3470 Mutatum,
943 3415 1272 3459 commotum.
1323 3435 1390 3445 —
1413 3405 1655 3470 Vibrata,
1685 3403 1911 3475 pulsata,
1941 3403 1978 3457 l.
2013 3401 2060 3464 Ο

2102 2560 2348 2627 dicimus,
2371 2577 2488 2614 eum
2509 2560 2807 2630 diﬂicultalc
2827 2559 3131 2630 investigare
3147 2600 3163 2628 ,
3189 2557 3231 2614 1.

2174 2631 2303 2687 606.
2345 2632 2510 2700 Orba,
2537 2641 2738 2697 orbata,
2776 2631 2816 2683 Ι.

2170 2702 2294 2758 607.
2342 2698 2518 2764 Diem,
2542 2703 2718 2755 vitam.
2746 2729 2814 2741 —
2839 2699 3132 2754 Postlmma
3165 2698 3368 2766 proles,
3401 2709 3516 2768 post
3562 2716 3704 2754 mor-

2096 2774 2532 2842 tem;posthutna
2565 2776 2732 2842 proles
2772 2771 2964 2825 dicitur
3001 2787 3119 2842 qua:
3145 2777 3256 2840 post
3285 2780 3500 2824 mortem
3541 2773 3704 2841 patris

2093 2854 2182 2898 aut
2216 2841 2396 2898 matris
2425 2855 2545 2898 nata
2567 2851 2661 2908 est,
2689 2841 2726 2894 l.

2165 2915 2290 2972 6011.
2339 2914 2591 2982 Vipereu,
2618 2912 2906 2977 diabolica,
2938 2912 2975 2966 Ι.

2163 2985 2289 3040 610.
2336 2978 2584 3049 Beliade,
2615 2983 2856 3049 diabolo;
2881 2983 3294 3053 patronymicum
3336 2997 3368 3034 a
3407 2978 3602 3036 Belial.
3633 3009 3702 3024 -

2093 3055 2322 3121 Hauste,
2357 3065 2684 3124 consumpta,
2723 3054 2760 3108 I.

2160 3128 2291 3181 615.
2341 3123 2656 3194 Praegnans,
2682 3140 2845 3190 mens,
2869 3123 2976 3178 Iso.
3062 3193 3066 3194 ν
3251 3170 3312 3191 ..ῃ

2162 3198 2289 3252 614.
2332 3192 2647 3263 Couiplieis,
2676 3195 2828 3265 socii,
2863 3193 3113 3262 censorii,
3147 3192 3437 3265 conjuncti,
3470 3198 3695 3262 compli-

2092 3283 2212 3332 ces;
2242 3262 2553 3336 frequentius
2585 3268 2638 3318 in
2668 3262 2807 3318 malo
2839 3276 3123 3331 ponuntur,
3159 3264 3198 3317 l.

2164 3333 2286 3392 615.
2330 3333 2592 3400 PenSare,
2617 3350 3030 3404 recompensare,
3065 3336 3140 3387 vel
3165 3337 3440 3396 resolvere,
3478 3333 3516 3387 Ι.

2165 3408 2293 3463 616.
2335 3409 2496 3469 Orbe,
2533 3407 2738 3469 orbem;
2763 3405 3020 3474 hominem
3047 3403 3299 3474 appellat,
3318 3406 3392 3457 vel
3417 3406 3695 3471 mundum,

2095 3482 2185 3550 qui
2217 3479 2269 3532 in
2299 3477 2686 3550 similitudinem
2704 3476 2855 3550 orbis
2893 3483 2967 3527 est
2993 3478 3269 3550 conditus;
3297 3476 3373 3550 uel
3405 3476 3574 3550 ipsum
3611 3493 3700 3550 or-

2099 3546 2231 3614 bem,
2246 3566 2395 3619 quem
2421 3548 2614 3619 laqueis
2637 3547 2742 3600 suis
2764 3555 2980 3619 conatur
2994 3547 3248 3616 decipere,
3265 3557 3311 3619 et
3335 3546 3638 3619 inter/icere,
3655 3546 3695 3601 1.

2169 3617 2296 3676 6-18.
2339 3618 2665 3685 Puerperiis,
2697 3617 3070 3688 nativitatibus,
3100 3617 3552 3688 parturitionibus,
3581 3620 3622 3671 1.

2169 3691 2294 3747 619.
2341 3688 2678 3751 l’cccamiua,
2709 3697 2938 3758 peccata,
2968 3686 3011 3740 I.

2170 3763 2296 3816 621.
2337 3759 2671 3827 Objurgatio,
2699 3758 3002 3824 increpati-i,
3038 3759 3076 3812 l.

2171 3832 2300 3890 624.
2341 3831 2626 3898 Percurre,
2647 3831 2910 3900 perquire,
2945 3829 3049 3886 lso.

1746 4012 2308 4070 COMMENTARIUS.

383 4126 612 4196 opinor,
655 4124 822 4196 voluit
858 4123 1061 4196 dicere
1093 4122 1354 4196 trilingue.
1418 4123 1488 4176 ita
1542 4126 1739 4178 habent
1788 4130 1973 4196 Alcx.,

385 4193 541 4258 1111)..
571 4195 755 4259 Fabr.,
790 4195 954 4259 llong.
978 4235 993 4258 ,
1025 4193 1137 4247 Cis.
1174 4195 1224 4244 in
1257 4207 1533 4249 contextu.
1566 4197 1708 4257 Put.,
1741 4193 1974 4262 ’l‘huan.,

381 4266 576 4320 Weitz.
599 4306 611 4328 ,
636 4276 689 4320 et
719 4280 747 4316 a
773 4267 804 4316 ii
840 4266 1096 4334 trilinguw
1123 4277 1150 4314 a
1190 4264 1496 4332 trilinguus,
1527 4269 1668 4333 quod
1713 4268 1978 4324 Salinasio

385 4338 666 4404 probatum
701 4335 865 4389 refert
897 4334 1169 4395 Heinsius,
1193 4334 1283 4404 qut
1315 4349 1420 4386 non
1445 4337 1651 4390 viderat
1681 4338 1800 4391 Alili
1849 4354 1974 4392 cor-

382 4403 698 4472 rectionem,
729 4420 850 4459 cum
883 4405 1173 4459 asseruerit
1203 4403 1393 4458 Aldum
1420 4421 1528 4458 non
1571 4407 1728 4462 aliter
1759 4423 1981 4478 expres-

381 4493 537 4532 διδεε.

453 4549 574 4602 ὕιιὸ.
606 4545 773 4619 Gisel.
806 4587 821 4611 ,
854 4546 1023 4599 Palat.
1056 4561 1248 4614 supra,
1278 4545 1407 4599 Mar.
1437 4563 1499 4600 ac
1521 4562 1618 4616 pro
1639 4559 1712 4607 at.
1744 4549 1864 4605 Vat.
1900 4553 1966 4619 Α,

381 4632 662 4686 perperam
695 4617 782 4671 ad.

455 4689 580 4741 504.
620 4687 734 4759 Val.
770 4690 833 4751 Α,
885 4686 1102 4752 sobolis;
1155 4686 1267 4754 alii,
1301 4687 1534 4754 soboles,
1561 4688 1730 4759 Bong.
1762 4691 1974 4758 adulta,

379 4774 564 4825 supra,
593 4757 795 4809 adulto.

455 4827 578 4881 596.
612 4827 903 4891 Ctsclinus,
933 4838 1158 4890 motata;
1181 4828 1385 4894 cartrri,
1421 4839 1686 4884 mutatum.

451 4900 574 4952 597.
602 4899 791 4962 Gisel.,
824 4908 1053 4966 pectore;
1083 4900 1153 4971 adq
1181 4913 1349 4971 marg.
1379 4944 1392 4964 ,
1427 4900 1638 4953 crimine
1662 4942 1676 4965 ,
1723 4902 1863 4971 quod
1889 4911 1972 4958 cst

381 4969 438 5022 in
475 4972 594 5021 aiis
628 4971 905 5028 omnibus;
938 4976 993 5019 et
1023 4968 1512 5029 signiﬁcantissimo
1553 4968 1754 5025 dictum
1785 4973 1976 5027 obser-

381 5050 471 5091 vat
495 5041 558 5089 11.
599 5040 819 5106 ltet'gius
850 5039 987 5111 apud
1022 5036 1329 5111 Weitjeium,
1355 5043 1474 5109 quia
1506 5042 1674 5108 pietas
1700 5053 1783 5096 est
1828 5044 1971 5111 quod

382 5117 518 5163 tetus
539 5111 700 5175 patris
727 5123 911 5163 necem
931 5107 1227 5176 ulciscitur,
1255 5123 1308 5162 at
1334 5107 1537 5165 crimen
1570 5114 1712 5180 quod
1745 5107 1969 5170 matrem

379 5181 592 5234 OCt'lIlll.

452 5252 575 5304 (illi).
619 5250 956 5322 Burmaunus
990 5261 1120 5305 tom.
1171 5250 1197 5304 1
1229 5251 1542 5321 Antliolog.,
1589 5269 1705 5322 pag.
1741 5252 1864 5319 463,
1903 5271 1970 5309 cx

379 5316 533 5387 Egui.
569 5321 694 5388 legit
718 5321 833 5387 jam
854 5322 993 5388 quia,
1029 5335 1080 5374 et
1113 5325 1294 5376 multis
1322 5316 1507 5390 proluit
1539 5316 1785 5378 librarios
1820 5316 1970 5379 vete-

379 5405 466 5442 rcs
493 5404 637 5458 Sa‘pe
669 5401 903 5443 mutasse
925 5392 1036 5459 jam
1069 5393 1117 5444 in
1149 5409 1289 5446 nam.
1325 5394 1450 5447 ιιδιε
1479 5394 1691 5448 diversa
1722 5397 1884 5449 lectio
1913 5397 1965 5449 in

379 5460 732 5528 Egnmndano
762 5461 882 5514 cod.
917 5463 1050 5529 l'ugit
1080 5463 1366 5517 Weitzium
1400 5474 1452 5516 et
1485 5465 1784 5518 lleiusium.

452 5533 576 5584 003.
620 5530 697 5585 Ex
729 5544 968 5584 veterum
995 5534 1271 5602 opinione,
1301 5536 1385 5588 cui
1416 5539 1782 5589 recentiorum
1813 5549 1899 5603 ex.
1920 5552 1969 5591 e-

376 5602 595 5675 rieutia_
626 5603 944 5675 Opponitur.
988 5603 1189 5656 l’linius
1236 5607 1305 5658 ita
1356 5621 1469 5659 rem
1516 5608 1736 5672 exponit
1766 5608 1860 5660 lib.
1913 5624 1968 5675 ς,

377 5687 498 5739 cap.
539 5671 644 5724 62:
691 5671 866 5724 Tertia
893 5672 977 5725 die
1024 5675 1160 5726 intra
1207 5685 1407 5740 uterum
1454 5671 1600 5728 catuli
1628 5694 1651 5729 ς
1703 5671 1965 5740 excludit,-

379 5742 563 5816 deindc
578 5743 804 5816 singulos
822 5743 1038 5813 singulis
1061 5739 1384 5815 diebus’pai'it
1405 5747 1580 5815 viginti
1608 5748 1712 5816 fere
1734 5739 1968 5802 numero.

378 5811 566 5893 Itaque
586 5813 756 5865 cwteri
783 5811 1043 5869 tarditatis
1068 5811 1389 5884 impatientes
1415 5811 1753 5888 phranipunt
1779 5819 1964 5886 latera,

378 5892 546 5944 occisa
572 5892 795 5955 parente.

2159 4127 2283 4182 006.
2320 4124 2437 4177 Vat.
2469 4123 2534 4184 A,
2557 4123 2717 4192 prolis
2745 4137 2840 4190 pro
2864 4123 3052 4193 proles.

2157 4199 2284 4251 607.
2316 4196 2464 4259 Ald.,
2512 4189 2626 4246 Gis.
2683 4189 2754 4245 et?
2784 4189 2873 4246 alii
2916 4193 3089 4260 vulg.,
3121 4190 3302 4255 matri;
3362 4189 3689 4245 vetustiores

2083 4268 2296 4332 Ileins.,
2322 4267 2466 4330 “HL,
2489 4265 2618 4316 Mar.
2640 4281 2667 4317 a
2694 4267 2864 4334 prima
2897 4278 3058 4316 tnanu
3077 4301 3091 4326 ,
3111 4260 3291 4329 Piag.,
3323 4262 3501 4327 Alex.,
3530 4261 3689 4324 Urb.,

2087 4339 2291 4398 maris,
2323 4352 2444 4389 cum
2480 4334 2710 4388 Weitzio
2743 4337 2995 4398 aliisque.

2165 4408 2290 4464 610.
2338 4407 2461 4460 Ald.
2490 4415 2544 4458 et
2592 4404 2721 4457 Fab.
2750 4445 2765 4469 ,
2795 4404 2940 4458 male
2968 4443 2981 4465 ,
3019 4399 3268 4463 Beliatlw,
3291 4416 3464 4469 neque
3497 4401 3687 4454 melis

2086 4479 2235 4542 Ald.,
2269 4481 2469 4529 hausto.
2507 4474 2776 4530 Giselinus
2806 4475 2922 4537 ait,
2948 4478 2999 4526 in
3037 4473 3137 4525 hoc
3173 4488 3392 4525 nomzne
3434 4482 3689 4542 patrony-

2089 4539 2230 4603 mico
2261 4547 2472 4599 Beliade
2502 4547 2702 4613 corripi
2734 4546 3026 4599 secundam
3058 4583 3072 4607 ,
3106 4559 3223 4608 quae
3258 4543 3402 4608 prius
3444 4543 3516 4613 in,
3538 4539 3686 4613 Belia

2090 4623 2350 4689 producta
2384 4617 2480 4671 fuit
2524 4612 2664 4670 vers.
2695 4615 2801 4689 520
2828 4657 2842 4679 ,
2885 4617 2956 4689 ob
2989 4614 3259 4668 licentiam
3292 4614 3346 4689 in
3375 4612 3687 4689 nominibus

2087 4682 2344 4759 proin-iis.
2377 4689 2581 4741 Praeter
2605 4689 2743 4759 hanc
2772 4687 3044 4759 licentiam
3078 4693 3254 4759 potest
3279 4684 3441 4759 etiam
3473 4682 3683 4759 admitti

2086 4751 2372 4830 synaeresis
2402 4760 2450 4810 in
2485 4758 2721 4813 secunda
2746 4767 2798 4810 et
2819 4758 3000 4819 tertia,
3022 4751 3086 4808 ut
3107 4756 3176 4806 sit
3199 4755 3492 4830 spondams
3518 4751 3686 4830 Belia,

2087 4823 2308 4898 Legam,
2337 4830 2382 4882 si
2415 4844 2508 4896 per
2540 4829 2884 4882 membranas
2909 4829 3310 4898 liceatgconjuge
3338 4823 3484 4878 Belia
3509 4839 3527 4876 :
3551 4823 3686 4876 nihil

2086 4896 2226 4956 enim
2255 4913 2478 4954 necesse
2498 4909 2581 4953 est
2604 4900 3032 4968 patronymicum
3058 4896 3324 4949 deducere
3351 4913 3363 4946 ;
3387 4910 3505 4968 nam
3535 4905 3684 4962 post-

2081 4988 2144 5027 ea
2175 4975 2242 5027 de
2274 4973 2467 5024 semine
2496 4966 2760 5036 complicis
2791 4966 2942 5037 hydri
2967 5009 2981 5034 ,
3013 4968 3103 5037 qui
3138 4979 3220 5020 εει
3265 4969 3377 5036 ipse
3408 4966 3554 5019 Belia
3586 4971 3680 5017 aut

2087 5043 2276 5108 Belial,
2305 5043 2406 5094 hoc
2429 5053 2509 5095 est
2537 5041 2806 5094 diabolus.

2154 5105 2278 5167 614.
2310 5110 2557 5176 Complea:
2585 5111 2650 5164 ad
2685 5110 3028 5165 Latinitatem
3070 5108 3376 5175 prolapsam
3425 5105 3681 5161 refertur.

2085 5184 2158 5237 lta
2199 5185 2360 5237 locuti
2405 5193 2530 5234 sunt
2573 5181 2826 5236 Sidonius
2852 5222 2867 5245 ,
2893 5179 3303 5244 Cassiodorius,
3344 5187 3399 5233 et
3423 5178 3680 5245 aequales.

2082 5254 2319 5308 Isidorus
2370 5252 2465 5306 lib.
2512 5268 2564 5306 χ.
2596 5252 2776 5322 Etym.
2828 5261 2998 5313 notat,
3045 5250 3112 5304 ad
3153 5251 3355 5304 bonum
3411 5260 3682 5316 nunquam

2079 5324 2378 5394 complicem
2409 5323 2535 5387 dici,
2555 5338 2661 5391 quo
2690 5324 2776 5378 lso
2803 5323 3044 5389 re~picit.

2152 5392 2277 5449 618.
2312 5396 2494 5462 Prag.,
2521 5395 2724 5461 proles;
2748 5394 2956 5460 caeleri,
2991 5392 3210 5446 soboles.

2152 5466 2275 5520 69.0.
2313 5460 2586 5518 Heu—tsiaui
2627 5475 2682 5518 et
2732 5467 2900 5518 nostri
2941 5479 3062 5518 cum
3107 5460 3447 5526 Weitziauis,
3483 5470 3678 5530 pastos.

2077 5537 2204 5592 Ald.
2237 5546 2290 5590 et
2312 5535 2480 5589 Gisel.
2508 5534 2562 5588 iu
2584 5544 2861 5600 contextu,
2889 5546 3086 5603 partos.

2149 5607 2272 5660 6‘22.
2307 5605 2467 5658 Joan.
2488 5621 2599 5670 vui,
2628 5606 2697 5660 44
2731 5624 2743 5658 ;
2777 5605 2877 5659 Vos
2901 5623 2962 5660 ex
2985 5614 3129 5670 patre
3158 5605 3366 5660 diabolo
3396 5605 3536 5658 estis.

2147 5675 2272 5730 624.
2319 5675 2512 5730 Weitz.
2567 5691 2688 5729 cum
2748 5677 2907 5730 Fabr.
2958 5684 3013 5729 et
3061 5676 3173 5731 Gis.
3205 5717 3220 5740 ,
3259 5674 3681 5744 repugnantibus

2074 5748 2293 5814 scriptis
2315 5748 2428 5800 fere
2450 5747 2725 5811 omnibus,
2748 5762 3008 5816 percurre.
3037 5747 3227 5816 Bong.,
3267 5747 3462 5799 Widm.
3493 5755 3677 5816 supra,

2075 5811 2250 5880 Sicb.,
2286 5818 2538 5886 perquire.
2563 5811 2838 5871 lleinsiani
2863 5832 3069 5882 omnes,
3101 5811 3276 5885 Egit)”
3305 5818 3483 5883 Alcm,
3519 5811 3676 5886 Urb,

2073 5905 2338 5959 percense,
2391 5904 2512 5944 cum
2547 5889 2687 5946 Aldo
2715 5897 2768 5946 et
2799 5889 2915 5944 aliis
2943 5889 3141 5946 nostris
3168 5929 3182 5957 ,
3230 5889 3332 5944 nisi
3374 5887 3514 5957 quod
3549 5885 3659 5941 Mar
