4102 6418
468 419 598 476 1059

639 616 792 687 Quod
845 614 1114 686 placitum,
1163 608 1396 672 nullique
1433 607 1666 658 animum
1708 603 2027 670 subjungch

1719 687 1958 724 τιςσηιιην

1719 689 1952 762 [vinclo‘l

639 793 719 848 Au
745 805 866 846 cum
895 797 946 842 te
972 785 1243 840 dominum
1269 782 1492 845 cunctis,
1522 791 1851 849 qumcunquc
1875 789 2028 829 crea-

1825 866 1960 938 tm.

471 973 576 1030 680
646 968 945 1024 Praaliceret
970 1007 984 1031 ,
1010 964 1368 1032 mundumque
1401 961 1506 1014 tuis
1533 957 1965 1025 servirejuberet

648 1051 911 1120 imperiis,
939 1062 1165 1117 cumque
1193 1059 1338 1110 arva,
1367 1044 1571 1112 polum,
1598 1054 1767 1100 mare,
1795 1038 2032 1100 flumina,

1753 1125 1966 1198 [ventos

647 1231 898 1296 Dederat,
931 1227 1212 1282 arbitrium
1258 1225 1326 1280 de
1365 1232 1418 1279 te
1447 1222 1542 1277 tibi
1586 1223 1806 1275 credere
1846 1230 2037 1270 avarus

647 1322 839 1385 Nollet,
869 1331 924 1374 ut
953 1318 1189 1388 indigno,
1225 1317 1630 1382 libertatemque
1677 1310 1933 1380 negaret?

649 1411 816 1477 Quale
841 1417 977 1470 erat,
1025 1407 1228 1461 electus
1255 1404 1427 1471 magni
1462 1417 1556 1456 rex
1603 1402 1748 1455 orbis
1779 1409 1829 1452 ut
1858 1407 2040 1464 esset,

649 1500 762 1552 Non
788 1509 884 1550 rex
911 1494 1023 1562 ipse
1052 1493 1155 1554 sui,
1184 1499 1338 1544 curto
1362 1487 1588 1541 ftedatus
1617 1488 1821 1541 honore
1839 1486 1867 1537 ?

658 1586 789 1641 Nam
819 1583 939 1653 quis
964 1583 1133 1636 honos
1172 1573 1371 1633 domini
1403 1586 1503 1641 est,
1524 1577 1673 1646 cujus
1704 1589 1855 1630 mens
1878 1575 2042 1630 libera

1698 1666 1827 1736 [non
1861 1674 1971 1719 est:

647 1766 768 1820 Una
808 1762 903 1819 sed
931 1760 1193 1828 impositae
1224 1757 1392 1813 servit
1420 1757 1685 1810 sententia
1715 1754 1818 1822 legi
1847 1755 1870 1806 t

476 1502 579 1557 685

1537 391 1805 458 AURELlI
1845 395 2210 456 PBUDENTH
2249 391 2568 448 CARIIINA.

633 526 790 600 551
816 520 942 576 lure
956 517 1257 580 voluntatis,
1278 511 1534 571 liceatcui
1564 510 2016 578 velle,wquique,
2048 510 2098 568 Δ

3567 388 3710 444 εοδο

2322 509 2448 575 Qua:
2476 505 2590 557 laus
2621 514 2780 570 porro
2823 499 3078 562 hominis,
3112 499 3193 554 vel
3231 499 3372 569 quod
3403 498 3688 566 meritum,

3313 589 3454 648 isine
3481 601 3631 645 certo

2312 691 2450 743 Inter
2501 694 2780 752 utramque
2804 682 2948 736 viam
2975 680 3283 736 discrimine
3319 679 3498 733 virere
3523 679 3704 747 justo?

2139 769 2246 824 690
2320 768 2434 822 Non
2487 766 2762 830 litsponte
2785 760 3000 824 bonus,
3053 758 3279 811 cuinon
3329 767 3413 811 est
3462 767 3706 826 prompta

3376 846 3639 918 [potestas

2317 946 2467 1001 Velle
2495 942 2659 999 aliud.
2686 941 2958 1008 flexosque
2980 938 3143 992 animi
3163 947 3481 994 convertere
3496 954 3706 993 sensus.

2321 1036 2475 1102 Atqui
2507 1047 2605 1085 nec
2636 1032 2809 1086 bonus
2828 1039 2931 1093 est,
2957 1044 3055 1084 nec
3084 1028 3452 1083 collaudahilis
3483 1029 3574 1083 ille
3596 1071 3612 1095 ,

2319 1127 2480 1198 552
2519 1124 2620 1191 Qui
2650 1136 2753 1176 non
2798 1129 2988 1189 sponte
3014 1120 3186 1175 bonus
3211 1138 3225 1173 :
3257 1121 3509 1189 quoniam
3539 1119 3710 1188 probi-

3306 1206 3438 1278 [tate
3461 1221 3643 1261 coacta

2327 1301 2507 1357 Gloria
2540 1300 2684 1354 nulla
2721 1299 2888 1364 venit.
2914 1297 3462 1366 sordetqueingloria
3515 1299 3713 1350 virtus.

2151 1395 2256 1452 695
2329 1393 2436 1446 Nec
2466 1401 2642 1444 tamen
2668 1397 2752 1444 est
2781 1387 2971 1452 virtus,
2995 1386 3050 1439 ni
3081 1385 3351 1442 deteriora
3370 1385 3610 1440 refutans

2318 1485 2543 1545 Etnteet,
2567 1491 2622 1534 et
2650 1480 2874 1534 meliore
2897 1478 3038 1532 viam
3070 1487 3214 1545 petat
3239 1477 3416 1531 indole
3442 1487 3666 1532 rectam.

2321 1571 2493 1636 Vade,
2522 1571 2594 1625 ait
2633 1572 2747 1640 ipse
2776 1583 2990 1637 parcns,
3024 1567 3311 1638 opifexque
3334 1607 3351 1634 ,
3379 1577 3433 1624 et
3472 1567 3722 1622 conditor

3525 1656 3681 1728 [Adae
3704 1674 3717 1708 :

2327 1753 2492 1821 Vade,
2535 1753 2719 1818 homo,
2749 1760 2803 1806 et
2827 1750 3009 1805 afﬂatu
3040 1748 3208 1804 nostri
3237 1748 3546 1818 praenobilis
3571 1749 3680 1802 oris
3705 1786 3722 1812 ,

1761 1863 2043 1921 GLOSSIE
2082 1861 2417 1920 VETERES.

552 1971 674 2027 678.
705 1965 990 2030 Placitum,
1017 1962 1204 2016 scilicet
1233 1958 1343 2030 tibi,
1372 1958 1415 2010 1.

2071 1959 2120 2020 Β
2216 1954 2338 2009 689.
2384 1951 2526 2006 Inter
2547 1948 3000 2020 utramque,_inter
3019 1945 3208 2020 bonum
3235 1955 3282 2020 et
3303 1944 3722 2020 ψώρας-,Βίῳ

709 2015 990 2096 ’(ίιῖέᾶἆῖί
1024 2015 1147 2084 δαῖε
1177 2029 1264 2082 tibi
1288 2015 1342 2096 ,ξ
1353 2024 1723 2096 commendare.
1745 2052 1815 2096 ἡ
1839 2023 2044 2096 Avarus
2072 2015 2111 2020 ⁷
2149 2023 2406 2096 crimine,
2454 2019 2690 2096 arbitrio,
2721 2015 2796 2072 uel
2813 2018 3051 2096 _decreto,
3077 2023 3125 2069 et
3156 2016 3358 2086 judicia
3379 2015 3724 2068 discriminari

481 2093 592 2178 spse
617 2107 752 2159 Deus
771 2120 790 2157 :
823 2093 996 2178 sensus
1026 2107 1134 2178 est,
1153 2113 1278 2178 cum
1306 2094 1445 2176 Deus
1464 2094 1638 2146 omnia
1665 2093 1857 2178 homini
1883 2093 2044 2178 dedit,

485 2161 683 2244 ineque
708 2171 938 2244 potestati
980 2161 1225 2247 subdidit,
1269 2165 1412 2244 quasi
1447 2177 1638 2242 avarus
1662 2161 1859 2215 homini
1889 2161 2047 2214 nollet

485 2247 761 2286 [annuum
782 2240 976 2286 ἀοι-,ηε
996 2237 1258 2286 arbitrium
1285 2234 1402 2286 bons
1425 2231 1500 2284 uel
1517 2233 1660 2286 mals.
1692 2231 1732 2284 ι.

485 2237 761 2300 libertatem
782 2240 976 2300 dare,et
996 2237 1258 2292 arbitrium
1285 2237 1402 2287 boni
1425 2237 1500 2284 vel
1517 2237 1660 2296 mali,
1692 2237 1732 2284 ι.

557 2314 680 2368 oss.
723 2309 809 2376 υι,
837 2307 1005 2378 quasi,
1031 2306 1073 2378 ι.
1312 2369 1347 2378 λ
1485 2368 1497 2378 _
1685 2365 1704 2378 -

558 2365 679 2436 68b.
720 2365 904 2446 Qu'al'e,
934 2365 1444 2446 quatis_res.——iiex,
1477 2368 1652 2433 homo,
1685 2365 1728 2420 l.

556 2450 678 2503 685.
717 2442 900 2504 Curto,
926 2444 1079 2508 brevi,
1110 2442 1149 2494 1.

566 2517 690 2572 686.
734 2503 964 2575 Domini,
1006 2503 1497 2567 hominis.—Mens.
1547 2521 1665 2558 nam
1693 2505 1843 2558 homo
1873 2505 1926 2556 in
1955 2503 2050 2575 hoc

490 2586 733 2638 honorent
761 2599 858 2636 non
877 2574 1100 2642 haberet,
1123 2580 1165 2631 si
1185 2579 1339 2630 libero
1366 2577 1574 2628 arbitrio
1596 2590 1695 2626 non
1727 2582 1978 2637 uteretur,
2005 2574 2047 2626 I.

561 2653 686 2708 687.
729 2653 1009 2714 Impositzn,
1033 2647 1220 2702 scilicet
1240 2645 1730 2714 sibi.—St-_ntentia,
1764 2643 2003 2696 bonitatis
2031 2681 2048 2707 ,

491 2711 952 2788 hontinis.—Legi,
977 2717 1099 2785 ligni
1121 2717 1172 2767 in
1204 2714 1464 2784 paradiso,
1491 2711 1530 2763 I.

2148 2095 2282 2148 inter
2303 2087 2486 2145 bonum
2502 2101 2549 2143 et
2576 2089 2788 2156 malum,
2813 2087 2854 2140 1.

2221 2161 2348 2216 690.
2392 2161 2663 2227 Prompta,
2693 2154 2874 2227 libera,
2904 2154 2948 2210 l.

2222 2230 2345 2284 69l.
2390 2220 2568 2290 Velle,
2592 2220 3037 2292 concupiscere.—
3051 2221 3238 2288 Aliud,
3269 2229 3418 2291 qualn
3449 2229 3650 2285 bonum,
3672 2220 3713 2276 1.

2225 2299 2350 2352 692.
2392 2295 2584 2364 Atqui,
2611 2304 2764 2356 certe,
2793 2293 2898 2348 Iso.

2228 2366 2353 2422 695.
2396 2357 2696 2431 Probitate,
2726 2360 3270 2424 bonitate.—Coacta,
3311 2357 3550 2429 probitati
3597 2358 3727 2410 inri-

2393 2502 2625 2573 lngloria
2647 2548 2660 2568 ,
2700 2500 2981 2572 ingloriosa
2998 2542 3013 2568 ,
3044 2500 3154 2554 sine
3197 2497 3386 2569 gloria.
3408 2525 3478 2537 —
3502 2495 3683 2551 Virtus
3707 2535 3722 2561 ,

2157 2575 2344 2630 scilicet
2367 2571 2535 2638 aliter,
2563 2571 2604 2625 I.

2233 2642 2354 2696 695.
2397 2640 2670 2701 Refutans,
2702 2651 2958 2706 respuens,
2983 2638 3022 2689 l.

2226 2709 2348 2766 696.
2381 2710 2628 2777 ~Emicet,
2660 2701 3218 2769 clarescat—Indole,
3251 2703 3532 2772 nobilitate,
3561 2701 3604 2758 l.

1804 2796 2354 2855 COMMENTARIUS.

563 2903 687 2957 677.
729 2899 872 2964 Ald.,
897 2897 1079 2967 Fabr..
1100 2900 1220 2967 jure
1246 2894 1547 2967 potestatis.

563 2973 688 3025 678.
726 2961 872 3034 Ald.,
898 2961 1115 3033 Weitz.;
1137 2964 1362 3029 Widm.,
1395 2964 1524 3016 Mar.
1550 2977 1581 3016 a
1602 2961 1836 3016 secunda
1861 2975 2041 3026 manu,

494 3040 626 3110 quod
648 3039 888 3110 placitum
915 3045 1009 3110 est.

563 3099 687 3163 679.
728 3106 907 3174 Prag.,
933 3101 1200 3174 dominus,
1229 3101 1403 3174 minus
1429 3099 1587 3174 bene.

561 3176 687 3231 682.
727 3165 858 3240 Vat:
878 3165 942 3238 Α,
974 3170 1401 3240 αεάεναιςνΛΙάη
1451 3167 1632 3236 Egm.,
1675 3166 1889 3220 dederit.
1915 3165 2052 3222 Nett-

495 3254 635 3299 trtttn
671 3245 826 3298 bene.
863 3239 1181 3310 Legendurn
1203 3239 1423 3290 dederet.

565 3311 692 3366 684.
731 3312 787 3365 In
818 3305 1011 3363 Vath
1039 3307 1367 3360 desideratur
1393 3305 1599 3358 electus.

567 3380 692 3436 686.
749 3377 949 3433 Widtn.
975 3391 1168 3446 supra“.
1200 3374 1434 3446 homini;
1465 3372 1653 3446 Βοιιε.⁸
1677 3385 1859 3446 supra,
1893 3371 2060 3425 hami-

498 3451 616 3513 nis;
640 3448 840 3508 exteri.
860 3440 1071 3500 domini.
1095 3443 1239 3496 Wid.
1278 3457 1375 3513 pro
1401 3440 1731 3513 cujus‘habet
1753 3441 1854 3491 cui.

567 3507 690 3572 688.
732 3507 876 3569 Wid.
908 3515 1222 3589 su_tt_ra,_sine
1247 3507 1409 3589 nullo,
1453 3507 1610 3589 male.
1637 3508 1762 3589 Haec
1793 3507 2062 3589 ratioefli:

503 3595 758 3666 caxest,
803 3598 907 3652 qua
942 3575 1049 3662 ⁸88.
1078 3575 1299 3643 Patres,
1351 3575 1604 3647 theologi,
1650 3576 1951 3697 philosomti
1996 3577 2062 3630 ad

504 3653 872 3728 stabtlleudam
921 3652 1215 3728 libertatem
1271 3655 1524 3728 utuntur,
1558 3646 1756 3728 nulatn
1783 3645 2065 3728 esse-futu-

499 3738 614 3777 ram
646 3723 877 3786 laudem,
922 3719 1124 3772 nullum
1155 3716 1397 3770 meritum
1419 3755 1432 3778 ,
1476 3715 1576 3768 nisi
1610 3724 1811 3786 certum
1847 3715 1933 3786 sit,
1955 3715 2065 3766 dis-

506 3792 707 3845 crimen
742 3782 954 3843 vivendi
994 3788 1133 3855 juste
1166 3789 1314 3855 inter
1353 3794 1634 3855 utramque
1671 3783 1853 3855 viain;
1886 3782 2061 3855 dicam

501 3859 773 3914 vocabulis
817 3851 1037 3919 scholre,
1077 3854 1177 3908 nisi
1224 3855 1362 3906 adsit
1412 3854 1626 3906 libertas
1669 3851 2057 3906 indifferentia).

503 3929 601 3983 SS.
632 3926 846 3980 Patrum
860 3925 1204 3979 auctoritates
1226 3924 1379 3990 plena
1404 3920 1777 3990 manudabunt
1802 3921 2053 3990 theologi.

572 3997 696 4051 690.
741 3996 857 4047 Vat.
893 3999 956 4056 Α,
984 3994 1046 4045 sit
1070 4007 1166 4056 pro
1202 3989 1280 4058 ﬁt.
1325 3989 1642 4044 Prudentius
1675 3990 1840 4058 magis
1869 3989 2062 4058 magis-

501 4081 603 4133 que
642 4065 936 4117 libertatem
966 4060 1330 4133 indifferentige
1357 4060 1590 4133 explicat
1614 4097 1630 4120 ,
1651 4068 1714 4133 _e_t
1735 4057 1940 4133 clarius
1954 4057 2064 4110 for-

505 4125 668 4194 t'asse,
713 4146 870 4200 quam
915 4129 1151 4182 nonnulli
1199 4125 1590 4200 vellent.'Vide
1615 4126 1775 4200 ξηιλ-ι
1825 4127 2064 4200 in_Sym-

504 4193 677 4255 tuach.
713 4193 854 4254 vers.
881 4199 1014 4262 555,
1041 4212 1160 4264 qua:
1190 4197 1479 4264 plurimum
1521 4193 1702 4264 laudat
1722 4193 1992 4248 Petavius.

576 4269 698 4323 693.
740 4269 797 4323 8.
828 4268 1155 4337 Augustinus
1192 4263 1266 4337 ad
1312 4263 1644 4337 laudabiliter
1684 4264 1942 4337 agendum
1973 4277 2066 4337 vo-

511 4339 767 4392 luntatem
790 4337 856 4388 ab
877 4331 1020 4389 omni
1044 4334 1248 4387 neccssi
1273 4343 1358 4386 ate
1379 4333 1598 4384 liberam
1629 4334 1820 4399 saepius
1843 4331 2068 4399 requirit

514 4409 598 4461 his
628 4404 947 4464 rationibus,
979 4417 1110 4470 quas
1139 4411 1292 4468 poeta
1323 4409 1503 4470 noster
1530 4400 1919 4466 complectitur.
1943 4399 2061 4470 Lib.

510 4475 576 4529 de
602 4473 794 4528 Natura
837 4483 890 4526 et
935 4468 1113 4524 Gratia
1137 4485 1254 4536 cap.
1300 4469 1370 4523 65
1409 4471 1752 4523 vehementer
1803 4468 2064 4536 approbat

512 4548 625 4596 time
644 4544 704 4596 8.
733 4541 1040 4608 Hieronymi
1066 4543 1222 4591 verba
1250 4555 1264 4589 :
1293 4537 1455 4608 Liberi
1485 4537 1688 4608 arbitrii
1716 4552 1807 4608 nos
1835 4537 2062 4590 condidit

507 4611 668 4695 .Deus,
701 4609 875 4695 necpd
896 4605 1126 4695 virtutem
1149 4646 1166 4672 ,
1208 4621 1297 4659 nec
1331 4606 1400 4684 ad
1449 4605 1568 4658 uitia
1620 4606 1908 4658 necessitate
1961 4617 2064 4657 tra-
2087 4637 2141 4695 Β

513 4682 714 4732 hintur:
758 4678 984 4746 alioquin
1026 4677 1110 4746 ubi
1155 4675 1421 4746 necessitas
1451 4685 1545 4737 est,
1590 4689 1680 4726 nec
1729 4688 1914 4746 corona
1967 4686 2060 4728 est.

504 4749 706 4815 Qaibus
745 4747 815 4800 ita
846 4743 1080 4815 concinit
1100 4761 1137 4815 :A
1160 4744 1292 4815 Quis
1323 4759 1426 4815 non
1469 4751 1708 4815 agnoscat
1741 4743 2065 4815 7_quis__non

507 4809 610 4870 toto
635 4817 786 4868 corde
812 4814 1083 4885 suscipiat!
1105 4811 1296 4878 Quidni
1326 4813 1462 4864 hanc
1482 4809 1886 4864 indiﬂcrentiam
1919 4811 2068 4864 liberi

507 4887 715 4938 arbitrii
758 4885 813 4936 8.
855 4883 1174 4951 Augustinus
1218 4888 1548 4951 agnosceret.
1590 4893 1709 4951 cum
1745 4893 1862 4933 eam
1889 4894 1918 4951 a
1949 4894 2070 4951 pas-

511 4955 736 5016 tmibus,
765 4966 794 5004 a
836 4947 1026 5018 pet-iis,
1064 4950 1131 5003 ab
1159 4947 1404 5013 indoctis,
1437 4963 1467 5018 a
1504 4947 1694 5012 doctis,
1722 4962 1753 5018 7a
1784 4948 2067 5018 magistris,

508 5024 577 5076 ab
604 5016 930 5092 antistitibus,
959 5020 1024 5072 ab
1051 5019 1192 5092 omni
1219 5032 1414 5092 genere
1452 5017 1683 5092 humano
1711 5017 1916 5092 laudari
1949 5016 2070 5092 fate.

511 5102 676 5145 retur.
719 5090 854 5143 Audi
883 5092 998 5154 ejus
1019 5087 1175 5140 verba
1201 5085 1318 5154 cap'.
1355 5085 1443 5154 ll,
1474 5085 1568 5138 lib.
1599 5087 1665 5139 de
1691 5087 1899 5138 duabus
1943 5088 2072 5138 Ani-

511 5163 696 5212 mabus
735 5153 924 5210 contra
962 5153 1316 5210 Manichmos:
1361 5153 1594 5207 Etiamne
1622 5154 1672 5205 hi
1713 5155 1827 5207 libri
1870 5155 2070 5207 obscurt

513 5229 641 5279 mihi
684 5225 941 5279 scrutandi
967 5233 1130 5285 erant,
1163 5225 1298 5276 unde
1325 5225 1565 5276 discerem
1604 5225 1850 5276 neminem
1877 5225 2075 5292 vitupe-

511 5298 706 5348 ratione
736 5295 1040 5361 suppliciove
1065 5293 1294 5362 dignum,
1320 5293 1404 5358 qui
1443 5293 1613 5362 autid
1656 5293 1770 5344 uelit
1802 5293 1937 5362 quod
1959 5297 2075 5361 jus-

515 5366 624 5416 titia
651 5364 787 5416 uelle.
805 5379 905 5432 non
934 5361 1177 5432 prohibet,
1205 5370 1291 5414 aut
1317 5362 1370 5413 id
1399 5377 1499 5432 non
1527 5361 1679 5430 faciat
1728 5363 1861 5425 quod
1910 5361 2076 5428 facere

515 5449 614 5484 non
641 5431 834 5500 potest?
856 5429 1040 5484 Nonne
1060 5433 1157 5484 ista
1183 5438 1386 5483 cantant
1407 5441 1454 5483 et
1483 5429 1535 5482 in
1555 5432 1803 5500 montibus
1827 5443 2072 5500 pastores,

519 5499 649 5552 etin
675 5501 878 5553 theatris
907 5509 1085 5565 poeta,
1114 5508 1159 5553 et
1178 5499 1367 5551 indocti
1394 5501 1446 5550 in
1486 5499 1687 5551 circulis
1705 5539 1720 5560 ,
1760 5508 1807 5551 et
1833 5500 1966 5550 docti
2011 5499 2066 5550 in

518 5569 844 5633 bibliothecis,
867 5581 910 5620 et
943 5569 1167 5637 magistri
1180 5569 1230 5620 in
1242 5568 1447 5631 scholis,
1475 5577 1518 5620 et
1541 5568 1785 5620 antistites
1814 5569 1865 5619 in
1893 5583 2065 5620 sacra-

517 5640 579 5687 tis
605 5637 750 5700 locis,
780 5650 824 5689 et
842 5639 892 5688 in
914 5637 1030 5689 orbe
1059 5648 1301 5690 terrarum
1322 5652 1476 5705 genus
1505 5637 1820 5688 humanum?
1849 5637 1995 5698 Quod
2023 5637 2066 5687 si

519 5720 660 5758 nemo
682 5707 1047 5775 vituperatione
1074 5707 1149 5760 uel
1167 5705 1491 5758 damnatione
1518 5706 1700 5774 dignus
1742 5718 1832 5772 est,
1856 5717 1941 5757 aut
1965 5721 2066 5757 non

2158 2903 2336 2948 contra
2379 2893 2582 2964 uetitum
2617 2891 2837 2964 justitite
2880 2892 3094 2958 faciens,
3115 2899 3208 2944 aut
3251 2891 3389 2958 quod
3426 2906 3529 2944 non
3567 2898 3728 2958 potest

2156 2979 2257 3015 non
2287 2963 2499 3031 faciens,
2544 2960 2656 3030 quis
2702 2960 2890 3031 dubitet
2934 2969 3052 3012 tunc
3081 2977 3188 3031 esse
3215 2970 3510 3031 peccatum,
3533 2975 3653 3031 cum
3681 2970 3729 3012 et

2159 3028 2664 3094 velle—iniustum'est,
2683 3039 2730 3082 et
2759 3029 2970 3082 liberum
2984 3029 3120 3084 nolle
3137 3044 3155 3082 :
3173 3028 3222 3082 et
3244 3030 3357 3081 ideo
3387 3028 3729 3095 deﬁnitionem

2159 3101 2305 3153 illam
2331 3109 2378 3154 et
2405 3114 2572 3152 veram
2600 3113 2705 3151 esse
2723 3137 2739 3162 ,
2784 3107 2830 3151 et
2861 3096 2930 3150 ad
2962 3098 3343 3165 intelligendum
3382 3097 3681 3164 facillimam
3708 3140 3723 3164 ,

2160 3178 2206 3222 et
2227 3185 2328 3222 non
2348 3166 2499 3220 modo
2523 3182 2658 3219 nunc
2678 3204 2693 3228 ,
2716 3167 2804 3220 sed
2825 3175 2944 3218 tunc
2967 3180 3161 3234 quoque
3186 3181 3218 3217 a
3237 3181 3317 3218 nte
3334 3167 3560 3232 potuisse
3587 3167 3726 3220 dici:

2164 3236 2434 3291 Peccatum
2457 3245 2532 3288 est
2557 3237 2792 3288 voluntas
2831 3235 3080 3288 retinendi
3104 3236 3182 3287 vel
3215 3234 3553 3298 consequendi
3592 3235 3728 3301 quod

2089 3295 2136 3359 C
2155 3306 2364 3377 justitia
2386 3313 2618 3377 retat,g__et
2640 3306 2772 3357 unde
2801 3303 3012 3377 liberum
3043 3312 3116 3356 est
3154 3295 3422 3377 abstinere.
3454 3295 3616 3377 Quod
3637 3319 3728 3358 ex-

2166 3370 2412 3444 plicatius
2436 3373 2602 3444 tradit
2625 3387 2743 3444 cap.
2775 3386 2887 3441 seq.
2915 3387 2930 3424 :
2962 3370 3167 3444 Peccati
3197 3386 3338 3425 reum
3375 3373 3534 3444 teneri
3557 3387 3730 3440 quem-

2165 3440 2479 3525 ῐμεαηιληρεία
2501 3442 2743 3525 ’ξυνέσει
2782 3440 2928 3525 iubs.
2948 3441 3116 3525 facere
3147 3440 3480 3525 ηοπηηρίιείιρ
3520 3456 3732 3525 ’ωηιξη

2164 3507 2446 3578 iniquitatis
2471 3518 2544 3564 est
2568 3507 3216 3575 etinsanimouamottrem
3243 3507 3348 3562 illa:
3374 3509 3559 3562 animle
3575 3511 3732 3577 quid-

2164 3582 2286 3649 quid
2317 3579 2546 3648 fuciunt,
2575 3581 2619 3649 si
2645 3587 2856 3649 natura,
2878 3593 2979 3630 non
3008 3579 3268 3649 voluntate
3294 3579 3490 3649 faciunt
3510 3617 3525 3641 ,
3556 3579 3611 3630 id
3633 3589 3728 3642 est,

2165 3646 2210 3703 si
2251 3646 2412 3702 libero
2451 3657 2499 3701 et
2533 3648 2602 3700 ad
2641 3647 2930 3716 faciendum
2961 3655 3016 3716 et
3053 3648 3122 3716 ad
3151 3662 3252 3716 non
3281 3646 3569 3716 faciendum
3594 3661 3733 3701 motu

2165 3719 2320 3771 animi
2359 3726 2572 3782 carent;
2616 3717 2660 3769 si
2689 3715 2910 3782 denique
2949 3715 3029 3768 his
3054 3715 3339 3768 abstinendi
3365 3716 3428 3768 ab
3456 3731 3610 3782 opere
3637 3733 3730 3769 sua

2163 3794 2382 3856 potestas
2415 3786 2562 3856 nulla
2590 3785 2884 3856 conceditur
2903 3824 2919 3848 ,
2948 3794 3208 3856 peccatum
3233 3793 3604 3856 earum__tenere
3631 3801 3730 3856 non

2199 3869 2448 3909 assumus.
2481 3853 2660 3922 itaque
2686 3853 2744 3909 S.
2781 3852 3140 3920 Augustinus,
3170 3854 3260 3921 qui
3286 3852 3354 3906 de
3389 3853 3636 3907 libertate
3658 3853 3725 3907 ad

2231 3939 2299 3977 ne
2330 3922 2909 3992 agendumnecessaria
2949 3936 3010 3976 se
3041 3922 3374 3992 eademcum
3401 3922 3595 3986 doctis,
3618 3936 3732 3975 ma-

2160 3989 2737 4062 gistris,'antistitibus,
2769 3993 2876 4045 imo
2902 4005 3022 4062 cum
3052 3989 3375 4058 pastoribus,
3398 4005 3519 4044 eum
3537 3995 3729 4059 poetis,

2164 4059 2282 4116 cum
2311 4059 2541 4114 indoctis
2576 4061 2778 4114 sentire
2805 4060 3080 4128 professus
3113 4068 3217 4125 est,
3257 4070 3403 4128 certe
3429 4073 3537 4113 non
3565 4062 3738 4114 tenuit

2165 4143 2286 4184 eam
2311 4130 2653 4194 sententiam,
2686 4127 2844 4196 quam
2874 4127 3067 4183 frustra
3087 4129 3140 4182 in
3169 4127 3500 4196 pastoribus,
3529 4129 3586 4181 in
3611 4143 3737 4198 poe-

2166 4199 2256 4263 tis,
2279 4198 2332 4251 iu
2354 4199 2581 4252 indoctis
2608 4197 2904 4266 quasieris,
2928 4211 2997 4250 ne
3018 4209 3432 4252 commemorem
3455 4212 3596 4251 nunc
3619 4212 3734 4250 ma-

2165 4266 2378 4334 gi5tros,
2410 4265 2674 4328 doctores,
2705 4265 2991 4328 antistites,
3024 4265 3113 4332 qui
3151 4271 3276 4319 ante
3301 4281 3424 4319 eum
3467 4277 3558 4319 aut
3615 4280 3734 4319 cum

2165 4347 2231 4388 eo
2257 4337 2537 4392 vixerunt:
2569 4347 2703 4404 quos
2753 4334 2894 4404 ultro
2936 4334 3091 4387 nobis
3141 4335 3455 4404 concedunt
3491 4335 3582 4404 qui
3631 4337 3739 4388 Au-

2167 4404 2364 4471 gustini
2394 4401 2625 4457 mentem
2655 4403 2759 4456 alio
2806 4401 3149 4471 detorquent.
3191 4403 3456 4469 Quorsum
3500 4401 3615 4458 haec
3643 4419 3737 4456 au-

2167 4472 2311 4526 tem?
2359 4472 2654 4540 quorsum?
2692 4479 2750 4524 ut
2798 4479 2976 4540 pateth
3027 4471 3344 4526 catholicam
3394 4487 3515 4526 esse
3567 4475 3738 4527 nostri

2166 4550 2337 4608 poeta:
2358 4539 2423 4595 de
2452 4540 2697 4594 libertate
2730 4539 3070 4610 sententiam,
3100 4543 3187 4610 qui
3215 4555 3277 4594 ea
3308 4550 3511 4594 tantum
3535 4541 3740 4596 docue-

2166 4611 2235 4662 rit
2270 4624 2396 4678 qua:
2442 4623 2664 4678 magnus
2706 4610 2891 4676 gratia:
2948 4609 3135 4663 doctor
3191 4610 3517 4678 Augustinus
3563 4613 3741 4667 obviis

2171 4677 2309 4731 ulnis
2342 4677 2775 4743 amplectebatur.

2243 4747 2381 4817 697._
2405 4745 2672 4817 Giselinus
2701 4746 2902 4817 invenit
2924 4745 3072 4810 vade,
3103 4747 3194 4813 ait,
3219 4747 3314 4802 sed
3344 4748 3576 4817 pratulit
3604 4751 3744 4803 unde

2172 4816 2269 4878 ait,
2295 4815 2421 4884 quia
2445 4815 2614 4883 magis
2641 4816 2806 4868 servit
2827 4817 3084 4884 orationis
3107 4815 3455 4884 connexioni,
3483 4827 3540 4872 et
3563 4817 3740 4873 facilis

2177 4885 2276 4938 fuit
2299 4883 2542 4938 mutatio.
2594 4884 2666 4936 Ita
2696 4883 2909 4951 quidem
2951 4883 3148 4939 habent
3197 4885 3359 4950 aliqui
3389 4883 3550 4940 cedd.
3580 4926 3597 4951 ,
3643 4890 3739 4941 sed

2177 4963 2288 5008 tres
2337 4952 2657 5006 vetustiores
2703 4952 3008 5019 Heinsiani,
3057 4954 3248 5017 Alex.,
3273 4953 3413 5008 Urb.
3436 4969 3560 5008 eum
3591 4956 3741 5022 Ald.,

2180 5022 2363 5081 Fabr..
2396 5021 2556 5085 vade,
2585 5023 2678 5073 ait.
2703 5021 3128 5076 Elmenhorstius
3155 5023 3207 5076 in
3240 5023 3532 5080 Arnobium
3556 5023 3652 5078 lib.
3678 5021 3737 5086 tt.

2183 5106 2305 5164 pag.
2332 5091 2757 5164 60,_senten_t_iar_n_
2772 5092 3166 5164 hancillustrat,
3186 5093 3574 5164 confirmatque
3593 5096 3738 5164 quod

2175 5158 2544 5213 ait’Arnohius
2569 5175 2583 5211 :
2608 5159 2757 5212 Nulli
2786 5159 2924 5212 Deus
2952 5161 3106 5227 infert
3127 5163 3490 5215 necessitatem.

2245 5228 2367 5282 698.
2413 5227 2470 5280 In
2495 5228 2609 5280 Put.
2633 5229 2782 5297 abest
2800 5237 2849 5282 et
2872 5237 2990 5297 post
3013 5228 3182 5291 homo,
3209 5239 3265 5282 ut
3286 5231 3338 5283 in
3359 5231 3504 5296 Διά..
3529 5240 3585 5286 et
3606 5231 3736 5285 Ilar.

2177 5313 2206 5350 a
2230 5298 2397 5365 prima
2425 5310 2604 5350 manu.
2631 5295 2910 5362 Cauchius,
2941 5298 3088 5360 vade,
3115 5299 3285 5364 homo,
3303 5301 3375 5351 ait
3401 5295 3550 5366 flatu.
3584 5303 3738 5354 Alex.

2179 5380 2297 5438 eum
2327 5366 2472 5438 Put.,
2495 5366 2642 5438 vade,
2679 5366 3233 5438 homo_afflatu._Urb..
3290 5368 3442 5438 Prag.
3471 5409 3487 5433 ,
3520 5369 3737 5434 Weitz.,

2180 5435 2316 5508 liis”
2350 5435 2496 5496 uade,
2516 5435 2690 5508 homo,
2717 5443 2763 5486 et
2781 5435 2995 5508 afflatu.
3019 5435 3303 5508 [ariettus
3320 5435 3470 5508 noiat
3490 5453 3553 5490 ex
3578 5438 3737 5508 Prsg.

2172 5514 2223 5557 et
2247 5502 2390 5567 Bat.,
2418 5504 2554 5555 unde
2577 5517 2671 5570 pro
2694 5502 3031 5573 vade,'ltomo.
3051 5503 3273 5557 Defendi
3293 5506 3342 5558 id
3369 5517 3566 5573 posset,
3590 5502 3736 5573 uade,

2176 5574 2344 5638 homo,
2385 5573 2568 5640 afflatu
2586 5611 2601 5634 ,
2639 5571 2734 5644 sed
2767 5573 2834 5644 ita
2860 5580 2918 5625 ut
2945 5586 3050 5628 non
3080 5573 3307 5629 elidatur
3333 5571 3429 5629 aut
3453 5590 3481 5629 e
3508 5571 3736 5644 invade,

2175 5650 2263 5696 aut
2288 5657 2316 5694 ο
2341 5653 2661 5710 postremum
2685 5641 2735 5694 in
2765 5641 2936 5696 homo.
