3922 6380
535 389 657 445 «2th

1817 379 2114 434 VICTORIS
2156 378 2450 433 VITENSIS

3604 376 3705 433 Sili

557 500 681 551 bnit.
719 496 802 548 Sic
827 503 906 546 est
933 494 1028 544 hoc
1052 490 1307 557 quomodo
1333 488 1378 543 si
1406 489 1607 541 dicatur
1643 487 1860 551 homini,
1893 498 1948 539 ut
1983 504 2071 553 per
2105 494 2153 547 Α
2179 496 2371 553 quanto
2415 488 2573 555 magis
2602 488 2890 539 communis
2934 502 3109 541 mensa
3136 488 3365 540 ciborum
3412 487 3597 555 poterit
3626 488 3705 540 in-

552 599 674 637 acra
702 583 895 636 feratur
919 590 970 633 et
998 579 1196 641 volitet,
1226 577 1363 645 quod
1410 578 1568 628 moris
1597 590 1697 627 non
1726 585 1806 627 est
1836 580 2073 626 humana:

554 680 771 722 natura.
816 668 928 719 Dixi
954 668 1116 729 enim,
1166 666 1207 717 si
1251 674 1479 717 nostram
1514 664 1686 726 fidem,
1716 680 1831 729 qua:
1874 679 1972 715 una
2025 673 2076 715 et

553 771 671 809 vera
700 756 829 808 fides
870 763 981 816 est,
1028 762 1257 819 potestas
1306 752 1443 817 regis
1467 766 1767 817 agnoscere
1791 752 2073 815 desiderat,

551 846 719 895 mittat
764 843 828 894 ad
881 844 1075 893 amicos
1122 855 1243 893 suos
1275 855 1287 884 ε
1321 840 1540 889 scribam
1598 848 1650 889 et
1694 854 1788 905 ego
1837 838 2077 890 fratribus

551 933 698 994 meis,
730 941 786 983 ut
810 931 1017 981 veniant
1043 927 1335 993 coepiscopi
1365 928 1489 988 mei,
1518 927 1604 993 qui
1638 926 1783 977 Vobis
1808 927 2074 977 nobiscum

549 1036 875 1085 communem
907 1020 1059 1071 ﬁdem
1090 1028 1316 1069 nostram
1360 1017 1565 1067 valeant
1605 1018 1983 1076 demonstrare,
2026 1026 2077 1066 et

552 1111 807 1176 przecipue
836 1108 1063 1160 Ecclesia
1092 1108 1343 1166 Romana,
1366 1120 1480 1169 quie
1508 1113 1530 1138 ο
1558 1114 1710 1165 caput
1736 1112 1814 1154 est
1846 1107 2075 1155 omnium

554 1200 921 1251 Ecclesiarum.
955 1198 1031 1248 Ad
1065 1197 1174 1247 haec
1198 1194 1439 1246 Cubadus
1470 1211 1481 1242 :
1514 1194 1646 1258 Ergo
1669 1201 1741 1255 tu,
1764 1193 2078 1244 etduminus

551 1303 698 1340 meus
724 1303 836 1347 rex,
866 1286 1065 1337 similes
1096 1283 1255 1335 estis?
1285 1282 1545 1347 Eugenius
1589 1280 1865 1346 episcopus
1903 1282 2037 1332 dixit
2063 1300 2072 1330 :

552 1378 659 1445 Ego
682 1373 867 1427 similis
893 1373 999 1440 regi
1046 1386 1147 1423 non
1195 1386 1338 1432 sum;
1368 1370 1458 1421 sed
1487 1370 1591 1420 dixi
1628 1388 1638 1419 :
1670 1368 1725 1421 Si
1770 1384 1942 1420 veram
1991 1384 2080 1421 eo-

549 1478 797 1531 gnoscere
825 1461 1083 1515 desiderat
1112 1460 1263 1511 [idem
1282 1499 1296 1521 ,
1323 1459 1515 1510 scribat
1554 1458 1736 1509 amicis
1755 1458 1884 1519 suis,
1916 1465 1970 1508 ut
1996 1457 2077 1509 di-

551 1554 718 1621 rigant
761 1562 965 1604 nostros
1006 1550 1293 1601 catholicos
1332 1548 1635 1613 episcopos;
1684 1558 1735 1598 et
1783 1561 1879 1612 ego
1908 1546 2079 1597 scribo

549 1636 871 1708 COCplSCOpiS
899 1640 1049 1701 mnis,
1078 1638 1196 1702 quia
1241 1636 1509 1688 catholicse
1541 1635 1659 1688 lidei
1692 1636 1947 1686 universa:
1978 1650 2075 1684 una

550 1742 629 1784 est
655 1746 829 1783 causa.
855 1730 963 1781 Hoc
1005 1730 1188 1795 agebat
1213 1728 1495 1793 Eugenius,
1542 1740 1643 1776 non
1670 1727 1803 1789 qnol
1835 1724 2077 1776 deessent

2180 576 2426 640 quinare,
2471 589 2586 626 cum
2634 574 2769 627 dicat
2819 576 2953 628 idem
2989 574 3263 641 Apostolus
3295 588 3453 627 zeum
3492 574 3704 629 nefari'u

2180 676 2275 714 nec
2296 664 2465 713 cilmm
2498 662 2688 714 habere
2710 677 3037 715 communem
3071 662 3121 725 (Ι
3148 662 3263 714 Cor.
3294 678 3345 724 v,
3376 662 3496 725 tl)?

2251 750 2405 801 XVII.
2450 748 2631 815 Ingens
2678 751 2993 801 miraculum.
3024 780 3091 789 —
3125 750 3225 803 Sed
3266 764 3381 802 cum
3429 750 3561 816 ignis
3593 750 3701 817 jam

2181 838 2557 904 persecutionis
2603 836 3004 901 accenderetur,
3055 846 3107 889 et
3158 836 3361 888 ﬂamma
3412 834 3702 889 infestantis

2180 926 2365 989 ubique
2393 924 2527 991 regis
2553 924 2790 987 arderet,
2826 925 3053 977 ostendit
3075 925 3210 977 Dens
3238 933 3415 977 noster
3441 924 3701 990 quoddam

2179 1014 2479 1065 miraculum
2539 1028 2630 1076 per
2673 1027 2878 1064 servum
2927 1027 3074 1065 suum
3140 1013 3342 1065 fidelem
3393 1011 3698 1077 Eugenium,

2176 1101 2312 1167 quod
2364 1102 2627 1166 prmterire
2673 1117 2771 1152 non
2802 1102 2985 1154 debeo.
3021 1100 3134 1153 Fuit
3163 1102 3212 1151 in
3256 1101 3437 1152 eadem
3465 1100 3700 1163 civitate,

2179 1190 2227 1241 id
2261 1199 2338 1241 est
2367 1190 2693 1256 Carthagine,
2726 1190 2931 1257 quidam
2958 1205 3124 1243 aecus
3162 1191 3357 1241 civibus
3402 1190 3700 1257 civitatique

2180 1277 2496 1337 notissimus,
2525 1278 2732 1330 nomine
2762 1279 2925 1331 Felix.
2958 1279 3050 1331 Hic
3102 1279 3340 1330 visitatur
3382 1293 3410 1329 a
3461 1279 3699 1338 Domino,

2178 1366 2468 1432 diciturque
2495 1366 2541 1417 ei
2573 1377 2723 1420 nocte
2752 1382 2843 1433 per
2889 1368 3051 1417 visum
3074 1406 3087 1428 ,
3120 1377 3141 1401 ε
3172 1368 3283 1419 dies
3310 1367 3446 1418 enim
3476 1366 3699 1432 Epipha-

2179 1455 2382 1507 niorum
2410 1456 2741 1509 illucescebat
2772 1458 2788 1507 :'
2817 1455 3011 1521 Surge,
3042 1455 3170 1507 vade
3191 1454 3254 1506 ad
3284 1468 3489 1507 servum
3529 1469 3698 1506 meum

2181 1543 2469 1611 Eugenium
2498 1545 2820 1611 episcopum,
2848 1552 2900 1595 et
2923 1544 3064 1595 dices
3089 1543 3159 1603 ei,
3197 1541 3317 1609 quia
3344 1556 3439 1608 ego
3468 1551 3518 1593 te
3545 1541 3610 1593 ad
3639 1542 3697 1592 il-

2179 1631 2282 1682 lum
2322 1632 2505 1684 direxi.
2540 1632 2603 1684 Et
2642 1632 2728 1684 illa
2760 1630 2887 1683 hora
2938 1645 3037 1698 qua
3085 1628 3345 1682 benedicet
3387 1627 3600 1691 fontem,
3648 1640 3698 1679 nt

2182 1719 2503 1785 baptisentur
2554 1720 2862 1773 accedentes
2909 1722 2972 1771 ad
3017 1719 3189 1779 fidem,
3220 1721 3480 1785 continget
3524 1719 3703 1773 oculos

550 1822 599 1871 in
631 1818 800 1871 Africa
833 1819 917 1885 qui
949 1817 1364 1867 adtersarinium
1395 1816 1596 1879 objecta
1626 1814 1955 1872 refellerent,
1988 1813 2076 1864 sed
2109 1803 2152 1857 Β
2182 1816 2292 1857 tuos
2314 1846 2329 1866 .
2356 1818 2408 1858 et
2445 1786 2763 1873 aperientur,
2815 1816 2868 1860 et
2910 1808 3107 1861 videbis
3153 1796 3345 1860 lumen.
3372 1808 3467 1872 Qui
3515 1807 3604 1858 tali
3632 1807 3701 1860 vi--

550 1916 605 1959 ut
634 1908 704 1957 illi
730 1909 1013 1965 venissent,
1046 1905 1133 1967 qui
1176 1904 1330 1954 alieni
1361 1906 1424 1951 ab
1450 1918 1626 1953 eorum
1654 1902 1943 1959 dominatu,
1972 1917 2078 1951 ma-

550 1995 711 2059 jorem
762 1991 998 2041 fiduciam
1043 1988 1294 2039 libertatis
1328 1987 1595 2047 haberent,
1647 1990 1941 2051 pariterque
1988 2002 2079 2051 np.

552 2078 831 2147 pressionis
862 2087 1051 2129 nostra:
1096 2078 1381 2129 calumnias
1413 2075 1672 2126 universis
1719 2075 1869 2126 terris
1897 2084 1949 2127 et
1988 2088 2077 2139 po-

553 2170 684 2236 pulis
713 2169 1025 2218 nuntiarent.
1624 2220 1631 2233 ί

622 2256 751 2306 XVI.
774 2253 836 2304 In
861 2255 1110 2319 episropos
1137 2249 1515 2303 saltim—Ille
1538 2260 1709 2303 autem
1732 2250 1819 2318 qui
1837 2252 2078 2303 nectebat

550 2342 697 2393 dolos
719 2381 733 2402 ,
764 2340 942 2391 audire
978 2339 1141 2389 noluit
1171 2337 1423 2389 rationem
1451 2379 1462 2401 ,
1495 2350 1652 2401 agens
1679 2337 2077 2403 argumentatio-

552 2414 702 2481 nibus
732 2429 949 2488 crebris,
982 2436 1037 2478 ut
1064 2440 1403 2491 quoscunque
1443 2426 1803 2490 episcoporum
1847 2423 2078 2474 audierat

548 2518 799 2581 eruditos,
819 2516 976 2567 variis
1004 2514 1428 2567 insectationibus
1448 2513 1680 2578 agitaret.
1706 2512 1818 2563 Jain
1847 2514 1910 2562 ad
1938 2512 2077 2563 ειείο

551 2612 672 2660 lium
722 2608 748 2643 δ
796 2606 1106 2659 νίὺίθηρηνθ
1149 2604 1377 2655 secundo
1433 2603 1773 2655 Donatianum
1826 2602 2076 2667 impositis

550 2704 758 2748 centum
804 2694 1172 2760 quinquaginta
1224 2692 1446 2743 fustibus
1495 2691 1703 2743 miserat
1753 2692 2070 2756 episc0pum,

556 2789 654 2853 21
686 2799 883 2837 necnon
913 2793 963 2835 et
992 2782 1371 2835 Sufetulensem
1402 2780 1728 2843 Pra-sidium,
1765 2781 1928 2830 virum
1952 2779 2075 2830 satis

553 2890 778 2927 acutum.
798 2875 940 2927 Tunc
960 2884 1011 2927 et
1036 2874 1354 2925 venerabiles
1376 2874 1716 2933 Mansuetum,
1741 2871 2073 2933 Germanum,

554 2964 848 3025 Fusculum,
878 2970 931 3012 et
974 2962 1165 3011 multos
1206 2961 1336 3010 alios
1367 2958 1643 3023 fustigavit.
1679 2958 1806 3008 Dum
1838 2957 1947 3007 haec
1991 2955 2077 3021 ge-

553 3059 753 3111 runtur,
782 3050 1001 3114 irruperat
1023 3059 1079 3099 ut
1096 3064 1211 3099 cum
1233 3059 1420 3097 l10~tr=r
1442 3046 1703 3111 religionis
1724 3047 1847 3097 viris
1871 3046 2074 3096 illorum

2180 1896 2327 1947 sione
2368 1897 2735 1958 commonitus,
2766 1904 2951 1961 putans
2974 1910 3047 1957 se,
3092 1895 3349 1963 quomodo
3371 1895 3583 1958 assolet,
3613 1894 3695 1946 de-

2179 1984 2282 2033 ludi
2315 1999 2404 2048 per
2447 1985 2739 2046 somnium,
2774 1999 2984 2050 surgere
3033 1984 3195 2036 noluit
3222 1999 3407 2037 caseus.
3438 1984 3537 2037 Sed
3585 1998 3700 2036 eum

2179 2072 2362 2123 iterum
2396 2083 2664 2139 urgeretur
2690 2073 2741 2124 in
2770 2086 3005 2125 somnum
3025 2114 3039 2137 ,
3080 2073 3318 2125 similiter
3348 2084 3401 2124 ut
3440 2074 3503 2125 ad
3534 2073 3697 2139 Euge-

2177 2164 2316 2213 nium
2349 2175 2603 2230 pergeret,
2632 2163 2978 2229 compellitur.
3013 2163 3209 2215 Rursus
3240 2164 3479 2229 negligit,
3523 2164 3697 2227 tertio-

2176 2267 2275 2315 que
2320 2252 2620 2303 festinantcr
2646 2261 2697 2303 et
2725 2252 2951 2315 graviter
2995 2253 3311 2315 increpalnr.
3343 2250 3541 2301 Excitat
3580 2263 3697 2314 pue-

2178 2354 2291 2390 rum
2331 2340 2417 2404 qui
2465 2340 2512 2390 ei
2558 2339 2742 2390 solitus
2794 2348 2906 2390 erat
2953 2352 3160 2390 manum
3210 2339 3489 2404 purigere.
3535 2336 3704 2398 Pergit

2177 2425 2339 2479 veloci
2372 2428 2598 2495 agilitate
2624 2428 2685 2478 ad
2721 2427 2893 2479 Fausti
2920 2428 3212 2488 basilicam;
3239 2437 3371 2487 orat,
3396 2435 3449 2479 et
3488 2427 3707 2479 veniens

2176 2533 2292 2569 cum
2324 2517 2615 2584 ingentibus
2647 2518 2909 2585 lacrymis,
2959 2516 3185 2583 suggerit
3213 2515 3415 2567 cuidam
3443 2513 3467 2550 ά
3493 2513 3701 2566 subdia-

2176 2622 2307 2658 ccino
2338 2608 2542 2659 nomine
2576 2604 2853 2673 Peregrina
2880 2615 2935 2657 ut
2979 2621 3095 2658 eum
3132 2606 3374 2671 episcopo
3421 2606 3703 2667 nuntiaret,

2178 2696 2410 2747 indicans
2453 2709 2511 2746 se
2560 2694 2747 2747 habere
2793 2694 2999 2760 aliquod
3044 2692 3235 2747 secreti
3262 2707 3425 2759 genus
3460 2692 3705 2744 intiman-

2176 2783 2320 2833 dum.
2370 2782 2595 2833 Audiens
2644 2783 2918 2846 episcOpus
2964 2782 3119 2847 jussit
3165 2780 3424 2831 hominem
3471 2780 3699 2832 introire.

2176 2869 2286 2920 Jain
2308 2868 2445 2919 enim
2468 2870 2534 2921 ob
2555 2868 2905 2920 celebritatem
2930 2867 3243 2926 festivitatis,
3264 2866 3441 2935 hymni
3465 2865 3704 2919 nocturni

2177 2971 2269 3025 per
2320 2965 2476 3008 totam
2506 2955 2775 3007 ecclesiam
2813 2964 3029 3007 canente
3065 2956 3251 3021 populo
3299 2953 3703 3020 concrepabant.

2177 3043 2373 3097 Indicat
2400 3058 2567 3097 emotis
2597 3043 2807 3096 antistiti
2839 3044 3076 3097 ordinem
3099 3043 3308 3096 visionis
3328 3057 3457 3106 suae,
3476 3041 3707 3110 dicitque

555 3151 781 3187 mensnu
811 3136 982 3186 nullus
1020 3148 1345 3187 communem
1378 3132 1622 3198 habt-ret,
1654 3148 1817 3199 neque
1842 3148 1959 3185 cum
1988 3151 2075 3186 ea.
2102 3122 2145 3180 C
2179 3133 2247 3184 illi
2274 3151 2284 3183 :
2313 3133 2421 3185 Non
2445 3142 2494 3184 te
2514 3131 2769 3184 dimittam
2793 3133 2889 3187 nisi
2914 3133 3062 3193 mihi,
3091 3133 3269 3184 sicula
3292 3128 3491 3183 ῡηιηῐυε
3530 3129 3712 3198 jussus

556 3226 757 3277 tholicis
785 3224 995 3274 omnino
1032 3230 1385 3274 veSCerentur.
1416 3223 1540 3286 Quae
1570 3237 1652 3274 res
1698 3237 1799 3275 non
1825 3222 1952 3290 ipsis
1980 3226 2076 3277 ali-

556 3315 692 3375 quod
717 3314 953 3379 priestitit
977 3313 1306 3373 benelicinin,
1341 3314 1431 3364 sed
1477 3314 1625 3365 nobis
1650 3316 1928 3365 maximum
1950 3330 2078 3367 con-

557 3401 671 3453 tulit
690 3403 908 3453 lucrum.
936 3401 1059 3451 Nam
1083 3400 1126 3449 si
1153 3414 1327 3450 sermo
1348 3396 1548 3459 eOrutn,
1578 3399 1784 3451 dicente
1807 3403 2077 3464 Apestolo,

555 3490 684 3541 sicut
730 3502 917 3541 cancer
964 3486 1238 3539 consuevit
1282 3501 1490 3553 serpere
1539 3484 1622 3555 (ll
1669 3486 1801 3539 Tim.
1858 3503 1915 3553 tt,
1970 3490 2080 3556 l7),

626 3609 647 3635 α
677 3598 764 3649 Sic
790 3599 913 3649 olim
954 3597 1241 3663 Cyprianus
1277 3596 1558 3665 Romanam
1592 3596 1863 3648 Ecclesium
1892 3600 2077 3665 princi-

555 3666 1045 3745 ξιιιζιεηι,ειιιιιεειιειιιερι1
1067 3666 1218 3745 epist.
1322 3664 1444 3745 edit.
1465 3668 1654 3745 (litem,
1673 3666 1800 3745 alias
1819 3666 1904 3726 55,
1923 3683 2077 3745 quem

557 3727 741 3785 imitati
767 3727 883 3781 sunt
909 3734 992 3781 a‘ii
1022 3732 1243 3782 Africani
1273 3732 1703 3797 Patres.0ptatns
1725 3727 1809 3784 lib.
1840 3751 1873 3786 ll
1896 3727 2079 3785 adver-

555 3816 645 3853 sus
680 3800 1105 3858 I’armeniannm,
1141 3798 1456 3861 Augustinus
1486 3800 1695 3863 passim,
1723 3810 1776 3851 et
1810 3803 1914 3852 alii.
1955 3801 2078 3853 Vide

558 3867 835 3919 Mahillonii
878 3866 1038 3915 nostri
1082 3865 1434 3926 praefationem
1466 3865 1517 3915 in
1549 3866 1828 3931 Liturgiam
1858 3866 2079 3919 Gallica-

556 3951 694 3986 nam.
727 3935 979 3985 (ἐπιθυ-ηερ
1010 3932 1171 3983 Julius
1206 3945 1333 3997 papa
1364 3931 1415 3981 in
1444 3934 1661 3996 epistola
1691 3933 1753 3983 ad
1784 3936 2075 3988 Orientales

554 4005 825 4069 episc0pos
850 4004 1260 4069 conqueritnr‘se
1290 4000 1355 4050 ab
1379 3999 1441 4050 iis
1462 4000 1537 4069 ad,
1557 4002 1835 4055 concilium
1853 4004 2073 4055 advoca-

558 4067 662 4123 tum
691 4067 791 4122 non
822 4071 997 4121 fuisse.
1025 4068 1150 4119 Vide
1182 4067 1457 4136 Sozomen.
1490 4068 1577 4119 lib.
1611 4084 1664 4120 Ill
1706 4070 1834 4123 llist.
1862 4073 2070 4136 eccles.,

554 4155 669 4202 cap.
701 4138 779 4190 lt).
814 4136 1109 4201 Fulgentius
1127 4145 1179 4187 et
1207 4135 1380 4187 caueri
1403 4136 1626 4202 episcOpi
1651 4139 1855 4190 exsules
1884 4140 1931 4189 in
1957 4140 2078 4191 Sar-

554 4207 716 4270 dinia,
743 4207 962 4270 epistola
994 4205 1055 4255 l5
1086 4205 1149 4254 ad
1176 4202 1451 4255 Venerium
1480 4213 1533 4255 et
1568 4207 1837 4267 Joannem,
1867 4207 2080 4258 laudant

556 4273 843 4325 llormisdan
867 4270 1120 4335 pontilicis
1166 4270 1379 4319 Romani
1412 4272 1587 4326 verba.
1622 4282 1672 4321 ut
1701 4274 1975 4324 ostendant
2014 4274 2078 4323 de

555 4340 716 4395 gratia
766 4339 1004 4390 omnibus
1056 4350 1172 4386 esse
1228 4335 1528 4395 tenendum,
1572 4338 1692 4401 quid
1730 4338 1972 4401 Romana,
2003 4340 2076 4391 in.

555 4408 759 4467 uniuni,
790 4405 842 4456 id
872 4414 962 4464 est,
988 4403 1236 4453 catholica
1260 4404 1402 4453 sentit
1422 4411 1467 4453 et
1483 4412 1641 4454 servat
1670 4403 1908 4457 Ecclesia.

626 4475 651 4510 δ
682 4474 769 4525 Sic
796 4472 919 4525 editi
945 4472 1053 4522 fere
1070 4476 1269 4531 omnes,
1296 4472 1391 4522 nisi
1422 4471 1557 4535 quod
1588 4472 1777 4523 habent
1816 4473 2078 4524 Vibianen-

554 4558 675 4592 sem.
711 4540 858 4593 Colb.
896 4543 915 4591 Ι
963 4537 1250 4590 Vibianensa
1294 4542 1583 4590 secundum.
1634 4539 1780 4593 Sicut
1821 4542 2076 4603 εειΜιῖιί.9

556 4609 671 4662 Fui.
706 4620 759 4662 et
801 4607 977 4661 Germ.
1006 4624 1018 4658 :
1049 4607 1139 4659 sed
1169 4610 1253 4673 qui
1306 4608 1434 4658 infra
1467 4623 1558 4672 pro
1580 4614 1862 4674 episcOpum
1891 4611 2079 4662 habent

556 4679 831 4744 episcopos,
858 4676 1000 4742 quasi
1040 4677 1249 4727 secundi
1284 4678 1511 4734 nomine.
1545 4680 1816 4741 epist'opns
1849 4678 1931 4730 hic
1967 4682 2079 4744 qui-

556 4747 672 4795 dam
700 4743 729 4795 a
752 4745 955 4795 Victore
976 4743 1336 4809 designaretur
1354 4744 1634 4795 Doiiaiiano
1656 4748 1901 4797 sociatus.
1925 4743 2079 4799 Simi-
2108 4745 2128 4766 ”

558 4812 675 4862 liter
717 4811 934 4863 Orthod.
986 4824 1034 4863 et
1074 4810 1342 4861 Lorichius
1372 4811 1600 4862 habent:
1644 4812 1958 4874 l’inianmse,
2004 4830 2081 4864 se-

559 4880 792 4939 cundum,
833 4876 1168 4947 Donatiannm
1194 4878 1432 4938 impositis
1469 4891 1747 4931 centnnt....
1787 4883 2077 4947 episcopos;

558 4959 603 4997 et
628 4950 717 4997 sub
754 4946 993 5013 fetulenss
1022 4948 1302 5010 prwsidium
1348 4961 1530 5006 rerum,
1555 4958 1771 5010 acutum,
1818 4959 1919 5001 etc.
1974 4952 2077 5008 Sed

560 5016 642 5066 ita:
670 5016 916 5066 lectiones
944 5015 1354 5065 mendosissiin'a:
1378 5024 1513 5082 sunt.
1544 5013 1758 5067 Unicum
1779 5020 1968 5082 quippe
1996 5018 2079 5069 hic

561 5082 915 5135 tantum-modo
939 5082 1193 5149 designari
1218 5081 1554 5131 Donatianum
1570 5081 1891 5149 episcopum,
1908 5081 2080 5145 liquet

560 5167 621 5204 ex
652 5153 865 5203 vetustis
893 5148 1271 5216 triartyrologiis
1290 5149 1525 5209 Usuardi,
1568 5148 1781 5206 Adonis.
1815 5163 1867 5203 et
1892 5152 2079 5205 N0tlte-

562 5222 624 5282 ri,
659 5220 707 5271 in
732 5219 916 5285 quibus
947 5217 1030 5268 die
1055 5218 1086 5269 6
1115 5217 1435 5285 Septembris
1464 5217 1606 5285 solus
1636 5218 2074 5272 Donatianuscum

562 5288 693 5339 infra
715 5284 983 5353 recensitis
1001 5284 1292 5353 celebratur
1317 5286 1394 5335 bis
1420 5284 1591 5353 verbis
1616 5302 1627 5333 :
1658 5288 1755 5353 77
1779 5287 2079 5339 Sanctorum

564 5354 850 5417 Donatiuni,
895 5351 1148 5411 Prwsidii,
1202 5351 1471 5411 Mansueti,
1513 5350 1743 5403 German—1
1771 5364 1816 5403 et
1851 5355 2074 5418 Fusculi,

561 5424 665 5487 qni,
692 5431 817 5483 etc.,
847 5436 950 5487 quo
978 5432 1096 5471 item
1120 5418 1203 5487 die
1230 5420 1279 5470 in
1314 5419 1545 5487 Itomano
1573 5422 1934 5486 Martyrologio
1969 5440 2078 5473 me-

565 5485 848 5542 morantur.
865 5485 1024 5541 Porro
1045 5490 1092 5537 in
1110 5485 1295 5537 Notitia
1327 5485 1565 5537 Africana
1588 5485 1807 5553 quatuor
1833 5490 2072 5541 Donatia-

566 5570 661 5607 nos
684 5558 953 5622 episcopos
981 5556 1187 5607 invenio
1194 5568 1226 5624 λ
1242 5552 1585 5624 ri’eselitanuni
1605 5552 1797 5607 Scilicet
1823 5568 1875 5608 et
1898 5558 2075 5624 Tegla-

567 5638 763 5676 nensem
788 5626 840 5678 in
864 5620 1133 5687 Numidia,
1184 5620 1429 5675 Eliensem
1463 5621 1517 5676 in
1562 5622 1845 5689 Byzacena,
1876 5634 1928 5678 et
1960 5620 2076 5679 Usi-

2107 4382 2156 4438 D

2180 3236 2268 3279 es,
2313 3221 2599 3273 reddideris
2627 3220 2808 3273 oculos
2848 3234 3013 3272 meos.
3043 3219 3135 3273 Cui
3161 3227 3372 3272 sanctus
3403 3219 3662 3287 Engeuins
3689 3234 3703 3271 :

2182 3311 2383 3363 Recede
2410 3326 2438 3361 a
2469 3325 2551 3363 me
2571 3349 2585 3372 ,
2619 3308 2804 3371 frater;
2844 3317 3087 3375 peccator
3122 3322 3237 3361 sum
3267 3318 3319 3361 et
3359 3306 3623 3373 indignus,
3653 3314 3706 3359 et

2181 3414 2337 3465 super
2363 3412 2543 3451 omnes
2573 3397 2804 3450 homines
2830 3396 3160 3460 delinquens,
3190 3404 3247 3447 ut
3282 3403 3420 3461 pote,
3445 3402 3497 3447 et
3521 3397 3609 3462 qui
3653 3394 3705 3447 in

2186 3491 2295 3541 haec
2320 3500 2553 3553 tempora
2584 3498 2820 3539 servatus
2843 3500 2979 3537 sum.
3010 3485 3101 3538 Ille
3130 3496 3303 3537 autem
3336 3494 3520 3537 tenens
3538 3500 3703 3552 gemiti

2180 3600 2441 3653 nadensem
2470 3599 2522 3650 in
2551 3597 2850 3650 Mauritania
2879 3596 3201 3650 Cassariensi.
3232 3596 3508 3648 Ρτίιεδίάίυε
3533 3606 3704 3649 autem

2181 3669 2264 3719 hic
2302 3668 2567 3725 laudatus,
2601 3666 2645 3717 is
2692 3666 2802 3731 ipse
2826 3674 2909 3718 est
2934 3664 3019 3730 qui
3047 3666 3234 3715 dicitur
3269 3663 3622 3725 Suﬂetulensis
3654 3666 3700 3715 in

2178 3735 2367 3786 Notitia
2400 3734 2640 3785 Africana
2684 3732 2819 3785 inter
2847 3734 3117 3796 episcopos
3148 3732 3450 3795 Byzaeenie,
3492 3732 3627 3782 sicut
3655 3743 3704 3784 et

2182 3802 2466 3851 Mansuetus
2503 3800 2833 3865 Afufeniensis
2874 3808 2928 3865 et
2975 3797 3248 3849 Germanus
3284 3797 3703 3860 Peradamiensis,

2180 3870 2229 3918 in
2253 3868 2432 3921 eadem
2458 3864 2737 3927 provincia.
2761 3870 2827 3919 At
2855 3864 3126 3916 Fusculum
3158 3866 3384 3930 reperire
3414 3880 3513 3915 non
3542 3866 3704 3927 licuit,

2180 3936 2278 3988 nisi
2304 3936 2436 3987 forte
2452 3934 2607 3985 fuerit
2628 3932 2870 3985 Filtiosus
2895 3932 3249 4001 Aggarjtanus,
3272 3932 3321 3984 in
3338 3934 3518 4001 eadem
3548 3933 3705 4001 Byza-

2180 4020 2306 4057 cena
2352 4004 2615 4067 provincia
2663 3998 2997 4055 memoratus.
3040 3998 3194 4067 Certe
3238 4015 3330 4064 pro
3362 3998 3611 4053 Fundus
3654 4001 3705 4054 in

2184 4066 2399 4126 Usuarili
2431 4072 2751 4135 autographo
2786 4070 3005 4122 habetur
3034 4066 3291 4119 Fulmina.

2252 4152 2271 4176 ο
2297 4140 2350 4191 1η
2379 4138 2525 4191 Colb.
2562 4140 2610 4194 l.
2643 4152 2891 4189 annorum
2926 4138 3134 4189 circiter
3158 4137 3279 4198 800,
3311 4136 3493 4188 eadem
3539 4152 3693 4189 manu

2181 4220 2283 4268 quo
2313 4214 2481 4256 textus
2510 4206 2619 4271 ipse
2648 4206 2894 4268 scriptum
2916 4215 2996 4257 est
3023 4204 3075 4255 in
3106 4206 3338 4270 margine
3362 4221 3375 4256 :
3408 4204 3457 4256 Ν
3464 4214 3543 4256 uta
3573 4208 3705 4271 quod

2181 4275 2232 4324 in
2254 4273 2333 4323 die
2362 4286 2505 4322 sacra
2554 4270 2949 4334 Epiphaniorum
2986 4274 3121 4330 apud
3168 4275 3397 4337 atuiqnos
3434 4270 3707 4337 baptismus

2185 4343 2336 4401 ﬁeret.
2365 4338 2503 4389 Idem
2537 4338 2690 4389 habet
2718 4342 2769 4389 in
2810 4340 3021 4403 capituli
3070 4338 3219 4388 titulo
3248 4340 3405 4390 editio
3452 4340 3703 4403 Lorichii,

2181 4416 2395 4473 excepta
2446 4405 2542 4457 hac
2587 4405 2789 4473 vocula,
2833 4414 2969 4456 nota.
3020 4405 3163 4473 lianc
3207 4408 3707 4473 verogconsuetudi-
3776 4434 3779 4435 ν

2183 4471 2628 4541 ιιειιιὶιηρτοὶιεηι
2656 4472 2871 4525 Siricius
2892 4540 2895 4541 ν
2916 4486 3046 4538 papa
3077 4472 3127 4521 in
3172 4471 3390 4535 epistola
3438 4473 3500 4523 ad
3530 4473 3706 4526 Hime-

2183 4545 2315 4596 rium
2338 4540 2779 4594 Tarraconensem
2818 4540 3137 4605 episcopum,
3176 4549 3229 4591 et
3273 4550 3485 4593 sanctus
3514 4541 3618 4592 Leo
3655 4545 3706 4595 in

2180 4615 2333 4676 epist.
2362 4612 2424 4663 16
2454 4609 2577 4662 edit.
2625 4610 3023 4672 Qnesnellianze,
3057 4606 3137 4676 ad
3168 4607 3358 4659 Sicilia:
3404 4608 3703 4671 episcopos,

2180 4674 2367 4747 quibus
2396 4686 2574 4746 postea
2601 4679 2687 4730 alii
2721 4676 3010 4747 pontiﬁces,
3048 4686 3097 4727 et
3128 4674 3189 4747 in_
3222 4676 3376 4747 variis
3426 4676 3707 4747 provinciis

2179 4744 2363 4815 synodi
2398 4744 2780 4815 'ailhznsoruntr
2810 4745 2922 4803 Alii
2976 4754 3147 4815 trp-tuen
3176 4744 3229 4815 in
3274 4744 3387 4793 a'iis
3426 4745 3703 4808 provincds

2180 4811 2842 4874 servabaturconsuetu’do,
2886 4812 3022 4876 quod
3053 4812 3117 4861 ile
3164 4811 3332 4861 Africa
3362 4823 3559 4863 certum
3603 4826 3702 4865 eat.

2181 4883 2321 4935 Idem
2370 4884 2420 4935 in
2451 4881 2801 4933 Orientalibus
2844 4878 3123 4944 provinciis
3167 4878 3493 4929 observatum
3544 4881 3707 4932 fuisse

2182 4952 2344 5016 liquet
2370 4960 2476 5002 tum
2506 4964 2567 5002 ex
2601 4949 2897 5016 Graecorum
2931 4946 3264 5016 Enchologio,
3299 4957 3403 4997 tum
3439 4964 3501 5000 ex
3549 4948 3704 4999 Prato

2179 5014 2426 5085 spirituali
2456 5018 2672 5070 Joannis
2703 5014 2912 5085 Moschi
2928 5029 3042 5085 cap.
3076 5014 3189 5085 l7l_,
3212 5015 3343 5080 apud
3390 5016 3703 5085 (‘.otelerinm

2181 5081 2320 5138 torno
2338 5086 2377 5139 ll
2401 5086 2847 5138 Monumentorum
2878 5082 3051 5133 Eccles
3071 5097 3115 5132 aa
3135 5081 3347 5143 (ἔπεσε,
3372 5084 3455 5133 ubi
3483 5085 3706 5136 refertur

2180 5169 2382 5206 sacrum
2414 5154 2606 5204 fontem
2635 5150 2849 5216 singulis
2876 5150 3024 5200 anuis
3067 5152 3114 5200 in
3162 5150 3285 5202 Vico
3331 5152 3573 5215 quodam,
3622 5150 3706 5200 die

2181 5222 2315 5275 festo
2342 5218 2796 5283 Theophaniorum
2826 5228 3011 5281 sponte
3046 5218 3234 5269 sudare
3258 5219 3474 5279 solitum
3523 5216 3702 5277 fuisse,

2181 5300 2235 5343 ut
2261 5305 2323 5342 ex
2346 5304 2405 5341 ea
2434 5302 2562 5351 aqua
2588 5287 2869 5349 baptismus
2897 5285 3259 5337 conficeretur.

2248 5356 2272 5392 ά
2311 5350 2733 5411 ΕάἱιίζΙὶίαεοηο.
2776 5353 3006 5405 Priorem
3039 5354 3309 5404 lectionem
3357 5350 3701 5416 praetulimus,

2182 5439 2298 5491 qua:
2322 5424 2537 5491 videtur_
2554 5420 2766 5491 istorum
2782 5430 3071 5491 temporum
3093 5420 3376 5485 disciplina:
3405 5420 3566 5491 magis
3588 5431 3704 5469 esse

2179 5486 2479 5545 conformis.
2508 5488 2819 5541 Subdiaconi
2851 5489 3041 5552 quippe
3080 5499 3228 5541 extra
3271 5486 3553 5540 sacrarium
3597 5493 3702 5537 stac

2178 5560 2319 5625 bant,
2352 5574 2413 5613 ex
2443 5556 2661 5610 concilio
2692 5556 2997 5610 Laodiceno.
