4102 6458
378 435 505 490 1061

1608 638 1686 682 tcr
1714 629 1875 693 idem,

1608 638 1686 682 tcr
1714 629 1875 693 idem,

378 727 483 781 700
558 724 625 777 Et
651 722 814 791 jndex
841 722 1037 776 mentis
1066 720 1315 787 proprim,
1350 719 1479 770 mihi
1512 628 1748 772 subdere
1778 719 1879 771 soli

549 813 749 880 Spentc
777 823 885 874 tua,
918 825 1021 877 quo
1048 811 1116 863 sit
1147 808 1407 875 subjectio
1446 816 1500 861 et
1526 807 1640 875 ipsa
1668 806 1847 860 soluto

548 905 737 958 Libera
759 901 997 971 judicio;
1030 915 1136 953 non
1166 913 1319 966 cogo,
1362 913 1461 952 nec
1490 899 1647 967 exigo
1674 914 1769 967 per
1798 900 1904 952 vim
1933 916 1947 952 :

542 992 647 1048 Sed
698 1004 911 1057 moneo,
966 989 1221 1057 iniustum
1274 988 1462 1058 fugias,
1502 988 1819 1056 iustumque
1866 1004 1951 1043 se-

1636 1078 1836 1149 [quaris
1862 1094 1877 1131 ε

549 1174 659 1225 Lux
698 1185 879 1226 comes
918 1177 998 1223 est
1022 1168 1177 1236 justi,
1208 1180 1392 1220 comes
1427 1176 1507 1219 est
1546 1181 1691 1218 mors
1731 1166 1947 1219 horrida

1655 1254 1875 1325 [iniqui;

365 1350 475 1404 705
563 1351 713 1419 Elige
742 1362 853 1404 rem
880 1349 1022 1410 vita),
1059 1356 1145 1401 tua
1175 1348 1341 1400 virtus
1374 1354 1536 1400 tcmct
1567 1346 1619 1398 in
1653 1362 1823 1398 aivum

550 1442 837 1504 Provehat,
865 1448 1122 1491 :ctcrnum
1153 1450 1240 1488 tua
1262 1435 1479 1487 damnet
1506 1436 1663 1501 culpa
1691 1435 1944 1499 vicissim,

553 1531 776 1583 Prtestet
792 1536 846 1580 et
864 1527 1172 1579 alterutram
1204 1524 1463 1592 permissa
1487 1523 1699 1576 licentia
1722 1532 1945 1575 sortem.

555 1620 661 1672 llac
692 1619 886 1685 pietate
916 1630 1097 1684 vagus,
1124 1624 1177 1668 et
1205 1624 1347 1666 tanto
1387 1628 1608 1666 munere
1637 1612 1940 1675 abundans,

548 1706 711 1780 554
739 1708 949 1761 Transit
987 1705 1319 1773 propositum
1354 1703 1453 1769 las,
1484 1712 1535 1756 ct
1576 1702 1791 1755 lethalia
1826 1717 1949 1769 pru-

1724 1793 1877 1864 [dens

1742 428 2279 484 IIAMARTICENA.

550 542 708 614 553
740 540 796 593 In
823 541 1057 609 subjecta
1094 546 1301 607 potens,
1331 553 1511 592 rerum
1554 538 1777 601 arbiter,
1814 538 1953 601 arbi-
1983 542 2033 599 Α

3514 423 3653 479 ιτδιι

2242 535 2491 603 Ιιιιρειίο.
2530 532 2639 585 lloc
2670 531 2869 585 mulier
2902 544 2992 584 rea
3034 531 3273 585 criminis
3306 534 3651 597 exprobranti

2236 624 2535 693 Respondit
2564 624 2791 677 Domino
2822 640 2835 676 :
2867 622 3103 676 suadelis
3125 638 3183 675 se
3212 623 3521 676 malefabris

2057 718 2161 772 7l5
2238 717 2495 778 lllectam,
2526 714 2762 767 suasisse
2792 714 2906 767 viro
2931 729 2946 765 :
2975 714 3059 766 vir
3082 721 3138 766 et
3162 714 3277 781 ipse
3310 713 3541 767 libenter

2238 805 2550 860 Consensit.
2575 804 2834 857 ‘Licuitne
2873 803 3179 856 hortantem
3215 817 3474 873 Spernere
3515 810 3649 859 recti

2234 896 2507 951 Libertate
2546 895 2743 947 animi?
2776 894 2923 948 licuit
2951 910 2965 948 ε
2992 909 3223 962 namque
3258 904 3314 949 et
3352 896 3492 949 Deus
3520 906 3649 950 ante

2234 986 2514 1050 Suascrat,
2550 993 2608 1037 ut
2645 984 2868 1037 meliora
2895 985 3079 1038 volens
3107 994 3525 1052 sequereturzat
3547 986 3644 1039 ille

2235 1078 2511 1144 Spcrnens
2543 1076 2849 1136 consilium,
2885 1089 3029 1128 suaso
3066 1076 3183 1141 plus
3214 1076 3442 1130 credidit
3480 1078 3645 1132 hos:i.

2055 1167 2157 1221 79.0
2231 1166 2383 1221 Nune
2424 1167 2563 1219 inter
2606 1166 2729 1217 vitae
2785 1165 3087 1229 Dominum,
3138 1168 3435 1236 mortisque
3484 1172 3651 1237 magi-

3379 1256 3573 1327 [strutn

2230 1345 2493 1398 Consistit
2541 1343 2787 1397 medius:
2816 1352 2970 1398 vocat
3016 1342 3141 1397 hinc
3185 1344 3348 1406 Dens,
3396 1347 3519 1400 inde
3561 1358 3645 1415 ty-

3375 1450 3573 1489 rannns

3375 1450 3573 1489 rannns

2235 1506 2575 1573 Ambiguum,
2599 1514 2757 1571 atque
2787 1504 2895 1555 suis
2922 1516 2977 1554 se
2998 1503 3231 1556 motibus
3253 1440 3637 1559 altelmantem.

2238 1596 2436 1661 Accipe
2468 1602 2735 1660 gestarum
2781 1602 3129 1645 monumenta
3165 1594 3390 1662 insignia
3435 1612 3639 1659 rerum,

2228 1684 2388 1755 555
2446 1684 2693 1736 Pra'lusit
2736 1682 2928 1749 quibus
2970 1684 3189 1735 historia
3234 1686 3529 1751 spectabile
3573 1688 3647 1740 si-

3364 1777 3570 1847 [gnum.

386 1870 493 1924 710
571 1869 740 1936 Eligit,
763 1878 919 1934 atque
935 1867 1136 1928 volens,
1157 1863 1323 1933 magis
1346 1863 1611 1950 utiletlum
1636 1861 1943 1928 sibi‘credit,
1980 1901 2026 1959 Β
2054 1868 2157 1921 7‘23
2233 1868 2367 1919 Loth
2399 1867 2606 1931 fugiens
2623 1865 2871 1918 Sodomis
2894 1865 3227 1930 ardentibus,
3257 1870 3435 1919 omnia
3465 1884 3645 1923 secum

546 1959 717 2025 Quod,
750 1957 1067 2027 prohibente
1103 1959 1231 2021 Deo,
1276 1958 1544 2023 persuasit
1578 1942 1815 2007 callidus
1856 1969 1950 2007 an-

1720 2044 1878 2115 [guis.

549 2138 818 2193 Persuasit
847 2146 996 2191 certe
1026 2136 1263 2201 hortatu,
1298 2150 1401 2188 non
1430 2136 1641 2203 impulit
1661 2137 1772 2189 acri

2238 1958 2464 2025 Pignora
2499 1972 2617 2009 cari
2652 1956 2845 2008 domus
2887 1957 3230 2022 properabat,
3261 1958 3389 2011 sede
3436 1960 3643 2023 relicta,

2236 2048 2474 2103 Nubibus
2506 2046 3193 2100 urbicremissubduccre:
3238 2047 3496 2115 sulphure
3523 2066 3646 2104 cum

3491 2156 3573 2193 am

1680 2224 1957 2279 CLOSSXE
1988 2228 2334 2283 VETERES.

441 2319 563 2373 699.
596 2318 653 2371 ln
684 2317 947 2383 subjecta,
980 2331 1131 2382 super
1161 2325 1361 2368 terrena
1391 2316 1582 2369 omnia.
1606 2343 1676 2355 —
1701 2317 1941 2383 Arbiter,

369 2392 633 2457 magister.
664 2417 732 2426 —
755 2387 920 2457 idem,
955 2394 1006 2435 tu
1032 2387 1157 2452 ipse,
1189 2386 1226 2438 I.

444 2456 567 2512 701.
597 2460 733 2521 Quo,
766 2466 840 2519 ut,
877 2456 916 2507 Ι.

444 2528 568 2596 703.
598 2526 881 2596 lnjustum,
908 2524 1233 2596 injustitiam.
1258 2524 1587 2596 ge_Jtistttm,
1610 2524 1940 2596 justitiam,l.

446 2594 569 2648 704.
604 2597 737 2659 Lux,
770 2592 928 2645 Deus.
950 2622 1021 2631 ——-
1044 2594 1202 2658 Mors,
1238 2594 1491 2659 diabolus,
1526 2594 1565 2646 Ι.

445 2665 563 2718 705.
591 2665 725 2723 Tua,
757 2673 809 2714 ut
840 2672 947 2724 tua,
973 2662 1011 2714 l.

445 2733 566 2785 706.
598 2732 902 2794 IEternum,
932 2731 1099 2783 aliter.
1120 2760 1189 2769 —
1215 2731 1461 2795 Damnet,
1500 2734 1808 2795 damnetur,
1837 2732 1940 2785 lso.

446 2801 568 2854 707.
604 2803 844 2863 Praestet,
883 2802 1053 2868 eligat.
1078 2829 1147 2839 ——
1176 2802 1430 2863 Licentia,
1474 2803 1594 2869 quia
1638 2801 1845 2855 licentia
1873 2811 1944 2853 est

374 2871 623 2939 permissa
653 2872 853 2938 cuique,
880 2870 1037 2935 sequi,
1062 2873 1163 2921 sive
1186 2870 1298 2921 velit
1318 2872 1523 2934 bonum,
1543 2872 1643 2923 sit'e
1664 2873 1815 2923 etiam
1836 2886 1951 2923 ma-

376 2942 503 3003 lum,
534 2941 572 2992 Ι.

446 3009 569 3061 708.
600 3007 825 3073 Pietate,
857 3005 971 3059 Dei.
995 3035 1063 3046 -—
1087 3007 1283 3074 Vagus,
1316 3006 1485 3069 homo,
1517 3008 1552 3061 1.

448 3077 570 3129 709.
602 3078 931 3142 Propositum
966 3076 1063 3139 ias,
1092 3092 1153 3127 ne
1183 3077 1415 3127 comedas
1455 3078 1515 3129 de
1549 3076 1687 3143 ligno
1726 3077 1951 3131 scientia:

377 3147 496 3199 boni
524 3156 566 3198 et
598 3144 740 3197 mali.
764 3172 833 3183 —-
858 3144 1119 3205 Prudezs,
1150 3147 1411 3211 superbus,
1437 3146 1514 3198 vel
1551 3145 1773 3212 subtilis,
1800 3147 1839 3199 l.

451 3215 572 3269 710.
612 3214 826 3278 Valens,
858 3214 1193 3279 voluntarius,
1223 3214 1261 3267 l.

2126 2322 2250 2374 7l3.
2286 2316 2664 2387 Exprobranti,
2699 2317 2952 2386 arguenti,
2990 2316 3027 2367 l.

2128 2390 2251 2441 7H.
2283 2385 2558 2457 Suadelis,
2578 2385 2796 2454 ingeniis
2830 2389 3093 2457 serpentis.
3129 2414 3197 2423 —
3230 2385 3556 2453 Malclabris,
3586 2390 3649 2456 ﬁ-

2056 2460 2169 2519 ctis,
2200 2459 2518 2525 artiﬁciosis,
2543 2456 2579 2508 Ι.

2129 2530 2250 2582 715.
2287 2528 2544 2589 lllectam,
2587 2526 2872 2590 deceptam,
2905 2524 2942 2576 l.

2125 2599 2251 2651 718.
2291 2598 2505 2657 Volens,
2541 2595 2769 2654 libenter,
2807 2595 2908 2647 iso.

2127 2667 2249 2721 7|9.
2284 2667 2600 2725 Consilium,
2630 2662 2861 2723 Domini,
2896 2662 2935 2714 Ι.

2126 2736 2249 2789 720.
2282 2736 2612 2803 MagiSIrum,
2647 2731 2930 2803 diabolum,
2963 2730 3001 2784 1.

2126 2806 2251 2859 721.
2286 2798 2509 2867 Medius,
2537 2798 2656 2854 nam
2697 2802 2813 2853 hinc
2848 2808 2992 2853 vocat
3026 2798 3161 2853 Deus
3206 2803 3275 2853 ad
3315 2803 3489 2868 vitam,
3525 2805 3645 2858 inde

2058 2884 2306 2945 tyrannus
2332 2876 2399 2945 ml
2425 2882 2674 2945 mortem,
2693 2870 2731 2923 l.

2130 2946 2251 2997 725.
2279 2944 2495 3009 Accipe,
2511 2940 2841 3011 intellige.—
2862 2937 3228 3011 Monumenta,
3249 2942 3573 3011 documenta,
3594 2945 3611 2997 l
3633 2986 3645 2997 .

2129 3013 2253 3065 724.
2288 3008 2547 3073 Prmlusit,
2574 3010 2814 3080 ostendit,
2844 3008 3066 3075 scripsit.
3103 3038 3169 3046 —-
3196 3009 3521 3080 Spectabile,
3555 3008 3637 3067 se-

2060 3082 2306 3142 nerabile,
2338 3078 2681 3141 memorabile,
2712 3077 2753 3129 l.

2131 3152 2255 3205 727.
2288 3149 2637 3216 Urbieremis,
2670 3158 2783 3216 quis
2811 3146 2985 3201 urbem
3010 3148 3322 3215 cremabant,
3353 3150 3393 3202 l.

1723 3304 2280 3361 COMMENTARIUS.

451 3399 573 3454 699.
606 3397 746 3462 Put.,
776 3396 972 3463 Oxun.,
1008 3397 1153 3461 Ald.,
1185 3395 1321 3461 Gis.,
1355 3396 1512 3461 Urb.,
1548 3397 1765 3464 Bellen,
1802 3400 1952 3466 Egm.
1987 3404 2031 3465 ο
2066 3398 2319 3452 mendum
2344 3390 2427 3449 est
2453 3396 2681 3466 Inecpro
2705 3396 2801 3466 hac
2832 3394 3034 3461 pietate.
3073 3393 3198 3466 Alii,
3230 3395 3391 3466 etiam
3417 3408 3650 3466 veteres,

379 3484 503 3523 cum
524 3468 660 3530 aliis,
685 3468 978 3537 insubjecte,
1011 3475 1066 3519 ut
1092 3468 1317 3531 innatus,
1348 3469 1619 3533 ingenitus,
1657 3483 1761 3520 non
1786 3472 1955 3531 male;

382 3537 479 3592 sed
510 3552 629 3590 cum
659 3546 847 3603 agatur
873 3537 939 3589 de
970 3537 1201 3588 hominis
1238 3539 1475 3589 dominio
1512 3540 1561 3589 in
1610 3552 1696 3590 res
1726 3549 1955 3600 creatas,

380 3606 575 3661 melius
606 3607 710 3669 lso,
736 3607 916 3667 Afex.,
946 3605 1062 3657 Vat.
1089 3606 1154 3667 A,
1179 3605 1361 3671 Prag,
1398 3605 1543 3667 Rau,
1581 3605 1796 3671 Weitz.,
1827 3607 1954 3658 Mar.

385 3686 441 3729 et
471 3676 584 3739 alii,
616 3676 667 3726 in
698 3676 927 3744 subjecta
957 3682 1150 3744 potens.
1184 3675 1359 3740 Εειιι..
1392 3676 1525 3727 orlis
1548 3677 1753 3739 arbiter,
1787 3686 1839 3727 et
1870 3691 1959 3729 su-

388 3747 627 3813 spicatur
659 3742 908 3797 Heinsius
946 3742 1127 3813 orbis,
1154 3753 1201 3795 et
1237 3746 1423 3795 arbiter
1467 3744 1619 3795 idem.
1658 3747 1708 3796 In
1739 3745 1854 3796 Vat.
1890 3748 1955 3811 Α,

383 3812 552 3867 rerum
579 3814 765 3865 arbiter
792 3813 950 3878 idem,
974 3812 1249 3866 mendose.
1277 3815 1419 3866 Bene
1446 3823 1528 3866 est
1559 3828 1725 3865 rerum
1750 3814 1959 3879 arbiter,

386 3884 579 3934 arbiter
604 3884 760 3938 idem.

455 3951 581 4005 704.
618 3951 865 4003 lleinsius
886 3965 1006 4003 cum
1031 3949 1267 4003 Cisclino
1289 3951 1415 4014 legit
1440 3968 1540 4003 nox
1567 3952 1796 4019 horrida,
1818 3953 1960 4019 quod

387 4023 717 4075 recentiores
749 4023 915 4089 secuti
949 4028 1106 4082 sunt;
1146 4022 1299 4086 quasi
1339 4023 1437 4073 hoc
1470 4023 1586 4073 loco
1614 4036 1865 4089 ageretur
1892 4024 1961 4076 de

390 4092 477 4142 illa
512 4090 772 4142 sententia
810 4107 820 4139 :
852 4088 950 4151 Qui
978 4090 1108 4140 male
1132 4090 1258 4157 agit,
1289 4091 1393 4141 odit
1423 4090 1607 4143 lucem.
1648 4088 1963 4145 Gallandius

388 4158 623 4211 allirmat
648 4164 917 4225 postulare
959 4174 1060 4209 nos:
1092 4160 1301 4209 horrida
1325 4161 1613 4211 antithesin
1638 4159 1745 4220 lux,
1770 4169 1819 4213 et
1839 4176 1958 4213 nox.

390 4228 596 4289 Nostri,
628 4226 909 4280 Weitziani
938 4242 1059 4279 cum
1093 4226 1237 4291 Ald.,
1271 4228 1417 4281 Sich.
1451 4230 1666 4291 etaliis,
1692 4245 1847 4293 mors,
1880 4244 1967 4283 re-

389 4304 498 4377 cte,
531 4298 671 4377 “quia
708 4311 897 4377 sermo
918 4306 1002 4349 est
1043 4297 1108 4348 de
1155 4297 1373 4377 prumio
1412 4297 1536 4349 boni
1577 4298 1776 4365 operis,
1823 4299 1964 4377 Quod

391 4367 482 4418 lux
514 4364 733 4429 dicitur,
776 4376 829 4419 et
867 4366 936 4419 de
964 4380 1141 4436 ptnna__
1163 4364 1309 4436 mali,
1344 4381 1461 4433 qute
1491 4376 1576 4419 est
1615 4382 1769 4436 mors.
1816 4364 1967 4436 Elige

395 4450 503 4487 rem
535 4435 669 4495 vitm,
701 4436 872 4501 pergit
901 4445 1077 4502 poeta.
1108 4430 1388 4497 Weitzius‘,
1422 4436 1513 4501 qui
1544 4435 1672 4502 legit
1698 4450 1859 4499 mors,
1887 4430 1968 4489 rii-

392 4502 686 4557 hilominus
730 4505 781 4555 in
818 4501 1219 4556 commentariis
1254 4504 1478 4556 intrudit
1510 4501 1631 4567 nox,
1678 4512 1733 4557 et
1768 4506 1967 4559 multus

390 4581 476 4626 est
502 4574 555 4625 in
578 4574 781 4638 vulgari
806 4572 893 4625 illa
924 4573 1187 4625 sententia
1218 4574 1639 4639 comprobanda,
1664 4573 1804 4639 quod
1829 4589 1950 4641 pec-

390 4649 543 4694 cator
570 4650 714 4693 amat
759 4642 1047 4695 tenebras:
1080 4655 1240 4707 quem
1286 4642 1481 4708 partim
1523 4643 1780 4695 exscribit
1821 4643 1967 4697 tLha-

394 4710 692 4764 millardns.
735 4710 894 4764 Poeta
932 4711 1150 4776 reapicit
1187 4709 1253 4763 ad
1296 4710 1423 4763 illud
1468 4711 1825 4765 Ecclesiastici
1873 4729 1964 4777 xv,

397 4761 1191 4847 itasesq.1b.u.‘sta.no
1222 4761 1857 4843 gessisti—iss.ista}.
1873 4761 1972 4834 "ai
2000 4761 2049 4821 ι)

396 4849 544 4914 liquit
571 4850 716 4900 illum
739 4849 790 4900 in
820 4865 973 4901 manu
999 4848 1203 4901 consilii
1228 4851 1327 4900 sui.
1358 4848 1486 4901 Ante
1515 4851 1767 4901 hominem
1789 4852 1889 4902 vita
1925 4860 1971 4903 et

398 4934 555 4981 mors,
604 4918 787 4969 bonum
822 4928 870 4970 et
916 4919 1154 4969 malum:
1200 4917 1337 4985 quod
1375 4919 1624 4985 placuerit
1670 4920 1733 4981 ei,
1769 4922 1975 4973 dabitur

395 4987 495 5039 illi.
540 4986 606 5039 Et
652 4986 1047 5040 Deuteronomii
1079 5001 1203 5049 xxx,
1251 4987 1353 5039 tu:
1403 4986 1570 5039 Testcs
1612 4988 1789 5039 invoco
1828 4990 1977 5042 hodie

397 5058 583 5109 caelum
616 5066 659 5107 et
700 5066 925 5119 terram,
972 5055 1109 5122 quod
1158 5057 1511 5123 proposuerim
1558 5058 1695 5108 robis
1734 5058 1886 5109 vitam
1934 5069 1980 5111 et

398 5138 609 5177 mortem
634 5166 648 5190 ,
681 5125 1081 5177 benedictionem
1109 5135 1155 5177 et
1197 5126 1625 5178 maledicticnem.
1674 5124 1821 5195 Elige
1857 5143 1976 5196 ergo

396 5203 576 5257 vitam,
610 5204 712 5247 etc.

473 5264 597 5316 706.
633 5262 823 5324 Aldus,
865 5262 1157 5329 alternum;
1199 5262 1289 5316 alii
1330 5262 1512 5329 scripti
1543 5271 1596 5317 et
1641 5264 1793 5327 editi,
1824 5275 1971 5318 teter-

393 5346 546 5395 mtm,
577 5343 631 5386 et
682 5332 735 5385 in
774 5332 907 5385 Mar.
953 5342 1103 5385 notat
1146 5334 1320 5401 glossa
1358 5347 1477 5386 esse
1519 5333 1850 5387 adverbium.
1887 5336 1970 5388 lso

402 5403 614 5456 videtur
660 5402 854 5469 legisse
911 5402 1191 5466 alternum,
1234 5402 1386 5468 cujus
1436 5411 1517 5454 est
1570 5404 1749 5469 glossa
1798 5406 1969 5457 aliter.

401 5472 601 5542 οχοιιη
632 5472 867 5523 alterum.
891 5470 949 5524 In
974 5471 1250 5525 Parmensi
1275 5472 1511 5525 editione
1536 5473 1739 5524 damnet
1762 5483 1849 5525 tua
1876 5489 1972 5542 pro

404 5547 507 5592 tua'
522 5541 725 5592 damnet
756 5542 1007 5593 mendum
1035 5549 1183 5608 puto,
1215 5554 1323 5607 quo
1344 5552 1516 5593 tamen
1556 5555 1730 5609 neque
1758 5541 1971 5607 sensus,

404 5625 577 5677 neque
619 5619 845 5662 metrum
880 5611 1140 5664 turbatur.

475 5680 629 5749 708.7
668 5678 871 5747 ngunt
927 5696 1084 5749 vagus
1126 5679 1397 5733 lleinsiani
1442 5680 1599 5735 codd.
1649 5696 1767 5735 eum
1817 5682 1973 5746 Aldo,

406 5748 582 5817 Egtn.,
614 5748 805 5815 Palan,
846 5748 1017 5814 Μελ..
1054 5751 1166 5807 Vat.
1201 5752 1264 5815 A,
1300 5750 1449 5819 Urb.,
1487 5752 1538 5805 in
1572 5766 1677 5820 quo
1705 5761 1977 5821 postremo

2070 3471 2262 3536 vigens.
2299 3476 2352 3518 ut
2376 3466 2535 3536 Nam,
2570 3460 2900 3536 Prag.,liat.
2926 3478 3045 3516 cum
3073 3460 3289 3536 \Veitz.,
3314 3465 3453 3535 Gis.,
3484 3460 3652 3524 Torn;

2062 3534 2401 3621 et'VulgatisI:
2432 3534 2486 3587 In
2522 3550 2681 3614 vagus
2722 3535 2904 3621 ultima
2948 3535 3267 3621 producitur
3296 3534 3502 3621 ratione
3540 3553 3648 3592 cm—

2063 3621 2225 3677 surte.
2251 3602 2470 3677 ’l‘eolius
2494 3602 3023 3677 _pro_vigens_aliqnos
3058 3602 3201 3657 Vatt.
3242 3604 3401 3658 codd.
3430 3606 3650 3677 allegat,

2064 3676 2205 3744 quod
2225 3690 2328 3744 ego
2348 3675 2396 3726 in
2416 3674 2542 3744 solo
2566 3670 2692 3725 Mari.
2724 3670 2853 3724 vidi.

2137 3740 2279 3797 709.⁷
2312 3742 2373 3795 ln
2412 3741 2568 3810 Egm.
2616 3751 2888 3809 corrupte,
2934 3740 3084 3809 prapi
3127 3742 3279 3794 situm
3315 3757 3415 3812 pro
3460 3760 3655 3814 propo-

2066 3816 2241 3867 situm.

2139 3883 2263 3937 710.
2298 3882 2372 3934 ita
2405 3880 2537 3933 Mar.
2568 3896 2595 3933 a
2627 3880 2799 3949 prima
2839 3894 3033 3949 manu,
3066 3879 3245 3942 Alex.,
3287 3879 3442 3945 Urb.,
3476 3881 3587 3937 Gis.
3624 3885 3651 3939 1

2069 3953 2181 4013 ed..
2232 3964 2285 4006 et
2325 3952 2388 4003 ad
2441 3947 2692 4018 margﬁ?
2744 3949 2899 4009 edit.,
2944 3947 3387 4019 Biolterqugm”
3443 3951 3654 4019 Oxon.,

2069 4022 2217 4085 Rot.,
2248 4020 2749 4091 aliique.lleinsius
2774 4032 2895 4091 cum
2924 4018 3044 4089 aliis
3066 4027 3118 4070 et
3142 4018 3426 4083 Wcitzius,
3456 4018 3651 4091 Eligit;

2068 4102 2216 4159 atque
2236 4086 2403 4142 volens
2434 4088 2563 4141 illud
2595 4089 2754 4157 magis
2787 4086 2913 4139 utile
2941 4086 3103 4159 retur.

2141 4160 2265 4213 712.
2305 4160 2419 4212 Vat.
2450 4159 2512 4222 A,
2536 4155 2839 4225 perperam.
2870 4157 2983 4226 agri
3015 4170 3123 4226 pro
3142 4157 3270 4210 acri.
3300 4155 3357 4209 ιιι
3390 4172 3558 4213 serm.
3587 4160 3658 4214 37

2070 4243 2135 4287 an
2177 4231 2301 4284 end.
2327 4226 2427 4280 sub
2457 4224 2736 4293 Augustini
2777 4224 2993 4277 nomine
3026 4241 3038 4275 :
3074 4224 3198 4279 Non
3232 4228 3370 4279 enim
3400 4230 3655 4297 cogendo,

2070 4245 2172 4349 seti)
2188 4296 2452 4349 suadendo
2476 4304 2620 4348 nocet
2650 4312 2666 4349 :
2698 4310 2788 4347 nec
2808 4303 3068 4349 extorquet
3095 4312 3127 4346 α
3158 4296 3302 4348 nobis
3332 4312 3655 4349 consensum.

2069 4296 2159 4352 sed
2188 4296 2452 4351 suadendo
2476 4304 2620 4348 nocet
2648 4312 2666 4359 ;
2698 4310 2788 4347 nec
2808 4303 3068 4360 extorquet
3095 4312 3127 4346 α
3158 4296 3302 4348 nobis
3332 4296 3658 4363 consensum,

2070 4368 2161 4421 sed
2183 4368 2325 4421 petit.

2144 4386 2450 4500 ΞἵῗὲἶηᾹιᾰη
2474 4436 2618 4499 hare,-
2647 4431 2759 4497 alii,
2788 4433 2903 4485 lioc.
2925 4430 3111 4503 Lectio
3134 4432 3261 4503 Aldi
3284 4441 3429 4488 stare
3459 4444 3657 4503 potest,

2072 4506 2118 4559 si
2150 4505 2477 4574 intelligatur
2522 4503 2801 4574 mulierem
2848 4500 3194 4574 respondisse
3242 4500 3472 4574 Domino
3511 4504 3651 4574 ha-c,

2072 4588 2165 4628 seu
2199 4571 2362 4628 talia':
2394 4589 2500 4627 non
2528 4573 2634 4626 haec
2660 4571 2862 4636 mulier,
2910 4580 2968 4623 ut
3002 4572 3069 4623 ad
3112 4572 3282 4637 ipsam
3314 4573 3422 4625 luet:
3448 4573 3657 4629 refers-

2075 4654 2179 4697 tur.
2212 4643 2512 4709 Responsio
2540 4646 2660 4694 Ma:
2685 4640 2878 4708 legitur
2903 4654 3026 4707 cap.
3059 4648 3113 4693 ιιι
3139 4640 3388 4697 Genesis.

2147 4714 2271 4768 718.
2304 4714 2483 4780 Prag.,
2508 4712 2615 4779 ipse
2638 4722 2733 4775 pro
2760 4710 2869 4762 ille.

2151 4782 2274 4835 721.
2306 4779 2428 4835 Vat.
2457 4784 2524 4843 Δ,
2556 4783 2758 4847 inepte,
2790 4779 3019 4832 consistit
3043 4780 3243 4833 melius.

2150 4850 2273 4904 722.
2320 4849 2711 4904 Animadvertit
2759 4848 3054 4912 Mariettus,
3102 4850 3439 4905 alternantem
3490 4851 3664 4907 videri

2079 4935 2202 4974 esse
2235 4920 2397 4975 modo
2430 4923 2480 4973 in
2514 4919 2671 4983 hanc,
2706 4919 2869 4987 modo
2891 4917 2943 4987 i_n
2983 4919 3127 4971 illam
3160 4928 3365 4987 partem
3394 4920 3669 4976 inclinan-

2084 4999 2212 5053 tem,
2250 5001 2307 5043 ut
2345 4987 2483 5043 infra
2522 5003 2665 5041 vers.
2711 4986 2815 5041 776
2843 5003 2855 5037 :
2882 4985 3077 5040 Dividit
3119 4985 3217 5041 huc
3243 4989 3389 5053 illuc,
3419 5002 3528 5045 etc.
3560 4992 3670 5046 llsc

2084 5069 2231 5113 certe
2276 5058 2685 5128 significatione,
2709 5056 2875 5128 verbo
2906 5056 3199 5128 alternandi
3228 5069 3448 5128 utuntur
3489 5060 3665 5115 Latini

2084 5124 2398 5193 scriptores,
2430 5127 2747 5190 Columella,
2781 5124 3036 5191 Virgilius
3065 5136 3120 5180 et
3149 5127 3262 5193 alii.

2160 5188 2280 5251 7524.
2323 5197 2481 5249 Fabr.
2530 5206 2584 5251 et
2618 5188 2798 5248 Gis.!
2835 5188 2945 5259 αἱ,
2979 5188 3228 5261 historice,
3270 5198 3379 5260 alii,
3434 5200 3669 5256 liitloria.

2088 5267 2267 5334 Prag.,
2296 5267 2541 5326 sectatile,
2574 5268 2733 5323 male,
2770 5279 2866 5331 pro
2895 5266 3188 5330 spectabile.

2152 5336 2276 5389 725.
2309 5336 2541 5389 llistoria
2567 5336 2680 5387 lucc
2714 5334 2901 5401 legitur
2922 5347 3039 5399 cap.
3071 5350 3162 5387 xix
3183 5334 3379 5390 Cenes.

2151 5405 2277 5459 726.
2310 5407 2367 5458 ln
2402 5405 2519 5459 Vat.
2568 5406 2613 5457 Α
2646 5403 2856 5456 videtur
2885 5416 3005 5457 esse
3049 5419 3204 5469 cura;
3245 5408 3339 5460 sed
3387 5407 3675 5478 legendum

2081 5484 2163 5529 est
2192 5492 2329 5527 cara.

2154 5545 2273 5597 7‘17.
2299 5543 2540 5599 Gilanius
2571 5544 2684 5597 lnd.
2727 5542 2910 5604 Lucr.,
2939 5542 3104 5595 Vl'l'bO
3131 5547 3313 5607 Nisus,
3343 5560 3437 5612 pro
3459 5547 3677 5602 nubibus

2084 5628 2145 5668 ex
2176 5624 2305 5667 vett.
2342 5615 2489 5667 libris
2518 5613 2798 5683 legendum
2824 5616 2898 5683 ait
2930 5613 3143 5676 nisibus,
3172 5630 3272 5681 qua
3303 5630 3431 5669 voce
3455 5618 3679 5671 mirilice

2086 5700 2239 5737 usum
2269 5682 2613 5755 Prudentium
2645 5684 2806 5755 dicit:
2845 5682 3001 5755 Nisus
3034 5686 3167 5755 enim
3195 5685 3391 5736 videtur
3418 5688 3678 5755 appellare

2085 5754 2362 5807 omniailla
2390 5754 2702 5818 molimento,
2736 5753 2955 5822 furores,
2980 5752 3197 5822 labores,
3228 5757 3378 5825 {ngas
3402 5752 3555 5824 ignis,
3587 5760 3679 5809 tw-
