4190 6468
414 474 557 537 1073

598 680 705 733 Illis
734 682 849 731 viva
883 678 1047 740 acii:s,
1082 690 1180 730 nec
1207 675 1404 745 pupula
1433 689 1618 743 parva,
1648 674 1740 728 sed
1770 674 1911 745 ignis

596 770 876 838 ’βπ-δίωτοι-
903 768 1133 833 ιιεὺυιειι,
1149 769 1281 820 vasti
1298 777 1351 822 et
1378 776 1683 837 penetrator
1700 766 1873 835 operti
1894 776 1994 820 est.

597 860 678 913 Nil
728 858 1116 927 lerrugineum,
1148 858 1447 912 solidumve
1488 857 1764 912 tuentibus
1800 858 1996 910 obstat.

598 950 753 1021 567
770 950 1055 1003 Nocturna:
1067 948 1481 1004 ceduntnebuitn
1500 968 1510 1000 ε
1531 949 1790 1017 nigrantia
1804 948 2003 1002 cedunt

599 1042 789 1097 Nubila
818 1084 831 1105 ,
860 1043 1107 1109 praetenti
1137 1042 1279 1096 cedit
1323 1051 1465 1096 teres
1494 1056 1617 1095 area
1659 1040 1869 1094 mundi.

600 1133 708 1187 Nec
737 1142 940 1187 tantum
971 1134 1151 1187 aerius
1179 1134 1294 1187 visu
1330 1132 1646 1187 transmittit
1675 1133 1851 1187 hiatus

418 772 528 827 875

420 1227 526 1281 880
599 1226 863 1295 Spiritus:
888 1229 1163 1295 oppositos
1192 1224 1285 1279 sed
1315 1226 1505 1279 transit
1527 1224 1728 1278 lumine
1760 1234 1999 1287 montes,

597 1316 794 1369 Oceani
833 1315 965 1369 lines
996 1325 1155 1382 atque
1180 1314 1367 1368 ultima
1390 1314 1565 1368 littora
1593 1313 1792 1368 Thules

597 1407 960 1475 'l'rsnsadigit,
977 1407 1325 1473 volucresque
1339 1406 1525 1459 oculos
1540 1405 1591 1457 in
1612 1414 1808 1457 tartara
1824 1403 2004 1456 mittit.

596 1500 808 1553 Nostris
828 1514 1023 1567 nempe
1044 1513 1233 1552 omnes
1262 1507 1487 1566 pereunt
1512 1498 1782 1551 subnocte
1802 1496 2011 1550 colores

607 1592 847 1654 Visibus,
874 1599 1095 1644 etcaico
1133 1590 1380 1644 delentur
1423 1600 1664 1657 tempore
1711 1589 1915 1641 formae.

425 1683 534 1738 885
608 1681 855 1751 Nunquid
883 1694 935 1736 et
963 1692 1137 1737 erum
1154 1681 1431 1745 membris,
1463 1696 1525 1735 ac
1548 1682 1754 1735 viscere
1778 1679 2004 1745 perdunt

595 1773 759 1843 568
805 1773 1089 1843 Agnitione
1136 1781 1291 1827 notes
1342 1786 1555 1838 rerum,
1601 1770 1680 1823 vel
1730 1769 2009 1839 gressibus

1690 1859 1933 1931 [erranti

1767 470 2122 529 IIAHARTIG
2132 472 2310 531 ΕΜΔ.

597 590 921 644 Horrescunt
944 587 1104 651 sctis,
1134 588 1326 641 ciliove
1374 585 1655 638 umbrante
1692 584 1991 653 teguntur?
2025 590 2070 646 Α

3567 474 3701 533 1071

2285 584 2402 642 Una
2422 586 2629 641 aulum
2648 600 2866 655 semper
2897 588 3060 643 fades
3092 587 3273 652 hab-.1,
3301 595 3353 641 et
3377 586 3527 641 color
3561 605 3702 642 unus

2288 678 2465 741 Aeris,
2491 685 2547 729 ut
2570 677 2763 743 cuique
2784 688 2867 731 est
2895 678 3209 731 meritorum
3228 690 3459 741 summa,
3474 674 3697 743 sinistri,

2286 769 2391 822 Seu
2432 768 2605 821 dextri
2634 785 2645 819 :
2678 767 2915 822 alternas
2951 782 3051 822 nec
3077 768 3461 823 commutabile
3484 777 3699 835 tempus

2106 861 2211 916 890
2287 859 2595 924 Convertit,
2645 858 2925 927 variatque
3001 858 3147 913 vices
3201 875 3213 911 :
3261 858 3480 926 longum
3544 867 3708 927 atque

3226 950 3489 1025 [perenne
3516 959 3599 1005 est
3621 994 3635 1015 ,

2291 1042 2563 1111 Quidquid
2590 1041 2747 1097 idest
2770 1060 2785 1100 :
2807 1058 2944 1099 unus
2966 1043 3128 1099 volvit
3147 1057 3241 1099 sus
3267 1042 3467 1098 saecula
3492 1055 3710 1096 cursus.

2297 1133 2564 1201 Expertus
2592 1134 2829 1201 dubitas,
2861 1134 3071 1190 animas
3096 1150 3418 1203 percurrere
3445 1136 3563 1189 visu

2297 1226 2509 1290 Abdita,
2544 1226 2821 1294 corporeis
2848 1226 3021 1281 oculis
3050 1240 3173 1281 cum
3205 1241 3350 1296 sepe
3382 1228 3579 1295 quietis

2293 1317 2432 1372 [lore
2457 1319 2726 1385 soporatis
2764 1328 2952 1374 cernat
2982 1334 3135 1373 mens
3164 1320 3283 1372 viva
3330 1327 3603 1383 remotos,

2115 1409 2222 1464 895
2297 1409 2675 1477 Distantesque
2711 1410 2877 1475 locos,
2900 1410 3071 1464 aciem
3104 1424 3201 1477 per
3239 1425 3385 1472 rura,
3412 1424 3505 1477 per
3533 1418 3704 1465 astra.

2295 1500 2397 1553 Per
2421 1503 2586 1552 maria
2609 1500 2937 1554 intendens?
2957 1516 3055 1555 nec
3077 1503 3221 1556 enim
3252 1514 3311 1555 se
3331 1509 3577 1570 segregat
3600 1500 3713 1565 ipsa

2292 1590 2431 1643 Ante
2459 1590 2661 1643 obitum
2696 1590 2830 1645 vivis
2860 1605 2926 1645 ex
2956 1590 3183 1645 artubus
3203 1632 3218 1655 ,
3248 1601 3340 1645 aut
3382 1590 3514 1659 fugit
3554 1592 3709 1643 exsul

2298 1682 2606 1753 Sanguinis,
2636 1694 2689 1739 et
2713 1686 2898 1740 cernis
2929 1686 3251 1755 penetralia,
3280 1700 3447 1755 seque
3489 1684 3706 1738 niean-

3544 1776 3633 1846 [lis

1738 1950 1780 2005 ϐ
1792 1949 2036 2005 ιο88ι4⁴>
2070 1950 2109 2003 V
2121 1950 2409 2006 ETERES.

492 2046 616 2098 873.
650 2044 825 2103 Setis.
858 2052 988 2095 setas
1018 2052 1164 2097 vocat
1193 2043 1372 2108 cilios,
1401 2058 1527 2113 quos
1564 2056 1653 2093 nos
1707 2040 1857 2093 etiam
1887 2049 2001 2091 tau—
2033 2042 2082 2101 B
2179 2042 2303 2113 886.
2342 2041 2538 2113 Notas,
2585 2042 2831 2113 rationes.
2864 2071 2935 2081 ——
2958 2040 3243 2113 Gregsibus
3263 2084 3277 2107 ,
3312 2040 3628 2113 rationibus.
3669 2042 3708 2091 l.

418 2126 560 2168 tones
586 2116 787 2181 proprie
814 2116 1158 2177 nominamus,
1186 2114 1225 2167 1.

491 2187 523 2235 8
563 2178 613 2235 4.
649 2178 789 2248 lilts,
823 2184 1115 2249 animabus,
1162 2183 1323 2237 oculis
1361 2184 1671 2234 animarum.
1712 2210 1779 2220 —-
1819 2178 1959 2249 Ignis
1984 2219 1999 2245 ,

419 2256 597 2323 igneus
626 2255 787 2317 vigor,
820 2254 858 2307 1.

493 2321 617 2377 875.
643 2323 940 2390 Trajector,
972 2331 1286 2391 penetrator,
1319 2322 1664 2387 trammissor,
1695 2320 1733 2391 1.

494 2394 617 2446 8⁸6.
648 2390 1053 2463 Ferrugineum,
1090 2393 1311 2463 nigrum,
1344 2394 1679 2456 tenebrosum,
1710 2390 1757 2463 l.

488 2463 613 2516 878.
644 2459 894 2518 Praeteriti
914 2504 929 2525 ,
967 2459 1172 2515 velocis.
1207 2491 1275 2501 —
1305 2464 1442 2517 Area
1462 2502 1476 2527 ,
1529 2462 1819 2515 rotunditas
1841 2501 1856 2527 ,
1891 2459 2005 2530 pias

417 2534 585 2587 nitier.
618 2561 687 2573 —
720 2533 922 2597 Mundi,
947 2534 1078 2596 cali,
1106 2532 1145 2585 I.

492 2604 618 2657 879.
649 2603 898 2668 Tantum,
928 2604 1059 2657 sicut
1108 2602 1230 2665 facit
1260 2615 1439 2653 ocutus
1465 2602 1716 2668 corporis.
1746 2630 1818 2642 —
1849 2600 2002 2665 Visu,

422 2688 559 2725 cum.
592 2703 663 2712 —
691 2674 896 2737 Iliatus,
920 2675 1208 2738 apertiones
1238 2672 1311 2723 uel
1335 2672 1613 2737 vastitates,
1647 2667 1689 2724 l.

492 2743 617 2797 880.
645 2742 898 2813 Spiritus,
921 2744 1115 2795 anima.
1132 2770 1215 2813 _——
1241 2742 1548 2809 Oppositus,
1576 2750 1754 2795 contra
1786 2740 2001 2810 positos.

422 2841 493 2851 -—-
525 2810 749 2866 Lumine
768 2854 783 2874 ,
813 2813 1063 2881 sapientia
1084 2853 1100 2877 ,
1132 2810 1173 2865 1.

492 2882 618 2937 881.
648 2878 882 2945 Thules,
904 2882 1085 2935 ultima
1109 2880 1420 2948 insularum,
1453 2878 1493 2934 l.

490 2952 617 3006 882.
648 2951 1007 3019 Transailigit,
1042 2954 1244 3014 transit,
1273 2948 1316 3003 Ι.

490 3022 615 3076 884.
638 3022 815 3085 Circo,
838 3024 889 3073 in
913 3030 1075 3081 nocte,
1100 3019 1139 3072 1.

492 3092 862 3216 885.ll::xut:e,
894 3091 1127 3159 spiritus,
1164 3088 1371 3156 enim,
1399 3088 1601 3157 forma.
1639 3118 1705 3131 —
1741 3087 1961 3144 Vlscere
1986 3130 2003 3158 ,

492 3177 591 3216 πιισ.
639 3201 658 3216 Α

419 3177 591 3225 carne,
620 3177 658 3219 I.

2184 2111 2310 2165 888.
2336 2109 2544 2179 Cuique
2569 2152 2583 2176 ,
2617 2112 2912 2179 unicuique.
2953 2142 3023 2152 —
3061 2110 3317 2179 Summa,
3364 2111 3608 2180 qualitas.
3644 2140 3713 2151 --

2110 2180 2347 2245 Sinistri,
2380 2182 2539 2246 mali,
2560 2183 2917 2247 'adrersitatis,
2948 2181 2987 2235 l.

2184 2251 2310 2304 889.
2344 2252 2557 2313 Dextri,
2590 2252 2729 2316 boni,
2777 2252 3159 2319 prosperitatis;
3194 2252 3432 2304 dextrum
3472 2255 3548 2303 rei
3583 2252 3715 2303 sini-

2113 2330 2278 2373 strum
2298 2337 2469 2374 aerem
2498 2332 2642 2373 vocat
2671 2324 2906 2374 dextram
2948 2322 3025 2374 vel
3054 2322 3339 2389 sinistram,
3363 2338 3583 2389 quorum
3610 2337 3713 2375 una

2112 2392 2182 2444 ad
2210 2394 2385 2452 vitam,
2417 2391 2583 2444 altera
2610 2393 2676 2444 ad
2706 2402 2921 2444 mortem
2957 2387 3146 2455 tendit,
3172 2390 3215 2444 1.

2182 2462 2308 2515 890.
2346 2461 2525 2525 Vices,
2549 2472 2800 2531 tempora,
2834 2463 2869 2512 Ι.

2182 2531 2307 2586 891.
2337 2531 2631 2599 Quidquid,
2651 2528 2763 2585 sive
2785 2532 3005 2599 requies,
3029 2531 3134 2583 sive
3164 2546 3313 2599 prrna
3340 2530 3426 2594 sit,
3452 2528 3491 2581 l.

2184 2602 2313 2657 892.
2345 2600 2632 2665 Expertes,
2662 2600 2923 2671 probatos,
2951 2601 2990 2654 Ι.

2346 2670 2561 2794 ῒδᾰίιει,
2596 2668 2787 2726 secreta
2808 2672 2944 2726 loca.
2974 2699 3043 2711 —
3070 2670 3304 2738 Quietis,
3342 2668 3541 2733 somni,
3569 2671 3713 2738 quie-

2211 2759 2333 2794 ιηιδ.
2392 2780 2404 2792 .

2113 2743 2333 2805 .‘udt'nis,
2362 2743 2404 2794 l.

2186 2811 2312 2867 894.
2340 2811 2505 2876 Rere,
2547 2812 2833 2873 suavitate;
2866 2810 2923 2864 in
2958 2820 3123 2865 nocte.
3162 2838 3233 2852 —-
3280 2809 3585 2877 soporatis,
3618 2810 3710 2863 ho-

2118 2882 2365 2945 minibus,
2400 2881 2504 2935 ise.

2189 2950 2315 3007 895.
2349 2953 2554 3016 Aciem,
2584 2952 2769 3004 visum.
2802 2980 2875 2993 —-
2904 2952 3086 3016 Astra,
3110 2951 3321 3015 calum,
3348 2948 3391 3002 i.

2188 3020 2315 3075 896.
2341 3021 2655 3091 Intendens,
2689 3021 2812 3075 bene
2834 3023 3168 3091 prospiciens.
3184 3052 3255 3062 -—
3282 3021 3421 3086 Ipsa,
3445 3019 3645 3091 animo,
3670 3018 3713 3073 l.

2189 3092 2316 3145 897.
2349 3090 2519 3157 Vivis,
2544 3100 2598 3144 ut
2628 3100 2749 3144 ante
2776 3090 2991 3143 mortem
3013 3102 3190 3145 exeant
3220 3108 3252 3144 a
3275 3105 3513 3156 corpore,
3541 3090 3580 3142 1.

2188 3162 2313 3216 898.
2331 3160 2655 3228 Penetralia,
2666 3160 3219 3225 sacrum—Medullia,
3232 3160 3294 3214 ab
3306 3161 3656 3227 interioribus,
3674 3160 3713 3214 I.

1777 3249 2347 3310 GOMHENTARIUS.

495 3369 617 3422 873.
656 3366 773 3417 Vat.
802 3368 863 3424 A,
887 3378 1056 3429 error,
1086 3364 1249 3415 aliove
1277 3363 1564 3415 umbrante.

493 3439 619 3493 874.
652 3437 708 3489 ln
755 3434 1073 3496 Alexandr.,
1105 3433 1340 3497 Thuan.,
1368 3432 1489 3485 Ret.
1524 3438 1576 3485 et
1614 3430 1785 3485 tribus
1815 3431 2001 3497 Torr.,

421 3519 469 3564 et
514 3508 730 3574 pupula.
764 3504 893 3568 Alii,
946 3520 1033 3574 nec
1080 3501 1463 3574 pupula,»un
1492 3501 1675 3574 sensui
1699 3514 2009 3574 congruere

422 3570 667 3640 videtur;
717 3583 772 3628 et
818 3573 986 3628 secuti
1034 3570 1161 3626 sunt
1205 3572 1339 3626 Cell.
1388 3580 1444 3625 et
1491 3570 1641 3625 Teol.
1669 3570 2011 3640 rSuspicatur

426 3639 678 3703 Heinsius
702 3660 790 3697 nec
814 3646 1011 3714 pupula
1030 3659 1209 3713 prava.
1247 3641 1371 3695 Mihi
1398 3642 1559 3696 lectio
1588 3639 1745 3695 unice
1767 3656 1893 3695 vera
1924 3652 2009 3697 est

424 3732 517 3772 ita:
548 3716 743 3787 pupula
779 3730 955 3781 parva.
1304 3782 1316 3792 ι
1851 3781 1861 3791 ⁸
1929 3781 1941 3792 υ

499 3784 622 3840 875.
652 3784 773 3838 Vat.
808 3786 871 3845 A,
903 3782 1100 3835 nebula
1119 3789 1314 3834 etram
1344 3786 1651 3849 penetrator.
1681 3778 2009 3849 Descriptio.

426 3871 552 3911 nem
585 3855 860 3908 oculorum
892 3853 1071 3905 videre
1101 3852 1263 3905 etiam
1292 3848 1494 3919 poteris
1529 3849 1668 3919 apud
1695 3848 2010 3905 Ciceronem

425 3926 521 3981 lib.
555 3940 589 3977 ιι
612 3924 679 3977 de
704 3922 897 3977 Natura
923 3922 1167 3975 deorum.

498 3996 625 4049 876.
652 3991 709 4045 In
732 3991 865 4047 edit.
886 3989 1164 4045 Parmensi
1184 3988 1456 4043 emendari
1474 3992 1634 4045 debet
1658 3989 1908 4044 mendum
1930 4006 2015 4043 so-

426 4065 648 4121 lidumve
675 4060 942 4127 mentibus,
958 4072 1011 4114 et
1040 4058 1405 4126 reponendum
1428 4062 1711 4114 solidumve
1734 4061 2012 4115 tuentibus.

501 4134 628 4187 878.
660 4132 781 4186 Ald.
811 4140 997 4184 contra
1030 4138 1283 4189 metrum.
1318 4132 1512 4198 pg'enti
1537 4130 1690 4183 cedit.

500 4204 628 4258 881.
660 4201 760 4255 Alii
789 4200 1025 4269 scribunt
1060 4198 1194 4269 Tite,
1219 4195 1524 4269 a_lii’T/tgle,
1552 4200 1638 4269 alii
1666 4199 1849 4262 Thule,
1880 4201 2013 4269 etiin

429 4272 680 4343 gignendi
708 4285 834 4323 casu
862 4267 1069 4343 ᾙιιιιιε,
1098 4268 1178 4343 _v_c_|
1223 4266 1437 4343 Thales.
1463 4266 1538 4324 De
1581 4268 1743 4343 {huic
1770 4268 2015 4343 viile_El-

434 4336 823 4398 iuénlmrstiutn
846 4338 912 4391 ad
944 4340 1004 4391 At
1024 4339 1165 4391 nohii
1198 4337 1358 4394 verba
1385 4339 1477 4393 lib.
1504 4355 1576 4404 vi,
1606 4338 1855 4392 Ultimum
1886 4336 2020 4406 Thy.

430 4417 554 4467 lem.
583 4409 778 4466 Ultima
802 4410 916 4461 haec
939 4408 1107 4462 insula
1130 4408 1364 4475 antiquis
1385 4408 1685 4475 dicebatur,
1712 4408 1853 4471 quod
1878 4407 2017 4461 ultra

429 4479 700 4551 progressi
748 4492 854 4551 non
887 4476 1161 4551 inissent:
1194 4473 1367 4551 en‘est
1405 4473 1663 4551 Istanatia.
1695 4477 1889 4531 Notum
1936 4487 2021 4551 est

430 4545 653 4610 Sclicet:
682 4546 994 4602 vaticinium
1018 4547 1117 4617 (ita
1149 4545 1289 4617 enim
1302 4546 1537 4617 vocant)
1558 4548 1624 4602 de
1646 4562 1786 4617 novo
1816 4549 2019 4602 mundo

430 4619 719 4688 aliquando
743 4615 1087 4688 inveniendo.
1118 4616 1175 4688 In
1200 4615 1382 4669 Medea
1415 4616 1483 4688 ita
1510 4615 1655 4670 canit
1682 4616 1880 4688 chorus
1908 4626 2017 4670 aot.

2031 3364 2079 3426 C
2109 3363 2467 3431 deqlaraturus
2492 3370 2691 3431 portat.

2186 3414 2315 3487 882.
2371 3414 2798 3495 Ρινωὶιιιηιὶόιιθε,
2834 3439 2893 3483 ut
2943 3429 3059 3483 Vat.
3109 3428 3176 3490 A.
3210 3428 3370 3491 Mam,
3412 3429 3712 3495 lleinsiani,

2112 3500 2789 3568 Weitz.,transadigit.Gis.
2801 3541 2814 3558 .
2831 3499 3124 3560 tmnsadiit,
3139 3514 3260 3553 cum
3275 3499 3396 3553 Ald.
3408 3539 3422 3561 ,
3443 3499 3669 3567 Bongar.
3687 3515 3717 3557 a

2114 3572 2282 3637 prima
2306 3586 2489 3630 manu.
2507 3571 2585 3624 Ad
2603 3585 2752 3624 oram
2769 3569 2909 3635 Gis.,
2924 3570 3263 3633 transcurrit;
3282 3568 3375 3632 a|.,
3399 3570 3713 3637 transuadit.

2113 3636 2171 3695 lu
2192 3640 2373 3708 Vulg.,
2404 3640 2691 3694 transabiit.
2718 3640 2875 3710 Egm.
2906 3649 2957 3695 et
2981 3637 3207 3705 Widm.,
3230 3639 3561 3710 transadigit.
3588 3636 3720 3710 Ver-

2114 3712 2241 3766 bum
2268 3725 2391 3764 esse
2418 3708 2787 3771 Virgilianum’
2813 3710 3162 3779 transadigere
3203 3710 3411 3763 monuit
3440 3708 3713 3765 Heinsius.

2188 3781 2317 3836 885.
2346 3779 2469 3835 Vat.
2502 3780 2581 3843 A,
2630 3780 2807 3847 Egm.,
2841 3780 2979 3843 PaL,
3023 3780 3185 3832 oculis
3227 3793 3325 3847 pro
3370 3794 3565 3832 omnes.
3600 3780 3716 3833 Non

2118 3850 2314 3919 placet.
2342 3849 2461 3915 Quo
2489 3865 2652 3904 sensu
2684 3859 2907 3916 pereant
2938 3860 3095 3903 nocte
3121 3849 3354 3916 colores,
3390 3849 3593 3903 dictum
3636 3859 3720 3903 est

2118 3922 2320 3992 hymno
2347 3919 2590 3992 2_Cath.,
2616 3934 2761 3992 vers.
2792 3922 2847 3992 7.

2190 3988 2317 4043 885.
2350 3990 2586 4053 ΤΙιιι;ιιι.,
2614 3990 2772 4052 Man,
2799 3990 2983 4058 Prag.,
3014 3989 3163 4052 Rat.,
3187 3986 3329 4056 Gis.,
3353 3986 3573 4055 Weitz.,
3595 4005 3721 4042 etru-

2120 4069 2205 4120 tae.
2234 4060 2284 4112 id
2318 4068 2402 4113 est
2427 4062 2641 4113 animre.
2689 4059 2963 4113 Heiusiani
2992 4072 3186 4113 omnes
3234 4068 3434 4125 praeter
3475 4059 3717 4123 Thnan.,

2118 4133 2279 4190 exuti,
2306 4129 2448 4196 quod
2501 4130 2700 4184 habent
2728 4130 2933 4195 Alex,
2964 4129 3095 4183 Urb.
3125 4138 3181 4182 et
3218 4128 3334 4182 alii.
3375 4128 3527 4181 Tunc
3572 4128 3719 4181 visus

2120 4200 2492 4268 intelligunt-ir
2519 4198 2685 4253 exuti.
2715 4198 2897 4264 Prag.,
2942 4202 3135 4252 viscera
3153 4238 3186 4268 ,ν
3206 4198 3325 4252 Vat.
3352 4199 3417 4263 A,
3442 4198 3671 4266 pendunt
3698 4213 3718 4250 :

2125 4267 2411 4337 utrumque
2440 4268 2630 4323 lalsum
2662 4283 2758 4334 pro
2778 4269 2963 4322 viscere
2987 4276 3044 4322 et
3064 4267 3309 4337 perdunt.

2194 4335 2512 4401 887.‘A|d.,
2541 4339 2809 4401 animam;
2852 4338 2964 4403 alii,
3016 4335 3239 4392 animas.
3272 4336 3451 4391 Locus
3500 4335 3587 4391 hic
3630 4346 3724 4390 diu

2129 4408 2287 4488 torsit
2324 4407 2765 4488 Chamillardum.
2793 4406 2936 4476 Lege
2961 4406 3197 4488 glossam
3244 4407 3437 4488 lso_nis,
3479 4415 3535 4488 et
3562 4405 3724 4461 intel-

2124 4478 2228 4547 lige
2270 4491 2386 4532 rem
2428 4491 2552 4547 esse
2578 4476 2646 4531 de
2676 4475 2923 4547 extremo
2963 4475 3281 4547 judicio,et_
3303 4475 3373 4532 de
3401 4485 3582 4547 sorte,
3629 4490 3725 4532 seu

2126 4545 2288 4612 bena,
2320 4561 2417 4601 seu
2449 4546 2808 4613 maiahquam
2831 4546 3027 4599 animae
3049 4555 3175 4600 sunt
3196 4545 3482 4600 habitura.
3507 4545 3715 4613 Nescio,

2126 4617 2251 4686 quid
2275 4616 2495 4670 'l‘eolius
2532 4616 2784 4681 amplecti
2813 4615 3064 4686 voluerit,
3114 4614 3359 4686 animam,
3388 4630 3454 4686 an
3486 4615 3725 4669 animos:

430 4706 467 4745 ιι
499 4683 759 4776 {Venient
780 4687 930 4776 annis
961 4686 1168 4776 Βατανέα
1188 4687 1765 4776 δεήδξιιιιίὺιιεεξειίηιιε
1795 4686 2017 4739 Vincula
2046 4716 2095 4776 η
2126 4683 2257 4776 riam
2277 4700 2518 4776 efrgrem
2544 4685 2993 4776 txpographiclum
3026 4694 3156 4776 puto
3188 4683 3303 4739 Una
3307 4685 3726 4776 :ni‘mq‘sgntgﬂ

429 4776 603 4814 rerum
630 4760 787 4822 laxet,
814 4762 861 4807 et
888 4757 1063 4827 ingens
1096 4754 1274 4811 Patent
1317 4752 1486 4819 tellus,
1535 4755 1730 4827 Tiphys
1769 4772 1828 4808 ne
1857 4771 2013 4809 novos
2046 4752 2094 4776 "
2123 4756 2281 4825 facies
2300 4755 2479 4819 habet;
2504 4752 2599 4810 sed
2628 4752 2789 4809 recte
2802 4755 2866 4808 ad
2901 4752 3043 4809 hunc
3071 4756 3247 4809 locum
3272 4752 3431 4809 affert
3458 4753 3589 4809 illud
3625 4752 3724 4808 Ec-

432 4830 644 4891 Detegat
676 4830 854 4880 orbes:
880 4842 970 4879 nec
996 4827 1061 4880 sit
1090 4827 1238 4879 terris
1283 4823 1476 4878 Ultima
1502 4823 1686 4879 Thule.
1725 4773 1857 4891 6mg
1885 4826 2012 4878 dum
2121 4827 2251 4881 cies.
2284 4839 2358 4890 ιι,
2388 4825 2460 4879 5:
2495 4824 2557 4879 Si
2604 4824 2843 4877 ceciderit
2890 4824 3091 4891 lignum
3135 4825 3203 4879 ad
3251 4833 3484 4878 austrum
3532 4834 3621 4877 aut
3658 4828 3724 4876 ad

432 4830 644 4898 Detegat
676 4830 854 4898 orbes:
880 4823 970 4879 nec
996 4827 1061 4880 sit
1090 4827 1238 4898 terris
1283 4823 1476 4898 Ultima
1502 4823 1686 4879 Thule;
1725 4823 1857 4898 Qua
1885 4826 2012 4878 dum

432 4894 583 4967 lego',
623 4896 753 4950 nihil
784 4896 1045 4967 Senecam
1077 4896 1145 4967 de
1184 4909 1323 4948 novo
1342 4894 1482 4967 orbe
1516 4904 1716 4967 nostro
1745 4897 2014 4967 cogitasse

430 4963 581 5033 ριῐιο,
609 4967 702 5021 sed
729 4981 793 5021 ea
824 4965 995 5019 solum
1024 4963 1243 5019 laudare
1271 4963 1523 5028 voluisse,
1558 4980 1675 5033 quae
1709 4966 1761 5018 in
1792 4964 2014 5032 expedi-

432 5038 577 5092 tione
596 5034 897 5091 Britannica
918 5049 947 5086 a
977 5033 1202 5088 Claudio
1225 5033 1581 5102 gerebantur:
1609 5050 1732 5089 nam
1756 5049 1875 5088 eam
1910 5044 2016 5087 tru-

431 5108 663 5175 gmdiam
704 5106 779 5159 de
820 5102 1004 5175 Medea
1048 5112 1101 5175 et
1128 5104 1325 5175 lasona
1369 5103 1559 5175 fecisse
1586 5145 1601 5167 ,
1629 5114 1687 5157 ut
1730 5105 2017 5175 occasione

436 5170 619 5243 prima:
646 5173 1000 5241 navigationis
1044 5170 1271 5243 Claudio
1295 5173 1629 5239 adularetur,
1661 5173 1806 5230 et‘ab
1825 5174 2017 5227 exsilio

434 5242 673 5299 reviwari
707 5244 999 5312 obtineret,
1032 5242 1181 5297 multi
1210 5253 1455 5297 asserunt
1484 5254 1542 5297 et
1573 5244 1909 5312 exploratum
1940 5243 2016 5295 vi-

434 5316 609 5368 detur.
656 5313 817 5381 Igitur
847 5311 1069 5365 chorum
1122 5312 1352 5378 inducit,
1387 5311 1765 5380 prmdicehtem
1798 5329 1859 5367 ea
1899 5327 2019 5381 qua:

435 5401 535 5440 suo
567 5395 806 5451 tempore
834 5382 1083 5436 accidere
1112 5382 1348 5445 videbat,
1380 5384 1448 5451 de
1480 5384 1708 5449 posteris
1739 5384 1853 5451 ipse
1884 5382 2017 5436 nihil

433 5450 723 5517 sollicitus,
741 5465 1069 5520 exaggerans
1091 5461 1267 5506 tamen
1291 5450 1494 5505 Claudii
1514 5450 1811 5507 maritimos
1834 5453 2019 5506 trium-

435 5524 589 5592 phos.
624 5523 699 5578 De
740 5536 846 5592 quo
862 5521 995 5592 gaudi
1029 5521 1382 5590 Pomponium
1408 5522 1597 5576 Melam
1649 5523 1742 5577 lib.
1771 5538 1869 5575 lll:
1903 5522 2018 5574 Bri-

432 5590 611 5647 tannia
630 5590 796 5663 qualis
828 5590 893 5643 sit
918 5598 964 5663 et
994 5592 1171 5659 quales
1197 5600 1501 5663 progeneret
1525 5634 1537 5655 ,
1568 5608 1687 5663 mox
1726 5594 1943 5645 certiora
1973 5600 2020 5643 et

433 5664 598 5733 magis
622 5660 887 5732 explorata
904 5661 1155 5733 dicentur.
1178 5661 1379 5731 Quippe
1396 5663 1574 5716 tandiu
1596 5661 2021 5733 clausamaperit

433 5732 549 5785 ecce
575 5734 859 5803 principum
901 5732 1179 5796 maximus,
1207 5746 1298 5784 nec
1326 5733 1691 5785 indomitorum
1722 5732 1874 5785 modo
1899 5740 2019 5785 ante

436 5817 511 5867 se,
539 5818 705 5856 verum
740 5816 1035 5872 IGNOTABUBI
1064 5818 1261 5872 quoque
1298 5804 1526 5871 gentium
1553 5804 1709 5855 victor
1732 5818 1747 5864 ;
1772 5803 1859 5872 qui
1899 5816 2016 5872 pro-

436 5877 665 5940 priarum
694 5888 861 5927 rerum
888 5871 1041 5939 ﬁdem
1087 5882 1138 5927 ut
1174 5870 1311 5927 bello
1339 5871 1625 5940 aﬂ'ectat'it,
1656 5874 1725 5925 ita
1755 5870 2016 5938 triumpho

2121 4827 2251 4881 oles.
2284 4839 2358 4890 ιι,
2388 4825 2460 4879 5:
2495 4824 2557 4879 Si
2604 4824 2843 4877 ceciderit
2890 4824 3091 4893 lignum
3135 4825 3203 4879 ad
3251 4833 3484 4878 austrum
3532 4834 3621 4877 aut
3658 4828 3727 4876 ad

2122 4894 2443 4963 aquilonem,
2463 4896 2517 4948 in
2544 4910 2848 4963 quocunque
2874 4895 2986 4948 loco
3010 4896 3263 4959 ceciderit,
3296 4894 3368 4948 ibi
3392 4896 3511 4948 erit.

2198 4965 2323 5019 892.
2358 4963 2433 5017 Ita
2484 4964 2632 5028 Put.,
2675 4966 2881 5029 030m,
2926 4963 3157 5029 Cauch.,
3199 4964 3348 5024 Rot..
3383 4972 3494 5020 tres
3540 4964 3728 5028 Torr.,

2127 5034 2311 5099 Alex.,
2343 5034 2501 5102 Urh.,
2556 5034 2677 5087 Rat.
2713 5049 2743 5086 a
2795 5049 2967 5088 manu
3006 5034 3278 5099 secunda,
3334 5033 3460 5100 Eg.,
3506 5035 3633 5088 Ald.
3677 5043 3727 5090 et

2128 5105 2333 5159 Bonan.
2364 5102 2471 5157 Alii
2514 5104 2697 5169 legunt
2736 5117 2985 5169 apertos
3014 5105 3152 5158 visus
3197 5118 3319 5160 cum
3352 5104 3509 5167 Man,
3550 5104 3671 5159 Rat.
3699 5122 3727 5158 a

2126 5189 2288 5228 manu
2313 5174 2506 5243 prima,
2535 5174 2717 5243 Prag..
2756 5171 2951 5228 Weitz.
2971 5214 2985 5237 ,
3029 5174 3173 5243 quod
3215 5175 3383 5228 edidit
3414 5173 3726 5243 Giselinus;

2126 5243 2221 5298 sed
2245 5242 2456 5297 monuit
2481 5242 2688 5313 postea,
2710 5243 2762 5297 in
2785 5242 3107 5311 quibusdam
3134 5244 3457 5312 apographis
3478 5258 3599 5298 esse
3624 5242 3729 5297 Ex-

2128 5323 2269 5381 perto
2304 5314 2507 5367 dubitas
2536 5314 2736 5367 animas
2764 5330 3059 5383 percurrere
3086 5314 3216 5377 visu,
3240 5313 3383 5380 quod
3414 5314 3520 5382 ipsi
3551 5317 3729 5381 appri-

2133 5398 2219 5436 me
2250 5382 2535 5451 placebat;
2568 5385 2695 5438 etin
2732 5382 2905 5451 prima
2928 5384 3166 5437 editione
3188 5385 3558 5451 adoptaverat.
3592 5385 3730 5441 Ante

2132 5453 2429 5509 Giselinum
2457 5452 2753 5508 Sichardus
2782 5464 2999 5507 secutus
3022 5454 3195 5508 fuerat
3224 5462 3458 5521 expertos
3488 5455 3645 5507 visus.
3674 5456 3729 5508 lu

2132 5522 2343 5577 Thuan.
2369 5532 2487 5594 erat
2516 5537 2546 5576 a
2578 5538 2737 5576 manu
2761 5522 2932 5591 prima
2963 5534 3221 5594 expertas,
3253 5538 3282 5576 a
3306 5522 3540 5577 secunda
3570 5539 3732 5581 manu

2130 5594 2374 5661 expertis.
2420 5592 2585 5648 Poeta
2632 5594 2943 5661 exemplum
2998 5592 3217 5647 adducit
3265 5606 3489 5657 eorum,
3525 5608 3646 5662 qua:
3680 5595 3730 5650 in

2127 5666 2333 5718 somnis
2358 5664 2688 5727 experimur.
2721 5663 2972 5727 Plerique
3004 5663 3145 5717 male
3178 5664 3316 5716 hunc
3350 5661 3730 5719 locuminter-

2127 5678 2333 5718 somnis
2358 5678 2420 5718 ex
2501 5678 2688 5717 rimur.
2723 5678 2972 5727 tuerique
3004 5678 3145 5717 male
3178 5678 3316 5716 nunc
3350 5678 3527 5716 locum
3558 5678 3727 5719 inter-

2127 5740 2391 5802 pungunt.
2406 5678 2654 5801 (ﬁniicio
2677 5740 2932 5801 expertes,
2951 5732 3052 5786 hoc
3080 5742 3183 5797 est,
3205 5732 3412 5786 animas
3430 5745 3727 5802 separatas.

2202 5802 2328 5875 896.
2359 5804 2543 5875 Prag.,
2576 5820 2666 5875 nec
2698 5810 3095 5875 sesesegregat,
3120 5802 3463 5875 inconcinne.

2202 5874 2328 5929 897.
2361 5874 2417 5929 In
2446 5872 2717 5930 nonnullis
2750 5872 2919 5940 vulgi,
2950 5872 3165 5940 uitibus,
3201 5872 3360 5929 male.
