4102 6326
470 399 598 454 1075

636 510 812 567 Emit,
849 508 1195 560 :ihdnctmtve
1225 505 1386 572 abigit
1417 503 1480 558 de
1514 512 1726 570 pectore
1756 501 1910 552 vitam
1941 515 1950 548 :

462 601 566 658 900
637 599 797 668 539
824 599 1062 650 VISCCI'ea
1112 597 1204 650 sed
1245 596 1370 650 Sede
1411 607 1658 656 niani-ns,
1722 588 2026 655 speculatur

1768 681 1956 751 [aeutis

640 783 826 836 Omnia
861 781 1166 840 luminibus,
1199 787 1248 830 ct
1279 793 1376 844 qua
1401 774 1720 830 circumtulit
1746 788 1923 826 acrem

645 875 854 928 Natura:
885 873 1012 924 levis
1040 872 1307 932 intuitum,
1338 868 1485 921 nullo
1515 866 1686 934 objice
1717 878 1894 917 rerum

646 964 877 1018 Disclusa
889 1001 902 1021 ,
918 971 1039 1013 ante
1052 959 1237 1013 oculos
1249 959 1541 1027 subjectum
1559 955 1810 1023 prospicit
1825 952 2003 1007 orbem
2015 991 2029 1013 ,

649 1057 819 1121 Atque
840 1052 984 1105 orbis
1011 1053 1108 1104 sub
1125 1050 1264 1102 mole
1280 1048 1432 1101 situm
1448 1047 1672 1100 sordens
1687 1043 2029 1098 elementum.

644 1146 864 1213 Objacet
895 1145 1096 1197 interea
1129 1141 1304 1200 tellus,
1337 1155 1436 1193 nec
1465 1139 1670 1192 visibus
1699 1137 1893 1190 obstat.

645 1236 800 1303 Quin.
831 1237 872 1291 ei
897 1233 1222 1299 stelligerum
1259 1231 1433 1284 vultus
1461 1237 1734 1283 convertat
1759 1227 1822 1279 ad
1853 1235 2030 1285 axem,

647 1327 727 1379 Nil
755 1327 1118 1378 intercurrens
1147 1322 1420 1377 obtutibus
1453 1319 1672 1388 impedit
1695 1319 1867 1387 ignem

646 1417 924 1491 Pervigilis
953 1417 1144 1469 animae
1184 1431 1198 1466 :
1236 1413 1477 1481 quamvis
1504 1410 1719 1464 denseta
1751 1414 2036 1477 graventur

653 1508 862 1569 Nubila,
895 1517 949 1559 ct
969 1505 1212 1572 opposito
1242 1504 1503 1570 nigrescat
1523 1499 1721 1553 vellere
1747 1497 1965 1552 emtum.

471 1149 572 1205 905

652 1599 741 1653 Sic
772 1610 959 1652 arcana
994 1594 1138 1645 videt
1167 1591 1341 1644 tacitis
1371 1598 1622 1657 cooperta
1651 1587 1844 1639 futuris

648 1689 943 1754 Corporeus
973 1683 1202 1736 Joannes
1232 1680 1424 1742 adhuc,
1453 1693 1550 1732 nec
1570 1691 1732 1732 cirne
1758 1677 1984 1733 solutus,

651 1778 863 1831 Munere
886 1773 977 1828 sed
1002 1773 1194 1835 somni,
1226 1771 1494 1838 paulisper
1527 1783 1687 1820 carne
1717 1771 1994 1833 sequestra

475 1601 577 1658 910

655 1867 810 1920 Liber
838 1867 900 1916 ad
933 1866 1196 1922 intuitum,
1243 1874 1534 1922 sensuque,
1569 1856 1848 1923 oculisque
1890 1867 2041 1919 pera-
2078 1867 2122 1927 Β

1791 1943 1972 2014 lsrans

1523 383 1794 444 AUBELll
1834 377 2195 437 PRUDENTII
2233 375 2560 433 CARNINA.

3570 359 3707 416 1076

2314 493 2512 547 Ordine
2536 489 2822 544 disnositos
2849 484 3316 540 venturissolibus
3346 497 3536 535 annos.

2131 586 2236 642 915
2308 584 2470 652 5’70
2500 585 2840 636 Procinctuin
2872 580 3013 632 videt
3041 577 3337 646 angelicum
3367 576 3473 641 iam
3495 574 3706 640 jamque

3335 665 3625 739 [cremandi

2311 764 2470 818 Orbis
2500 764 2551 816 in
2581 761 2868 823 excidium,
2899 775 3094 815 raucos
3127 769 3181 812 et
3217 758 3442 825 percipit
3467 771 3595 809 aure

2309 857 2539 926 Mugitus
2565 854 2811 925 gravium
2837 853 3015 906 mundi
3044 852 3144 904 sub
3168 852 3268 902 line
3300 849 3568 903 tubarum.

2311 947 2434 1002 Haec
2491 947 2580 1000 ille
2617 953 2740 999 ante
2794 945 2996 998 obitum
3029 984 3042 1006 ,
3089 941 3454 996 membrorum
3498 951 3709 991 carcere

3413 1028 3638 1100 [septus,

2320 1129 2622 1186 Secedente
2642 1127 2839 1189 anima,
2875 1140 2980 1180 non
3009 1124 3342 1188 discedente,
3375 1122 3608 1176 videbat.

2312 1222 2498 1278 Nonne
2519 1222 2684 1292 magis
2707 1219 2997 1275 [latussine
3047 1233 3275 1288 corpore
3321 1224 3510 1270 cuncta
3557 1223 3711 1266 nota-

3522 1303 3639 1375 pm,

2314 1405 2568 1471 Corporis
2600 1403 2888 1458 involucris
2920 1401 3122 1456 tumulo
3150 1399 3378 1468 frigente
3405 1395 3671 1466 repostis!

2315 1499 2469 1551 Certa
2501 1495 2650 1558 lides,
2685 1493 2896 1560 rapidos
2923 1493 3175 1548 subterna
3215 1499 3370 1542 nocte
3396 1488 3658 1546 caminus.

2314 1587 2410 1654 Qui
2441 1587 2695 1654 pollutam
2727 1584 2957 1636 animam
2985 1597 3079 1650 per
3101 1581 3295 1636 srccnla
3321 1579 3476 1645 longa
3499 1574 3718 1644 perenni

2318 1678 2440 1747 lgne
2468 1685 2724 1743 coquunt,
2748 1675 2916 1729 oculis
2944 1675 3155 1742 longum
3188 1687 3284 1741 per
3314 1669 3474 1723 inane
3503 1669 3692 1723 temeti

2142 1768 2247 1824 925
2320 1766 2572 1835 Pauperis
2597 1767 2900 1833 expositos;
2931 1778 3030 1818 nec
3056 1761 3230 1817 secius
3264 1774 3422 1814 aurei
3456 1759 3593 1812 dona

2310 1855 2467 1926 571
2495 1854 2768 1910 Justoruin
2799 1854 3081 1913 dirimente
3108 1852 3266 1916 chao,
3315 1847 3605 1912 rutilasque
3636 1862 3722 1897 ro-

3468 1932 3655 2005 [ronas

2137 1225 2242 1280 920

1777 2034 2067 2090 GLOSS/E
2111 2036 2451 2093 VETERES.

548 2143 671 2195 899.
703 2139 891 2206 Aloigit,
925 2136 1086 2204 pellit.
1117 2135 1154 2193 Ι.

549 2212 670 2263 901.
705 2201 1156 2269 Αςτέιιι,ὀιαηιηι,
1179 2204 1252 2256 vel
1275 2213 1498 2263 acutum,
1531 2201 1570 2252 1.

549 2280 674 2332 905.
700 2268 937 2332 Disclusa
958 2316 972 2337 ,
1015 2283 1250 2335 separata
1272 2316 1286 2338 ,
1335 2283 1526 2342 aperta.
1559 2298 1627 2310 --
1663 2271 1797 2322 Ante
1831 2268 2037 2333 oculos,

485 2350 668 2403 scilicet
699 2347 881 2399 habens
909 2346 1097 2404 omnia,
1135 2345 1171 2398 I.

555 2419 678 2472 904.
713 2419 1066 2475 κιοιιιρηιυιῐι,
1095 2416 1369 2479 infernum,
1397 2413 1439 2465 1.

554 2487 676 2541 905.
705 2485 938 2544 Visihns,
966 2486 1166 2542 animm,
1197 2481 1298 2535 lso.

555 2559 677 2609 907.
701 2556 1002 2616 Ohtutabus,
1033 2555 1236 2610 visibus,
1273 2552 1310 2602 l.

556 2626 680 2679 908.
727 2621 996 2692 l’ervigilis
1029 2664 1044 2688 ,
1102 2637 1294 2692 semper
1345 2620 1622 2692 vigilantis.
1668 2646 1736 2658 -—
1792 2618 2052 2678 Denseta,

490 2697 670 2757 spissa,
697 2695 736 2746 1.

514 2715 682 2818 ριδδῗί.
699 2715 943 2824 IVellere,
971 2762 1099 2814 nube
1123 2760 1396 2817 tenebrosa.
1423 2759 1464 2812 Ι.

558 2833 682 2887 910.
717 2833 822 2895 Sic,
849 2833 938 2882 tali
962 2834 1455 2892 modo.—Areana,
1499 2829 1771 2888 mirabilia,
1803 2827 1841 2880 1.

560 2904 681 2955 illi.
714 2903 1019 2969 Sequ-estra,
1047 2907 1299 2962 separata,
1335 2899 1370 2951 Ι.

563 2971 685 3024 914.
727 2964 1035 3037 υἱέροείιος,
1067 2971 1344 3021 ordinatos.
1385 2996 1448 3006 -
1480 2968 1726 3032 Solibus,
1773 2967 1948 3020 diebus
1985 2964 2062 3018 uel

499 3042 824 3108 temporibus,
847 3042 884 3094 I.

567 3105 692 3165 9⁷15.
723 3111 1080 3168 i’rocinctum.
1107 3107 1402 3173 exercitum,
1434 3115 1764 3178 apparatum,
1798 3105 1846 3162 l.

570 3179 695 3236 910.
727 3181 953 3242 Raucos,
986 3180 1174 3241 tristes,
1208 3177 1248 3231 1.

2213 2130 2334 2182 917.
2362 2127 2610 2198 Mugitus,
2643 2129 2731 2194 qui
2760 2136 2907 2180 erunt
2935 2125 2989 2180 in
3025 2125 3107 2179 die
3127 2124 3266 2195 judit
3282 2124 3340 2177 ii.
3363 2155 3424 2164 —
3453 2121 3727 2186 Gravium,

2142 2215 2462 2269 magnarum,
2494 2214 2788 2262 raucarum,
2815 2198 2852 2250 I.

2219 2264 2346 2323 919.
2376 2270 2687 2331 secedente,
2717 2275 2954 2337 vagante,
2980 2264 3023 2321 1.

2219 2339 2348 2393 920.
2384 2337 2585 2400 Flatus,
2614 2335 2808 2400 animo,
2844 2335 2883 2388 1.

2228 2407 2356 2462 921.
2389 2406 2720 2468 lnvolucris,
2765 2403 3160 2458 invrlu'ionibus
3205 2418 3225 2457 :
3267 2404 3477 2457 voluero
3520 2405 3732 2457 dicimus

2156 2479 2496 2532 involutiones
2529 2477 2966 2540 vestimentorum,
2991 2476 3078 2527 sed
3107 2476 3201 2527 hoc
3237 2474 3286 2526 in
3317 2475 3428 2526 loco
3467 2476 3734 2528 involutioo

2163 2565 2274 2600 nem
2315 2546 2544 2614 corporis
2586 2546 2771 2598 mortui
2814 2546 2866 2597 in
2919 2548 3150 2606 sepulcro
3184 2555 3326 2598 vorat
3381 2547 3662 2609 involucra,
3695 2545 3732 2596 1.

2172 2618 2417 2681 Volnera,
2449 2616 2524 2669 vel
2555 2617 2754 2668 volucla
2783 2614 3024 2673 dicuntur
3051 2616 3409 2672 involutiones.
3440 2614 3564 2668 Vat.
3599 2614 3662 2669 Τ.

2234 2687 2359 2740 922.
2386 2688 2565 2749 Certa,
2609 2695 2836 2747 (eterna;
2865 2686 3057 2738 scilicet
3091 2697 3182 2738 est.
3213 2711 3284 2725 —
3311 2685 3572 2739 Subterna
3591 2727 3606 2752 ,
3653 2687 3736 2738 ubi

2173 2768 2418 2827 perpetua
2437 2771 2538 2811 no.1:
2567 2765 2661 2827 est,
2694 2758 2794 2827 lso.

2238 2826 2362 2880 923.
2395 2825 2670 2892 Pauperis,
2707 2823 2908 2877 Lazari.
2934 2853 3000 2862 —
3026 2822 3330 2892 Expositos,
3363 2825 3735 2888 manifestatos,

2164 2897 2352 2949 scilicet
2395 2910 2501 2948 esse
2549 2895 2794 2947 caminos.
2821 2922 2892 2933 —-
2921 2893 3139 2960 Secius,
3173 2894 3392 2946 tardius.
3429 2893 3500 2934 -—’
3544 2903 3737 2958 Aurea,

2171 2966 2414 3035 pulchra,
2444 2963 2484 3018 l.

2248 3029 2372 3089 9‘26.
2398 3035 2710 3097 Dirimente,
2743 3032 3014 3086 dividente.
3045 3061 3113 3072 —
3146 3033 3312 3096 Chao,
3345 3035 3576 3101 confusio
3609 3047 3743 3087 ten:-

2175 3105 2414 3170 brarum;
2438 3105 2556 3168 quia
2582 3103 2877 3173 confusione
2895 3104 3111 3156 distante
3133 3119 3229 3156 non
3254 3121 3519 3171 possumus
3549 3108 3744 3159 misceri

2181 3177 2348 3240 felices
2385 3185 2432 3228 et
2461 3175 2604 3238 mali,
2633 3173 2671 3227 1.

1873 3262 2429 3319 COMMENTARiUS.

565 3362 691 3417 899.
725 3362 868 3422 Ald.,
899 3375 1200 3430 perperam,
1233 3360 1358 3411 abiit
1383 3357 1446 3410 de
1469 3366 1684 3430 rectore.

565 3433 690 3485 900.
732 3434 873 3494 Ald.,
902 3427 1178 3490 mendose,
1211 3445 1415 3481 manens
1442 3427 1750 3491 speculator.

573 3502 698 3556 903.
733 3502 787 3555 ln
810 3503 1012 3552 somnis
1038 3514 1125 3552 res
1150 3499 1216 3552 ita
1253 3507 1726 3566 repraesentantur,
1756 3494 1906 3563 quasi
1932 3508 2064 3548 ocu-

499 3572 562 3625 lis
587 3571 860 3638 corporeis
891 3569 1193 3622 videantur.

567 3635 697 3694 901.
720 3640 773 3695 In
810 3639 926 3691 Vat.
955 3637 999 3691 Α
1025 3647 1210 3691 contra
1260 3644 1487 3705 metrum
1519 3645 1602 3691 est
1629 3635 1885 3706 positum;
1914 3647 2070 3701 supra

498 3719 664 3771 recte,
697 3711 870 3761 situm.

571 3779 695 3832 906.
742 3779 796 3830 In
832 3776 948 3829 Vét.
1005 3777 1047 3830 Α
1091 3775 1424 3832 desideratur
1474 3774 1661 3829 vultus.
1704 3773 1761 3826 In
1805 3771 2074 3826 nonnullis

504 3850 667 3914 vulg.,
696 3849 861 3910 uultu,
893 3845 1052 3900 male.

568 3913 693 3971 907.
726 3916 841 3969 Vat.
866 3913 1107 3977 A,‘uiltil,
1129 3913 1570 3984 monosyllabum.

577 3986 706 4040 908.
743 3985 858 4038 \‘at.
884 3986 950 4049 A,
979 3986 1222 4046 denseta;
1251 3981 1426 4047 Alex.,
1461 3983 1592 4036 Mar.
1615 3993 1671 4036 et
1699 3982 1809 4045 alii,
1842 3981 2072 4034 densata.

502 4055 742 4122 Utroque
789 4054 947 4106 modo
997 4054 1227 4115 dicitur,
1274 4056 1429 4105 denso
1473 4063 1526 4106 et
1573 4054 1780 4105 denseo.
1829 4051 2075 4105 lleinsuts

506 4123 946 4195 pralertdcnscta
970 4138 1089 4175 cum
1120 4123 1238 4195 P_u_t.
1269 4124 1518 4195 ethx‘on.

573 4193 698 4247 910.
729 4193 1131 4244 Pr.I-stantiures
1163 4193 1453 4254 lleiusiani,
1484 4191 1655 4251 Alex.,
1682 4191 1826 4255 Ald.,
1854 4188 2074 4252 Weitz.,

507 4262 709 4394 aliiquei
744 4261 935 4340 nostri,
970 4262 1176 4329 futuris.
1221 4261 1406 4324 Fabr.,
1453 4261 1624 4326 Sich.,
1670 4261 1846 4327 Prag.,
1885 4261 2076 4326 Bung.,

559 4349 642 4394 ιι,
715 4347 874 4394 gum.

507 4332 642 4395 ϐίῃ,
674 4332 874 4395 ﬁguris.

578 4349 1134 4465 9illfgt'iiif;loannes,
1159 4398 1520 4464 alii,.loannis,
1535 4398 1622 4450 alii
1650 4407 1873 4465 utrolue
1897 4397 2078 4460 modo,

510 4481 563 4522 ut
593 4471 750 4523 Alex.

577 4539 697 4593 9l2.
728 4541 806 4590 An
837 4538 894 4590 S.
926 4536 1159 4590 Joannes
1189 4536 1541 4606 Apocalypsin
1566 4536 1615 4589 in
1647 4551 1835 4589 somno
1863 4535 2077 4606 viderit,

510 4608 735 4661 disserui
765 4608 918 4658 Cath.
948 4609 1144 4670 hymno
1173 4606 1225 4670 6,
1255 4605 1401 4661 vers.
1428 4608 1514 4660 71.
1551 4606 1824 4659 Fabricius
1847 4607 1899 4659 in
1921 4605 2081 4661 Cum-

1022 4676 1193 4740 hrist.,
1220 4678 1382 4730 verbo
1405 4677 1786 4730 Eumaeus“:
1804 4717 1818 4739 ,
1855 4677 1931 4728 ait
1951 4673 2081 4728 Pru-

513 4675 678 4730 tncnt.
712 4676 774 4728 ad
802 4677 948 4728 l'oet.

2097 3357 2142 3418 C
2177 3371 2342 3423 usque
2385 3355 2448 3408 ad
2481 3354 2665 3414 mundi
2713 3354 2869 3408 linem
2914 3369 3019 3407 non
3052 3368 3172 3408 esse
3194 3353 3532 3421 complenda,
3566 3369 3749 3415 tenent

2179 3427 2448 3496 plerique;
2481 3426 2567 3478 alii
2595 3425 2705 3492 jam
2734 3439 2856 3478 esse
2870 3425 3141 3496 completa
3171 3425 3498 3480 existimant.

2245 3497 2370 3551 918.
2398 3495 2606 3560 Corpus
2641 3509 2762 3550 esse
2795 3495 2988 3564 anima:
3017 3508 3288 3548 carcerem
3319 3495 3628 3564 quemdam,
3668 3492 3752 3546 di-

2173 3575 2316 3620 ctum
2347 3566 2478 3618 satis
2504 3565 2708 3635 hymno
2741 3564 2806 3618 10
2829 3563 3191 3635 (ἶθιιικΛιίαιιί
3220 3563 3423 3633 putant,
3459 3565 3511 3618 id
3537 3564 3750 3635 desum-

2175 3646 2321 3702 ptum
2353 3650 2419 3689 ex
2459 3633 2831 3704 Egyptiorum
2881 3643 2936 3688 et
2979 3633 3214 3704 socratis
3268 3635 3433 3689 scitis.
3481 3633 3620 3689 Nihil
3670 3642 3751 3685 est

2173 3719 2367 3764 causte.
2423 3702 2770 3770 quamobrem
2815 3719 2880 3756 eo
2921 3702 3314 3772 confugiamus,
3363 3720 3484 3758 cum
3535 3712 3752 3769 pateant

2176 3789 2325 3827 sacra
2364 3776 2654 3827 volumina.
2714 3773 2816 3828 Alii
2864 3786 3060 3839 c0rpns
3105 3784 3332 3838 antrum,
3383 3775 3471 3827 alii
3520 3774 3750 3837 vincula,

2178 3844 2268 3896 alii
2299 3859 2384 3895 vas
2411 3843 2701 3910 appellant,
2733 3843 2872 3910 quod
2895 3843 3003 3910 jam
3038 3845 3356 3896 monuimus.

2247 3911 2371 3967 920.
2404 3912 2582 3981 Prag.,
2611 3914 2824 3965 notabis.
2857 3913 3000 3970 Rat..
3026 3915 3252 3965 notabat.
3287 3913 3472 3968 Melius
3502 3913 3716 3966 notabit.

2249 3982 2374 4036 921.
2409 3983 2574 4034 Aldus
2605 3983 2832 4048 primum
2857 3982 3023 4035 edidit
3059 3982 3360 4047 involnclis;
3403 3985 3598 4036 deinde
3636 3999 3755 4035 cor-

2177 4055 2314 4107 rexit
2373 4053 2670 4104 involucris.
2733 4052 2802 4102 Ita
2849 4053 3046 4105 habent
3081 4068 3268 4106 omnes
3314 4054 3439 4106 editi
3478 4064 3532 4105 et
3580 4055 3758 4121 plures

2179 4130 2308 4174 mss.
2340 4121 2444 4174 Sed
2479 4125 2528 4172 in
2561 4121 2832 4174 nonnullis
2863 4123 3183 4188 pervetustis
3229 4125 3558 4176 membranis
3602 4128 3754 4176 inve-

2179 4195 2270 4245 nio
2320 4191 2583 4242 involuclis
2621 4206 2648 4241 a
2690 4192 2946 4252 secunda,
3000 4192 3093 4244 sed
3145 4194 3315 4257 prisca
3365 4208 3544 4256 manu,
3595 4203 3650 4245 et
3705 4197 3756 4246 in

2179 4261 2376 4329 glossa,
2415 4260 2492 4312 bis
2535 4271 2681 4312 terve
2705 4260 2980 4325 involucla,
3017 4264 3166 4330 quasi
3199 4262 3511 4326 ἱηυοιιιιαια,
3565 4274 3618 4316 et
3665 4279 3760 4331 per

2181 4332 2596 4383 contractionem
2626 4331 2900 4384 involucla.

2252 4397 2374 4450 92:2.
2402 4398 2642 4468 Potiores
2683 4399 2956 4468 Heinsiani
2989 4414 3108 4453 cum
3162 4401 3341 4468 Egm.,
3384 4401 3529 4464 Ald.,
3575 4403 3758 4466 Alex.,

2185 4467 2304 4518 Vat.
2335 4469 2396 4527 A,
2430 4465 2583 4525 Urh.,
2624 4469 2854 4530 rapidos.
2887 4467 3034 4521 Multi
3066 4470 3174 4533 alii,
3209 4465 3363 4534 Man,
3399 4473 3579 4534 Prag.,
3613 4465 3758 4534 Itan,

2183 4537 2399 4593 Weitz..
2425 4535 2563 4599 Gis.,
2601 4537 2781 4599 Fabr.,
2813 4537 3036 4601 Widm.,
3079 4539 3359 4607 [iungat-5.,
3390 4541 3616 4594 rabidos.
3655 4541 3764 4595 Ve-

2185 4609 2390 4678 nustius
2409 4617 2490 4678 est
2517 4608 2724 4678 rapidus
2753 4610 2998 4678 caminos.
3032 4608 3179 4670 ΑΜ..
3219 4610 3397 4678 Egm.,
3425 4613 3763 4678 praaSIantio-

2187 4692 2274 4730 res
2302 4676 2592 4740 ileinsiani,
2624 4676 2801 4741 Alex.,
2831 4677 2984 4739 Urh.,
3031 4678 3149 4729 Vat.
3190 4676 3274 4743 Α.
3302 4676 3456 4742 Mar.)
3497 4682 3762 4738 subterna.

515 4746 751 4799 dentium
791 4744 1075 4815 afﬁrmare
1120 4719 1494 4813 ev’angelistam
1543 4717 1818 4799 Joannem.
1847 4761 1911 4799 ca
1959 4759 2081 4811 qua
2113 4717 2156 4774 υ
2185 4717 2400 4807 ννξὶιῑη
2431 4717 2616 4806 Fabri,
2648 4717 2906 4810 eis;st
2937 4717 3264 4815 ιέινᾶῗΡτέιὲ.

512 4818 725 4882 scripsit
752 4814 945 4868 vidisse
971 4817 1171 4880 animo,
1208 4831 1311 4867 non
1355 4816 1542 4876 oculis,
1590 4831 1759 4871 neque
1807 4816 2079 4868 somnian-

514 4895 640 4953 tem,
669 4885 762 4938 sed
796 4885 1121 4953 vigilantem,
1162 4885 1367 4939 nebulis
1396 4885 1640 4943 remotis;
1670 4884 1915 4938 Sedulius
1944 4897 2076 4936 vero

519 4950 761 5008 Fabricio
811 4950 1015 5008 videtur
1054 4960 1232 5009 testari
1277 4956 1535 5006 Joannem
1567 4969 1627 5006 ea
1651 4955 1845 5007 vidisse
1871 4956 1920 5006 iu
1944 4969 2082 5006 som-

515 5025 620 5077 nis.
666 5025 815 5077 Scire
845 5033 1016 5078 tamen
1045 5034 1254 5092 Oportet
1285 5026 1424 5077 hunc
1444 5024 1714 5078 Sedulium
1737 5039 1856 5077 esse
1879 5023 2080 5092 ipsissi-

515 5109 658 5146 mnm
695 5092 1057 5149 Prudentium.
1086 5091 1238 5162 'cujus
1270 5093 1615 5154 Dittoeltmum
1658 5091 1930 5148 Fabricius
1975 5094 2076 5146 Se-

517 5162 944 5233 dulio_al'lingere
971 5164 1197 5217 volebat.
1227 5165 1542 5217 Prudentius
1574 5162 1763 5233 iterum
1794 5175 1953 5233 atque
1984 5163 2081 5216 ite-

516 5248 632 5284 rnm
661 5231 713 5285 in
738 5233 1049 5304 Apocalypsi
1080 5233 1360 5288 referenda
1407 5247 1652 5288 somnum
1697 5231 1920 5286 Joannis
1965 5247 2077 5286 me-

521 5313 684 5355 IDOI'M
697 5340 710 5354 .

590 5373 714 5425 913.
748 5371 897 5434 Man,
931 5371 1101 5431 Sich.,
1141 5373 1190 5424 in
1229 5371 1496 5426 nonnullis
1533 5372 1672 5439 vnlg.
1707 5373 1770 5425 ad
1813 5386 1985 5436 oram,
2017 5372 2079 5424 li-

523 5443 660 5494 berat
691 5444 950 5507 intuitum,
982 5444 1156 5495 minus
1188 5444 1344 5496 bene.

589 5512 712 5565 9H.
744 5511 796 5563 In
827 5511 942 5564 Rat.
970 5523 1085 5565 erat
1109 5521 1368 5573 venturus,
1399 5525 1692 5579 perperam.

593 5582 714 5634 9|ti.
748 5579 802 5634 ln
826 5581 942 5634 Pnt.
973 5593 1026 5635 et
1052 5581 1258 5635 Thuan.
1278 5596 1306 5633 a
1336 5596 1494 5634 manu
1533 5581 1763 5636 secunda
1789 5584 1954 5635 tristes
1986 5595 2081 5649 pro

523 5667 722 5703 ramos.
751 5651 823 5703 De
845 5661 1086 5704 extremo
1116 5654 1259 5704 orbis
1297 5651 1506 5704 excidio
1544 5665 1639 5717 per
1685 5653 1881 5718 ignem,
1917 5661 1973 5706 et
2013 5653 2080 5704 de

526 5723 664 5780 tuba,
694 5722 841 5784 cujus
873 5722 1101 5786 mugitus
1132 5723 1415 5788 prmcedet,
1448 5720 1564 5774 vide
1605 5725 1784 5789 hyuin.
1812 5722 1868 5774 11
1895 5721 2074 5781 (Satin,

526 5804 710 5844 \ersus
744 5793 918 5843 linem.
954 5793 1022 5844 Ea
1052 5807 1168 5861 qua:
1212 5794 1260 5844 in
1307 5791 1620 5861 Apocalypsi
1657 5792 1887 5847 revelata
1930 5806 2073 5858 sunt,

2182 4817 2328 4890 quod
2350 4815 2772 4890 videturlegisse
2801 4813 3172 4890 lso._Teolins,
3198 4813 3317 4890 _nisi
3361 4823 3564 4872 erravit
3608 4813 3765 4890 typo-

2182 4886 2438 4954 graphus,
2476 4885 2656 4938 divisit
2697 4886 2796 4949 ita,
2840 4887 2934 4939 sub
2984 4897 3145 4939 terna.
3196 4887 3594 4942 Prtelerendnm
3631 4885 3768 4943 'sub-

2183 4969 2342 5028 terna.
2362 4969 2472 5028 _qu_a
2501 4969 2632 5008 voce
2665 4970 2792 5028 usu_s
2821 4957 2982 5028 etiam
3009 4967 3092 5009 est
3124 4957 3214 5028 lib.
3242 4973 3255 5028 t
3284 4962 3334 5010 in
3361 4960 3592 5028 Symm.,
3621 4976 3762 5013 vers.

2185 5025 2312 5082 592.
2347 5024 2631 5078 Subternus
2653 5040 2717 5076 ex
2740 5024 2976 5094 Fabricii
3002 5027 3362 5094 explicatione
3385 5024 3463 5081 est
3489 5031 3769 5084 subterra-

2186 5110 2316 5167 neus
2346 5109 2360 5146 :
2389 5093 2922 5167 quanquamdnbitat
2951 5093 3224 5167 fabricius
3263 5111 3329 5150 an
3359 5099 3428 5152 sit
3479 5099 3764 5167 legendum

2186 5166 2277 5218 lib.
2307 5180 2318 5216 l
2353 5167 2402 5215 in
2436 5163 2584 5232 Sym.
2635 5164 2726 5215 sub
2769 5167 2936 5218 terris.
2964 5164 3184 5220 Videtur
3211 5167 3410 5222 dictum
3439 5163 3710 5224 subiernus
3734 5186 3766 5225 a

2182 5236 2366 5297 subter,
2392 5241 2726 5302 tttrsuperuns
2755 5249 2782 5286 a
2811 5250 2983 5302 super.

2253 5303 2378 5386 924.
2411 5301 2555 5367 ΑΜ..
2585 5303 2825 5369 remotis;
2851 5306 2936 5359 alii
2959 5306 3158 5370 remoti,
3185 5305 3397 5362 hoc-cst
3420 5305 3602 5362 Lazari
3631 5325 3758 5377 pau—

2185 5389 2345 5444 peris.

2255 5443 2380 5498 99.5.
2423 5444 2598 5497 Monet
2653 5441 2920 5508 Heinsius,
2957 5445 3007 5498 in
3061 5445 3438 5499 vetustissimis
3485 5447 3762 5503 codicibus

2187 5515 2345 5584 scribi
2368 5515 2544 5577 setius,
2573 5526 2686 5584 non
2730 5515 2912 5584 secius,
2965 5529 3071 5566 non
3111 5515 3287 5569 solum
3337 5515 3477 5584 apud
3524 5518 3760 5572 Prudeno

2189 5582 2338 5646 tium,
2377 5585 2467 5638 sed
2513 5583 2672 5636 etiam
2715 5583 2852 5648 apud
2897 5584 3194 5652 Virgilium,
3237 5582 3513 5651 Ovidium,
3545 5588 3756 5649 Silium,

2185 5653 2319 5726 alios
2348 5654 2568 5726 passim.
2612 5652 2770 5704 Vides
2808 5659 3229 5726 controversiain
3267 5656 3755 5726 orthographiam,

2185 5723 2235 5796 in
2264 5737 2364 5796 qua
2389 5725 2606 5796 minime
2630 5738 2826 5796 sequar
2857 5721 3158 5791 Weitzinin,
3193 5727 3279 5796 qui
3323 5721 3643 5785 auctoritate
3682 5743 3760 5783 so-

2183 5792 2283 5848 lius
2312 5793 2655 5860 Bongarsiani
2685 5792 2851 5848 edidit
2877 5797 3079 5848 siccius.
