4102 6462
353 453 490 507 ΝΠ
662 445 669 462 ⁸
1743 442 2091 503 HAMARTIG
2101 442 2278 499 ENIA.
3511 443 3646 499 1978

538 560 763 623 Eminus
790 562 1001 620 ostendi
1033 575 1309 630 pmnarum
1340 573 1556 614 carcere
1579 559 1790 611 mersis.

538 660 672 714 tlinc
700 655 1070 726 paradisicola:
1099 663 1216 720 post.
1246 651 1422 704 ulcera
1454 650 1568 702 dira
1593 647 1752 701 beato

537 748 810 812 Proditor,
838 745 1041 810 infelix,
1076 743 1282 798 ululans
1317 742 1368 793 in
1403 751 1550 807 peste
1584 746 1782 798 reatus.

361 839 467 898 950
538 838 767 906 Spiritus
799 855 813 890 :
849 838 1010 906 inque
1040 835 1209 888 vicem
1241 830 1553 885 meritorum
1597 837 1782 882 mutua
1822 840 1940 880 cer-

1692 931 1866 989 tuum.

608 1017 652 1073 Ο
683 1017 792 1072 Dee
827 1015 1202 1085 cunctiparens
1228 1058 1242 1083 ,
1287 1010 1481 1066 animae
1520 1011 1706 1073 dator,
1750 1022 1782 1061 ο
1837 1006 1945 1060 Dee

1607 1098 1871 1171 [Christe,

542 1198 708 1268 Cujus
743 1198 811 1253 ab
837 1212 932 1254 ore
960 1198 1102 1253 Deus
1129 1193 1377 1250 subsiStit
1408 1193 1640 1262 Spiritus
1670 1207 1807 1246 unus
1842 1207 1857 1244 :

542 1290 622 1345 Te
669 1290 982 1347 moderante
1011 1303 1190 1358 regor,
1239 1294 1292 1340 te
1325 1286 1484 1340 vitam
1517 1285 1758 1354 principe
1782 1283 1946 1347 duco,

538 1379 724 1437 Judice
748 1389 798 1434 te
829 1380 1032 1447 pallens
1063 1377 1291 1447 trepido,
1325 1385 1377 1432 te
1399 1377 1579 1446 judice
1600 1375 1787 1431 eodem

359 1470 467 1526 935
540 1470 702 1540 Spem
748 1469 903 1540 capio
935 1510 950 1537 ,
994 1469 1106 1524 fore
1135 1510 1151 1532 ,
1205 1467 1461 1537 quidquid
1505 1482 1646 1536 ago,
1689 1465 1952 1520 veniabile

1613 1558 1770 1628 [apud
1805 1563 1878 1620 te,

538 1651 844 1720 Quamlibet
911 1649 1187 1722 indignum
1241 1649 1396 1705 venia
1458 1649 1754 1716 faciamque
1801 1692 1812 1716 ,
1869 1649 1950 1702 lo-

1594 1741 1878 1813 [quarqne.

541 1831 815 1888 Conﬁteor
844 1831 1080 1902 (dimitte
1103 1832 1297 1892 libens.
1328 1840 1382 1885 et
1411 1845 1569 1901 parce
1599 1829 1783 1884 fatenti
1804 1829 1846 1898 !)

536 1927 710 1982 Omne
730 1925 928 1979 malum
949 1924 1116 1978 merui
1134 1941 1148 1977 :
1166 1922 1259 1978 sed
1280 1933 1333 1977 tu
1361 1925 1532 1976 bonus
1549 1923 1750 1975 arbiter
1773 1919 1944 1983 aufer,
1981 1922 2027 1981 Β

535 2011 687 2080 Quod
716 2014 888 2068 merui
924 2032 938 2068 :
967 2013 1188 2069 meliora
1213 2012 1403 2067 favens
1426 2012 1620 2082 largire
1647 2013 1904 2080 precanti.

363 2107 470 2161 9w
546 2105 693 2160 Dona
724 2105 917 2161 anime
950 2104 1274 2176 quandoque
1309 2120 1475 2172 mete,
1526 2119 1648 2159 cum
1701 2103 1946 2172 corporis

1694 2193 1876 2265 [hujus

543 2277 1100 2356 Liquerithospitiu'm,
1117 2288 1316 2353 nervis,
1335 2296 1478 2352 cute,
1500 2288 1776 2356 sanguine,
1802 2285 1943 2355 felle,

543 2377 766 2433 Ossibus
805 2387 1164 2444 exstructum,
1189 2387 1438 2447 corrupta
1462 2379 1602 2445 quod
1627 2378 1797 2430 incola
1822 2377 1946 2430 luxu

545 2468 690 2524 Heu!
717 2471 938 2523 nimium
966 2472 1243 2538 complexa
1277 2470 1415 2524 fovct
1443 2485 1562 2523 cum
1591 2470 1783 2522 ﬂebilis
1820 2469 1950 2523 hora

544 2556 806 2613 Clauserit
839 2561 936 2613 hos
959 2559 1140 2624 orbes,
1172 2568 1226 2612 et
1253 2560 1582 2613 conclamata
1612 2559 1812 2627 jacebit

366 2653 472 2726 ἢιό
544 2653 704 2730 572
751 2653 1038 2723 Materies,
1093 2654 1373 2725 oculisque
1442 2653 1552 2708 suis
1606 2669 1757 2708 mens
1813 2653 1951 2706 nuda

1625 2744 1881 2816 [t‘rneturz

1969 561 2022 620 Α

2223 552 2302 609 Ne
2333 562 2518 608 cernat
2553 552 2912 606 truculentum
2937 553 3167 622 aliquem
3196 553 3262 606 de
3288 562 3447 622 gente
3476 553 3642 608 Iatro-

3407 643 3577 715 [num,

2217 736 2504 799 lmmitem,
2535 735 2801 800 rabidum,
2835 744 3093 802 vultuque
3123 746 3172 790 et
3199 750 3328 790 voce
3357 736 3574 799 minaci,

2219 825 2574 893 Terribilem,
2607 825 2697 896 qui
2727 841 2812 880 me
2848 827 3181 880 maculosum
3209 826 3492 895 aspergine
3524 843 3636 879 mo-

3394 915 3476 985 [ru
3487 931 3533 966 nt

2229 1013 2285 1067 In
2316 1027 2577 1083 praeceps,
2597 1022 2654 1066 ut
2668 1011 2874 1081 przedo,
2893 1012 3089 1076 trahat,
3107 1013 3377 1080 nigrisque
3395 1022 3644 1069 ruentem

2049 1105 2156 1160 950
2231 1107 2522 1176 lmmergat
2543 1107 2832 1175 specubus,
2855 1115 3044 1160 cuncta
3066 1113 3360 1160 exacturus
3381 1105 3446 1158 ad
3472 1121 3642 1175 usque

2229 1197 2601 1264 Quadrantem
2631 1197 2908 1251 minimum
2935 1198 3208 1250 damnosae
3239 1196 3418 1249 debita
3444 1195 3591 1249 vitze.

2232 1290 2396 1345 Multa
2427 1291 2479 1343 in
2504 1290 2770 1344 thesauris
2796 1289 2970 1344 Patris
2991 1299 3074 1342 εει
3103 1287 3384 1352 habitatio,
3409 1286 3648 1354 Christe,

2233 1380 2548 1456 Disparibus
2577 1381 2815 1434 discreta
2850 1379 3014 1442 locis;
3045 1393 3148 1431 non
3180 1391 3345 1446 posco
3370 1378 3405 1432 b
3440 1388 3525 1430 ata

2231 1471 2287 1524 ln
2318 1471 2541 1540 regione
2571 1471 2788 1524 domum
2825 1489 2839 1524 :
2872 1469 2981 1522 sint
3018 1468 3126 1521 illic
3155 1476 3302 1522 casta
3336 1468 3574 1521 virorum

2058 1563 2162 1618 €55
2240 1562 2488 1633 Agmina,
2522 1561 2836 1630 pulvereum
2867 1577 2987 1628 qua:
3029 1559 3372 1627 dedignantia
3405 1573 3649 1621 censum,

2239 1653 2464 1709 Divitias
2495 1655 2696 1720 petiere
2720 1662 2836 1705 tuas
2867 1668 2879 1703 :
2914 1652 2984 1703 sit
3015 1650 3146 1705 [lore
3178 1651 3401 1718 perenni

2235 1742 2477 1798 Candida
2510 1744 2808 1811 virginitas,
2839 1741 3078 1795 animum
3101 1747 3330 1792 castrata
3362 1739 3614 1794 recisum.

2244 1836 2314 1888 At
2348 1834 2479 1891 tuihi
2511 1835 2728 1886 tartarei
2753 1835 2884 1885 satis
2912 1841 2995 1884 e~t
3017 1831 3059 1884 si
3091 1831 3234 1883 nulla
3273 1831 3504 1884 ministri

2232 1925 2498 1981 Occurrat
2521 1924 2706 1990 facies,
2737 1924 2905 1978 avidae
2929 1939 3027 1977 nec
3059 1922 3273 1976 ﬂamma
3311 1922 3574 1991 gehennae

2049 2016 2154 2072 960
2231 2016 2460 2071 Devoret
2523 2015 2662 2070 hanc
2727 2015 2999 2080 animam,
3059 2028 3291 2067 mersam
3336 2014 3643 2067 fornacibus

2036 2103 2042 2107 ‘
3405 2099 3568 2173 “tuis.

2234 2199 2380 2265 Esto,
2412 2211 2727 2259 cavernoso,
2752 2197 2874 2266 quia
2905 2196 2981 2250 sic
3007 2210 3103 2262 pro
3135 2194 3254 2249 labe
3279 2208 3509 2248 necesse
3539 2202 3621 2248 est

2233 2293 2393 2363 573
2419 2292 2716 2360 Corporea,
2736 2290 2906 2344 tristis
2923 2303 3006 2344 me
3017 2290 3234 2341 sorbeat
3253 2287 3390 2355 ignis
3408 2286 3650 2341 Averno:

2226 2384 2428 2440 Saltem
2462 2383 2712 2438 mitificos
2743 2382 2990 2436 incendia
3021 2383 3162 2434 lenta
3197 2381 3424 2447 vapores

2243 2476 2534 2542 Exhalent,
2569 2483 2812 2542 astuque
2837 2475 2986 2527 ealor
3015 2471 3300 2540 languente
3333 2478 3592 2538 tepescat.

2057 2570 2161 2624 965
2242 2568 2356 2624 Lux
2389 2570 2653 2622 imntensa
2678 2566 2833 2630 alios,
2871 2575 2926 2619 et
2951 2576 3191 2630 tempora
3224 2563 3398 2614 vincta
3439 2564 3651 2614 coronis

2241 2659 2560 2721 Glorilieent
2592 2675 2605 2710 :
2633 2673 2720 2712 me
2747 2671 2908 2727 penna
2937 2654 3072 2709 levis
3113 2652 3412 2708 clementer
3437 2650 3649 2708 adurat.

1683 2838 1973 2894 GLOSSAE
2014 2841 2354 2900 VETERES.

433 2931 575 3001 927.,
595 2931 831 2986 Eminus.
863 2945 890 2981 ε
919 2939 1117 3001 contra,
1148 2927 1188 2982 l.

436 2997 571 3054 9-2.8:
597 3000 992 3064 Paradisicola-,
1022 2999 1238 3060 Lazaro,
1267 2997 1568 3066 paradisum
1600 2997 1807 3065 colenti,
1836 2999 1876 3053 l.

436 3071 559 3128 959.
595 3071 847 3137 Spiritus,
889 3072 1078 3122 scilicet
1110 3069 1301 3136 divitis,
1335 3071 1376 3124 Ι.

435 3142 558 3194 952.
591 3139 868 3204 Subsistit,
895 3149 983 3201 est,
1021 3140 1060 3193 Ι.

435 3211 916 3332 955.Iblnderante,
957 3221 1179 3279 regente.
1215 3239 1285 3249 —
1319 3209 1590 3279 Principe,
1629 3210 1819 3262 scilicet
1847 3211 1954 3264 exi-

435 3293 542 3332 me.
599 3321 613 3332 .

360 3289 542 3344 stt'nte,
575 3289 613 3334 I.

436 3353 557 3406 956.
591 3349 890 3418 Indignum,
917 3350 1055 3419 quod
1080 3353 1166 3416 sit,
1203 3351 1242 3404 Ι.

435 3418 560 3478 957.
583 3421 870 3487 Confiteor,
893 3418 1082 3474 scilicet
1113 3425 1285 3474 omnia
1310 3437 1421 3477 mea
1449 3421 1739 3483 commissa,
1770 3420 1812 3474 Ι.

2135 2935 2260 2990 959.
2293 2934 2521 2999 Faveas,
2552 2931 2829 3003 adjuvant,
2850 2929 2890 3003 ξ.

2136 3005 2259 3061 946.
2289 3001 2642 3072 Quandoque,
2670 3001 2814 3061 olim,
2841 3001 2892 3054 ~I.

2135 3076 2258 3130 9H.
2291 3065 2863 3140 Condeﬂeta,'deﬂcta.
2895 3068 3239 3133 conclamata,
3273 3065 3312 3118 l.

2135 3146 2258 3200 949.
2284 3147 2552 3212 Pratceps,
2586 3139 2997 3212 profrindunt,_l.

2135 3216 2258 3271 952.
2289 3204 2486 3279 Mttlla;
2501 3204 2792 3282 multiplex.
2813 3239 2882 3248 -—-
2913 3208 3200 3282 llaltitalio,
3229 3205 3448 3268 mansio,
3473 3204 3577 3282 lso.

2134 3285 2259 3340 955.
2287 3273 2628 3350 Pulvereum,
2654 3273 2931 3350 terrenum.
2949 3276 3590 3347 —Censum,pecuniam,
3612 3273 3649 3328 Ι.

2133 3357 2257 3411 957.
2290 3357 2556 3418 Castrata,
2591 3349 2860 3419 castigata,
2895 3349 2932 3401 Ι.

2131 3425 2258 3480 966.
2290 3424 2626 3491 Glorillcent,
2660 3422 2940 3491 lani/iectu,
2971 3420 3075 3474 lso.

1738 3533 2301 3595 COMMENTARIUS.

435 3629 557 3684 327.
592 3627 712 3682 Ald.
749 3627 905 3694 Urlt.,
940 3627 1177 3691 ostendit,
1210 3642 1314 3679 non
1349 3626 1533 3694 probe.

434 3701 558 3754 950.
589 3698 717 3751 Post
772 3699 910 3752 hunc
962 3713 1176 3751 versum
1222 3697 1354 3750 Mar.
1408 3705 1465 3750 et
1492 3695 1614 3748 Rat.
1663 3710 1757 3763 pro
1801 3697 1956 3751 titulo

373 3769 573 3821 Oratio.
603 3767 875 3821 Giseliuus
907 3767 971 3819 ad
1002 3782 1153 3819 oram
1192 3765 1429 3819 Precatio
1461 3783 1478 3819 :
1505 3780 1624 3834 qua:
1653 3769 1790 3819 sitne
1824 3767 1955 3820 Pru-

363 3839 556 3900 dentii,
590 3839 827 3890 nonnulli
862 3838 1136 3904 dubitant,
1179 3836 1273 3891 sed
1321 3838 1620 3897 immerito,
1671 3850 1792 3889 cum
1837 3853 1954 3890 eam

367 3907 660 3964 Prudentia
684 3924 871 3960 omnes
895 3909 1223 3962 membrana
1261 3918 1316 3960 et
1352 3905 1684 3961 Theodulftts
1713 3907 1956 3961 Aurelia-

371 3983 552 4035 ncnsis
597 3978 890 4032 vindicent.

440 4049 566 4103 95L
597 4046 712 4102 Gis.
767 4050 831 4100 ad
878 4063 1081 4116 marg.,
1134 4047 1524 4112 cunctipotens;
1581 4048 1631 4100 in
1678 4056 1951 4110 contextu,

370 4121 727 4184 cunctiparens
761 4160 775 4181 ,
816 4118 960 4184 quod
1013 4117 1210 4170 habent
1268 4118 1394 4182 alii,
1445 4128 1498 4171 et
1557 4119 1746 4186 legitur
1796 4118 1956 4171 etiam

371 4190 570 4259 hymno
596 4189 660 4242 14
693 4189 908 4249 Perist.,
941 4200 1081 4241 vers.
1121 4187 1240 4240 128.

444 4260 569 4313 959.
611 4259 833 4322 Quidam
878 4269 1195 4310 continuant
1238 4259 1466 4324 precanti
1509 4257 1678 4322 Dona,
1729 4259 1829 4313 hoc
1875 4269 1954 4312 est

370 4332 567 4394 iargire
592 4329 808 4380 meliora
844 4329 1006 4382 dona.

439 4398 566 4452 9H.
598 4397 792 4451 Weitz.
817 4413 938 4451 cum
970 4396 1168 4452 Widm.
1200 4404 1255 4450 et
1284 4398 1454 4461 isone,
1485 4397 1789 4465 conde/24c.
1825 4398 1954 4466 Alii,

370 4474 708 4522 conc’amata.
1113 4495 1124 4502 -

442 4540 572 4594 946.
630 4535 909 4590 Assentior
972 4535 1188 4601 Teulio,
1239 4536 1328 4603 qui
1382 4545 1530 4605 putat
1577 4537 1958 4607 Hieronymum

377 4609 564 4662 Vidam
593 4609 732 4660 hunc
767 4611 938 4660 locutu
970 4609 1310 4672 aliquatenus
1341 4607 1605 4660 imitatum
1642 4625 1655 4659 :
1699 4606 1802 4670 Da,
1853 4607 1959 4659 Pa-

373 4690 466 4740 ter,
513 4687 749 4731 extrema:
790 4693 902 4729 cum
945 4678 1058 4729 vita:
1097 4678 1357 4728 advenerit
1387 4678 1550 4746 liora,
1587 4678 1656 4730 Te
1695 4688 1959 4746 pra'sente,

373 4749 522 4810 tnori,
563 4748 636 4799 nit
660 4765 735 4798 me
762 4747 1061 4799 terrentibus
1102 4747 1295 4798 umbris
1332 4763 1350 4799 :
1390 4744 1556 4816 Inque
1589 4744 1703 4800 tuos
1736 4750 1960 4800 animam

373 4819 637 4886 amplexus
673 4817 936 4884 effundere
980 4825 1230 4869 ovantem.
1281 4817 1468 4870 Scribe
1520 4818 1808 4883 amplexus,
1856 4833 1960 4870 non

373 4886 688 4955 complexus,
730 4887 868 4953 quod
916 4888 1165 4939 mendum
1208 4895 1287 4939 est
1338 4896 1510 4938 metro
1557 4903 1858 4954 repugnans
1909 4889 1960 4940 itt

374 4957 1042 5028 cditioneﬂPartuensi.ubi
1067 4957 1225 5008 etiam
1252 4956 1395 5028 male
1425 4956 1784 5028 llieronymus
1822 4958 1950 5028 Vida

373 5026 567 5080 dicitur
595 5025 815 5079 Hieron.
846 5026 1040 5092 Suida,
1070 5035 1124 5079 et
1159 5027 1305 5078 locus
1348 5025 1760 5080 indicatur'xxv
1801 5027 1954 5080 (IIui-

374 5098 557 5160 stiad.,
588 5111 706 5148 cum
739 5099 911 5149 solum
942 5100 1050 5148 sint
1081 5111 1172 5148 sex
1215 5097 1329 5148 libri
1371 5097 1730 5159 Citrisliadrts,
1785 5109 1836 5150 et
1885 5098 1954 5149 illi

373 5181 560 5236 versus
587 5166 830 5233 legantur
861 5167 911 5218 in
948 5168 1050 5218 [lue
1074 5165 1256 5236 hymni
1284 5166 1308 5218 1
1340 5166 1444 5219 Deo
1471 5165 1680 5236 Optimo
1705 5168 1956 5228 Maximo,

372 5236 476 5290 Vol.
511 5235 552 5301 l,
582 5251 700 5306 pag.
725 5236 852 5305 214,
885 5237 1104 5304 Patavii,
1131 5236 1288 5302 1751,
1316 5239 1454 5306 typis
1480 5235 1696 5306 Just-plu
1723 5237 1952 5299 Coruini,

2061 3630 2152 3684 ubi
2185 3629 2527 3700 subiungitur
2568 3627 2704 3682 nlius
2742 3639 2951 3700 versus,
3000 3638 3069 3676 ex
3115 3620 3482 3700 qno_it_nitatin
3527 3619 3655 3700 Pru-

2061 3701 2226 3755 dentii
2273 3689 2470 3755 clarior
2497 3706 2720 3766 apparet
2751 3711 2767 3751 :
2799 3695 2915 3748 Hoc
2941 3689 3144 3746 tantum
3171 3692 3319 3758 mihi,
3362 3692 3515 3755 plura
3538 3689 3657 3742 aliis

2060 3774 2378 3839 aptantibus.
2407 3769 2564 3823 adde.

2132 3843 2284 3907 947.,
2314 3841 2462 3907 Rat.,
2499 3837 2762 3907 rapidum,
2795 3835 2975 3907 minus
3002 3835 3158 3896 bene,
3187 3847 3286 3901 pro
3315 3831 3574 3884 rabidum.

2131 3906 2472 3980 954.7Prag.,
2504 3906 2664 3980 male,
2694 3910 2794 3962 sint
2815 3906 2967 3980 illinc
2993 3916 3184 3980 castra.

2139 3983 2264 4037 956.
2297 3974 2477 4051 Ρτειᾲ.ζ
2510 3977 2584 4032 sic
2611 3982 2753 4051 ﬂore.
2779 3978 2967 4051 Melius
2990 3985 3074 4029 est
3097 3974 3182 4051 sit.

2136 4054 2266 4108 957.
2299 4041 2690 4119 Expiicatillud
2728 4048 2912 4102 Matth.
2951 4061 3062 4109 tux,
3100 4043 3164 4097 1'2
3199 4060 3212 4094 :
3245 4042 3379 4097 Sunt
3412 4041 3653 4119 eunuchi,

2061 4124 2148 4194 qui
2196 4111 2394 4194 δείρεοέ
2448 4130 2798 4194 castrarerunt
2849 4126 3055 4194 propter
3095 4130 3310 4194 regnum
3363 4111 3605 4164 cartorum

2063 4187 2207 4257 quod
2241 4187 2402 4260 aliqui
2433 4191 2578 4245 stulti
2609 4191 2748 4244 male
2771 4188 3147 4260 intellexerant
3168 4187 3235 4236 de
3257 4197 3507 4260 corpore,
3533 4195 3652 4233 cum

2061 4252 2131 4318 de
2173 4252 2355 4316 animo
2396 4261 2465 4314 sit
2513 4259 2902 4328 accipiendum,
2955 4257 3040 4328 qui
3084 4255 3150 4308 ab
3189 4255 3333 4308 omni
3384 4252 3658 4321 \olupzate

2063 4335 2347 4402 carnisque
2377 4326 2643 4402 illecebris
2671 4339 2752 4383 est
2779 4326 3130 4402 cohibendus.

2133 4389 2274 4458 959..
2291 4403 2422 4456 Mar.
2453 4416 2482 4454 a
2517 4401 2685 4468 prima
2721 4414 2902 4460 manu,
2927 4397 3188 4468 occurrit;
3229 4401 3373 4468 recte
3401 4389 3659 4468 eruenda-

2065 4485 2173 4526 tum
2203 4482 2470 4535 occurrat,
2513 4460 2638 4523 nam
2691 4477 2876 4536 postea
2929 4476 3012 4519 est
3052 4465 3274 4518 devoret.
3323 4463 3377 4536 lu
3421 4460 3658 4514 editione

2063 4546 2338 4601 Parmensi
2367 4534 2621 4595 mendum
2650 4534 2771 4593 esse
2793 4549 2921 4605 puto
2948 4536 3102 4589 avida
3133 4548 3229 4602 pro
3253 4534 3436 4585 avidw.

2139 4597 2266 4668 96f.
2297 4613 2352 4666 ln
2379 4611 2510 4665 Mar.
2537 4627 2602 4663 ex
2624 4619 2739 4662 acto
2766 4597 3069 4662 correctum
3099 4597 3263 4673 probe
3300 4613 3433 4678 esto.
3472 4597 3660 4678 Posset

2065 4684 2318 4754 distingui
2343 4683 2429 4736 hic
2457 4695 2647 4736 versus
2682 4690 2787 4734 esto
2816 4669 3114 4744 cavernoso,
3155 4684 3213 4728 ut
3253 4683 3357 4727 esto
3390 4669 3658 4739 signiticet

2066 4755 2176 4809 etsi.

2138 4825 2261 4880 963.
2296 4823 2485 4888 Aldus,
2521 4819 2798 4889 mirificos;
2822 4819 3040 4878 rectius,
3073 4814 3332 4889 mitiﬁcos.

2139 4895 2265 4949 966.
2296 4892 2545 4961 Cleri/iro
2575 4887 2797 4961 vei-bum
2821 4887 3243 4961 ecclesiasticum
3268 4892 3379 4961 est,
3421 4896 3489 4961 ex
3523 4895 3657 4961 ana-

1994 4925 2042 4984 ι)
2068 4925 3504 5034 sextanteteat:arat:rugas-team...
3530 4952 3658 5032 ρ...

2063 5019 2153 5088 ra?
2177 5036 2369 5104 Iegitu_r
2400 5032 2626 5104 Explicit
2658 5030 2787 5104 liber
2819 5043 2853 5082 tt
2876 5019 3292 5104 Ἀτζψανὶἱρεηὶα.
3336 5019 3659 5104 luuMarietti

2065 5093 2274 5170 codice,
2305 5102 2451 5157 Finit
2479 5093 2544 5155 de
2569 5100 2918 5171 Amartigenia
2946 5095 3188 5171 libet-“0,
3208 5095 3348 5171 quod
3383 5093 3657 5171 Mariettus

2065 5165 2450 5245 interpretatur
2471 5175 2596 5228 liber
2619 5165 2807 5226 dictus'.
2830 5170 2882 5224 ln
2907 5169 3049 5236 altis,
3068 5165 3210 5221 Finit
3238 5165 3653 5233 Ilamartigenia.
