3912 6428
182 398 267 452 ἋἹ

1093 389 1176 441 DE
1217 383 1717 441 PERSECU'I‘IONE
1760 383 2131 436 VANDAIJCA
2171 382 2292 434 LIB.
2337 383 2394 435 Il.

3221 383 3324 434 218

185 514 296 576 ejus,
324 504 460 556 aliud
493 517 596 555 non
617 503 841 563 dicebat,
873 500 969 552 nisi
999 498 1120 550 illud
1151 498 1287 564 quod
1315 499 1420 562 jam
1447 496 1687 548 dixerat:
1720 501 1769 553 Α
1794 499 1953 550 choro
1984 498 2252 550 doct-iram
2301 497 2507 549 nomine
2542 505 2561 531 ο
2596 496 2792 547 Laetum
2817 536 2830 559 ,
2879 504 3144 548 strenuum
3174 505 3328 558 atque

185 592 526 656 Sicutjussum
554 599 636 643 est
663 589 825 642 redde
853 585 976 639 milii
1006 585 1185 637 oculos
1213 597 1376 635 meos.
1410 584 1694 634 Attendens

184 693 367 749 quoque
388 677 652 745 Eugenins
675 674 1072 728 inverecundam
1096 673 1474 732 credulitatem,
1504 680 1556 723 et
1577 670 1695 735 quia

184 768 270 835 iam
296 773 496 831 tempus
527 765 759 832 urgebat,
795 762 959 830 pergit
996 776 1115 814 cum
1155 775 1239 820 eo,
1270 761 1551 812 comitante
1580 761 1696 811 0111-

185 857 255 906 cio
272 840 574 905 clericorum
609 851 672 902 ad
694 850 909 902 fontem.
943 848 1038 901 Ubi
1071 848 1184 899 ﬁxis
1236 847 1451 914 genibus
1478 862 1590 898 cum
1621 847 1699 897 in-

183 943 303 1006 genti
330 941 546 1007 gemitu,
581 940 788 1006 pulsans
816 937 1126 1004 singultibus
1151 935 1360 996 ccelum,
1384 935 1696 1000 crispantth

186 1029 429 1081 benedixit
451 1029 657 1078 alveum
681 1025 860 1087 fontis,
888 1034 939 1076 et
964 1039 1079 1076 cum
1102 1023 1353 1088 completa
1381 1022 1699 1073 surrexisset

184 1117 428 1177 oratione,
487 1120 554 1165 ita
579 1127 718 1166 czeco
765 1114 1067 1179 reSpondit:
1103 1113 1214 1164 Jam
1248 1111 1336 1162 tibi
1367 1111 1494 1172 dixi,
1545 1112 1699 1161 frater

187 1206 332 1263 Felix,
364 1217 604 1268 peccatur
649 1204 802 1252 homo
843 1216 939 1268 ego
968 1215 1114 1264 sum;
1148 1200 1238 1251 sed
1288 1199 1372 1265 qui
1415 1209 1462 1251 te
1493 1197 1699 1249 visitare

182 1291 401 1356 dignatus
427 1299 527 1350 est,
578 1298 786 1353 prtestet
818 1289 908 1340 tibi
935 1288 1182 1339 Dominus
1221 1287 1502 1338 secundum
1548 1287 1698 1336 fidem

184 1387 328 1438 tuam,
358 1385 408 1427 et
434 1377 632 1438 aperiat
653 1376 829 1427 oculos
855 1385 990 1427 tuos.
1025 1374 1297 1441 Simulque
1323 1373 1700 1426 vexillo’crucis

181 1465 436 1530 c0tisignat
466 1465 645 1517 oculos
670 1465 802 1531 ejus.
839 1466 1022 1519 Statim
1049 1480 1221 1517 czecus
1249 1467 1448 1529 visum,
1481 1465 1701 1515 Domino

181 1554 446 1616 reddente,
480 1553 695 1619 recepit.
727 1554 891 1617 Quem
917 1567 1092 1606 secum
1115 1595 1128 1616 ,
1174 1567 1442 1619 quousque
1470 1552 1699 1603 universi

181 1643 570 1708 baptizarentur,
601 1643 668 1695 ibi
700 1642 919 1695 detinuit
948 1651 974 1678 ι
1003 1642 1070 1694 ob
1109 1641 1225 1703 hoc,
1275 1656 1341 1692 ne
1367 1650 1510 1693 tanto
1537 1642 1696 1694 mira-

181 1732 289 1783 culo
315 1731 534 1797 populus
579 1732 854 1792 excitatus,
909 1729 1075 1782 virum
1113 1739 1406 1782 contereret
1431 1731 1517 1795 qui
1548 1743 1692 1782 rece-

1799 587 2156 641 doctissimum
2189 586 2351 638 virum
2379 624 2391 647 ,
2425 593 2536 650 post
2560 584 2832 634 diuturnos
2873 583 3098 635 careeris
3126 583 3330 646 squalo-

1801 690 1884 726 res
1931 675 2171 726 incendio
2218 673 2596 733 concremavit,
2651 672 2918 724 aestimans
2957 673 3047 724 tali
3090 671 3331 736 exemplo

1800 763 2039 813 timorem
2094 761 2386 822 incutiens,
2431 759 2660 825 reliquos
2702 773 2757 810 se
2799 759 3070 810 elisuruni.
3100 758 3330 811 Tandem

1801 851 2004 901 venitur
2029 849 2092 900 ad
2115 847 2478 913 diSpululioniS
2505 847 2823 908 conflictum,
2854 845 2914 896 ad
2944 846 3110 898 locum
3131 845 3332 898 scilzcet

1799 953 1951 1003 quem
1983 938 2279 1003 delc-gerant
2311 936 2614 987 adversarii.
2650 935 2913 986 Evitantes
2964 934 3118 1000 igitur
3165 936 3329 985 nostri
3368 923 3373 926 ’

1802 1025 2188 1079 vociferationis
2235 1025 2512 1085 tumultus,
2545 1037 2609 1074 ne
2639 1024 2769 1074 forte
2798 1022 3125 1087 postmodum
3155 1021 3329 1072 Ariani

1800 1114 2060 1173 dicerent,
2093 1113 2227 1179 quod
2253 1127 2342 1164 eos
2366 1123 2660 1163 nostrorum
2692 1111 3009 1177 oppresserit
3035 1111 3329 1173 multitudo,

1801 1204 2034 1269 deligunt
2061 1204 2121 1254 de
2166 1218 2223 1255 se
2262 1203 2421 1254 nostri
2454 1202 2540 1267 qui
2573 1216 2664 1265 pro
2693 1202 2930 1253 omnibus
2960 1203 3333 1266 responderent

1801 1289 2000 1340 decem.
2046 1288 2280 1340 Collocat
2329 1290 2427 1340 sibi
2457 1288 2631 1354 Cyrila
2659 1302 2775 1340 cum
2806 1290 2914 1340 suis
2937 1289 3242 1340 satellitibus
3282 1289 3332 1339 in

1802 1377 1916 1428 loco
1948 1379 2156 1430 excelso
2183 1378 2612 1444 superbissimum
2644 1378 2890 1429 thronum
2924 1378 3211 1430 astantibus
3240 1377 3331 1446 [αι.

1802 1466 1971 1534 nobis]
2001 1467 2211 1518 nostris.
2266 1467 2620 1531 Dixeruntque
2672 1468 2832 1518 nostri
2882 1467 3108 1532 episcopi
3135 1484 3145 1515 :
3177 1463 3201 1499 ά
3245 1465 3334 1516 Illa

1799 1569 2005 1620 semper
2024 1563 2105 1607 est
2122 1563 2265 1620 grata
2291 1553 2521 1614 collatio,
2555 1555 2638 1606 ubi
2669 1555 2894 1620 superba
2915 1569 3016 1606 non
3042 1554 3337 1605 dominatur

1802 1643 2073 1711 potestatis
2098 1643 2288 1706 elatio;
2320 1643 2410 1695 sed
2440 1657 2504 1695 ex
2537 1657 2795 1695 consensu
2821 1644 3083 1695 communi
3110 1645 3334 1704 venitur,

1805 1742 1860 1786 ut
1903 1732 2256 1801 cognitoribus
2302 1731 2751 1792 discernentibus,
2785 1731 3015 1796 partibus
3043 1732 3332 1797 agentibus,

181 1828 315 1882 perat
345 1819 537 1869 lumen.
570 1817 652 1869 Fit
696 1825 872 1882 postea
921 1814 1250 1868 manifestum
1298 1816 1543 1870 Ecclesiae
1591 1817 1705 1868 uni-
1735 1791 1777 1847 Β
1807 1821 1941 1888 quod
1967 1791 2153 1874 vverum
2202 1829 2282 1872 est
2312 1827 2642 1886 agnoscatur.
2674 1791 2820 1870 Nunc
2868 1827 3038 1870 autem
3075 1791 3206 1885 quis
3239 1791 3337 1870 erit

181 1923 349 1959 versae.
377 1906 619 1958 Procedit
644 1908 705 1956 ait
733 1907 898 1958 altare
927 1919 1043 1958 cum
1079 1907 1308 1973 Eugenio
1327 1946 1340 1969 ,
1381 1909 1515 1958 sicut
1545 1909 1703 1958 moris

182 2005 282 2054 est,
313 1995 396 2059 qui
427 1994 597 2045 fuerat
640 2008 829 2055 caicus,
866 2008 974 2046 sum
1019 1997 1201 2047 salutis
1249 1995 1563 2047 oblationem
1607 1997 1705 2046 Οι-

180 2083 310 2133 mino
353 2081 672 2134 redditurus.
721 2082 883 2146 Quam
932 2081 1209 2147 episc0pus
1251 2083 1508 2146 accipiens
1554 2082 1702 2133 altari

181 2170 430 2234 imposuit.
465 2169 548 2222 Fit
575 2170 841 2236 strepitus,
872 2170 1058 2235 gaudio
1091 2168 1115 2204 δ
1149 2181 1477 2235 provocante,
1513 2171 1704 2220 irrevo-

179 2263 349 2313 cabilis
376 2263 706 2329 populorum.
737 2261 921 2313 Statim
965 2261 1174 2312 nuntius
1215 2259 1376 2326 pergit
1419 2260 1481 2309 ad
1528 2270 1702 2326 tyran-

181 2368 312 2402 nutn.
341 2352 564 2416 Rapitur
585 2351 750 2412 Felix,
776 2351 1052 2416 inquiritur
1075 2352 1140 2402 ab
1164 2366 1224 2402 eo
1253 2351 1371 2417 quid
1405 2349 1592 2401 factum
1615 2351 1702 2411 sit,

179 2443 272 2508 22
291 2441 619 2508 qualiterque
650 2443 904 2507 receperit
933 2443 1125 2493 lumen.
1152 2440 1283 2492 Dicit
1310 2440 1397 2491 ille
1431 2455 1492 2490 ex
1521 2439 1704 2490 ordine

180 2535 354 2590 totum,
374 2526 658 2594 dicuntque
686 2528 996 2580 Arianorum
1023 2517 1250 2592 episcopi
1275 2543 1284 2575 :
1313 2527 1419 2577 lloc
1443 2525 1706 2591 Eugenius

179 2633 262 2683 per
291 2619 548 2670 maleﬁcia
578 2617 718 2669 fecit.
752 2617 814 2667 Et
854 2617 972 2683 quia
1013 2616 1245 2681 oppressi
1275 2613 1581 2667 confusione
1626 2615 1704 2666 lu-

177 2720 288 2758 men
315 2721 418 2758 non
449 2714 689 2772 poterant
718 2706 975 2768 nubilare,
1015 2720 1078 2758 eo
1103 2705 1240 2772 quod
1269 2704 1418 2758 Felix
1452 2705 1708 2758 universa:

174 2797 357 2848 civitati
409 2795 717 2848 manifestus
745 2805 885 2848 esset
930 2806 983 2848 et
1029 2806 1216 2859 notus;
1249 2806 1421 2849 tamen
1461 2797 1710 2850 volebant

175 2900 284 2937 eum
307 2926 321 2947 ,
351 2887 394 2937 si
428 2886 512 2939 fas
544 2897 703 2950 esset,
746 2902 956 2948 necare,
987 2889 1243 2955 quomodo
1273 2889 1437 2942 Judtei
1487 2890 1710 2942 suscita-

177 2985 275 3025 tum
309 2973 568 3026 Lazarum
599 2975 878 3042 cupiebant
908 2977 1147 3030 occidere
1175 2976 1344 3043 (Joan.
1375 2994 1462 3038 xn,
1495 2979 1603 3043 10).

238 3061 416 3114 XVIII.
450 3063 623 3115 Laetus
653 3074 858 3130 martyr.
889 3093 955 3101 —
985 3066 1446 3130 Appropinquabat
1488 3065 1593 3130 jam
1635 3066 1712 3116 fu-

177 3159 312 3201 turus
360 3149 480 3202 dies
520 3150 610 3200 ille
650 3149 999 3200 calumniosus
1045 3143 1377 3202 calendarum
1409 3151 1712 3202 Februaria-

177 3250 304 3299 rum,
354 3237 420 3289 ab
471 3234 664 3287 eodem
719 3242 961 3287 statutus.
1011 3236 1339 3288 Conveniunt
1388 3252 1489 3288 non
1545 3242 1711 3289 solum

177 3324 424 3377 universa:
465 3323 688 3389 Africae,
734 3339 912 3377 verum
939 3326 1094 3378 etiam
1129 3327 1408 3378 insularum
1436 3327 1712 3379 multarum

172 3411 416 3477 episcopi,
440 3411 727 3464 afflictione
748 3421 799 3463 et
827 3427 1050 3465 maerore
1074 3414 1316 3465 confecti.
1352 3414 1434 3465 Fit
1452 3415 1710 3467 silentium

178 3497 350 3550 diebus
376 3500 563 3550 multis
583 3538 597 3561 ,
622 3514 891 3568 quousque
921 3504 1113 3568 peritos
1137 3517 1368 3570 quosque
1397 3513 1452 3556 et
1474 3504 1714 3557 doctissi-

177 3601 280 3637 tnos
307 3591 451 3641 virus
480 3589 577 3659 [aL
623 3591 811 3642 exinde
853 3595 1142 3659 superaret]
1175 3593 1380 3646 interim
1424 3607 1711 3660 separaret,

178 3676 441 3729 calumniis
481 3678 737 3745 appositis
777 3681 1091 3733 eaeeandus.
1128 3681 1253 3733 Nam
1301 3697 1458 3735 unum
1488 3696 1551 3734 ex
1603 3683 1715 3750 ipso

241 3882 264 3908 ⁸
301 3874 589 3928 Lorichius
615 3875 690 3927 sic
721 3874 874 3928 habet
912 3893 922 3926 :
967 3876 1041 3927 0b
1067 3876 1160 3926 hoc
1209 3885 1396 3928 tantum
1421 3878 1717 3929 miraculum

180 3943 384 4008 populus
402 3945 681 4010 excitatus,
702 3945 1027 4005 comprimere
1057 3946 1213 3994 virum
1244 3946 1326 4010 qui
1371 3956 1618 4008 receperat
1638 3945 1717 3995 Iu-

180 4026 279 4059 men
307 4020 591 4072 caperunt.
624 4008 708 4060 Fit
746 4023 930 4074 ρονιεα,
959 4021 1059 4061 etc.

241 4077 408 4139 l’Alii,
450 4080 677 4128 thelane
713 4087 802 4128 aut
856 4079 1136 4126 comitante.
1175 4073 1321 4127 Colb.
1358 4077 1406 4132 ί.
1446 4077 1710 4126 mediante.

178 4144 388 4196 Ortbod.
417 4155 475 4196 et
503 4145 802 4203 Loricbins,
830 4153 1121 4207 provocante
1145 4142 1638 4202 incestimabt'lis,etc.

245 4221 265 4246 ε
295 4212 385 4262 Hic
415 4212 514 4262 fuit
545 4212 824 4274 episcopus
854 4208 1153 4276 Neptitanus
1184 4211 1233 4262 in
1262 4210 1545 4276 Byzacena,
1574 4222 1629 4264 ut
1649 4226 1710 4264 ex

181 4278 359 4328 Notitia
385 4288 557 4343 patet.
617 4276 753 4328 Idem
780 4285 995 4327 testatur
1047 4277 1218 4330 Victor
1245 4279 1608 4331 Tunnonensis
1661 4279 1712 4333 in

1803 1911 2060 1976 cognitor,
2085 1909 2199 1972 quis
2227 1907 2570 1969 examinator,
2600 1915 2653 1958 ut
2680 1906 2807 1958 libra
2847 1907 3058 1972 justitite
3087 1913 3175 1957 aut
3204 1905 3337 1957 bene

1806 2001 2004 2065 prolata
2046 2001 2349 2057 confirmet,
2381 2009 2468 2048 aut
2516 2011 2672 2062 prave
2702 2006 2961 2061 assumpta
3007 1993 3240 2046 refellat?
3278 1995 3340 2046 Et

1801 2101 1918 2137 cum
1950 2089 2070 2137 talia
2103 2097 2153 2136 et
2181 2087 2277 2137 alia
2317 2087 2634 2146 dicerentur,
2674 2085 2907 2136 notarius
2953 2085 3088 2151 regis
3118 2099 3338 2150 respon-

1803 2177 1878 2226 dit
1911 2192 1923 2226 :
1958 2175 2255 2226 Patriarclia
2288 2184 2308 2208 ε
2339 2174 2511 2242 Cyrila
2554 2173 2700 2224 dixit.
2736 2175 2811 2224 Ad
2859 2173 2996 2239 quod
3041 2173 3262 2237 superbe
3289 2184 3341 2225 et

1805 2264 1983 2315 illicitc
2010 2263 2106 2314 sibi
2139 2276 2323 2312 nomen
2365 2271 2664 2326 usurpatum
2708 2262 2869 2312 n0stri
2906 2247 3154 2311 detestati
3196 2261 3341 2311 dixe-

1806 2346 1968 2405 runt:
2005 2342 2225 2417 [.egatur
2274 2351 2425 2401 nobis
2453 2365 2554 2413 quo
2583 2349 2904 2400 toncedente
2944 2349 3077 2400 istud
3122 2348 3218 2401 sibi
3251 2365 3340 2399 no-

1806 2456 1924 2491 men
1947 2441 2114 2506 Cyrila
2143 2436 2440 2503 assumpsit.
2475 2437 2538 2487 Et
2560 2436 2748 2487 exinde
2769 2437 3043 2500 strepitum
3068 2436 3338 2485 concitan-

1809 2538 1922 2599 tes,
1969 2529 2274 2581 calumniari
2335 2525 2616 2579 adversarii
2665 2531 2958 2590 coeperunt.
2993 2524 3053 2575 Et
3079 2523 3196 2588 quia
3244 2525 3341 2575 huc

1809 2617 1971 2669 nostri
2005 2620 2258 2682 petierant
2294 2624 2346 2666 ut
2367 2615 2574 2676 saltem,
2601 2615 2643 2666 si
2688 2613 2987 2666 examinare
3010 2627 3110 2663 non
3135 2612 3339 2672 lieebat,

1810 2707 2049 2772 prudenti
2074 2704 2388 2756 multitudini
2418 2705 2500 2756 vel
2529 2715 2834 2772 exspectare
2863 2705 3075 2756 liceret:
3097 2701 3343 2768 jubentur

1810 2793 2034 2844 universi
2067 2792 2155 2844 filii
2181 2791 2449 2843 catholica:
2470 2791 2721 2845 Ecclesia:
2741 2791 2827 2857 qui
2851 2791 3086 2853 aderant,
3112 2790 3342 2843 centenis

1810 2881 2033 2952 fustibus
2060 2881 2147 2949 [ah
2175 2879 2326 2948 czedi]
2361 2880 2525 2932 tondi.
2549 2880 2695 2931 Tunc
2718 2880 2943 2930 clamare
2971 2880 3127 2942 etrapit
3163 2879 3342 2930 beatus

1813 2969 1977 3038 [Lor.,
2014 2968 2288 3038 Eusebius]
2335 2968 2595 3034 Eugenins
2628 2987 2637 3017 :
2672 2966 2858 3018 Videat
2880 2966 3018 3018 Deus
3063 2971 3162 3018 vim
3189 2982 3340 3034 quam

1812 3063 2054 3126 patimur,
2114 3066 2395 3123 cognoscat
2449 3055 2785 3107 afflictionem
2835 3067 2888 3108 et
2933 3057 3340 3122 persecutionem

1811 3162 1963 3212 quam
1995 3161 2021 3196 a
2054 3145 2471 3210 persecutoribus
2514 3143 2849 3196 sustinemus.
2877 3143 3228 3212 C(mversique
3252 3161 3339 3197 no-

1812 3237 1903 3289 stri
1927 3279 1939 3300 ,
1968 3235 2157 3302 Cyrilaa
2196 3234 2479 3285 dixerunt:
2511 3233 2750 3297 Propone
2801 3234 2937 3298 quod
2969 3234 3220 3299 diSpOttis.
3245 3234 3343 3302 Cy-

1812 3327 1907 3378 rila
1931 3325 2058 3375 dixit
2088 3341 2099 3373 :
2134 3322 2315 3374 Nescio
2340 3321 2522 3372 Latine
2546 3319 2704 3389 [Colb.
2738 3323 2760 3372 I
2795 3322 2934 3372 addit
2962 3321 3141 3391 I0qtti].
3165 3322 3340 3373 Nostri

1814 3415 2040 3481 episcopi
2086 3414 2370 3465 dixerunt:
2399 3413 2614 3476 Semper
2645 3423 2694 3463 te
2736 3410 2913 3462 Latine
2959 3425 3073 3463 esse
3119 3412 3339 3462 locutum

1817 3507 2092 3560 manifesto
2122 3507 2385 3563 novimus;
2411 3503 2563 3558 modo
2593 3504 2825 3554 excusari
2857 3516 2959 3553 non
2988 3500 3146 3554 debes
3167 3544 3182 3568 ,
3215 3516 3344 3567 pra:-

1817 3596 1997 3647 sertim
2021 3596 2138 3659 quia
2169 3601 2220 3645 tu
2254 3592 2404 3659 hujus
2443 3592 2516 3645 rei
2556 3591 2850 3643 incendium
2877 3591 3156 3643 suscitasti.
3188 3591 3250 3642 Et
3274 3592 3345 3642 vi-

1821 3682 1950 3735 dens
1971 3681 2257 3733 catholicos
2287 3666 2561 3746 episcopos
2589 3679 2652 3730 ad
2682 3680 2977 3731 coiiflictum
3004 3694 3117 3747 mag
3142 3695 3166 3732 s
3193 3682 3346 3731 fuis~e

1818 3877 2024 3928 bantur.
2057 3876 2127 3930 De
2155 3874 2234 3926 his
2267 3873 2586 3936 Augustinus
2623 3873 2675 3924 in
2723 3873 2986 3925 breviculo
3029 3871 3343 3924 collationis.

1816 3944 1966 3994 Plura
1990 3958 2112 3994 vero
2143 3941 2294 3994 habet
2318 3942 2545 3992 Morinos
2567 3941 2654 3991 lib.
2683 3956 2698 3991 ι
2726 3941 3161 3992 Exercitationum
3186 3939 3346 3990 eccl-e-

1814 4011 1958 4060 siast.
1991 4024 2105 4073 cap.
2135 4009 2223 4059 20.
2258 4009 2447 4058 Eorum
2473 4008 2667 4057 mentio
2696 4008 2886 4071 passim
2915 4008 2965 4058 in
3004 4007 3340 4058 conciliorum

1813 4078 1942 4126 actis
1965 4076 2202 4131 habetur,
2232 4089 2291 4124 ex
2321 4075 2507 4139 quibus
2532 4073 2683 4125 facile
2707 4075 2876 4136 quivis
2903 4088 3082 4124 eorum
3113 4073 3340 4123 officium

1815 4143 2116 4205 dignoscere
2131 4141 2236 4209 78
2252 4150 2437 4204 potest.
2463 4141 2527 4192 Et
2545 4139 2698 4202 infra,
2724 4142 2919 4204 prolata
2941 4140 3216 4204 conﬁrmet,
3238 4151 3341 4192 etc.

1814 4210 1926 4264 FnI.
1953 4220 2006 4262 et
2033 4210 2203 4268 Mart.,
2238 4209 2546 4272 conﬁrment,
2585 4218 2671 4258 aut
2700 4210 2878 4272 probra
2901 4219 3156 4274 assumpta
3191 4209 3343 4274 refel-

1819 4279 1943 4329 lant.
1977 4277 2456 4340 Germ.,ronﬁrmet
2505 4286 2590 4327 aut
2631 4275 2829 4339 probra,
2876 4285 2978 4329 etc.
3021 4273 3251 4328 Ortliod.
3295 4283 3347 4328 et

180 4346 543 4424 tiliropico.net
575 4343 802 4396 Isidorus
820 4346 872 4423 in
915 4346 1135 4424 Historia
1163 4346 1310 4399 brevi
1340 4346 1710 4424 Vandalorurn,
1744 4368 1795 4424 ι)
1822 4345 2360 4424 Luricliius,_intprcbe
2379 4353 2632 4424 assumpta
2650 4343 2867 4410 refellat.

183 4426 275 4462 ara
302 4412 426 4465 501.
458 4413 593 4480 Ejus
618 4415 915 4464 memoriam
953 4415 1102 4466 simul
1128 4429 1242 4466 cum
1268 4429 1421 4479 supra
1447 4417 1716 4468 recensitis

182 4479 874 4551 confessorib’usicelelirant
904 4484 1104 4542 vulgata
1151 4483 1514 4551 Martyrologia
1559 4485 1643 4537 die
1685 4483 1718 4536 6

183 4551 521 4614 Septembris.
552 4549 736 4600 Victor
760 4561 928 4602 tamen
959 4549 1321 4603 'I‘unnonensis
1364 4553 1416 4603 in
1438 4549 1720 4605 'Chronico

188 4616 386 4671 laudato
409 4633 538 4671 eum
568 4617 660 4669 die
689 4631 757 4685 xtl
781 4617 1028 4685 rcai'endas
1057 4620 1291 4671 Octobris
1316 4621 1545 4685 glorioso
1583 4634 1719 4671 mar-

187 4687 311 4750 tyrio
337 4697 664 4738 coronatum
721 4684 1205 4754 fuisseasseverat,
1247 4684 1453 4739 Zenone
1491 4691 1721 4754 Augusto

188 4757 412 4820 ronsule.
449 4755 708 4820 Ejusdem
737 4753 898 4803 sancti
929 4754 1022 4803 viri
1054 4755 1376 4820 apparitione
1404 4753 1592 4808 bellum
1623 4755 1718 4808 ad-

190 4835 358 4890 versus
392 4819 668 4873 Vandalos
698 4835 724 4870 a
751 4821 1046 4890 Iustiniano
1084 4819 1393 4888 imperatore
1423 4834 1721 4890 susceptum

190 4889 338 4940 fuisse
371 4891 566 4941 scribit
595 4890 704 4954 jam
750 4889 983 4940 laudatus
1031 4888 1275 4952 Isidorus,
1329 4905 1430 4940 mra
1480 4888 1600 4944 560⁷.
1645 4891 1723 4942 Ad

189 4958 312 5024 quod
333 4964 508 5007 tamen
537 4956 708 5007 fuisse
736 4957 995 5006 incitatum
1026 4957 1468 5008 adhortationibus
1496 4959 1722 5024 episcopi

190 5022 472 5085 cujusdam,
506 5027 600 5089 qui
643 5025 730 5075 Dei
763 5025 958 5074 monitu
994 5039 1056 5076 ex
1096 5025 1308 5078 Oriente
1353 5022 1723 5078 Constantino-

193 5091 336 5157 polim
377 5099 654 5157 venerat,
689 5091 1196 5157 asserit—Proc0pins
1241 5093 1371 5145 libro
1417 5109 1429 5143 ι
1479 5093 1542 5145 de
1584 5094 1726 5145 Bello

195 5153 481 5226 Vandalico.
522 5155 850 5226 Pauloiinfra
877 5153 1126 5211 testinwns
1154 5162 1240 5210 tati
1261 5163 1480 5226 exemplo
1505 5162 1725 5212 timorem

192 5225 443 5287 incutiens,
473 5233 585 5276 etc.
621 5223 780 5293 Colb.
819 5227 1157 5293 i,_a:stimans
1189 5223 1453 5293 quod......
1504 5231 1729 5280 timorem

193 5296 430 5345 excitant.
467 5293 658 5350 Mart.,
691 5289 828 5352 Ful.,
862 5290 1060 5352 Germ,
1094 5289 1236 5357 δίη-ζ,
1285 5297 1498 5349 Ortliod.
1544 5307 1593 5348 et
1625 5297 1728 5348 Lo-

196 5359 396 5420 rieltius,
416 5364 653 5426 φθαίη..
681 5359 902 5429 timorem
928 5361 1162 5413 incuteret
1186 5366 1386 5429 reliquis
1407 5374 1453 5414 et
1476 5367 1723 5416 (arsuram.

254 5433 278 5464 ‘
306 5431 400 5482 Alii
429 5424 664 5483 habent,
692 5424 789 5474 ιιιο
809 5435 880 5495 est
901 5443 1089 5492 semper
1113 5424 1370 5482 tractanda
1397 5433 1601 5491 locutio,
1624 5433 1725 5495 ubi,

194 5510 280 5547 etc.
308 5498 368 5549 Et
389 5498 545 5559 infra,
568 5494 922 5564 Cognitoribus
941 5497 1340 5550 discernentibus.
1367 5502 1575 5564 Aliquot
1602 5494 1724 5552 mss.

196 5579 239 5616 et
261 5568 400 5638 editi,
432 5563 842 5638 decernentibus.
875 5563 1035 5614 Porro
1077 5577 1384 5638 cognitores
1421 5563 1725 5638 dicebantur

196 5636 270 5694 qui
289 5630 739 5703 recognoscendis
764 5631 1122 5698 episcotiorum
1146 5630 1416 5690 sententiis
1438 5637 1723 5689 committe-

1891 4424 1914 4452 ο
1949 4417 2093 4468 Hunc
2125 4415 2292 4466 locum
2323 4413 2639 4467 restituimus
2667 4427 2734 4464 ex
2765 4427 2888 4465 mss.
2903 4411 3098 4466 Colb.!
3134 4421 3186 4464 et
3209 4413 3348 4465 Port.

1793 4516 1796 4518 -
1822 4484 2217 4550 Interpellarunt
2244 4484 2434 4547 quippe
2461 4483 2722 4550 catholici,
2751 4495 2868 4532 cum
2900 4483 3009 4532 inec
3039 4483 3229 4550 verbaL
3244 4481 3346 4532 Pa-

1820 4548 2041 4604 triarcha
2072 4549 2240 4616 Cyrila
2286 4551 2431 4611 dixit,
2480 4549 2722 4602 Notarius
2764 4551 3134 4609 pronuntiaret.
3192 4548 3351 4602 Ferro

1821 4623 1960 4670 enim
1997 4632 2098 4669 non
2127 4629 2389 4684 poterant,
2428 4627 2480 4669 ut
2521 4618 2606 4669 ille
2635 4616 2858 4684 Cyrilam
2899 4627 3219 4682 nuncuparet
3260 4631 3348 4681 pa-

1825 4689 2124 4745 tiiarcliam,
2159 4685 2294 4736 unde
2314 4687 2569 4738 sermonis
2609 4687 2771 4750 ipsius
2818 4685 2954 4742 filum
3002 4685 3348 4750 interrupere.

1824 4755 1970 4807 Colb.
2003 4755 2153 4811 alter,
2176 4753 2435 4813 Rlieuan.,
2465 4753 2656 4813 Cbifll.,
2680 4753 2845 4810 Bald.,
2878 4759 2930 4802 et
2958 4751 3126 4818 Bign.,
3157 4754 3349 4804 omissa

1825 4838 1923 4874 tina
1957 4823 2106 4890 linea.
2144 4819 2312 4890 Cyrila
2334 4822 2492 4872 dixit:
2530 4821 2762 4890 Legatur,
2820 4821 3131 4890 e_tc._iAr|iter
3159 4821 3351 4878 habent

1824 4892 1967 4952 Sur.,
1998 4887 2239 4945 Ortbod.,
2274 4889 2563 4950 Lorichius,
2594 4887 2642 4940 et
2666 4902 2780 4940 cum
2811 4887 2886 4936 eis
2916 4887 3058 4940 Bald.
3094 4890 3144 4940 in
3177 4891 3319 4954 prole

1825 4960 2079 5025 gomenis,
2132 4956 2347 5025 scilicet,
2399 4956 2692 5008 Patriarcha
2745 4955 2911 5022 Cyrila
2972 4955 3123 5016 dixit,
3163 4959 3350 5022 aliquos

1828 5024 2040 5078 uestrum
2084 5024 2289 5089 superbe
2337 5034 2382 5075 et
2423 5026 2592 5077 illicite
2633 5026 2725 5074 sibi
2775 5037 2949 5073 nomen
2997 5027 3350 5076 catholicormn

1828 5107 2108 5159 usurpasse.
2143 5091 2316 5142 Nostri
2350 5094 2512 5144 testati
2540 5089 2805 5145 dixerunt:
2837 5089 3066 5155 chatur,
3105 5103 3204 5143 etc.
3253 5094 3351 5143 Sed

1828 5164 1878 5213 ni
1910 5162 2078 5219 fallor,
2114 5172 2292 5209 vocem
2315 5159 2683 5211 Catholicorum
2709 5159 2900 5224 absque
2927 5173 3023 5210 ms.
3050 5172 3352 5222 posuerunt,

1864 5230 1965 5280 uod
1994 5228 2121 5281 alias
2153 5241 2339 5279 sensus
2386 5229 2649 5280 videretur
2696 5227 2772 5279 eis
2816 5240 2931 5278 esse
2980 5229 3168 5278 nullus.
3224 5227 3350 5277 Nam

1864 5246 1965 5280 IIOU
1994 5246 2121 5281 anas
2153 5246 2339 5279 SCIISUS
2386 5246 2649 5280 \‘Iueretur
2696 5246 2772 5279 CIS
2816 5246 2931 5278 8558
2980 5246 3168 5278 nuuus.
3224 5246 3350 5277 1131111

1828 5246 1940 5348 I-lul.
1969 5305 2021 5346 et
2056 5293 2257 5359 Germ."
2289 5297 2374 5359 qui
2406 5296 2537 5346 hanc
2581 5295 2850 5346 lectionem
2882 5294 3089 5353 habent,
3135 5309 3228 5356 pro
3268 5310 3350 5343 ca-

1830 5364 2123 5414 tholicorum
2153 5362 2343 5416 habent
2389 5365 2706 5430 patriarchte,
2738 5375 2788 5415 et
2824 5362 2969 5414 Colb.
3012 5362 3192 5413 tertius
3233 5375 3348 5412 cum

1828 5433 2008 5492 Comp.
2041 5438 2294 5481 neutram.
2333 5432 2492 5483 Porro
2522 5431 2776 5483 familiare
2805 5439 2935 5489 erat,
2966 5440 3017 5478 ut
3060 5430 3162 5494 jam
3194 5444 3349 5494 supra

1830 5500 2236 5557 observavimus,
2269 5501 2400 5564 apud
2446 5500 2572 5550 istos
2590 5499 2820 5564 aliosque
2865 5499 3130 5555 barbarus,
3164 5499 3347 5558 prrci-

1833 5583 1986 5635 puum
2012 5565 2178 5633 gentis
2201 5581 2309 5618 suae
2337 5568 2636 5635 episcopum
2669 5566 3003 5635 patriarchum
3032 5581 3346 5632 nuncupare.
