3922 6412
578 383 682 438 219

1822 375 2116 431 VICTORIS
2156 373 2449 428 VITENSIS

3578 28 3877 149 π

3623 374 3724 426 220

576 506 804 564 paratos,
824 493 1070 545 “omnino
1089 491 1296 546 volebat
1315 491 1629 546 audientiam
1649 488 1866 541 diversis
1889 486 2098 539 cavilla-
2125 489 2171 543 Α
2198 486 2500 551 cienterque
2525 482 2892 549 conscriptum,
2919 482 3151 537 dicentes
3179 499 3190 534 :
3222 482 3277 536 Si
3309 489 3537 536 nostram
3567 485 3717 540 fidem

584 583 815 640 tionibus
841 580 1117 638 declinare.
1159 581 1305 645 Quod
1352 590 1472 635 ante
1520 578 1685 633 nostri
1727 575 2091 644 praeﬁdentes,

582 670 803 724 hbetlum
824 668 889 723 de
916 668 1015 721 ﬁde
1043 670 1481 736 conscripserant,
1521 668 1649 719 satis
1676 664 1922 718 decenter
1948 660 2095 715 sufﬂ-

2201 586 2513 639 cognoscere
2563 571 2891 635 desideratis,
2935 572 3047 625 haec
3085 580 3168 627 est
3214 574 3405 626 veritas
3444 587 3598 641 quam
3642 587 3719 632 te-

2198 676 2394 715 nemus.

647 808 681 874 9
701 800 786 855 Sic
810 800 963 853 habet
986 768 1274 853 Lorichius.
1307 804 1369 851 At
1396 798 1484 851 alii
1524 812 1648 849 mss.
1691 803 1743 849 et
1768 793 1851 849 ed.
1881 793 2080 846 omnino
2115 792 2533 861 audientiam.....
2564 790 2849 844 declinavit.

1506 1011 1971 1116 LIBER
2060 1009 2775 1114 TERTIUS.

967 1194 1292 1236 PROI‘ESSIO
1336 1191 1502 1233 FIDE!
1543 1186 2019 1231 CATHOLICORUM
2063 1183 2479 1226 EPISCOPORUM
2526 1184 2836 1227 BUNBRICO
2880 1187 3019 1229 REGI
3064 1189 3319 1232 OBLATA.

641 1298 741 1368 23
778 1299 816 1352 l.
862 1296 1039 1350 Unitas
1076 1294 1364 1345 substantiae
1400 1290 1509 1343 Dei.
1554 1317 1621 1328 --
1657 1286 1833 1356 [legali
1873 1285 2093 1353 imperio

573 1390 691 1444 lldei
719 1387 1006 1450 catholicae,
1036 1401 1189 1453 quam
1227 1396 1483 1442 tenemus.
1516 1383 1847 1449 praecipimur
1875 1380 2093 1433 reddere

571 1481 841 1539 rationem,
874 1478 1093 1541 ideoque
1121 1474 1448 1541 aggredimur
1472 1487 1565 1538 pro
1590 1481 1881 1523 nostrarum
1906 1468 2092 1521 virium

571 1568 924 1622 mediocritate
946 1606 958 1627 ,
992 1565 1168 1618 divino
1190 1564 1301 1617 lulti
1326 1573 1350 1600 ιι
1380 1562 1659 1631 adiutorio,
1689 1576 1804 1627 quae
1828 1560 2093 1613 credimus

569 1657 649 1710 vel
677 1656 1014 1723 praedicamus
1041 1654 1266 1707 breviter
1292 1651 1553 1703 intimare.
1585 1648 1812 1702 Primum
1842 1646 1997 1709 igitur
2028 1643 2094 1697 de

569 1744 764 1797 unitate
804 1741 1103 1794 substantia:
1154 1740 1321 1791 Patris
1377 1747 1430 1791 et
1470 1736 1496 1774 δ
1542 1735 1698 1799 Filii,
1738 1733 1875 1801 quod
1927 1732 2095 1784 Graeci

566 1832 821 1902 ὁμοούσιον
841 1829 1039 1892 dicunt,
1084 1826 1444 1892 exponendum
1476 1824 1624 1877 nobis
1667 1837 1787 1875 esse
1825 1820 2097 1887 cognosci-

568 1934 702 1971 mus.
748 1918 950 1969 Patrem
991 1929 1136 1981 ergo,
1164 1922 1218 1965 et
1253 1913 1461 1974 Filium,
1492 1920 1546 1963 et
1571 1909 1819 1975 Spiritum
1860 1915 2094 1958 sanctum

568 2007 636 2057 ita
660 2006 709 2056 in
735 2004 927 2055 unitate
967 2001 1182 2053 Deitatis
1212 2001 1541 2066 prolitetnur;
1570 2006 1626 2049 ut
1651 2005 1703 2049 et
1744 1996 1946 2047 Patrem
1989 2004 2010 2030 ο
2044 1993 2093 2044 ἰη

566 2113 675 2151 suae
703 2096 1016 2163 proprietate
1043 2106 1279 2161 personat
1305 2090 1608 2151 subsistere,
1627 2097 1680 2141 et
1699 2087 1883 2140 Filium
1909 2086 2095 2137 nihilo-

570 2191 738 2239 minus
784 2187 837 2238 in
879 2184 1088 2252 propria
1121 2193 1327 2236 exstare
1372 2194 1626 2249 persona,
1656 2188 1811 2247 atque
1845 2178 2095 2245 Spiritum

566 2286 801 2329 sanctum
836 2289 1072 2342 persona:
1109 2287 1217 2325 sua:
1269 2272 1638 2338 proprietatem
1683 2269 1909 2322 retinere
1956 2266 2095 2320 lideli

564 2362 890 2417 confessione
934 2360 1201 2413 fateamur.
1248 2359 1361 2413 Non
1391 2359 1631 2413 eumdem
1663 2366 1960 2411 asserentes
2001 2356 2099 2408 Pa-

565 2456 695 2502 trem
710 2462 859 2515 quem
879 2446 1087 2510 Filium,
1111 2461 1280 2513 neque
1303 2446 1491 2499 Filium
1507 2444 1821 2498 conﬁtentes
1837 2442 1923 2508 qui
1943 2440 2098 2493 Pater

571 2538 997 2605 sit,autSpiritus
1024 2547 1264 2599 sanctus;
1294 2550 1461 2601 neque
1482 2533 1551 2586 ita
1574 2533 1823 2599 Spiritum
1860 2540 2095 2583 sanctum

568 2625 871 2689 accipimus,
905 2634 957 2675 ut
978 2633 1068 2676 aut
1090 2621 1243 2673 Pater
1270 2622 1341 2673 sit
1366 2628 1457 2672 aut
1477 2620 1669 2683 Filius;
1698 2619 1787 2672 sed
1812 2619 2096 2683 ingenitum

568 2711 793 2775 Patrem,
815 2720 870 2763 et
892 2710 958 2762 de
978 2710 1127 2763 Patre
1152 2708 1455 2779 [al.natunt]
1483 2710 1709 2777 genitum
1734 2709 2008 2773 Filium,et
2031 2709 2097 2763 de

573 2803 722 2853 Patre
750 2795 839 2853 ettl
870 2800 999 2853 Filio
1016 2799 1381 2866 procedentem
1400 2800 1649 2867 Spiritum
1672 2809 1930 2864 sanctum,
1946 2800 2097 2851 unius
2125 2848 2132 2854 .

565 2888 824 2941 credimus
837 2901 951 2940 esse
971 2888 1273 2941 substantia:
1294 2885 1546 2957 [Lor.,et]
1573 2888 1653 2939 vel
1669 2888 1908 2949 essentia:
1935 2902 1950 2938 :
1977 2888 2095 2950 quia

565 2976 777 3043 ingeniti
810 2975 979 3028 Patris
1006 2984 1059 3027 et
1083 2974 1245 3041 geniti
1272 2974 1390 3026 Filii
1433 2982 1487 3026 et
1516 2972 1845 3039 procedentis
1874 2970 2097 3037 Spiritus

565 3064 728 3117 sancti
758 3077 856 3115 una
880 3072 961 3116 est
997 3063 1186 3126 deitas,
1215 3071 1322 3115 tres
1348 3075 1473 3115 vero
1500 3075 1836 3127 personarum
1863 3060 2097 3128 proprie-

568 3161 722 3204 tates.
756 3152 818 3204 Et
845 3142 963 3218 quia
1006 3162 1185 3203 contra
1219 3151 1353 3203 hanc
1396 3149 1704 3203 catholicam
1733 3150 1814 3204 vel
1843 3150 2094 3216 apostoli-

564 3251 679 3291 cam
732 3236 887 3289 ﬁdem
917 3247 1103 3289 exorta
1142 3236 1358 3289 haeresis
1400 3237 1678 3289 novitatem
1721 3236 1994 3304 quamdam
2017 3238 2095 3291 in-

566 3314 808 3389 duxerat,
836 3308 1074 3379 asserens
1102 3324 1287 3378 Filium
1317 3340 1417 3378 non
1446 3326 1534 3396 [αι.
1562 3324 1649 3395 ex]
1679 3326 1745 3380 de
1778 3327 1945 3380 Patris
1971 3328 2093 3380 sub-

564 3418 750 3467 stantia
768 3413 857 3484 (at.
886 3412 1083 3484 natum]
1096 3414 1343 3481 genitum,
1372 3413 1464 3467 sed
1487 3429 1551 3467 ex
1574 3415 1729 3467 nullis
1746 3415 2089 3478 exstantibus,

567 3502 616 3554 id
643 3512 722 3555 est
749 3518 809 3553 ex
844 3501 1005 3553 nihilo
1049 3500 1343 3554 substitisse
1368 3521 1380 3555 :
1410 3500 1474 3553 ad
1507 3502 1639 3554 hanc
1666 3502 1946 3568 impietatis
1974 3518 2094 3570 pro-

568 3590 871 3649 fessionem,
900 3603 1015 3655 qnte
1035 3596 1214 3640 contra
1239 3589 1393 3641 fidem
1420 3597 1726 3653 emerserat,
1758 3589 2091 3643 refellendam

568 3687 621 3729 et
651 3676 852 3739 penitus
878 3673 1204 3735 abolendam,
1234 3674 1491 3742 ὃμοούσιον
1516 3690 1689 3728 sermo
1718 3675 1931 3729 Graccus
1958 3681 2095 3743 posi-

572 3774 653 3815 tus
696 3773 806 3821 εει,
847 3762 987 3827 quod
1041 3761 1405 3827 interpretatur
1451 3768 1603 3815 unius
1664 3766 1966 3817 substantiae
2012 3767 2093 3818 vel

569 3852 829 3912 essentia},
855 3847 1150 3915 significans
1182 3848 1367 3900 Filium
1401 3864 1501 3901 non
1529 3864 1593 3902 ex
1639 3850 1729 3917 [al.
1760 3850 1935 3919 nullis]
1978 3853 2095 3903 ullis

568 3937 911 3998 exstantibus,
952 3950 1051 3989 nec
1077 3950 1143 3987 ex
1187 3937 1286 3987 alia
1328 3936 1646 4000 substantia,
1694 3939 1782 3988 sed
1831 3937 1896 3991 de
1945 3938 2097 3992 Patre

570 4043 746 4082 natum
773 4040 908 4079 esse.
957 4025 1055 4090 Qui
1084 4039 1208 4079 vero
1250 4032 1397 4093 putat
1437 4024 1700 4095 ὁμοθύσιον
1726 4026 2095 4094 auferendum,

568 4134 635 4171 ex
667 4116 827 4169 nihilo
855 4113 963 4166 vult
991 4129 1223 4167 asserere
1256 4113 1439 4167 Filium
1474 4113 1757 4169 exstitisse.
1791 4118 1890 4169 Sed
1919 4133 1983 4172 ex
2015 4119 2097 4171 ni-

574 4207 678 4259 hilo
708 4221 810 4258 non
837 4215 937 4268 est,
970 4219 1032 4257 ex
1065 4204 1213 4257 Patre
1237 4204 1351 4257 sine
1378 4203 1536 4256 dubio
1573 4212 1673 4269 est,
1712 4214 1764 4257 et
1806 4217 1949 4260 recte
1986 4208 2097 4277 ὁμο-

572 4297 757 4352 ούσιον.
786 4293 837 4345 id
865 4301 944 4344 est
969 4294 1117 4343 unius
1138 4307 1256 4343 cum
1288 4290 1443 4343 Patre
1466 4290 1791 4354 substantiae,
1816 4294 1975 4347 Filius
1998 4304 2097 4349 est.

646 4453 671 4481 ⁸
701 4446 826 4498 Cod.
854 4441 1207 4497 Landunensis
1234 4450 1285 4494 et
1314 4440 1420 4503 alii,
1442 4442 1650 4495 auxilio.
1686 4444 1859 4505 MarL,
1890 4442 2095 4510 Comp.,

579 4512 791 4576 Lor.,'et
824 4513 991 4572 Orth.,
1024 4512 1169 4577 ﬁdem
1185 4527 1334 4577 quam
1354 4512 1616 4561 credimus.

646 4581 673 4618 δ
703 4582 848 4635 ϐου).
880 4582 897 4632 l
929 4581 1069 4633 addit
1094 4593 1246 4631 manu
1280 4581 1471 4631 recenti
1502 4588 1545 4631 et
1572 4578 1792 4645 Spiritus
1820 4579 1994 4630 sancti.

649 4661 670 4687 °
703 4650 788 4703 Sic
811 4651 981 4710 Mare,
1016 4648 1216 4710 Germ.,
1259 4646 1399 4713 Ful.,
1441 4658 1494 4701 et
1538 4647 1709 4699 Chilﬂ.
1759 4650 1825 4701 At
1864 4647 2011 4699 Colb.
2047 4648 2095 4713 l,

578 4722 781 4785 Comp.,
813 4718 1102 4777 Lorichitts,
1134 4728 1196 4785 et
1234 4715 1477 4785 Ortltod.,
1509 4730 1731 4785 ptosuw
1761 4716 1949 4785 habent
1987 4732 2093 4766 sua.

576 4782 722 4841 Colbl
753 4786 901 4839 alter.
926 4796 977 4835 et
1007 4783 1169 4836 Laud.
1202 4798 1317 4835 cum
1347 4783 1514 4841 Bald.,
1562 4782 1794 4837 liltenan.
1828 4794 1879 4835 et
1923 4784 2092 4850 Bign,

576 4870 667 4907 sua
685 4855 995 4930 proprietatis
1020 4866 1247 4930 persona.
1274 4852 1359 4904 Sic
1379 4859 1428 4902 et
1451 4850 1596 4928 Coib.
1614 4854 1803 4930 tertius
1830 4852 1880 4903 in
1905 4854 2091 4918 margi-

582 4938 665 4981 ne,
695 4920 780 4984 qui
812 4920 861 4971 in
892 4930 1029 4970 textu
1063 4920 1235 4982 habet,
1265 4934 1355 4969 sua
1375 4922 1586 5035 lpropria
1607 4920 1807 4971 Deitatis
1832 4936 2059 4988 persona.

648 4988 673 5024 ἀ
700 4986 819 5039 Haec
850 4986 1090 5047 particula
1123 4987 1268 5038 deest
1300 4985 1352 5037 in
1415 4987 1532 5035 and.
1559 4996 1609 5037 et
1639 4989 1687 5038 in
1717 4989 1940 5041 editione
1972 4987 2102 5040 Rne-

582 5058 719 5110 nani.
752 5054 818 5106 At
847 5055 895 5105 in
923 5052 962 5105 C
1002 5056 1068 5105 Ib.
1090 5048 1112 5105 ι’
1145 5056 1241 5104 alia
1267 5067 1419 5103 manu
1448 5056 1636 5117 scripta
1670 5065 1765 5107 est.
1797 5056 1859 5107 Et
1882 5057 1929 5107 in
1956 5071 2098 5107 reca-

579 5122 869 5191 pitulatione
895 5124 1019 5173 infra
1054 5137 1194 5174 num.
1224 5121 1289 5172 21
1323 5135 1426 5171 non
1456 5121 1692 5174 habetur.
1727 5125 1903 5176 Exstat
1928 5134 2098 5176 tamen

582 5196 631 5245 in
653 5194 854 5245 caeteris
880 5203 1000 5240 tuss.
1031 5198 1083 5241 et
1110 5191 1283 5241 editas.

650 5272 671 5295 υ
697 5258 855 5309 Laud.
886 5256 1044 5306 atldit.
1069 5273 1205 5307 mete.
1239 5254 1369 5324 Infra
1402 5264 1571 5306 autem
1599 5254 1648 5306 in
1669 5257 1853 5323 Comp.
1884 5267 1935 5310 et
1960 5257 2097 5324 apud

578 5324 872 5381 Lorichittm
900 5325 973 5375 sic
999 5324 1243 5394 habetur:
1271 5323 1366 5394 Qui
1390 5338 1496 5372 cum
1521 5324 1583 5394 sit
1607 5326 1835 5391 splendor
1864 5334 1907 5377 et
1933 5323 2097 5394 ﬁgura

578 5394 814 5447 substanti
834 5409 860 5439 ι’
887 5395 991 5459 ejus
1013 5400 1057 5442 et
1082 5392 1405 5459 substantiam
1446 5392 1706 5441 noluerunt
1735 5395 1907 5445 audire
1939 5392 2097 5445 liuere-

582 5464 681 5513 tici.
717 5461 849 5512 Dixit
877 5456 1004 5511 alius
1029 5458 1265 5525 prapheta
1296 5472 1316 5508 :
1346 5456 1465 5509 Non
1490 5458 1753 5513 audierunt
1783 5476 1963 5524 uocem,
1995 5470 2096 5514 etc.

586 5529 691 5579 Vox
720 5528 931 5579 hmretici
973 5524 1197 5581 tlecst'in
1237 5524 1417 5591 Comp.
1454 5525 1613 5591 Porro
1656 5528 1703 5579 itt
1755 5525 1902 5581 Colb.
1946 5532 2099 5581 unius

581 5597 807 5655 margine
836 5596 944 5648 btec
979 5596 1131 5649 verba
1165 5590 1446 5647 habentur:
1480 5590 1543 5644 In
1580 5592 1793 5648 Jeremia
1824 5596 2096 5649 secundum

2268 1282 2328 1335 ll.
2362 1281 2609 1335 Probatur
2627 1298 2689 1336 ea:
2713 1284 3009 1350 Scripturis.
3028 1317 3093 1327 -—
3115 1288 3188 1341 Ex
3218 1290 3369 1345 Patre
3390 1301 3564 1347 autem
3585 1306 3721 1351 esse.

2197 1372 2247 1426 id
2277 1382 2355 1425 est
2382 1372 2533 1425 unius
2560 1387 2676 1426 cum
2727 1374 2880 1427 Patre
2924 1378 3225 1432 substantias
3245 1420 3257 1441 ,
3304 1380 3384 1434 bis
3413 1384 3724 1438 testimoniis

2197 1460 2531 1527 approbatur,
2574 1464 2818 1529 Apostolo
2850 1464 3057 1519 dicente
3086 1481 3105 1517 :
3136 1466 3233 1530 Qui
3262 1484 3373 1521 cum
3397 1474 3462 1523 sit
3491 1472 3724 1540 splendor

2196 1553 2385 1620 glorior,
2413 1562 2455 1604 et
2480 1553 2642 1621 ﬁgura
2660 1554 2948 1606 substantia
2975 1557 3103 1623 ejus,
3124 1572 3298 1623 gerens
3328 1573 3523 1625 quoque
3557 1561 3723 1613 omnia

2196 1642 2336 1693 verba
2358 1641 2552 1694 virtutis
2589 1656 2693 1694 sua
2734 1640 2912 1711 (Hebr.
2948 1657 2987 1703 ι,
3010 1641 3084 1709 3).
3124 1644 3185 1695 Et
3228 1644 3415 1697 iterum
3447 1645 3558 1710 ipse
3590 1646 3725 1700 Deus

2198 1729 2349 1781 Pater
2370 1730 2751 1782 incredttlorum
2781 1729 3047 1797 perfidiam
3074 1731 3376 1799 objurgans,
3414 1734 3501 1802 qui
3533 1736 3724 1801 praedi-

2196 1819 2361 1870 cantis
2391 1832 2481 1883 per
2522 1820 2800 1884 prophetas
2833 1819 2946 1873 Filii
2980 1835 3159 1873 vocem
3209 1823 3257 1874 in
3305 1837 3395 1876 sua
3436 1824 3724 1878 substantia

2198 1913 2499 1957 manentem
2512 1906 2685 1958 audire
2708 1906 3004 1971 noluerunt,
3028 1908 3268 1976 ﬁﬁdixit
3286 1926 3298 1965 :
3319 1909 3438 1964 Non
3458 1913 3724 1964 audierunt

2196 2008 2357 2044 vocem
2380 2002 2401 2028 ε
2430 1995 2713 2046 substantia:
2753 1994 2878 2062 (Jer.
2908 2011 2987 2057 tx,
3022 1999 3139 2065 l0),
3172 2014 3323 2066 qttam
3370 2015 3551 2054 vocem
3596 2002 3723 2055 sub-

2126 2070 2167 2127 Β
2195 2083 2397 2135 stantia:
2446 2082 2588 2153 [edit.
2619 2098 2735 2137 cum
2767 2085 2891 2157 tam]
2919 2085 3266 2152 contemptam
3300 2091 3516 2145 terribili
3546 2102 3725 2146 conte-

2195 2172 2419 2226 statione
2463 2174 2757 2239 increpans,
2787 2175 2851 2227 ad
2872 2176 3113 2229 eumdem
3142 2179 3445 2245 prepbetam
3473 2179 3722 2246 loquitur,

2194 2258 2372 2310 dicens
2396 2276 2409 2311 :
2442 2259 2606 2328 Super
2637 2271 2822 2313 montes
2850 2263 3057 2328 accipite
3096 2264 3351 2327 planctum
3370 2303 3385 2328 ,
3408 2273 3454 2316 et
3481 2281 3631 2333 super
3648 2282 3724 2318 se-

2196 2348 2339 2398 mitas
2362 2348 2542 2399 deserti
2559 2348 2761 2409 luctum,
2786 2350 2902 2414 quia
2931 2352 3242 2415 defecerunt,
3272 2366 3328 2403 eo
3352 2353 3483 2418 quod
3503 2369 3603 2405 non
3624 2355 3725 2405 sint

2195 2434 2442 2499 homines;
2473 2452 2569 2488 non
2597 2438 2860 2489 audierunt
2880 2453 3047 2490 vorem
3076 2439 3363 2491 substantiae
3389 2455 3421 2491 α
3444 2440 3723 2495 volatilibus

2195 2523 2306 2574 caeli
2340 2538 2494 2591 usque
2533 2525 2600 2576 ad
2638 2540 2813 2592 pecora
2852 2524 3059 2592 (Ibid.).
3103 2526 3167 2579 Et
3203 2541 3408 2580 rursum
3449 2541 3543 2582 eos
3578 2529 3722 2595 quia

2196 2611 2519 2677 professione
2557 2614 2710 2668 unius
2755 2615 3421 2680 substantiasdeclinantes,
3458 2618 3508 2670 in
3536 2618 3720 2672 eadem

2197 2702 2313 2755 ﬁdei
2340 2702 2625 2755 substantia
2654 2712 2791 2756 stare
2819 2704 3113 2768 noluerunt,
3146 2705 3382 2772 increpat
3410 2706 3590 2759 dicens
3618 2723 3633 2755 :
3662 2707 3723 2761 Si

2193 2794 2435 2842 stetissent
2453 2791 2505 2841 in
2525 2790 2794 2843 substantia
2820 2806 2949 2853 mea,
2967 2793 3249 2844 avertissent
3286 2794 3449 2861 utique
3476 2810 3559 2846 eos
3582 2809 3616 2846 a
3644 2797 3723 2846 ria

2193 2894 2286 2930 sua
2326 2878 2489 2940 mala,
2536 2887 2581 2928 et
2615 2894 2645 2928 a
2682 2880 2901 2942 pessimis
2944 2881 3323 2947 cogitationibus
3366 2883 3467 2934 suis
3510 2878 3719 2951 (ferent.

2197 2981 2339 3030 xxttt,
2369 2965 2479 3032 22).
2510 2965 2575 3018 Et
2627 2967 2810 3018 iterum
2857 2982 2961 3019 non
2989 2977 3134 3020 extra
3171 2969 3509 3022 substantiam
3554 2969 3723 3023 Patris

2196 3051 2381 3105 Filium
2407 3053 2777 3115 confitendum,
2800 3054 2891 3107 sed
2924 3055 2971 3105 in
2998 3054 3178 3109 eadem
3206 3053 3223 3091 ί
3260 3056 3393 3108 tideli
3420 3056 3572 3109 oculo
3595 3071 3721 3109 con-

2196 3143 2439 3197 tuendum
2483 3144 2811 3211 aportissime
2851 3144 3177 3208 declaratur,
3223 3145 3345 3197 dunt
3389 3146 3579 3199 dicitur
3629 3160 3722 3213 per

2193 3234 2496 3301 prophetam
2526 3250 2539 3285 :
2575 3235 2692 3295 Quis
2719 3234 2847 3285 stetit
2870 3234 2920 3285 in
2944 3234 3216 3286 substantia
3244 3234 3465 3301 Domini,
3495 3243 3541 3288 et
3566 3237 3718 3297 vidit,

2194 3334 2237 3377 et
2275 3324 2457 3377 audivit
2482 3328 2679 3378 verbum
2707 3324 2814 3389 ejus
2845 3323 3026 3390 (Ibit,
3056 3323 3181 3387 l8)?
3224 3323 3393 3375 Patris
3436 3338 3561 3390 ergo
3598 3324 3722 3376 sub-

2192 3414 2434 3467 stantiam
2483 3411 2669 3464 Filium
2702 3425 2819 3463 esse
2860 3410 3175 3477 propheticis
3195 3412 3299 3477 jam
3326 3412 3450 3464 olim
3478 3412 3719 3478 designa-

2192 3513 2299 3555 tum
2338 3511 2417 3555 est
2458 3502 2707 3564 oraculis,
2739 3501 2941 3554 dicente
2981 3500 3258 3554 Salomone
3306 3518 3319 3552 :
3368 3500 3714 3554 Substantiant

2191 3595 2320 3644 enim
2343 3603 2386 3643 et
2407 3592 2713 3643 dulcedinem
2738 3602 2893 3653 tuam,
2920 3606 3068 3659 quam
3099 3600 3121 3635 8
3143 3591 3192 3641 in
3220 3591 3353 3653 ﬁlios
3384 3590 3529 3642 habes
3558 3603 3719 3643 osten-

2193 3682 2341 3731 debas
2373 3679 2526 3743 (Sap.
2555 3694 2667 3742 xw,
2709 3678 2817 3741 il),
2852 3692 3002 3741 quam
3032 3678 3081 3728 in
3112 3676 3270 3744 ﬁgura
3300 3686 3353 3729 et
3382 3676 3605 3741 imagine
3629 3693 3719 3743 pa-

2194 3771 2273 3821 nis
2294 3770 2521 3819 caelestis
2542 3768 2732 3832 populo
2756 3766 2908 3818 Israel
2935 3766 3138 3818 caelitus
3166 3776 3377 3831 apparet
3396 3765 3720 3830 proﬂuxisse.

2198 3854 2345 3916 Quod
2376 3854 2485 3920 ipse
2516 3854 2761 3905 Dominus
2787 3853 2836 3904 in
2885 3852 3162 3919 Evangelia
3204 3853 3462 3919 expo~uit,
3492 3853 3673 3906 dicens
3704 3871 3719 3907 :

2198 3940 2317 3993 Non
2366 3941 2560 4008 Moyses
2606 3941 2739 3991 dedit
2764 3940 2895 3992 vobis
2941 3956 3117 4003 partem
3156 3940 3219 3991 de
3264 3939 3416 4003 caelo,
3446 3940 3530 3991 sed
3571 3939 3721 3993 Pa‘er

2197 4046 2333 4083 meus
2361 4030 2447 4080 dat
2476 4028 2608 4081 vobis
2636 4044 2808 4095 panem
2837 4027 2898 4081 de
2925 4028 3045 4079 creto
3072 4024 3242 4095 (Joan.
3271 4042 3339 4092 Vl,
3366 4026 3487 4091 32);
3521 4040 3577 4082 se
3620 4028 3722 4079 uti-

2197 4134 2298 4187 que
2337 4134 2519 4184 panem
2567 4117 2677 4183 ipse
2720 4117 2889 4187 [Lor.,
2930 4115 3204 4186 definiens]
3250 4118 3560 4185 designans,
3604 4130 3720 4170 cuto

2199 4206 2321 4258 dicit
2375 4224 2387 4256 :
2432 4204 2537 4273 Ego
2581 4222 2688 4257 sum
2735 4208 2877 4273 panis
2928 4206 3063 4258 vivus
3110 4207 3193 4271 qui
3237 4207 3298 4259 de
3344 4209 3464 4260 ctelo
3494 4207 3722 4259 descendi

2202 4291 2359 4361 (Ibid.
2381 4292 2489 4355 tl).
2533 4293 2605 4344 De
2640 4308 2741 4358 quo
2782 4294 2935 4345 etiam
2967 4294 3214 4361 pr0pheta
3254 4295 3411 4347 David
3439 4294 3599 4347 dicit:
3622 4292 3723 4345 Pa-

2202 4444 2333 4497 LXX
2360 4442 2674 4507 Inter-prem.
2697 4445 2839 4509 Quod
2862 4455 2940 4497 est
2959 4462 3157 4499 verum.
3184 4445 3437 4496 Caeterum
3454 4460 3547 4510 pro
3576 4462 3723 4510 super

2202 4523 2402 4590 montes,
2432 4525 2556 4590 etc.,
2584 4512 2865 4575 Lorichius,
2895 4524 2946 4565 et
2969 4514 3055 4590 alii
3086 4513 3482 4590 habenttsupen
3506 4524 3716 4565 montem

2197 4582 2365 4647 accipe
2395 4582 2668 4646 planctum,
2694 4591 2743 4633 et
2772 4595 2863 4645 pro
2891 4583 3132 4642 semitam,
3158 4582 3332 4647 aliqui.
3364 4582 3579 4630 semitas.

2272 4647 2289 4685 ί
2325 4649 2481 4701 Laud.
2500 4658 2550 4701 et
2572 4649 2717 4701 Colb.
2738 4650 2790 4703 2.
2816 4648 3055 4703 Fidelitcr
3071 4653 3244 4701 mentis
3274 4648 3434 4697 oculo.
3461 4645 3673 4697 Rbenan

2197 4685 2610 4782 ῇάειῖἷῖἴῆιὶῖιῖίξ
2621 4685 2796 4770 οὲἷιίἓςζ
2816 4685 3197 4771 Ῥἰῖιῖ”ὀ”ἑτ’ἔξι”.”’
3212 4685 3541 4787 ἑιὲυηῒιρξιη
3588 4688 3722 4787 νεφριὲ
3780 4782 3785 4787 ,

2200 4796 2377 4838 mente.
2408 4786 2555 4839 Colb.
2589 4796 2792 4849 tertius,
2831 4786 3042 4852 ﬁdeliter
3066 4793 3244 4837 mente.
3277 4782 3578 4845 Loricbius,
3610 4784 3722 4848 ﬁdei

2126 4840 2174 4897 D
2198 4865 2374 4905 mente.

2274 4932 2297 4966 ις
2329 4922 2490 4983 llujus
2521 4921 2618 4974 loci
2646 4930 2697 4974 et
2725 4922 2966 4983 a'iorum,
2995 4918 3083 4989 qui
3136 4920 3220 4973 hic
3265 4918 3540 4989 habentur,
3576 4931 3724 4985 egre-

2202 4987 2309 5052 gias
2367 4990 2521 5041 habes
2569 4989 2925 5055 expositiones
2974 4987 3026 5040 in
3066 4989 3197 5040 libro
3222 5002 3313 5041 seu
3374 4988 3725 5055 ltesponsione

2204 5058 2306 5123 79
2318 5059 2479 5109 sancti
2504 5054 2756 5123 Fulgentii
2773 5056 2834 5107 ad
2857 5057 3037 5108 decem
3057 5059 3362 5108 Arianorum
3381 5054 3720 5121 obiectiones,

2205 5125 2256 5175 itt
2274 5127 2608 5188 responsione
2621 5125 2813 5176 scilicet
2831 5124 2893 5176 ad
2912 5134 3142 5189 quartam
3156 5139 3336 5177 eorum
3355 5124 3721 5185 objectionem.

2202 5191 2456 5245 (Steterunt
2481 5190 2630 5245 Colb.
2666 5195 2713 5252 l,
2740 5194 2910 5254 Mart.,
2944 5191 3080 5253 Ful.,
3099 5192 3299 5253 Germ.,
3326 5200 3381 5243 et
3403 5193 3576 5251 0rth.,
3607 5202 3721 5240 cum

2204 5259 2461 5321 Lorichio,
2489 5260 2677 5327 habent
2697 5260 2747 5310 in
2769 5257 2924 5311 Filio.
2956 5259 3016 5311 Et
3044 5260 3194 5324 infra,
3216 5274 3307 5327 pro
3334 5275 3481 5325 quam
3507 5258 3577 5319 in,
3597 5264 3720 5315 αις..

2201 5328 2347 5380 Orth.
2376 5338 2427 5378 et
2455 5326 2740 5395 Lorichim,
2766 5329 2879 5393 quia
2906 5327 2977 5379 in.
3017 5328 3165 5381 Colb.
3200 5326 3247 5389 l,
3290 5328 3377 5395 qui
3420 5328 3489 5395 in,
3524 5335 3579 5375 ut
3608 5337 3721 5395 qua:

2199 5396 2565 5468 sequunturde
2588 5394 2719 5447 Filio
2752 5389 2951 5468 possint
2988 5395 3224 5468 intelligi.
3260 5389 3319 5447 Et
3356 5394 3573 5468 quidem
3608 5389 3721 5468 exi-

2198 5476 2335 5581 gcitl'ieo
2358 5463 2559 5517 videtur
2605 5475 2790 5516 sensus
2836 5464 3041 5517 illorum
3088 5465 3295 5520 Patrum
3352 5471 3407 5516 ut
3445 5462 3645 5528 legatur
3670 5462 3720 5507 in

2249 5546 2354 5581 ιιιο.
