3922 6398
0 2 484 228 ,Γ

182 369 271 420 ﬁl

1103 365 1184 416 DE
1221 358 1722 416 PERSECUTIONE
1762 357 2130 412 VANDALICA
2171 357 2292 409 LIB.
2334 356 2415 408 III.

3209 346 3317 402 2'22

179 501 286 536 nent
307 486 594 551 angelorum
625 481 933 534 manducavit
959 480 1106 531 homo
1140 480 1306 546 (Psal.
1339 495 1532 540 Lxxvtt,
1580 478 1690 544 25).
1722 482 1764 536 A
1793 479 1864 531 ait
1893 495 1907 532 :
1942 477 2049 545 Ego
2070 490 2114 531 et
2144 477 2292 529 Pater
2313 493 2462 527 unum
2484 491 2685 535 sumus;
2708 485 2759 526 et
2787 475 2913 538 :Qui
2942 474 3071 525 videt
3095 487 3166 521 me
3188 472 3316 523 videt

248 572 327 623 Ill.
358 569 511 621 Pater
531 581 575 622 et
593 569 751 620 Filius
772 579 882 619 sunt
902 567 1434 634 aqualem—Namque
1461 577 1517 618 ut
1534 567 1698 618 adhuc

177 658 467 711 evidentius
511 657 677 709 Patris
722 663 776 708 et
803 654 915 706 Filii
941 655 1243 707 substantia
1270 657 1459 718 unitas,
1489 663 1540 706 et
1570 663 1592 690 ⁸
1624 653 1700 706 di-

179 745 404 797 vinitatis
447 743 714 810 equalitas
755 741 1096 806 ostendatur,
1146 741 1257 808 ipse
1310 742 1359 793 in
1423 741 1698 807 Evangelio

177 833 294 886 dicit
331 830 480 899 :Ego
524 831 575 882 in
615 829 781 890 Patre,
817 838 862 880 et
902 828 1050 879 Pater
1076 829 1126 879 in
1154 845 1228 879 me
1254 838 1344 882 est.
1381 830 1443 880 Et
1475 845 1486 878 :
1521 827 1626 893 Ego
1654 838 1697 878 et

179 919 332 972 Pater
371 935 521 970 unum
564 933 728 968 sumus
759 917 928 983 (Joan.
961 933 1012 982 x,
1042 920 1128 982 38,
1155 918 1262 983 50).
1311 918 1456 981 Quod
1507 934 1604 969 non
1634 919 1696 969 ad

179 989 423 1056 unitatem
450 1004 804 1054 tantummodo
832 1003 1128 1066 voluntatis,
1154 1005 1243 1056 sed
1271 1006 1332 1056 ad
1365 1019 1516 1057 uuam
1542 1005 1697 1056 reler-

179 1105 258 1144 tur
282 1093 622 1156 eamdemque
649 1093 1007 1152 substantiam,
1037 1094 1153 1157 quia
1178 1107 1278 1143 non
1305 1092 1434 1144 dixit
1465 1111 1476 1143 :
1519 1093 1622 1158 Ego
1647 1101 1698 1144 et

179 1181 327 1234 Pater
353 1194 512 1230 unum
537 1180 797 1241 volumus;
830 1180 940 1240 sed,
963 1195 1114 1230 unum
1135 1196 1326 1234 sumus.
1369 1180 1442 1231 Ex
1467 1195 1528 1232 eo
1555 1181 1693 1231 enim

177 1266 310 1333 quod
341 1277 487 1328 sunt,
519 1280 621 1319 non
649 1256 710 1320 es
741 1280 804 1318 eo
850 1276 1044 1318 tantum
1075 1267 1206 1333 quod
1241 1268 1436 1329 volunt,
1472 1278 1697 1333 paternae

178 1355 389 1406 uanitatis
415 1354 707 1406 declaratur
728 1354 964 1406 assertio.
996 1357 1117 1406 Item
1141 1355 1365 1407 Joannes
1387 1356 1696 1421 evangelista

175 1442 298 1496 dicit
328 1459 342 1493 :
369 1441 636 1510 Propterea
659 1458 773 1510 ergo
789 1443 1067 1509 querebant
1090 1459 1198 1494 eum
1215 1443 1380 1494 Judtei
1407 1443 1693 1509 interﬁcere.

174 1531 289 1594 quis
309 1546 408 1581 non
437 1528 598 1582 solum
618 1532 827 1581 solvebat
851 1530 1122 1593 sabbatum,
1145 1533 1229 1581 sed
1254 1540 1298 1581 et
1329 1529 1526 1582 Patrem
1554 1547 1696 1582 suum

175 1617 364 1667 dicebat
394 1614 575 1677 Deum,
605 1615 837 1682 aqualem
864 1631 914 1667 se
933 1616 1118 1682 faciens
1155 1615 1258 1667 Deo
1280 1615 1454 1683 (Joan.
1486 1632 1542 1678 v,
1584 1616 1692 1683 18).

175 1704 318 1768 Quod
364 1703 543 1770 utique
569 1718 670 1754 non
709 1701 772 1754 ad
809 1701 1014 1755 iudices
1039 1713 1116 1755 est
1147 1701 1235 1772 [αι.
1280 1702 1469 1773 potius]
1493 1705 1696 1771 penitus

1797 575 1841 618 et
1872 566 2095 627 Patrem;
2137 574 2188 617 et
2214 582 2224 616 :
2253 564 2428 615 Omnia
2454 578 2752 628 quiscunque
2789 562 2939 612 Pater
2968 561 3116 628 facit,
3147 561 3314 611 eadem

1798 657 1917 723 facit
1946 654 1990 705 F
1995 657 2108 708 ilius
2132 655 2386 712 similiter;
2411 655 2486 705 vel
2518 663 2703 705 cmtera
2737 667 2851 718 qua:
2891 650 3124 718 tUpCl‘IlIS
3154 650 3317 703 conti-

1797 754 2002 797 nentur.
2037 744 2124 795 Illa
2155 757 2279 795 vero
2301 757 2415 808 quae
2444 740 2508 792 de
2554 755 2614 792 eo
2643 737 2920 792 secundum
2946 739 3204 790 hominem
3236 754 3317 789 re-

1796 832 2046 891 feruntur,
2080 832 2172 882 ista
2202 839 2319 882 sunt
2350 847 2360 879 :
2395 829 2541 880 Pater
2569 831 2727 894 major
2769 843 2842 877 me
2880 836 2947 877 est
2997 826 3172 892 (lacn.
3207 841 3312 888 xtv,

1794 918 1902 985 98).
1931 921 1991 970 Et
2016 936 2027 969 :
2057 918 2172 970 Non
2199 919 2303 968 veni
2325 918 2483 982 facere
2512 916 2801 965 ioluntatem
2832 929 3008 974 meam,
3038 914 3122 964 sed
3145 915 3316 963 colun-

1796 1017 1942 1060 tatem
1971 1009 2075 1070 ejus
2107 1009 2189 1074 qui
2219 1009 2347 1057 misit
2376 1022 2449 1057 me
2492 1004 2664 1071 (Joan.
2703 1021 2779 1064 vt,
2814 1004 2920 1068 '58).
2962 1005 3049 1063 Et,
3080 1004 3248 1064 Pater,
3274 1006 3315 1053 si

1797 1096 1902 1158 ﬁeri
1938 1107 2108 1163 potest,
2145 1103 2360 1145 transeat
2391 1110 2421 1143 a
2443 1110 2517 1145 me
2544 1094 2676 1144 calix
2699 1094 2786 1142 iste
2809 1092 3017 1158 (Matth.
3042 1107 3180 1153 xxvi,
3204 1091 3310 1158 59).

1797 1185 1888 1236 Vel
1918 1199 2031 1235 cum
2057 1185 2119 1234 de
2150 1198 2302 1235 cruce
2329 1183 2455 1234 dixit
2483 1200 2496 1234 :
2532 1183 2681 1242 Deus,
2717 1181 2845 1232 Dens
2884 1197 3035 1241 meus,
3069 1195 3218 1244 quare
3242 1196 3313 1228 me

1796 1274 2093 1338 dereliqttisti
2114 1272 2319 1341 (Mttflll.
2349 1286 2515 1335 xxvtt,
2541 1271 2658 1334 46)?
2692 1271 2751 1321 Et
2792 1270 2974 1321 iterum
3003 1284 3062 1320 ex
3097 1281 3314 1334 persona

1798 1360 1907 1410 Filii
1939 1359 2188 1427 propheta
2221 1360 2343 1412 dicit
2371 1378 2383 1412 :
2418 1359 2491 1412 De
2514 1369 2675 1410 ventre
2697 1359 2863 1409 matris
2894 1373 3011 1409 mea:
3034 1357 3159 1406 Deus
3181 1372 3315 1406 meus

1795 1462 1844 1498 es
1881 1457 1932 1496 tu
1974 1446 2135 1514 (Psal.
2184 1461 2300 1507 xxt.
2340 1447 2457 1514 II);
2499 1447 2575 1499 vel
2604 1461 2717 1497 cum
2746 1447 2906 1495 minor
2934 1444 3120 1511 angelis
3150 1442 3314 1502 (Psal.

1796 1547 1903 1593 vni,
1932 1533 1984 1598 6)
2033 1534 2318 1595 indicatur,
2363 1544 2594 1598 ctqunm
2640 1533 2780 1597 plura
2828 1532 2906 1583 his
2953 1531 3175 1590 similia,
3205 1545 3318 1595 quae

1793 1621 1966 1672 studio
2015 1620 2278 1673 brevitatis
2322 1636 2423 1672 non
2477 1623 2806 1672 inseruimus.
2854 1620 3013 1672 Filius
3059 1634 3179 1686 ergo
3230 1619 3317 1671 Dei

1797 1709 1948 1761 nullis
1986 1709 2336 1769 conditionum
2380 1707 2772 1761 necessitatibus
2800 1707 3097 1768 obstrictus,
3133 1708 3222 1757 sed
3255 1707 3316 1757 li-

175 1790 523 1851 nter-endam,
546 1789 664 1855 quia
683 1790 997 1855 evangelista
1018 1791 1268 1842 veraciter
1294 1791 1426 1843 dixit
1449 1792 1513 1844 de
1541 1791 1689 1856 Filio,
1725 1798 1767 1854 Β
1795 1798 1912 1849 hera
1960 1796 2244 1849 divinitatis
2288 1798 2534 1862 potentia,
2569 1795 2635 1847 ita
2667 1809 2782 1860 quae
2813 1803 2982 1845 nostra
3013 1802 3133 1844 sunt
3161 1785 3316 1843 mira;

173 1879 290 1942 quia
320 1875 573 1942 aqualem
605 1876 710 1928 Deo
732 1891 788 1929 se
817 1876 1052 1930 faciebat.
1085 1878 1208 1929 Item
1240 1879 1287 1929 in
1316 1878 1497 1931 eodem
1527 1879 1694 1931 Evan-

173 1964 305 2030 gelio
328 1966 578 2030 scriptum
604 1974 682 2018 est
710 1983 720 2015 :
756 1965 1068 2030 Qua'cttnque
1090 1966 1240 2018 Pater
1279 1968 1416 2033 facit,
1457 1970 1624 2021 eadem
1649 1980 1694 2023 et

174 2051 334 2105 Filius
354 2054 476 2119 facit
502 2053 726 2105 similiter
757 2051 938 2120 (Ibid.,
969 2054 1075 2120 19).
1110 2054 1188 2115 Et,
1214 2057 1341 2105 sicut
1370 2055 1519 2105 Pater
1542 2059 1694 2107 susci-

173 2150 241 2193 ω
269 2149 491 2193 mortuos
509 2149 556 2192 et
576 2141 816 2207 vivi/ient,
848 2143 916 2192 ita
941 2152 988 2192 et
1018 2140 1182 2193 Filius
1219 2157 1338 2208 quos
1364 2141 1462 2192 vult
1487 2143 1692 2208 υἱινίῥσαι

173 2227 352 2294 (Ibid,
373 2229 490 2295 21).
522 2229 667 2289 Item,
691 2239 746 2282 ut
772 2245 937 2280 omnes
967 2228 1285 2293 bonoriﬁcent
1326 2228 1527 2295 Filium,
1560 2231 1689 2281 sicut

172 2313 722 2381 bonoriﬁcantPatrem
747 2313 936 2384 (lbid.,
969 2316 1076 2384 9.3).
1108 2315 1338 2383 Equalis
1362 2318 1497 2369 enim
1530 2317 1692 2369 honor

173 2417 272 2454 non
303 2404 401 2455 nisi
431 2404 712 2470 cqualibus
741 2404 1034 2457 exhibetur.
1064 2405 1190 2457 Item
1222 2405 1289 2456 ibi
1318 2406 1474 2457 Filius
1502 2405 1565 2458 ad
1592 2405 1686 2456 Pa-

175 2501 302 2545 trem
328 2492 459 2546 dicit
491 2512 505 2544 ι
539 2494 716 2545 Omnia
728 2509 834 2543 mea
847 2502 931 2543 tua
948 2503 1144 2556 sunt,et
1157 2503 1241 2545 tua
1255 2510 1358 2545 mea
1375 2494 1546 2561 (Joan.
1568 2509 1690 2558 xvtt,

178 2583 275 2650 I0).
304 2584 465 2648 Item,
503 2582 762 2648 Philippe,
810 2585 893 2649 qui
924 2601 996 2636 me
1031 2585 1157 2634 videt
1179 2624 1194 2645 ,
1233 2586 1360 2636 videt
1392 2596 1435 2636 et
1472 2584 1690 2636 Patrem.

176 2669 435 2732 Quomodo
458 2679 509 2720 ιιι
537 2670 694 2720 dicis:
725 2668 940 2722 Ostende
963 2671 1098 2722 nobis
1138 2670 1337 2723 Patrem
1369 2672 1539 2738 (Joan.
1582 2688 1688 2732 xiv,

172 2757 265 2825 9)?
303 2757 414 2810 Hoc
445 2772 546 2808 non
590 2757 846 2820 dixisset,
879 2759 976 2810 nisi
1027 2759 1161 2811 Patri
1194 2775 1285 2827 per
1312 2762 1482 2812 omnia
1518 2761 1694 2814 luisset

173 2845 406 2911 aqualis.
440 2843 566 2896 Item
595 2844 704 2910 ipse
727 2845 972 2897 Dominus
1003 2847 1132 2898 dixit
1163 2866 1175 2899 :
1201 2848 1411 2902 Creditis
1431 2851 1481 2900 in
1511 2849 1689 2913 Deum,

175 2940 215 2983 et
254 2933 306 2983 in
351 2947 430 2984 me
469 2933 647 2984 credite
686 2931 876 3001 (Ibid.,
924 2933 995 2996 1).
1037 2935 1098 2986 Et
1148 2936 1313 2987 adhuc
1352 2946 1406 2986 ut
1445 2937 1691 2987 unitatem

176 3018 486 3086 cqualitatis
522 3019 930 3080 demonstraret,
974 3021 1044 3070 ait
1084 3038 1094 3070 :
1140 3021 1296 3071 Nemo
1340 3023 1471 3080 novit
1505 3021 1693 3071 Filium

1799 1885 1886 1938 bili
1917 1885 2104 1951 pietate
2149 1885 2454 1950 assumpsit,
2498 1892 2553 1936 ut
2601 1896 2627 1934 a
2654 1882 2762 1936 suis
2807 1895 2921 1948 qua;
2957 1880 3125 1932 divina
3168 1888 3314 1942 sunt,

1796 1973 2009 2024 omnino
2049 1987 2151 2023 non
2183 1972 2486 2024 destiterit:
2520 1973 2636 2034 quia
2669 1969 2917 2022 Divinitas
2947 1983 3041 2020 nec
3069 1983 3314 2033 augmen-

1801 2069 1905 2110 tum
1933 2059 2172 2120 admittit,
2219 2072 2313 2109 nec
2341 2059 2530 2122 patitur
2555 2056 2931 2107 deti-intentem.
2964 2054 3108 2107 Unde
3132 2055 3320 2120 gratias

1801 2149 1998 2212 agimus
2042 2146 2210 2198 eidem
2257 2144 2472 2212 [Comp..
2532 2142 2658 2210 Deo)
2705 2145 3146 2197 Dotninorunstro
3193 2143 3312 2194 Iesu

1802 2232 2024 2296 Christo,
2057 2232 2138 2296 qui
2173 2238 2381 2296 propter
2408 2244 2499 2281 nos
2530 2241 2580 2281 et
2607 2241 2813 2296 propter
2840 2242 3064 2281 nostram
3098 2231 3314 2282 salutem

1799 2321 1862 2371 de
1891 2319 2023 2371 caelo
2061 2317 2360 2377 descendit,
2393 2331 2480 2367 sua
2515 2318 2752 2382 passione
2796 2331 2890 2368 nos
2935 2318 3180 2376 redemit,
3229 2332 3318 2367 sua

1800 2416 1962 2458 morte
1995 2404 2291 2464 viviﬁcavit,
2319 2419 2407 2455 sua
2438 2404 2740 2455 ascensione
2768 2404 3099 2469 glorillcnvit,
3130 2405 3213 2468 qui
3242 2418 3320 2455 se-

1799 2495 1928 2546 dens
1952 2494 2013 2545 ad
2033 2494 2294 2546 dexteram
2319 2490 2480 2543 Patris
2506 2499 2748 2545 venturus
2791 2499 2870 2541 est
2907 2489 3136 2550 judicare
3182 2491 3320 2540 vivos

1800 2593 1850 2634 et
1882 2592 2128 2644 mortuos,
2163 2581 2315 2646 justis
2344 2590 2547 2631 aeterna:
2577 2580 2694 2630 vitae
2727 2577 2990 2644 prtemium
3026 2579 3314 2643 largiturus,

1803 2673 1972 2738 impiis
2011 2681 2163 2736 atque
2212 2670 2486 2721 incredulis
2518 2670 2698 2719 nierita
2728 2667 2975 2732 supplicia
3008 2666 3316 2718 redditurus.

1869 2762 1926 2813 V.
1970 2759 2229 2812 Generatio
2261 2757 2400 2809 Filii.
2439 2785 2506 2795 -—
2545 2756 2854 2810 Prolitemur
2899 2757 3067 2821 itaque
3115 2755 3315 2806 Patrem

1801 2854 1866 2906 de
1894 2853 2088 2918 seipso,
2133 2850 2229 2902 hoc
2261 2861 2336 2901 est
2365 2850 2428 2900 de
2455 2862 2517 2900 eo
2553 2848 2685 2913 quod
2724 2847 2831 2911 ipse
2860 2854 2965 2906 est,
3007 2845 3318 2908 sempiterno

1796 2953 1951 3007 atque
1992 2937 2320 2991 inetiabiliter
2360 2935 2543 2986 Filium
2574 2933 2846 2999 genuisse;
2879 2930 3067 2982 Filium
3100 2944 3198 2979 non
3230 2943 3319 2978 e1-

1801 3030 2073 3086 trinsecus,
2104 3024 2194 3092 [αι.
2230 3021 2328 3089 vel]
2361 3037 2461 3073 non
2491 3037 2552 3073 ex
2589 3021 2769 3082 nihilo,
2809 3035 2909 3070 non
2938 3034 2998 3070 ex
3023 3018 3119 3069 alia
3148 3018 3318 3082 subju-

178 3105 264 3154 nisi
311 3103 463 3155 Pater
488 3141 503 3165 ,
547 3119 697 3167 neque
746 3104 943 3154 Patrem
981 3107 1089 3171 quis
1127 3108 1255 3156 novit
1303 3108 1398 3157 nisi
1440 3106 1624 3168 Filius,
1653 3119 1694 3157 et

1798 3123 1944 3165 eente
1973 3111 2205 3173 materia,
2228 3110 2317 3160 sed
2348 3124 2408 3160 ex
2442 3110 2545 3160 Deo
2567 3116 2740 3159 natum
2763 3121 2897 3158 esse.
2925 3106 2987 3158 Et
3010 3105 3094 3172 qui
3120 3105 3184 3157 de
3215 3105 3319 3155 Di-o

176 3191 249 3240 cui
277 3191 484 3241 uoluerit
525 3189 689 3241 Filius
730 3193 946 3243 revelare
996 3192 1200 3260 (Matth.
1227 3209 1297 3255 xi,
1319 3194 1427 3259 Ἦ).
1477 3195 1536 3245 Ει
1566 3196 1697 3246 sicut

178 3278 335 3332 Filius
377 3279 462 3332 cui
504 3282 607 3332 vult
636 3281 832 3332 revelat
880 3281 1104 3346 Patrem,
1136 3284 1202 3333 ita
1245 3293 1296 3335 et
1327 3282 1474 3336 Pater
1503 3284 1698 3335 revelat

180 3369 382 3430 Filium.
407 3372 539 3422 sicut
562 3370 672 3436 ipse
711 3369 860 3423 Petro
890 3370 961 3422 ait
988 3373 1253 3425 conﬁtenti
1295 3387 1411 3425 eum
1439 3373 1698 3425 Christum

178 3456 366 3508 Filium
393 3457 484 3510 Dei
517 3459 614 3510 vivi
637 3473 753 3512 esse
781 3474 794 3510 :
825 3458 1003 3512 Beatus
1025 3476 1095 3522 es,
1121 3461 1296 3513 Simon
1319 3460 1558 3532 Barjontt,
1581 3461 1699 3529 quia

179 3559 291 3594 caro
311 3554 355 3594 et
376 3545 577 3612 sanguis
603 3561 697 3596 non
717 3548 942 3597 reuelauit
970 3547 1075 3610 tibi,
1105 3548 1187 3600 sed
1202 3547 1352 3600 Pater
1373 3565 1508 3600 meus
1537 3550 1619 3614 qui
1649 3552 1700 3600 in

177 3633 306 3684 catis
341 3641 412 3684 est
458 3631 665 3698 (Matth.
713 3650 824 3698 xvi,
875 3635 980 3701 17).
1021 3636 1084 3688 Ει
1124 3637 1307 3689 iterum
1339 3638 1495 3688 Filius
1526 3637 1649 3688 dicit
1682 3654 1695 3689 :

183 3719 341 3771 Nemo
371 3722 499 3771 venit
521 3721 586 3771 ad
609 3718 806 3772 Patrem
829 3723 921 3772 nisi
948 3739 1032 3786 per
1062 3740 1135 3774 me
1162 3722 1334 3791 (Joan.
1365 3739 1480 3784 xw,
1509 3724 1580 3789 6).
1619 3724 1698 3785 Et,

185 3809 340 3859 Nemo
375 3809 506 3859 renit
535 3809 601 3857 ad
628 3825 715 3860 me.
763 3811 845 3860 nisi
871 3809 1017 3861 Pater
1047 3827 1198 3870 meus,
1228 3813 1309 3877 qui
1351 3813 1480 3862 misit
1502 3829 1592 3873 me,
1626 3822 1701 3860 at—

180 3896 384 3946 traxerit
423 3910 533 3946 eum
559 3883 728 3962 (Joan.
760 3911 840 3957 t:;
878 3897 984 3962 44).
1015 3896 1042 3933 δ
1065 3897 1219 3950 .Unde
1253 3899 1410 3949 claret
1441 3899 1700 3961 a‘qttalitas

183 3980 349 4033 Patris
387 3992 439 4032 et
480 3980 622 4041 Filii,
660 3996 775 4032 cum
815 3982 877 4031 ad
915 3995 971 4031 se
998 3983 1214 4032 invicem
1245 3982 1513 4032 credentes
1541 3983 1701 4032 addu-

179 4075 320 4116 cunt.
374 4067 495 4116 Item
546 4066 669 4116 dicit
711 4082 722 4114 :

182 4169 338 4204 meum
379 4153 545 4216 utique
585 4152 951 4220 rognorissetis,
991 4162 1036 4206 et
1086 4156 1265 4206 amodo
1308 4157 1459 4207 nostis
1493 4173 1624 4220 eum,
1656 4165 1700 4206 et

181 4240 366 4289 ridistis
397 4254 508 4288 eum
536 4236 705 4303 (Joan.
740 4254 842 4301 xiv,
874 4240 944 4301 7).

246 4327 332 4379 IV.
376 4327 501 4377 Data
541 4328 592 4378 in
621 4325 815 4378 Christo
861 4339 1073 4380 naturae.
1105 4359 1171 4369 —
1211 4331 1399 4384 Verum
1430 4333 1547 4398 quia
1576 4333 1702 4384 duas

766 4065 824 4116 Si
868 4067 1207 4130 cognovissetis
1256 4082 1366 4126 me,
1407 4077 1451 4116 et
1500 4065 1700 4118 Patrem

1799 3207 1948 3249 natus
1974 3205 2072 3258 est,
2116 3211 2215 3246 non
2254 3195 2388 3246 aliud
2422 3203 2673 3259 estquam
2703 3193 2753 3244 id
2785 3193 2918 3258 quod
2955 3193 3104 3244 Pater
3135 3203 3230 3252 est,
3267 3201 3317 3241 et

1797 3289 1988 3339 idcirco
2019 3285 2167 3336 unius
2196 3283 2497 3335 substantiae
2524 3290 2603 3333 est
2630 3297 2640 3331 ε
2676 3281 2792 3345 quia
2826 3282 3016 3330 veritas
3045 3279 3317 3328 nativitatis

1797 3377 2150 3430 diversitatem
2202 3388 2300 3424 non
2352 3371 2577 3424 admittit
2603 3370 2827 3435 generis.
2858 3367 2984 3420 Nam
3024 3367 3064 3416 si
3107 3365 3316 3416 alti-rius

1797 3482 1826 3518 a
1855 3466 2003 3518 Patre
2028 3462 2327 3515 substantiae
2350 3471 2447 3523 est,
2476 3468 2561 3509 aut
2588 3472 2739 3509 verus
2766 3454 2924 3506 Filius
2950 3469 3052 3504 nou
3083 3463 3179 3513 est,
3209 3462 3314 3511 aut,

1799 3555 1932 3621 quod
1979 3555 2120 3604 nefas
2149 3560 2226 3601 est
2254 3549 2458 3610 dicere,
2501 3548 2726 3614 degener
2756 3555 2905 3595 natus
2935 3552 3033 3594 est.
3061 3541 3149 3592 Est
3178 3539 3314 3591 enini

1801 3656 1953 3694 verus
1977 3642 2164 3699 Filius,
2195 3641 2327 3690 sicut
2351 3639 2420 3688 ait
2444 3637 2667 3689 Joannes
2697 3650 2708 3686 :
2745 3631 2805 3686 Ut
2832 3634 2981 3683 simus
3010 3632 3058 3679 in
3085 3643 3193 3679 vero
3225 3627 3312 3675 Fi-

1800 3733 1865 3781 lio
1904 3730 2008 3796 ejus
2038 3727 2087 3790 (Ι
2110 3727 2263 3779 Joan.
2293 3744 2344 3788 γ,
2376 3725 2491 3792 ἳυ).
2521 3723 2626 3774 Non
2652 3732 2727 3774 est
2757 3722 2907 3772 etiam
2933 3721 3172 3784 degener,
3199 3717 3314 3781 quia

1804 3822 1934 3872 Deus
1966 3834 2118 3871 verus
2146 3817 2208 3870 de
2233 3818 2336 3868 Deo
2365 3829 2515 3866 natus
2540 3824 2616 3865 est
2648 3828 2770 3864 vero
2789 3850 2802 3875 ,
2837 3813 2967 3862 sicut
2997 3809 3127 3859 idem
3159 3807 3315 3856 Joan-

1800 3921 1892 3957 nes
1935 3905 2249 3969 evangelista
2296 3903 2613 3967 exsequitur,
2650 3901 2826 3950 dicens
2870 3915 2883 3949 :
2931 3896 3025 3946 llic
3076 3905 3143 3945 est
3184 3894 3315 3943 Deus

1799 4006 1935 4041 serus
1955 4002 2000 4040 et
2024 3992 2120 4039 vita
2146 3999 2326 4040 aeterna
2354 3985 2555 4053 (Ibid)
2585 3985 2650 4035 Et
2672 3985 2783 4047 ipse
2811 3984 3054 4033 Dominus
3077 3981 3124 4030 in
3151 3980 3317 4029 Evan-

1798 4078 1930 4143 gelio
1962 4091 1975 4126 :
2003 4075 2107 4141 Ego
2130 4090 2259 4135 sunt,
2283 4074 2465 4139 inquit.
2488 4073 2582 4132 via,
2608 4073 2779 4121 reritas
2803 4080 2845 4120 et
2873 4070 2968 4118 uita
2996 4066 3167 4133 (Joan.
3203 4082 3312 4127 xlv,

1799 4168 1882 4223 6).
1919 4163 2054 4230 Ergo
2076 4163 2117 4214 si
2139 4161 2346 4213 aliunde
2372 4160 2707 4212 substantiam
2742 4173 2840 4209 non
2871 4156 3050 4216 habet,
3076 4155 3139 4206 de
3164 4155 3314 4206 Patre

1804 4253 1992 4313 habet;
2023 4252 2063 4301 si
2095 4250 2160 4301 de
2199 4248 2347 4299 Patre
2386 4247 2556 4307 habet,
2599 4248 2746 4297 unius
2771 4253 2847 4296 est
2876 4243 3172 4295 substantiae
3199 4256 3312 4293 cum

1803 4343 1970 4394 Patre.
2002 4339 2101 4393 Sed
2128 4340 2167 4391 si
2200 4337 2351 4390 unius
2372 4337 2672 4389 substantiae
2695 4351 2792 4385 non
2825 4343 2902 4384 est
2926 4374 2937 4392 ,
2971 4347 3093 4399 ergo
3121 4348 3219 4382 non
3252 4333 3314 4382 de

181 4416 230 4466 in
263 4416 393 4468 Filio
423 4415 720 4482 proﬁtemur
746 4431 860 4469 esse
887 4429 1116 4480 natum.
1147 4419 1194 4471 id
1224 4430 1304 4472 est
1333 4421 1489 4473 Deum
1524 4437 1695 4472 \erum
1729 4419 1774 4474 Ι)
1803 4431 1972 4494 Patre,
2005 4429 2092 4481 sed
2117 4427 2325 4479 aliunde
2352 4437 2428 4477 cst
2460 4441 2472 4478 :
2505 4424 2745 4492 quoniam
2778 4425 2912 4474 unde
2935 4433 3031 4483 cst,
3060 4421 3175 4472 inde
3197 4422 3314 4469 sub.

178 4517 230 4559 ct
250 4507 511 4559 hominem
536 4520 732 4565 verum,
751 4509 852 4574 25
871 4522 1055 4573 corpus
1077 4518 1128 4560 et
1146 4511 1367 4561 animam
1389 4511 1656 4561 habentem
1686 4528 1695 4560 :

181 4595 425 4660 quidquid
470 4594 536 4645 de
569 4604 589 4630 ο
621 4595 888 4646 exCellenti
935 4596 1259 4649 sublimitatis
1292 4600 1515 4664 potentia
1546 4599 1608 4650 de
1637 4614 1699 4651 eo

183 4679 409 4731 referunt
458 4680 763 4744 Scriptum,
812 4680 1125 4732 admiranda:
1167 4685 1278 4747 ejus
1328 4685 1580 4736 divinitati
1611 4689 1697 4735 tri-

183 4769 438 4821 buendum
470 4771 718 4820 sentimus
741 4785 753 4818 :
776 4778 828 4820 ct
848 4770 1088 4835 quidquid
1111 4773 1239 4822 inl'ra
1272 4773 1514 4824 honorem
1545 4777 1703 4827 etule-

181 4855 265 4904 stis
291 4855 537 4917 potentia:
557 4856 620 4906 de
637 4855 818 4906 eodem
848 4857 1086 4907 humilius
1107 4867 1396 4921 enarratur,
1425 4877 1520 4911 non
1547 4865 1702 4913 verbo

184 4941 266 4992 Dei
295 4980 310 5002 ,
355 4942 447 4991 sed
500 4942 692 4993 homini
737 4952 1032 5009 reputomus
1079 4955 1361 5009 assumpto.
1411 4949 1700 5000 Secundum

181 5031 498 5080 divinitatem
527 5044 648 5092 ergo
672 5041 752 5083 est
783 5032 878 5084 hoc
906 5034 1040 5098 quod
1076 5034 1311 5099 superius
1341 5035 1589 5099 diximus.
1619 5040 1701 5090 ubi

245 5191 270 5215 ⁸
299 5182 557 5236 “lienam.
585 5191 627 5230 et
661 5181 897 5233 Dieim'tas
930 5186 1199 5248 tequ/tlitas.
1234 5187 1377 5237 Coll).
1412 5190 1460 5244 I.
1495 5189 1686 5240 Divini-

185 5262 251 5321 tas
283 5250 573 5321 ostendatur
607 5251 829 5321 aqualis.
863 5251 922 5300 Et
956 5253 1082 5321 infra
1104 5293 1116 5312 ,
1147 5253 1251 5321 Ego
1279 5257 1328 5304 in
1361 5255 1529 5318 Patre,
1567 5270 1688 5319 etin.

181 5319 370 5378 t2billl.,
397 5316 543 5380 Bigu.
564 5326 615 5364 et
644 5316 783 5366 Bald.
810 5331 924 5367 cum
950 5320 1098 5369 Colb.
1129 5316 1473 5381 lfllltenano,
1505 5316 1693 5377 habent

181 5381 669 5462 sultimtnodog‘b'go
703 5393 747 5462 et
788 5382 934 5462 Pater
962 5401 1112 5436 unum
1148 5405 1329 5441 sumus.
1364 5391 1520 5442 Laud.
1544 5431 1557 5454 ,
1589 5392 1691 5462 Ego

182 5469 224 5501 ιη
257 5451 468 5502 Patre...
503 5449 759 5517 Ego’enim
792 5463 835 5501 et
867 5452 1032 5513 Pater,
1061 5465 1159 5505 etc.

248 5518 271 5554 ³⁵
304 5520 470 5584 Mam,
498 5519 646 5570 Culb.
677 5518 1375 5584 1,Ι·“ιι1.,(ἰεηηηιίιιοηειηη
1401 5525 1682 5584 Loriehius.

183 5597 232 5639 et
255 5587 493 5653 Drtbod.,
526 5584 667 5638 Unde
695 5587 842 5636 claret
869 5590 1193 5652 waualitutem
1225 5591 1388 5645 Patris
1412 5604 1453 5645 et
1477 5593 1594 5645 Filii
1623 5597 1687 5644 ad

1799 4519 2036 4567 stantium
2071 4517 2252 4567 habeat
2281 4529 2492 4566 necesse
2522 4524 2617 4565 est.
2647 4512 2826 4563 Omnia
2860 4514 2993 4561 enim
3026 4526 3086 4561 ex
3121 4510 3279 4560 nihilo
3302 4550 3314 4569 .

1801 4604 1957 4654 Filius
1989 4616 2110 4653 vero
2137 4602 2200 4652 de
2232 4605 2399 4653 Patre.
2437 4602 2504 4652 De
2532 4600 2727 4651 duobus
2756 4598 2909 4659 eligat
2936 4599 3152 4663 quisque
3176 4599 3310 4662 quod

1800 4693 1946 4750 velit,
1979 4699 2065 4740 aut
2094 4689 2179 4741 det
2202 4690 2248 4741 ei
2275 4690 2606 4742 substantiam
2635 4688 2697 4739 de
2742 4687 2920 4750 Patre,
2965 4702 3050 4736 su.
3095 4689 3314 4737 fateatur

1801 4794 1861 4831 ex
1895 4780 2056 4829 uiliilo
2087 4779 2397 4830 substitisse.

1875 4866 1956 4916 Vl.
1987 4866 2202 4916 Solvitur
2228 4867 2454 4934 objectio.
2486 4892 2547 4900 ——
2570 4862 2668 4913 Sed
2702 4860 3053 4926 propheticum
3107 4861 3313 4910 forsitan

1807 4955 2049 5018 objicitur
2081 4955 2427 5005 testimonium
2456 4970 2466 5003 :
2499 4950 2867 5004 Cenerationem
2904 4952 3006 5014 ejus
3041 4950 3145 5013 quis
3175 4965 3313 4997 enar-

1808 5041 1935 5092 rabit
1966 5039 2114 5090 llsai.
2147 5057 2251 5103 LIII,
2284 5043 2378 5109 8)?
2407 5042 2532 5092 Cum
2573 5038 2674 5107 (al.
2713 5036 2863 5103 ergo)
2901 5053 2996 5102 ego
3039 5052 3137 5087 non
3169 5038 3313 5088 dixe-

1797 5208 1846 5242 se
1875 5193 2075 5241 invicem
2104 5195 2347 5245 credentes
2375 5196 2635 5243 adducere.

1868 5269 1886 5294 ε
1923 5260 2088 5318 Mart.,
2117 5261 2313 5321 Cornu,
2340 5263 2545 5325 (Initio,
2575 5260 2704 5317 I“n|..
2736 5268 2784 5308 et
2809 5258 3042 5316 Ortliod.,
3077 5259 3311 5307 excellen.

1794 5327 1872 5375 tis.
1902 5327 2051 5376 Uolb.
2090 5329 2135 5385 I,
2172 5328 2502 5380 excellentius.
2543 5329 2838 5386 Lorichius,
2870 5326 3140 5374 exctallentis
3163 5327 3312 5374 subl:-

1795 5393 1975 5442 mitatis
2023 5399 2285 5457 potentitc,
2336 5408 2473 5454 etc..
2525 5396 2584 5446 Et
2641 5395 2765 5445 inira
2821 5393 3165 5452 admirandm,
3212 5403 3315 5443 etc.

1794 5460 1961 5513 Μαι-ι..
1997 5459 2193 5522 Germ.,
2226 5465 2428 5528 Comp.,
2458 5464 2766 5522 Lorichius.,
2793 5469 2842 5510 et
2875 5459 3010 5522 Ful.,
3038 5460 3101 5511 ad
3130 5476 3312 5510 meme-

1793 5528 1998 5578 randam
2031 5531 2134 5593 ejus
2160 5531 2480 5582 diriuitatem.
