3922 6402
185 362 264 413 ⁸325

1073 358 1156 410 DE
1195 345 1696 407 PERSECUTIONE
1739 344 2111 397 VA-NDALICA
2154 344 2273 397 LIB.
2317 344 2399 395 ΙΙΙ.

3226 345 3331 400 ἓξὲῧ

187 466 356 519 luminis
403 464 604 528 perpeti
659 462 844 531 [Βίωνι.
895 461 1190 527 contingat}
1244 459 1409 525 putuit
1445 473 1456 506 :
1497 463 1687 520 quanto
1716 454 1760 509 A
1795 453 2027 526 vnt,?..'}).
2053 454 2156 520 28
2179 452 2796 517 Stiperlerebatnrautem
2818 451 3042 518 Spiritus
3062 456 3148 506 Dei
3172 469 3328 518 super

187 557 344 610 rectius
370 561 420 605 et
450 554 642 604 melius
674 554 735 605 de
766 553 928 604 divini
961 563 1012 604 et
1058 550 1331 603 ineﬂ‘abilis
1366 546 1571 598 luminis
1603 559 1694 594 na-

187 659 276 698 tura
298 643 607 697 credendum
638 653 736 704 est,
768 642 904 709 quod
928 657 988 693 ex
1013 641 1180 704 seipsa
1216 639 1388 690 lumen
1413 647 1690 700 generans,

186 735 320 788 minui
345 733 559 785 omnino
583 745 683 783 non
714 731 909 796 potuit?
935 729 1080 782 Unde
1102 729 1315 792 aequalis
1347 735 1424 777 est
1448 724 1583 775 Patri
1611 722 1696 774 Fi-

187 826 268 877 lius
291 838 382 875 non
414 830 568 872 natus
596 835 659 872 ex
701 829 957 885 tempore,
1001 818 1092 870 sed
1124 815 1350 882 gignenti
1381 820 1692 870 coaeternus,

185 915 295 964 sicut
317 909 558 975 splendor
582 908 647 958 ab
677 909 794 973 igne
821 905 1043 972 genitus,
1068 901 1299 968 gignenti
1335 899 1697 948 manifestatur

185 1013 434 1068 srquaevus.
481 997 602 1047 Haec
641 995 706 1046 de
747 994 912 1046 Patris
945 1001 997 1043 et
1033 991 1145 1042 Filii
1178 988 1492 1054 mqualitate,
1527 984 1602 1034 Vt‘l
1633 983 1698 1034 de

183 1089 459 1141 sttbstantlm
503 1084 722 1144 unitate,
771 1089 1024 1146 quantum
1073 1076 1341 1129 brevitatis
1386 1075 1515 1124 ratio
1553 1071 1696 1132 sivit,

185 1176 349 1227 duis-se
374 1170 620 1224 Sufﬁciat.
1502 1158 1504 1160 ’

241 1263 318 1315 ΙΧ.
345 1261 566 1325 Spiritus
596 1266 794 1308 sanctus
832 1263 902 1306 est
944 1253 1086 1304 Patri
1128 1262 1173 1303 et
1220 1249 1355 1301 Filio
1381 1247 1700 1300 consubstan-

185 1354 314 1405 tialis.
344 1380 406 1389 —
442 1351 693 1416 Superest
718 1357 774 1409 ut
795 1344 987 1411 aliquid
1010 1343 1075 1395 de
1099 1341 1294 1406 Spiritu
1319 1349 1519 1399 sancto,
1547 1349 1699 1400 quem

186 1439 304 1492 Patri
337 1451 394 1489 ac
441 1436 577 1488 Filio
598 1431 1094 1487 consubstantialem
1141 1429 1421 1485 credimus,
1461 1436 1701 1488 coaequa-

186 1530 271 1581 lem
299 1537 347 1578 et
380 1534 701 1578 coaeternum
733 1521 990 1583 dicamus,
1021 1528 1074 1572 et
1101 1516 1408 1569 testimoniis
1451 1512 1705 1579 approbe-

187 1632 301 1668 mus.
333 1615 468 1667 Licet
499 1613 636 1665 enim
669 1613 778 1662 huic
807 1608 1096 1660 veneranda
1124 1606 1353 1657 Trinitas
1383 1601 1618 1669 personis
1642 1615 1703 1653 ac

185 1704 453 1757 nominibus
474 1701 717 1754 distincta
747 1699 833 1760 sit,
869 1712 968 1748 non
994 1705 1166 1747 tamen
1190 1695 1256 1745 ob
1289 1696 1386 1744 hoc
1415 1705 1442 1742 a
1471 1704 1527 1742 se
1548 1699 1703 1755 atque

1794 553 1978 604 aquas,
2010 551 2185 606 utpote
2206 552 2428 602 creator,
2457 540 2643 592 virtute
2667 545 2906 606 potentiae
2929 556 3038 593 suae
3061 542 3331 591 continens

1794 641 2120 683 ereaturam:
2150 639 2203 681 ut
2245 645 2305 680 ex
2339 631 2415 680 his
2448 630 2560 680 viva
2593 631 2761 681 omnia
2806 633 3171 697 producturus,
3222 633 3332 698 ipse

1795 721 2013 772 rudibus
2041 721 2067 756 b
2101 722 2340 773 elementi
2368 722 2523 787 signis
2554 725 2756 785 propria
2792 723 3014 774 fomenta
3045 733 3332 789 praestaret,

1795 820 1846 860 et
1871 800 1982 874 ‘jam
2012 817 2132 860 tunc
2164 811 2410 878 mySterio
2438 811 2692 862 emicante
2740 811 3062 876 baptismatis
3089 814 3333 867 virtutem

1796 898 2220 949 sanctiﬁcationis
2265 900 2479 964 liquoris
2534 910 2714 950 natura
2763 901 3073 964 perciperet,
3104 901 3197 971 [αι.
3233 907 3336 968 pri-

1799 982 2061 1050 mamque]
2097 986 2361 1052 primaque
2385 986 2446 1038 ad
2473 986 2626 1037 vitam
2652 1002 2869 1051 corpora
2895 990 3118 1039 animata
3149 992 3337 1055 produ-

1796 1085 1958 1134 ceret,
1986 1074 2141 1125 David
2185 1075 2401 1140 proinde
2434 1075 2536 1127 Deo
2569 1077 2851 1140 aspirante,
2888 1087 3138 1129 testatur:
3177 1076 3337 1126 Verbo

1800 1161 2002 1212 Domini
2031 1163 2138 1214 ειειὶ
2162 1164 2347 1228 ﬁrmati
2368 1173 2499 1223 sunt,
2526 1175 2570 1214 et
2601 1164 2794 1231 Spiritu
2813 1167 2911 1216 oris
2931 1169 3034 1234 ejus
3062 1168 3219 1216 omnis
3238 1169 3337 1217 vir-

1799 1261 1874 1302 tus
1902 1267 2070 1302 eorum
2100 1251 2264 1315 (Psal.
2301 1268 2467 1313 xxx",
2500 1254 2573 1320 6).
2605 1253 2732 1305 Vide
2761 1268 2917 1321 quam
2952 1256 3097 1321 plena
3124 1257 3188 1306 sit
3221 1256 3338 1308 bre-

1802 1343 1951 1403 vitas,
1994 1351 2046 1393 et
2094 1357 2244 1406 quam
2274 1342 2413 1394 clare
2456 1343 2506 1393 in
2555 1353 2934 1395 sacramentum
2968 1355 2987 1380 ε
3022 1345 3229 1396 unitatis
3259 1359 3342 1398 re-

1800 1430 1982 1480 currit.
2029 1429 2238 1482 Patrem
2286 1432 2332 1482 in
2379 1430 2617 1495 Domino,
2661 1433 2712 1484 in
2765 1433 2912 1484 Verbi
2966 1435 3340 1500 signiﬁcatione

1803 1516 1988 1570 Filium
2040 1534 2266 1583 ponens;
2310 1520 2559 1585 Spiritum
2591 1533 2825 1572 sanetum
2871 1523 3116 1574 Altissitni
3164 1538 3223 1575 ex
3258 1540 3342 1576 ore

1804 1607 2137 1671 nuncupavit.
2162 1607 2225 1658 Et
2255 1622 2319 1659 ne
2347 1610 2489 1660 vocis
2519 1609 2678 1661 editio
2709 1610 3037 1676 acciperetur
3072 1613 3121 1663 in
3159 1612 3339 1683 Verbo,

1805 1697 1962 1746 cmlos
1994 1709 2082 1760 per
2109 1709 2225 1747 eum
2250 1699 2436 1749 asserit
2461 1713 2576 1751 esse
2598 1700 2849 1754 ﬁrmatos.
2881 1703 2952 1755 Ne
2978 1715 3150 1770 autem
3181 1713 3343 1757 status

184 1812 208 1848 a
233 1809 313 1847 sua
331 1790 619 1844 aeternitate
641 1787 938 1851 discrepare
958 1783 1215 1836 credenda
1236 1795 1310 1834 eSt
1331 1798 1345 1843 ;
1369 1779 1457 1832 sed
1490 1790 1703 1829 manens
1735 1776 1777 1833 B
1803 1780 1828 1817 ἀ
1861 1783 1910 1860 in
1953 1783 2146 1850 Spiritu
2177 1794 2464 1849 putaretur,
2496 1787 2727 1838 caelestis
2762 1788 2811 1839 in
2844 1804 2907 1840 eo
2937 1790 3140 1840 virtutis
3181 1793 3343 1856 pleni-

183 1894 288 1934 ante
329 1880 517 1931 saecula
555 1875 796 1926 divinitas
834 1875 885 1924 in
922 1871 1093 1932 Patre,
1127 1881 1180 1924 et
1218 1871 1372 1933 Filio,
1418 1877 1470 1920 et
1507 1866 1704 1932 Spiritu

183 1981 365 2028 sancto,
393 1982 518 2019 vere
551 1979 610 2016 ac
645 1965 853 2032 proprie
888 1963 1139 2020 creditur,
1175 1976 1269 2013 nec
1299 1961 1456 2012 dividi
1508 1957 1704 2010 nostris

184 2055 681 2124 interpretationibus
717 2062 909 2118 potest,
942 2065 1038 2102 nec
1077 2064 1256 2102 rursus
1280 2063 1424 2100 versa
1467 2049 1516 2098 in
1550 2060 1703 2096 unam

186 2159 437 2210 personam
477 2141 712 2194 Trinitas
741 2141 846 2206 ipsa
882 2138 1148 2190 contundi.
1200 2137 1317 2186 llavc
1357 2135 1485 2185 ﬁdes
1529 2136 1701 2198 p'ena,

187 2236 282 2287 lucc
313 2245 487 2285 nostra
517 2230 795 2283 credulitas
822 2239 919 2280 est.
955 2228 1152 2279 Idcirco
1177 2225 1302 2276 deos
1342 2239 1438 2276 nec
1458 2221 1703 2274 mstimari

186 2325 406 2392 patimur,
454 2335 552 2374 nec
595 2319 798 2381 vocari;
835 2317 924 2368 svd
953 2332 1112 2369 unum
1155 2317 1314 2367 Deum
1355 2316 1402 2365 in
1449 2315 1706 2379 prmdictts

187 2417 401 2479 personis
426 2426 492 2463 ac
513 2409 807 2463 nominibus
828 2407 1156 2479 conﬁtemur.
1178 2405 1548 2457 lnenarrabilis
1569 2405 1704 2456 enim

185 2503 436 2565 DLvinitas,
470 2516 574 2552 non
603 2507 657 2551 ut
679 2498 916 2550 concludi
961 2477 1395 2563 attt’upprehendi
1441 2495 1586 2546 velut
1614 2509 1702 2544 vo-

184 2593 366 2644 cabulis
398 2599 598 2655 posset,
628 2587 762 2639 intra
795 2589 1000 2638 nomina
1036 2599 1390 2651 personasque
1421 2599 1478 2636 se
1503 2584 1706 2650 priesti-

186 2683 263 2731 tit:
292 2678 379 2731 sed
410 2688 465 2730 ut
499 2675 548 2728 id
571 2677 707 2743 quod
735 2683 847 2726 erat
883 2689 997 2725 esse
1047 2682 1372 2734 nosceretur,
1418 2673 1707 2735 intelligen-

186 2768 293 2818 tiam
321 2768 397 2819 sui
426 2782 489 2819 ex
522 2774 690 2834 parte,
724 2779 874 2832 quam
899 2778 1088 2831 capere
1131 2764 1369 2815 humana:
1402 2765 1592 2816 mentis
1617 2777 1708 2813 an-

187 2857 356 2922 gustiae
385 2855 756 2923 praevalebant,
791 2853 1123 2905 eredentibus
1150 2852 1315 2913 dedit,
1352 2851 1602 2918 propheta
1631 2850 1707 2902 di-

187 2955 356 2995 cente:
394 2943 507 2994 Nisi
527 2942 854 2997 credideritis,
881 2948 902 2973 ⁸
930 2956 1026 2990 non
1058 2940 1339 3006 intelligetis
1364 2938 1507 3000 (lsai.
1537 2954 1622 2996 vn,
1652 2938 1704 2999 9,

184 3048 270 3083 sec.
299 3031 475 3096 LXX).
501 3030 612 3083 Una
644 3039 724 3081 est
744 3027 879 3095 ergd
894 3027 1163 3079 Trinitatis
1184 3028 1368 3089 deitas,
1393 3037 1445 3080 et
1474 3027 1521 3078 iu
1554 3027 1706 3092 hujus

1805 1871 2034 1924 tudinem
2073 1872 2470 1926 demonstravit.
2513 1874 2638 1926 Nam
2683 1877 2766 1928 ubi
2805 1879 2984 1942 virtus,
3017 1879 3086 1930 ibi
3129 1893 3343 1932 necesse

1803 1969 1883 2012 est
1912 1973 2130 2025 persona
2160 1961 2476 2024 subsistens;
2500 1963 2583 2013 ubi
2608 1964 2786 2026 omnis,
2812 1981 2912 2016 non
2941 1965 3110 2018 ablata
3140 1981 3166 2016 a
3194 1967 3344 2019 Patre

1804 2057 1856 2099 et
1887 2047 2040 2110 Filio,
2069 2048 2160 2100 sed
2191 2060 2549 2102 consummata
2578 2051 2898 2118 signiﬁcatur
2920 2054 2970 2106 in
3000 2053 3193 2120 Spiritu
3224 2069 3344 2105 san-

1807 2147 1890 2187 cto
1920 2154 1932 2186 :
1958 2153 2060 2188 non
2086 2147 2140 2188 ut
2178 2139 2320 2190 solus
2351 2139 2535 2192 habeat
2569 2143 2703 2208 quod
2735 2144 2785 2195 in
2818 2144 2970 2196 Patre
2998 2155 3050 2195 et
3075 2144 3203 2197 Filio
3240 2155 3342 2208 est,

1804 2227 1892 2278 sed
1927 2239 1977 2278 ut
2007 2238 2170 2280 totum
2200 2228 2384 2282 habeat
2406 2245 2520 2283 cum
2555 2242 2794 2300 utroque.

1876 2315 1962 2368 XI.
1998 2316 2114 2368 Tres
2145 2333 2366 2382 persona:
2388 2321 2438 2369 in
2462 2337 2563 2371 uno
2592 2323 2806 2373 nomine.
2834 2352 2902 2361 ——
2928 2323 2990 2376 Et
3022 2324 3204 2378 iterum
3227 2340 3343 2377 cum

1806 2405 1869 2455 de
1916 2406 2184 2458 vocatione
2250 2407 2480 2472 gentium
2537 2408 2784 2462 Dominus
2837 2411 3153 2476 loqueretur,
3203 2417 3337 2465 intra

1808 2509 1962 2544 unum
1999 2495 2290 2546 Divinitatis
2326 2511 2512 2548 nomen
2545 2498 2799 2564 (Patrem,
2841 2500 3024 2550 Filium
3057 2502 3127 2569 et)
3173 2502 3340 2569 Spiri-

1809 2593 1915 2636 tum
1961 2595 2196 2637 sanctum
2238 2587 2546 2653 praedicans,
2579 2590 2644 2638 ait
2684 2607 2695 2639 ε
2741 2589 2928 2640 Euntes
2956 2592 3123 2642 docete
3174 2609 3340 2644 omnes

1806 2685 1990 2741 gentes,
2021 2677 2323 2742 baptisantes
2345 2693 2427 2730 eos
2453 2679 2501 2728 in
2526 2679 2720 2729 nomine
2742 2677 2909 2730 Patris
2938 2691 2981 2730 et
3011 2678 3132 2732 Filii
3153 2690 3196 2732 et
3229 2681 3344 2748 Spi-

1806 2763 1931 2813 ritus
1969 2764 2124 2814 sancti
2170 2764 2378 2830 (Matth.
2432 2780 2619 2829 xxvnt,
2671 2765 2846 2831 l9).Et
2887 2767 3072 2820 iterum
3117 2769 3346 2823 cmlestia

1806 2849 2086 2904 Corinthiis
2111 2853 2396 2918 pru'dicans
2414 2857 2712 2922 Apostolus,
2745 2855 2855 2909 haec
2876 2857 3143 2909 subdidit:
3171 2857 3346 2910 Gratia

1810 2940 2009 2994 Domini
2039 2945 2194 2994 nostri
2224 2943 2344 2995 Jesu
2370 2943 2574 3007 Christi,
2601 2956 2647 2996 et
2675 2947 2854 2996 caritas
2890 2945 2996 3004 Dei,
3028 2953 3075 2996 et
3120 2961 3341 2997 commu-

1806 3033 1987 3084 nicatio
2006 3034 2168 3083 sancti
2194 3032 2409 3098 Spiritus
2435 3049 2546 3083 cum
2573 3033 2795 3084 omnibus
2826 3033 2956 3083 vobis
2993 3033 3040 3100 (Ι
3071 3033 3186 3085 Cor.
3231 3049 3342 3097 xm,

185 3121 405 3171 vocabuli
437 3117 790 3184 appellatione
821 3115 1130 3180 signiﬁcntio
1157 3125 1237 3166 est
1275 3116 1428 3166 unius
1466 3114 1708 3167 substan-
1735 3100 1778 3160 C
1807 3119 1917 3184 25),
1955 3121 2018 3170 Et
2059 3129 2114 3170 ιη
2153 3120 2386 3185 apertius
2418 3122 2470 3171 in
2520 3121 2615 3173 hac
2642 3120 2896 3174 Τι-ίηῑιειε
2933 3123 3180 3176 υηίιοιετη
3222 3126 3344 3178 διιδ-

185 3211 277 3268 tim,
317 3222 418 3258 non
467 3206 626 3257 unius
674 3216 930 3268 personzc.
987 3199 1063 3252 Ad
1108 3215 1260 3266 quam
1312 3215 1420 3251 rem
1472 3199 1709 3251 ﬁdelibus

183 3295 612 3363 comprobandum
663 3293 712 3343 in
761 3289 1114 3343 testimonium
1168 3289 1245 3340 sui
1298 3288 1551 3339 Divinitas
1597 3287 1705 3351 ipsa

184 3389 343 3438 multis
360 3397 410 3435 et
440 3383 774 3436 creberrimis
798 3378 1259 3432 contestationibus
1296 3393 1499 3444 semper
1525 3376 1707 3428 adfuit.

186 3475 346 3526 Liceat
386 3489 513 3540 ergo
557 3471 826 3524 brevitatis
870 3469 1179 3533 compendio
1219 3483 1280 3520 ex
1329 3468 1506 3520 multis
1547 3481 1708 3533 pauca

185 3563 422 3628 proferre,
462 3563 708 3628 quoniam
737 3559 830 3628 [al.
858 3557 1001 3628 vere]
1040 3573 1159 3610 vera
1193 3557 1433 3625 probatio
1466 3558 1712 3623 majesta-

185 3655 260 3714 tis,
290 3651 491 3702 tametsi
517 3649 672 3701 habet
703 3648 1051 3714 pluralitatem
1078 3647 1513 3705 testimoniorum,
1540 3646 1712 3712 plura-

184 3738 312 3790 litate
330 3749 503 3790 tamen
528 3751 633 3788 non
657 3734 874 3802 indiget,
897 3735 1140 3802 quoniam
1161 3733 1392 3786 credenti
1419 3746 1579 3799 pauca
1606 3732 1712 3784 suf-

184 3826 366 3879 licium.

243 3915 303 3968 Χ.
329 3915 610 3981 Scripturis
641 3913 894 3978 probatur.
923 3941 989 3951 ——
1020 3912 1248 3964 Primum
1279 3913 1432 3978 igitur
1463 3913 1528 3966 de
1556 3913 1713 3967 Vete-

183 4006 248 4058 ris
264 4006 585 4060 Testamenti
613 4003 762 4056 libris
785 4004 1112 4070 postmodum
1133 4004 1287 4054 etiam
1310 4001 1462 4062 Novi,
1482 4003 1706 4068 Patrem,

184 4093 377 4154 Filium,
407 4103 461 4144 ct
505 4091 760 4157 Spiritum
807 4097 1041 4141 sanctum
1079 4090 1228 4140 unius
1256 4088 1557 4141 docebimus
1593 4104 1711 4144 esse

181 4183 493 4244 substantiae,
528 4179 665 4231 libro
687 4175 904 4230 Genesis
922 4177 1000 4230 sic
1030 4176 1308 4230 inchoante
1334 4195 1346 4229 :
1381 4175 1441 4228 In
1464 4180 1708 4247 principio

183 4271 284 4334 fea’t
314 4267 447 4320 Deus
477 4267 657 4320 calum
687 4275 731 4318 et
769 4276 948 4317 terram
972 4282 990 4328 ;
1017 4276 1150 4316 terra
1178 4276 1338 4316 autem
1367 4278 1469 4318 erat
1498 4268 1712 4319 invisibi-

183 4361 253 4417 lis,
281 4369 320 4409 et
349 4357 704 4424 incomposita,
735 4366 779 4407 et
803 4357 1013 4408 tenebris
1042 4366 1179 4409 erant
1202 4375 1349 4425 super
1373 4359 1623 4426 abyssum,
1665 4370 1708 4411 et

1808 3208 2012 3259 stantia:
2041 3207 2319 3271 fateamur,
2350 3208 2476 3262 illud
2521 3210 2676 3262 etiam
2722 3212 2872 3262 nobis
2900 3222 2980 3264 est
3018 3213 3339 3280 intuendum,

1809 3296 2068 3362 quomodo
2097 3296 2251 3356 Deus,
2284 3311 2402 3348 cum
2439 3297 2503 3349 de
2538 3299 2712 3349 mundi
2742 3309 2794 3351 et
2832 3301 3054 3352 hominis
3081 3304 3345 3355 creatione

1808 3385 2125 3450 disponeret,
2166 3395 2547 3437 sacramentum
2604 3386 2871 3438 Trinitatis
2912 3389 3220 3448 ostenderit,
3265 3391 3344 3441 di-

1809 3488 1932 3526 cens
1959 3491 1969 3522 :
2014 3470 2278 3524 Faciamus
2308 3473 2556 3523 hominem
2594 3475 2657 3523 ad
2687 3475 2948 3541 imaginem
2983 3485 3026 3524 et
3054 3477 3343 3528 similitudi-

1810 3579 1918 3613 nem
1946 3571 2160 3614 nostram
2191 3542 2338 3628 (Gen.
2370 3575 2404 3625 ι,
2429 3561 2537 3628 26).
2559 3559 2683 3612 Cum
2703 3561 2825 3613 dicit
2853 3573 3087 3626 nostram,
3117 3565 3344 3616 ostendit

1811 3653 1986 3720 utique
2015 3667 2116 3704 non
2147 3653 2328 3712 unius;
2360 3666 2476 3704 cum
2505 3667 2628 3704 vero
2663 3653 2927 3718 imaginem
2967 3664 3010 3704 et
3059 3655 3344 3705 similitudi-

1811 3757 1940 3803 nem,
1981 3751 2003 3776 θ
2037 3740 2230 3808 profert
2277 3741 2658 3806 mqualitatem,
2702 3741 3061 3793 distinctiones
3103 3756 3344 3807 persona-

1812 3845 1926 3882 rum
1958 3831 2210 3890 insinuat;
2245 3837 2300 3879 ut
2329 3829 2378 3880 in
2400 3831 2584 3880 eodem
2606 3843 2766 3896 opere
2786 3831 2853 3880 sit
2882 3829 3143 3882 Trinitatis
3168 3843 3342 3898 aperta

1809 3916 2056 3984 cognitio,
2090 3916 2140 3968 in
2171 3929 2274 3984 quo
2307 3931 2402 3968 nec
2432 3916 2701 3982 pluralitas
2731 3916 2822 3986 [ιιι.
2854 3917 3030 3986 causa]
3065 3933 3210 3972 cassa
3241 3930 3340 3983 est,

1811 4022 1906 4059 nec
1934 4006 2219 4059 similitudo
2255 4006 2589 4067 dissentiens,
2618 4007 2738 4058 dum
2769 4015 2820 4058 et
2855 4009 3223 4072 consequentia
3268 4010 3344 4062 sic

1810 4093 2125 4159 loquuntur:
2157 4092 2223 4144 Et
2251 4092 2377 4142 dixit
2405 4089 2561 4152 Deus,
2589 4101 2643 4142 et
2677 4093 2791 4156 fecit
2821 4089 2975 4152 Deus,
3007 4101 3058 4144 ct
3096 4093 3344 4145 benedixit

1811 4179 2114 4246 DeuslGen.
2141 4177 2198 4245 ι).
2235 4179 2298 4230 Ει
2323 4191 2534 4232 necesse
2562 4186 2641 4229 cst
2671 4189 2725 4228 ut
2756 4179 3035 4229 cri-a'ionis
3076 4180 3233 4232 totius
3254 4195 3343 4231 au-

1810 4278 1924 4321 ctor
1973 4269 2106 4320 Deus
2143 4282 2274 4318 unus
2313 4268 2399 4318 sit.
2445 4266 2608 4329 Quam
2656 4265 2769 4318 ﬁdei
2827 4268 3079 4318 rationem
3133 4270 3341 4336 antiqua

1812 4358 2031 4423 denique
2057 4369 2145 4421 per
2173 4355 2379 4424 Moysen
2409 4354 2698 4406 benedictio
2726 4354 2920 4420 pandit,
2944 4366 2993 4405 et
3015 4335 3339 4422 comprobat,

185 4447 388 4508 Spiritus
415 4417 786 4513 Dei'ferebatur
812 4462 957 4512 super
985 4461 1137 4511 aquas
1165 4417 1309 4512 (Gen.
1343 4462 1378 4506 ι,
1411 4417 1457 4503 ly.
1489 4448 1562 4515 2).
1593 4417 1708 4516 [ol.,
1741 4417 1788 4474 θ
1814 4462 1911 4512 qua
1954 4417 2273 4497 benedicere
2295 4443 2538 4509 populum
2589 4417 2912 4495 sacra—mento
2951 4446 3097 4496 trime
3137 4417 3339 4498 invOCa;

185 4535 263 4587 Ille
283 4535 389 4604 qui]
422 4535 511 4587 Ille
529 4534 837 4601 principium
860 4535 946 4598 qui
967 4533 1158 4585 Judteis
1175 4535 1292 4599 quis
1320 4545 1459 4586 esset
1485 4535 1708 4587 interro-

182 4626 405 4691 gantibus
431 4625 567 4678 dixit
599 4640 610 4673 :
643 4621 976 4688 Principium,
1003 4624 1086 4684 qui
1117 4632 1159 4674 et
1183 4623 1353 4688 loquor
1380 4622 1508 4674 vobis
1532 4621 1710 4690 (Joan.

243 4809 264 4834 ι
295 4800 385 4852 llic
416 4803 565 4852 locus
595 4806 672 4850 est
701 4797 986 4850 secundum
1020 4798 1312 4850 versionem
1343 4798 1698 4863 Septuaginta,

183 4869 256 4918 ubi
283 4869 386 4921 οὐδέ
415 4875 482 4936 μή
507 4875 689 4936 συνῆτε
716 4882 729 4916 :
762 4865 996 4936 Vulgata,
1026 4882 1122 4936 non
1158 4867 1517 4936 permanebitis.
1545 4867 1687 4918 (laete

183 4950 282 4985 rum
319 4948 373 4986 ut
414 4933 698 5002 plurimum
735 4943 906 4985 textus
937 4933 1217 4999 Scriptura:
1256 4935 1586 4998 proferuntur
1625 4936 1705 4985 hic

181 5018 245 5053 ex.
272 5001 509 5055 versiOne
555 5001 719 5063 LXX,
764 5003 1066 5068 plerumque
1114 5016 1207 5053 nec
1254 5003 1402 5053 istius
1450 5002 1705 5052 versionis

180 5079 307 5133 sunt,
335 5085 432 5123 nec
461 5070 718 5136 Vulgata,
747 5080 802 5121 ut
827 5069 1113 5121 conferenti
1149 5071 1361 5134 patebit.
1395 5070 1477 5121 Sic
1516 5080 1566 5121 et
1594 5071 1702 5121 loca

183 5139 296 5190 Novi
325 5137 650 5190 Testamenti
683 5137 993 5203 quandoque
1034 5137 1192 5190 textui
1221 5137 1402 5188 Grmco
1429 5149 1546 5188 sunt
1577 5152 1700 5188 con-

183 5205 371 5266 lormia,
394 5206 678 5271 aliquando
691 5213 892 5274 nostra:
915 5205 1162 5272 Vulgata,
1185 5221 1553 5274 nonnunquam
1578 5219 1707 5257 neu-

185 5277 239 5325 tri
266 5278 397 5340 qnod
428 5274 515 5326 hic
540 5272 710 5340 semel
734 5274 995 5325 monuisse
1018 5279 1143 5325 satis
1170 5279 1254 5324 sit.

244 5342 267 5377 ³
291 5343 377 5393 Sic
405 5357 466 5392 ex
505 5339 662 5390 codd.
699 5339 836 5389 l'ort.
868 5349 918 5391 et
944 5341 1099 5391 Laud.
1131 5342 1280 5392 simul
1309 5340 1504 5406 junctis
1529 5341 1703 5404 legen-

183 5409 291 5461 dum
317 5424 430 5462 esse
456 5409 777 5460 Censuimus.
803 5406 926 5456 Nam
952 5407 1113 5459 Laud.
1133 5410 1286 5461 habet
1306 5409 1528 5460 elementi
1549 5409 1702 5474 signis

185 5480 406 5542 Iumenta.
457 5477 632 5534 P0rt.,
677 5474 925 5524 clementis
977 5478 1176 5543 propria
1222 5478 1454 5542 fomenta.
1509 5475 1701 5526 Caneri

185 5561 351 5600 omnes
391 5559 523 5600 mss.
571 5554 626 5596 et
666 5543 788 5593 editi
832 5557 844 5592 :
885 5543 987 5607 ipse
1022 5544 1224 5596 rudibus
1264 5545 1543 5604 elementis;
1573 5545 1698 5609 ignis

188 5617 359 5682 proprii
382 5617 606 5684 [cruenta
630 5617 899 5675 prtrstaret.

1818 4533 2217 4608 tionisjuhetur.
2253 4533 2336 4581 Ait
2364 4531 2500 4581 enim
2542 4530 2676 4582 Deus
2706 4532 2766 4580 ad
2810 4532 3018 4598 Moysen
3046 4551 3058 4584 :
3089 4533 3174 4585 Sic
3193 4536 3338 4585 beru--

1819 4624 1948 4674 dices
1977 4620 2210 4687 populum
2239 4633 2417 4681 meum,
2445 4625 2491 4667 et
2520 4633 2607 4683 ego
2629 4617 2909 4669 benedicam
2940 4619 3052 4671 illos
3084 4635 3103 4672 :
3131 4619 3339 4672 Benedi.

1880 4804 1900 4830 ο
1928 4792 2074 4844 Colb.
2110 4793 2168 4852 ί,
2204 4793 2349 4843 Mart.
2381 4801 2432 4843 et
2459 4790 2610 4842 Orth.
2653 4805 2767 4840 cum
2802 4790 3061 4854 Lorichiu,
3091 4795 3139 4843 in
3166 4811 3338 4848 sarra-

1809 4872 1967 4932 mento
1995 4863 2158 4932 unitas
2179 4860 2586 4932 recurrit.»Quin
2608 4867 2672 4932 _et
2700 4861 2994 4932 pauloante
3014 4898 3027 4922 ,
3070 4877 3161 4926 pro
3194 4866 3339 4932 plena

1806 4931 2038 4989 brevitas,
2071 4928 2340 4979 Lorichius
2362 4929 2535 4990 habet,
2567 4928 2714 4990 plana
2745 4925 2970 4977 brevitas.

1873 4996 1898 5031 ἀ
1929 4996 2092 5048 Laud.
2123 4997 2274 5048 Mart.
2301 5007 2353 5047 et
2381 4997 2549 5056 Orth.,
2575 4996 2623 5044 in
2648 4994 2875 5058 spiritum
2905 5006 3171 5058 reputetur.
3199 5000 3339 5051 Reti-

1805 5064 1971 5118 nenda
1999 5075 2006 5090 '
2033 5079 2167 5114 .men
2193 5074 2366 5116 nostra
2397 5065 2568 5116 lectio.
2594 5063 2777 5113 Tribus
2798 5078 2934 5114 Cllllll
2965 5066 3072 5115 istis
3103 5069 3332 5128 vocibus,

1807 5132 2040 5200 Donum,
2073 5130 2234 5183 Verbo
2261 5176 2274 5196 ,
2319 5142 2370 5184 et
2402 5133 2621 5200 Spiritu,
2653 5132 2702 5181 in
2733 5133 2932 5196 psalmo
2964 5133 3197 5194 laudatis,
3234 5144 3337 5186 trcs

1805 5199 2074 5252 Trinitatis
2099 5199 2449 5252 sanctissimas
2470 5213 2717 5264 personas
2744 5211 3014 5264 expressas
3036 5202 3192 5252 fuisse
3213 5216 3336 5253 san-

1803 5267 2020 5320 ctissimi
2049 5268 2374 5321 conlessores
2401 5269 2702 5318 ostendunt.

1874 5343 1891 5369 ε
1927 5334 2107 5386 Plures
2152 5351 2275 5386 mss.
2323 5352 2438 5388 cum
2487 5336 2639 5387 editis
2679 5335 2911 5398 aliquot,
2957 5335 3329 5387 similitudinem

1804 5403 2008 5469 profert,
2032 5403 2360 5465 wqualitatem
2389 5404 2715 5454 distinctionis
2738 5417 3053 5469 personarum
3091 5403 3334 5460 insinuat.

1805 5470 1867 5520 Et
1897 5468 2047 5528 infra,
2082 5472 2354 5525 similitudo
2379 5472 2686 5534 dissentiens,
2713 5470 2874 5521 Laud.
2902 5469 3052 5522 habet
3074 5472 3334 5523 dissimili-

1801 5539 1919 5588 tudo
1949 5538 2254 5590 dissentiens.
