3922 6422
584 356 683 413 29.7

1840 350 2140 406 VICTORIS
2177 351 2474 407 VITENSIS

3702 60 3922 259 "to

3614 357 3722 412 228

584 476 665 519 cat
692 475 738 518 te
769 462 1007 515 Dominus
1034 468 1078 513 et
1106 460 1346 513 custodiat
1373 466 1439 511 te.
1469 456 1728 511 ltiuminet
1761 456 2001 511 Dominus
2030 458 2102 523 {a-
2131 462 2179 516 Λ
2207 458 2359 526 longo
2383 462 2719 526 separationis
2746 462 3014 515 intervallo
3043 462 3239 518 divisi?
3260 464 3351 519 sed
3384 474 3501 531 tres,
3531 466 3716 536 inquit,

578 557 708 607 ciem
733 568 872 605 suam
897 565 1039 619 super
1053 559 1117 612 te,
1140 556 1183 599 et
1211 548 1498 598 misereatur
1518 547 1615 599 tui.
1636 546 1841 598 Attoitat
1864 546 2105 596 Dominus

588 642 764 707 faciem
793 654 932 689 suam
954 649 1101 699 super
1126 644 1187 697 te,
1216 642 1261 685 et
1303 634 1382 685 det
1411 634 1499 685 tibi
1523 647 1692 701 pacem
1720 632 1902 700 (Num.
1934 648 2005 694 vt,
2037 632 2106 685 25

585 728 733 791 δίῳ).
779 725 922 789 Quod
964 725 1061 775 hoc
1100 721 1268 788 ipsum
1321 721 1570 787 propheta
1609 720 1768 774 David
1811 723 2103 782 conllrmat,

584 816 797 869 dicens:
832 811 1095 863 Benedicat
1130 826 1218 862 nos
1259 807 1412 872 Deus,
1448 808 1583 861 Deus
1623 820 1805 873 noster,
1854 809 2107 859 benedicat

584 920 670 954 nos
712 901 861 963 Deus,
890 909 934 953 et
966 907 1183 953 metuant
1218 913 1329 949 eum
1375 913 1539 949 omnes
1578 899 1698 964 ﬁnes
1747 908 1888 949 terra
1936 895 2103 964 (Psal.

584 1002 721 1053 uin,
751 990 828 1056 8).
858 988 1023 1052 Quam
1045 986 1313 1040 Trinitatis
1337 986 1586 1037 unitatem
1630 1000 1868 1051 supernae
1900 984 2107 1051 angelo-

585 1092 698 1128 rum
722 1078 936 1129 virtutes
965 1075 1079 1144 [ma.
1118 1072 1174 1135 εἰ,
1204 1074 1253 1126 in
1300 1070 1425 1141 uno]
1467 1072 1659 1141 hymno
1686 1081 2018 1151 venerantur,
2056 1082 2109 1127 et

583 1176 662 1217 tet‘
683 1179 923 1225 numero,
940 1163 1174 1223 Sanctus,
1190 1162 1422 1224 Sanctus,
1439 1162 1670 1224 Sanctus,
1699 1160 1941 1213 Dominus
1955 1159 2105 1224 Deus,

582 1252 783 1304 sabaotlt
820 1250 973 1318 (Isai.
1013 1264 1085 1312 vt,
1144 1251 1220 1315 3),
1270 1248 1579 1302 indesinenti
1624 1258 1845 1313 canente
1897 1263 2008 1310 ore,
2053 1251 2105 1301 in

584 1342 737 1394 unius
771 1326 1031 1405 fastigium
1058 1336 1425 1389 dominatibnis
1462 1336 1677 1403 gloriam
1715 1336 1825 1403 ejus
1860 1325 2116 1389 exaltant.

582 1427 731 1491 Quod
758 1434 815 1478 ut
838 1425 1009 1477 adhuc
1034 1426 1266 1490 apertius
1291 1422 1514 1481 fidelium
1540 1422 1780 1476 sensibus
1800 1423 2105 1483 incuicetur.

583 1512 873 1567 calentium
902 1512 1271 1578 mysteriorum
1299 1511 1563 1564 conscium
1604 1512 1933 1577 producimus
1978 1511 2109 1564 Pau-

584 1599 711 1652 lum.
752 1599 838 1651 Ait
864 1597 1005 1651 enim
1041 1615 1057 1651 :
1089 1597 1364 1651 Dioisiones
1405 1607 1570 1651 autem
1610 1598 1936 1651 donationum
1970 1609 2105 1662 sunt,

583 1686 716 1738 idem
768 1695 934 1737 autem
986 1685 1235 1753 Spiritus;
1281 1695 1328 1737 et
1380 1686 1642 1738 divisiones
1691 1687 2109 1739 ministrationum

2203 563 2354 599 unum
2381 557 2513 601 sunt.

2274 634 2383 687 χιι.
2414 634 2605 687 Creatio
2631 635 2755 702 ipsis
2797 646 2866 689 est
2915 640 3205 691 communis.
3235 667 3303 679 --
3330 639 3398 693 Ut
3424 648 3595 692 autem
3621 640 3718 693 ad-

2205 720 2303 772 huc
2348 722 2510 788 magis
2552 724 2810 790 magisque
2854 726 3016 778 sancti
3046 726 3270 792 Spiritus
3310 741 3427 779 cum
3476 727 3624 780 Patre
3666 735 3721 783 et

2204 806 2335 859 Filio
2362 822 2461 860 una
2488 806 2651 878 [Lor.,
2683 809 2925 879 dignitas]
2953 813 3195 865 divinitas
3225 814 3274 865 in
3302 813 3541 865 creandis
3564 814 3718 866 rebus

2202 899 2442 951 omnibus
2481 902 2911 963 demonstretur,~
2937 903 3099 955 habes
3142 913 3427 957 creatorem
3468 903 3715 971 Spiritum

2201 999 2434 1042 sanctum
2456 990 2507 1042 in
2534 990 2663 1043 libro
2686 990 2816 1043 Job:
2843 990 3078 1058 Spiritus,
3107 992 3290 1059 inquit,
3315 992 3507 1043 disinus
3525 1002 3617 1055 est,
3637 994 3719 1058 qui

2202 1078 2314 1145 fecit
2345 1092 2455 1139 me;
2481 1088 2529 1129 et
2556 1077 2774 1145 Spiritus
2818 1078 3172 1147 Omnipotentis
3205 1080 3290 1147 qui
3326 1080 3462 1131 docet
3497 1094 3575 1132 me
3605 1078 3720 1145 (Job

2204 1180 2388 1227 sunt,
2418 1164 2529 1234 Ξι).
2563 1166 2625 1218 Et
2652 1165 2809 1218 David
2837 1167 2962 1219 dicit
2990 1185 3002 1218 :
3033 1166 3213 1219 Emitte
3241 1167 3481 1234 Spiritum
3505 1178 3645 1220 tuum
3674 1178 3720 1221 et

2202 1254 2512 1316 creabantur,
2548 1263 2593 1307 et
2620 1255 2872 1307 renouabis
2896 1255 3069 1323 faciem
3094 1263 3235 1307 terra
3260 1253 3426 1323 (Psat.
3454 1269 3573 1318 cut,
3602 1253 3716 1322 50).

2202 1340 2256 1394 Si
2281 1339 2473 1393 creatio
2496 1352 2549 1393 et
2570 1343 2839 1393 renovatio
2870 1356 2960 1408 per
2986 1340 3235 1405 Spiritum
3258 1341 3379 1402 erit,
3410 1343 3524 1395 sino
3553 1341 3717 1395 dubio

2201 1436 2255 1480 et
2276 1428 2581 1496 principium
2632 1429 2909 1481 creationis
2932 1428 3066 1481 sine
3092 1428 3288 1496 Spiritu
3315 1442 3417 1481 nou
3456 1427 3568 1482 fuit.
3604 1429 3723 1482 Post

2201 1515 2513 1567 creationem
2544 1515 2696 1581 igitur
2737 1514 2919 1567 ostend
2956 1528 3111 1580 mus,
3141 1514 3260 1581 quia
3283 1506 3533 1567 'viviiicat
3565 1515 3724 1568 etiam

2204 1599 2428 1667 Spiritus
2454 1611 2684 1663 sanctus,
2722 1601 2855 1655 sicut
2892 1599 3045 1654 Pater
3069 1611 3122 1655 et
3159 1600 3337 1654 Filius.
3380 1600 3631 1666 Equidem
3659 1602 3725 1653 de

2204 1701 2421 1753 persona
2450 1689 2612 1740 Patris
2637 1687 2796 1741 refert
2820 1688 3099 1756 Apostolus
3131 1704 3145 1738 :
3176 1686 3347 1740 Testor
3375 1688 3426 1739 iu
3454 1696 3718 1755 conspectu

583 1783 716 1835 sunt,
746 1773 875 1823 idem
894 1783 1059 1823 autem
1090 1770 1364 1836 Dominus;
1391 1782 1437 1825 et
1473 1774 1737 1826 divisiones
1773 1776 2110 1841 opaationum
2139 1760 2184 1818 Β
2210 1774 2333 1839 Dei,
2352 1776 2436 1840 qui
2467 1775 2678 1841 sisi/ient
2702 1776 2867 1827 omnia
2894 1773 2954 1844 (1
2986 1775 3112 1826 Tios.
3140 1788 3189 1827 η
3207 1811 3224 1836 .
3264 1774 3372 1845 15).
3404 1772 3574 1827 Vitam
3602 1788 3739 1859 vero
3776 1764 3783 1773 ”

584 1867 715 1923 sunt,
743 1859 874 1911 idem
896 1874 1010 1911 vero
1039 1858 1196 1921 Deus,
1224 1861 1309 1927 qui
1343 1867 1576 1927 operatur
1592 1861 1762 1912 omnia
1796 1861 1848 1913 in
1889 1863 2111 1915 omnibus

586 1944 641 2008 (1
664 1946 777 1998 Cor.
811 1961 901 2011 sn,
924 1946 957 1997 4
985 1946 1138 2012 seq.),
1167 1954 1274 1999 etc.
1304 1946 1371 1997 Et
1391 1956 1533 1999 certe
1561 1946 1655 2000 bas
1679 1947 1987 2002 divisionum
2016 1949 2112 2002 dii-

586 2034 833 2087 l‘erentias
858 2048 952 2101 pro
982 2034 1229 2100 qualitate
1252 2048 1315 2087 ac
1346 2035 1533 2088 merito
1561 2037 1970 2107 participantium
1996 2038 2111 2106 Spi-

587 2124 740 2174 ritum
770 2132 1005 2175 sanctum
1027 2131 1052 2158 ι
1079 2123 1255 2176 docuit
1281 2123 1506 2190 operari,
1530 2139 1645 2177 cum
1671 2126 1895 2191 ipsarum
1924 2127 2112 2193 gratia-

589 2223 703 2260 rum
730 2208 1046 2262 dilierentias
1074 2210 1372 2277 partiretur,
1402 2211 1453 2263 in
1478 2210 1669 2264 ultimis
1696 2212 1867 2265 intulit
1895 2214 2070 2265 dicens
2093 2231 2108 2269 :

590 2294 716 2348 Hac
750 2304 915 2347 autem
963 2298 1129 2348 omnia
1174 2306 1405 2364 operatur
1445 2314 1570 2351 unus
1606 2306 1752 2366 atque
1786 2300 1915 2352 idem
1949 2299 2114 2367 Spiris

587 2394 688 2446 tus,
718 2384 939 2435 dividens
964 2385 1166 2450 propria
1186 2385 1452 2451 unicuique
1474 2394 1621 2455 prout
1660 2388 1760 2437 vult
1802 2386 1983 2455 (lbid.,
2002 2390 2025 2439 1
2043 2386 2110 2455 l).

593 2472 737 2527 Unde
759 2473 927 2525 nullus
955 2473 1273 2540 ambiguitati
1316 2474 1621 2540 relinquitur
1651 2474 1815 2534 locus,
1856 2477 1976 2541 quin
2010 2477 2113 2543 29

587 2560 783 2613 clareat
802 2560 1049 2625 Spiritum
1070 2568 1305 2612 sanctum
1327 2569 1380 2613 et
1399 2560 1556 2613 Deum
1580 2574 1715 2625 esse,
1743 2571 1796 2614 et
1814 2576 1919 2614 sua:
1933 2566 2114 2615 volun-

590 2650 707 2699 latis
735 2656 1023 2711 auctorem,
1048 2648 1132 2714 qui
1158 2656 1342 2701 cuncta
1368 2650 1595 2713 operari,
1616 2656 1671 2701 et
1695 2650 1978 2702 secundum
1998 2665 2113 2717 pro-

592 2735 716 2801 priae
748 2736 1025 2787 voluntatis
1052 2734 1320 2789 arbitrium
1341 2734 1534 2789 divina:
1558 2736 1957 2803 dispensationis
1974 2738 2110 2791 dona

590 2823 765 2889 largiri
792 2822 1114 2890 apertissime
1138 2822 1538 2875 demonstratur.
1568 2823 1698 2888 Quia
1738 2825 1820 2898 ubi
1874 2824 2111 2878 volunta-

588 2912 661 2963 ria
687 2913 967 2977 gratiarum
1005 2909 1300 2962 distributio
1340 2910 1664 2976 pradicatur,
1713 2926 1813 2964 non
1844 2921 2014 2980 potest
2036 2914 2111 2965 vi-

588 2999 700 3051 deri
741 2998 970 3050 conditio
1004 2998 1307 3051 servitutis:
1349 2996 1403 3050 in
1432 3006 1670 3052 creatura
1714 2998 1851 3051 enim
1887 3003 2109 3053 servitus

593 3085 919 3152 intelligenda
944 3094 1045 3151 est,
1078 3085 1127 3137 in
1155 3084 1404 3138 Trinitate
1430 3100 1555 3139 vero
1574 3086 1854 3140 dominatio
1876 3089 2107 3142 acliber-
2134 3056 2182 3119 ε

590 3181 687 3225 tas.
722 3175 785 3223 Et
814 3183 868 3224 ut
908 3174 1075 3225 adhuc
1116 3174 1227 3225 luce
1260 3174 1447 3226 clarius
1482 3174 1633 3226 unius
1670 3174 1953 3229 divinitatis
1992 3190 2109 3229 esse

588 3276 703 3313 cum
733 3261 883 3313 Patre
901 3271 953 3313 et
980 3260 1109 3314 Filio
1133 3253 1373 3327 Spiritum
1395 3271 1627 3314 sanctum
1645 3262 2111 3329 doceamus,han-

586 3349 665 3401 nis
681 3351 1006 3417 evangelista:
1028 3349 1318 3402 testimonio
1337 3351 1721 3413 comprobatur.
1745 3349 1831 3403 Ait
1853 3365 2076 3417 namque
2092 3367 2109 3403 ;

587 3439 706 3490 'l‘res
737 3450 850 3491 sunt
882 3440 965 3506 qui
991 3439 1317 3490 testimonium
1352 3436 1604 3505 perhibent
1654 3439 1706 3489 in
1752 3438 1894 3500 ccio,
1937 3437 2110 3501 Pater,

593 3526 823 3587 Verbum,
850 3535 897 3576 et
925 3525 1141 3591 Spiritus
1177 3534 1395 3583 sanctus,
1425 3533 1470 3574 et
1491 3522 1517 3559 δ
1545 3525 1595 3573 Isi
1624 3536 1721 3575 tres
1749 3539 1901 3575 unum
1926 3534 2040 3575 sunt
2062 3522 2114 3590 (Ι

590 3613 741 3664 Joan.
770 3628 823 3674 v,
853 3614 930 3677 7).
965 3622 985 3648 ι
1011 3610 1269 3677 Nunquid,
1296 3609 1388 3672 ait,
1422 3617 1528 3663 tres
1553 3610 1603 3661 in
1624 3608 1876 3662 diﬂ'erenti
1905 3612 2116 3676 mquali—

589 3710 693 3752 tate
737 3700 975 3764 sejuncti,
1006 3709 1092 3751 aut
1119 3696 1433 3765 quibuslibet
1477 3696 1831 3751 diversitatum
1869 3699 2115 3765 gradibus

662 4008 686 4035 ³
714 3997 886 4052 Chim.
916 4009 968 4051 et
989 3998 1097 4060 alii,
1120 3998 1317 4052 docens.
1348 3996 1622 4050 Lorichius
1642 4012 1767 4051 vero
1805 3999 1982 4063 habet,
2014 4000 2106 4051 do-

589 4069 687 4120 cuit
716 4068 931 4133 Operari,
963 4078 1009 4119 et
1037 4075 1087 4118 ut
1116 4069 1188 4119 sic
1209 4069 1425 4134 ipsarum
1454 4068 1744 4134 gratiarum.
1771 4080 1871 4119 etc.

654 4136 683 4172 ιι
719 4138 768 4186 in
799 4136 915 4187 cod.
938 4135 1085 4187 Colb.
1114 4148 1367 4187 annorum
1397 4133 1607 4187 circiter
1632 4134 1731 4187 ’1υο
1760 4135 1871 4187 haec
1897 4135 2113 4185 habetur

586 4202 879 4257 observatio
908 4204 957 4253 in
995 4204 1224 4266 margine
1252 4218 1265 4251 :
1302 4202 1435 4252 Nota
1469 4202 1519 4250 in
1560 4203 1765 4266 epistola
1805 4202 1926 4252 beati
1956 4201 2114 4251 Joan-

587 4271 662 4322 m's
689 4271 758 4321 ita
782 4268 1055 4336 legendum.
1083 4268 1337 4336 caeterum
1364 4266 1476 4317 haec
1504 4270 1680 4336 verba,
1708 4266 1827 4317 Tres
1853 4278 1963 4336 sunt
1993 4270 2077 4332 qui
2098 4308 2111 4327 ,

588 4347 713 4391 etc.,
742 4332 854 4400 qui:
877 4337 926 4385 in
957 4335 1216 4384 nonnullis
1242 4346 1509 4400 sacrorum
1541 4332 1818 4382 Bibliurunt
1846 4334 2111 4383 codicibus

2208 1861 2295 1915 dat
2319 1860 2571 1915 Christus.
2604 1862 2747 1926 Oves,
2777 1861 2963 1929 inquit,
2984 1875 3105 1911 utea
3123 1874 3287 1911 uocent
3311 1873 3469 1911 meatu
3493 1858 3753 1922 adiungi

2206 1956 2251 1999 et
2279 1963 2367 2016 ego
2393 1948 2541 1999 vitam
2561 1956 2792 1999 mter-nam
2819 1948 2883 1997 do
2910 1945 3011 1998 illis
3036 1944 3211 2015 (Joan.
3244 1961 3294 2007 ι,
3321 1944 3411 2006 27,
3438 1944 3553 2011 28).
3578 1942 3727 1997 Vivi-

2209 2034 2422 2087 iicamur
2444 2048 2568 2086 vero
2596 2048 2623 2085 a
2651 2033 2846 2100 Spiritu
2874 2042 3072 2096 sancto,
3106 2032 3217 2099 ipso
3232 2030 3437 2085 dicente
3466 2030 3688 2083 Domino
3712 2045 3727 2080 :

2210 2121 2426 2189 Spiritus
2452 2122 2625 2188 estqui
2648 2121 2857 2187 sisi/ictu
2883 2117 3054 2188 (Joau.
3082 2134 3154 2182 VI,
3184 2121 3290 2183 64).
3322 2118 3456 2172 Ecce
3472 2133 3577 2171 una
3604 2115 3729 2169 vivi-

2208 2209 2379 2263 iicatio
2406 2210 2572 2262 Patris
2610 2218 2663 2262 et
2707 2209 2824 2262 Filii
2867 2219 2920 2261 et
2964 2208 3187 2275 Spiritus
3214 2209 3380 2260 sancti
3423 2213 3605 2274 aperta
3636 2208 3731 2261 de-

2208 2306 2487 2350 monstrata
2518 2307 2616 2349 εει.

2277 2384 2406 2437 Xlll.
2468 2384 2806 2437 Prcscientia.
2842 2410 2910 2420 —
2959 2380 3343 2436 Przsctentiam
3395 2394 3571 2435 rerum
3618 2396 3731 2435 orn-

2209 2474 2349 2526 nium
2380 2475 2431 2525 in
2462 2473 2568 2526 Deo
2594 2487 2729 2535 esse,
2764 2479 2818 2525 et
2844 2470 3164 2525 occultorum
3194 2471 3576 2537 cognitionem,
3609 2470 3731 2525 licet

2210 2578 2361 2617 nemo
2404 2560 2727 2615 Christianus
2756 2560 2993 2628 ignoret,
3033 2566 3205 2613 tamen
3231 2572 3295 2612 es
3337 2558 3563 2612 Dauielis
3602 2558 3734 2610 libro

2210 2650 2594 2705 monstrandum
2610 2655 2709 2702 est.
2730 2648 2878 2711 Deus,
2901 2647 3085 2714 inquit,
3098 2646 3183 2714 qui
3193 2646 3493 2700 occultat-mn
3509 2647 3731 2715 cognitor

2209 2758 2279 2805 es,
2315 2741 2399 2807 qui
2433 2739 2662 2804 prcscius
2694 2753 2743 2789 es
2762 2737 2977 2789 omnium
2998 2743 3257 2801 antequam
3276 2743 3542 2787 nascantur
3572 2732 3731 2801 (Dan.

2210 2842 2328 2889 snt,
2358 2826 2465 2894 η).
2496 2826 2615 2879 Haec
2634 2824 2812 2878 eadem
2843 2822 3161 2889 pmscientia
3188 2823 3242 2874 in
3269 2819 3476 2875 Christo
3502 2830 3599 2883 est,
3629 2822 3731 2875 sic-

2211 2925 2264 2968 ut
2297 2915 2454 2969 rciert
2493 2911 2815 2987 Evangeiista
2845 2929 2858 2960 :
2891 2910 2963 2962 Ab
3006 2910 3147 2961 initio
3182 2917 3347 2961 autem
3373 2909 3553 2960 sciebat
3583 2906 3731 2961 Iesus

2208 3004 2317 3072 quis
2344 3010 2468 3055 esset
2504 3016 2612 3054 eum
2655 2999 2921 3050 traditurus
2937 3039 2952 3063 ,
2974 2995 3047 3048 vel
3065 2997 3150 3065 qui
3169 3005 3328 3049 essent
3352 3011 3451 3049 non
3474 2994 3565 3065 [αι.
3596 2998 3731 3049 deest

2212 3088 2335 3159 non]
2365 3090 2613 3141 credentes
2634 3090 2683 3139 in
2710 3101 2820 3139 eum
2847 3082 3019 3153 (Joan.
3052 3098 3101 3135 vt
3119 3122 3134 3146 ,
3160 3083 3270 3148 65).
3299 3082 3444 3148 Quod
3469 3084 3539 3135 sit
3557 3090 3728 3136 autem

2209 3181 2528 3234 occultorum
2574 3177 2828 3243 cognitor,
2874 3189 2941 3226 ex
2966 3172 3065 3226 hoc
3109 3171 3437 3225 manifestum
3478 3178 3578 3237 est,
3608 3184 3729 3223 cum

2212 3270 2430 3322 obscura
2460 3265 2671 3318 consilia
2696 3262 2988 3315 Judaorum
3019 3259 3293 3313 traducens
3319 3257 3523 3311 dicebat
3550 3275 3566 3313 :
3597 3257 3729 3322 Quid

2212 3356 2438 3423 cogitatis
2466 3366 2673 3415 nequam
2717 3351 2771 3401 in
2811 3349 3036 3399 cordibus
3074 3348 3242 3397 uestris
3270 3345 3481 3415 (Matth.
3521 3358 3607 3399 tu.
3631 3344 3729 3410 ω

2216 3439 2467 3494 Similiter
2507 3434 2749 3503 praescire
2799 3429 2969 3485 omnia
3012 3433 3259 3499 Spiritum
3305 3443 3573 3495 sanctum,
3620 3432 3728 3498 ipsa

2218 3524 2563 3581 manifestavit
2587 3521 2765 3575 dicens
2792 3520 2856 3572 ad
2880 3521 3143 3587 apostolos
3169 3534 3184 3573 :
3213 3518 3338 3571 Cum
3359 3518 3539 3571 venerit
3564 3516 3729 3585 Spiri-

2217 3624 2295 3665 tus
2318 3612 2561 3673 ueritatis,
2584 3608 2772 3661 docebit
2794 3623 2876 3659 sos
2901 3608 3087 3668 omnia,
3111 3615 3156 3658 et
3182 3616 3383 3659 ventura
3416 3607 3727 3659 annuntiabit

2220 3702 2348 3754 vobis
2373 3698 2547 3769 (Joan.
2574 3711 2661 3749 sin
2679 3735 2695 3759 ,
2726 3695 2831 3763 lii).
2863 3694 2959 3759 Qui
2989 3702 3202 3747 ventura
3228 3692 3533 3746 annuntiaro
3559 3692 3728 3762 perbi-

2213 4013 2325 4051 rum
2356 3998 2594 4051 eumdem
2626 3996 2792 4047 locum
2833 3993 3006 4046 laudat
3047 3991 3347 4060 Fulgentius
3386 3991 3439 4044 in
3489 3990 3619 4044 libro
3659 3991 3725 4043 de

2211 4067 2482 4125 'l‘rinitate,
2508 4076 2559 4118 et
2581 4065 2631 4117 iu
2652 4062 2753 4114 alio
2772 4063 3019 4115 adversus
3038 4061 3236 4114 Pinlam
3259 4060 3561 4127 episcopum
3580 4062 3729 4111 Aria-

2213 4149 2333 4208 num
2378 4135 2619 4208 scripto:
2663 4144 2952 4208 quanquam
3000 4129 3147 4183 istius
3191 4140 3454 4208 auctorem
3500 4128 3728 4207 alium}!

2216 4195 2495 4265 Fulgentio'
2516 4195 2705 4257 fuisse,
2738 4195 2834 4259 ipsi
2864 4210 3032 4250 tamen
3060 4198 3329 4261 usqualem,
3360 4205 3602 4265 certaeant
3629 4195 3729 4265 viri

2213 4261 2417 4316 eruditi.
2461 4266 2586 4316 Vide
2617 4265 2893 4315 Mabiltonii
2927 4266 3262 4329 appendicem
3282 4266 3325 4327 f2
3350 4262 3412 4313 ad
3449 4261 3728 4325 Liturgiam

2214 4332 2552 4390 Gallicanam,
2587 4346 2699 4395 pag.
2727 4345 2927 4382 ccsut.
2949 4329 3140 4383 Tamen
3184 4335 3493 4395 Augustinum
3528 4329 3661 4380 libro
3691 4346 3727 4380 ll

590 4392 952 4453 translatorum
990 4400 1290 4451 inﬁdelitate
1325 4398 1579 4450 excidisse
1624 4400 1955 4463 conqueritur
1992 4414 2111 4450 San-
2142 4392 2187 4447 D
2212 4408 2389 4451 contra
2419 4392 2769 4457 Maximinum,
2790 4397 3236 4463 cap.i22,num.3,
3255 4392 3337 4448 ubi
3360 4397 3469 4463 hinc
3489 4396 3641 4463 verba
3662 4410 3729 4449 ex

590 4477 704 4520 ctus
727 4468 1089 4531 "lt'l‘OllymllS.
1111 4469 1188 4518 vel
1210 4465 1710 4531 quivisalinsauctor
1730 4466 1815 4531 qui
1834 4467 1930 4516 sub
1957 4465 2110 4530 hujus

590 4536 695 4603 80
718 4536 880 4586 sancti
903 4533 1131 4586 doctoris
1152 4534 1356 4586 nomine
1380 4534 1643 4603 prologum
1667 4535 1824 4603 edidit
1847 4533 2111 4603 in_episto-

594 4600 673 4653 lus
720 4603 1030 4663 canonicos,
1085 4604 1376 4668 religiosius
1432 4601 1480 4651 in
1535 4600 1797 4653 codicibus
1851 4600 2107 4668 Africanis

590 4681 887 4723 conservata
920 4670 1073 4721 fuisse
1102 4667 1241 4737 patet
1266 4685 1326 4719 es
1358 4671 1455 4719 hoc
1487 4670 1620 4729 loco,
1654 4670 1737 4719 ubi
1772 4670 1949 4737 Patres
1976 4667 2108 4737 Alri-

590 4741 702 4789 cani
738 4741 785 4789 in
816 4752 969 4788 unum
998 4734 1291 4803 congregati
1332 4750 1426 4801 pro
1455 4736 1734 4789 emittenda
1766 4734 1881 4787 ﬁdei
1914 4736 2109 4800 profes-

590 4806 734 4857 sione
772 4820 829 4858 ea
872 4805 1234 4856 adhiltttetunt.
1276 4804 1379 4855 Nec
1418 4818 1638 4869 unquam
1670 4818 1728 4855 ea
1772 4804 1837 4855 de
1868 4817 1921 4854 re
1948 4804 2110 4853 recla-

590 4888 756 4924 masse
780 4874 991 4937 legimus
1016 4874 1254 4932 Arianos.
1275 4872 1361 4938 qui
1382 4873 1535 4934 regali
1560 4880 1679 4922 tunc
1709 4872 1933 4936 potentia
1966 4869 2104 4938 freti,

590 4940 714 4991 nihil
747 4936 847 4991 non
878 4951 1110 5005 poterant
1139 4936 1383 4991 adversus
1411 4938 1714 4991 catholicos.
1740 4939 1871 5003 Quin
1902 4948 1955 4989 et
1982 4936 2100 4988 Ful-

590 5010 790 5071 gentius
816 5010 962 5073 paulo
988 5021 1099 5072 p051
1124 5010 1173 5059 in
1207 5007 1336 5058 libro
1356 5015 1532 5057 contra
1557 5008 1774 5057 Arianos
1801 5007 1894 5056 sub
1922 5006 2096 5073 linem,

590 5072 825 5127 eumdem
856 5075 1022 5126 locum
1060 5075 1295 5134 adducit,
1330 5072 1623 5129 nonsoinm
1648 5083 1886 5139 tanquam
1913 5088 1942 5124 e
1967 5072 2107 5123 Scrio

592 5149 734 5206 ptura
757 5152 1035 5207 sumptum,
1067 5142 1156 5193 sed
1185 5152 1235 5193 et
1262 5155 1413 5206 quem
1436 5154 1478 5208 7a
1520 5140 1670 5191 beato
1698 5143 1952 5208 Cypriano
1992 5140 2101 5189 lau-

591 5211 760 5259 datum
784 5210 938 5261 fuisse
959 5211 1049 5267 ait,
1074 5211 1168 5261 sub
1188 5207 1465 5261 testimonii
1488 5222 1551 5258 ex
1573 5207 1834 5267 Scriptura
1858 5207 2064 5260 nomine
2087 5223 2098 5255 :

590 5274 877 5343 Cyprianus,
910 5277 1107 5342 inquit,
1143 5277 1255 5343 haec
1282 5276 1558 5343 testimonia
1583 5275 1644 5327 de
1672 5274 2100 5343 Scriptukrisjnse-

593 5340 711 5409 ruit:
742 5343 867 5395 Dicit
896 5340 1137 5396 Dominus
1166 5358 1184 5395 :
1215 5341 1321 5409 Ego
1342 5382 1357 5407 ,
1386 5350 1485 5394 etc.
1521 5342 1584 5393 Et
1610 5340 1795 5395 iterum
1817 5340 1924 5394 :De
1950 5340 2101 5393 Patre

593 5417 639 5457 et
669 5407 801 5479 Filio
835 5422 877 5463 et
909 5412 1101 5479 Spiritu
1140 5407 1306 5463 sancto
1343 5410 1709 5479 scriptum‘est;
1748 5418 1796 5479 et
1826 5421 1920 5479 tres
1944 5424 2101 5479 unum

593 5484 722 5543 sunt.
746 5474 1027 5543 Cyprianus
1053 5488 1226 5531 autem
1255 5491 1371 5530 eum
1399 5474 1622 5527 laudavit
1650 5486 1755 5528 tum
1784 5477 1835 5529 in
1866 5476 1998 5528 libro
2036 5474 2102 5527 de

596 5542 797 5595 Unitate
826 5542 1087 5609 Ecclesia,
1117 5555 1223 5599 tum
1250 5545 1302 5597 in
1319 5542 1534 5607 epistola
1559 5544 1622 5595 ad
1651 5544 1973 5608 Jubajanum.
2005 5542 2103 5595 lte-

2212 4467 2345 4518 beati
2369 4464 2581 4517 Joannis
2617 4464 2851 4528 epistola,
2882 4462 3000 4513 Tres
3030 4479 3179 4514 unum
3218 4473 3347 4514 sunt.
3381 4462 3607 4522 discutit,
3638 4476 3730 4513 co-

2205 4534 2323 4583 dice
2360 4547 2481 4582 usus
2530 4534 2685 4583 fuisse
2725 4530 2924 4580 videtur
2964 4530 3015 4580 in
3057 4545 3159 4597 quo
3200 4536 3549 4582 testimonium
3593 4530 3727 4581 istud

2212 4598 2397 4657 Putris.
2424 4607 2547 4659 etc.,
2579 4611 2884 4663 expressum
2912 4612 3013 4649 non
3040 4608 3167 4651 erat.
3196 4599 3334 4650 idem
3362 4597 3634 4649 dicendum
3662 4598 3728 4649 de

2213 4666 2453 4718 Facundo
2490 4666 2844 4716 l‘lermianensi
2877 4666 3006 4714 libro
3046 4681 3058 4716 l
3104 4681 3194 4731 pro
3233 4664 3727 4731 defensioneitriunt

2208 4735 2565 4799 capitulorum.
2590 4733 2689 4783 Sed
2720 4746 2848 4797 opus
2877 4733 3007 4784 istud
3037 4730 3306 4785 Facundus
3332 4745 3476 4782 extra
3501 4730 3724 4783 Africam

2206 4799 2649 4865 Constantinopoli
2674 4800 2865 4866 degens
2886 4803 3211 4866 conscripsit.
3236 4801 3415 4854 Mirum
3439 4806 3726 4861 estantem,

2206 4870 2340 4933 quod
2374 4868 2423 4918 in
2455 4868 2712 4918 nonnullis
2744 4868 2896 4918 etiam
2924 4868 3283 4922 vetustissimis
3324 4866 3592 4923 bibliot'um
3631 4882 3728 4921 co-

2206 4934 2405 4986 dicibus
2437 4948 2559 4984 mss.
2592 4934 2883 5000 praeligatur
2909 4938 3145 5003 prologus
3170 4952 3321 4999 supra
3358 4938 3590 4987 laudatus
3610 4940 3727 5003 epi—

2203 5003 2352 5053 stolis
2380 5003 2660 5060 canonicis.
2685 5011 2737 5053 et
2764 5003 2969 5065 quidem
3001 5003 3097 5055 sub
3118 5006 3278 5057 sancti
3306 5003 3599 5071 Ηὶοωιιγιιιὶ
3629 5018 3723 5055 no-

2206 5084 2374 5133 mine,
2407 5078 2458 5120 et
2486 5079 2654 5121 tamen
2696 5074 2742 5119 in
2775 5079 2914 5121 textu
2944 5073 3227 5123 versiculus
3261 5073 3346 5123 ille
3387 5073 3610 5133 omissus
3634 5073 3721 5122 sit.

2203 5135 2303 5187 Sed
2346 5136 2478 5187 hanc
2506 5140 2911 5191 controversiam
2934 5140 3222 5191 accuratius
3245 5138 3618 5191 discutiendam
3643 5152 3727 5188 re-

2204 5204 2767 5276 linquimussodalibus
2798 5208 3005 5269 nostris,
3036 5210 3122 5275 qui
3154 5207 3451 5276 Hieranymi
3477 5207 3723 5271 operibus

2203 5271 2535 5323 recensendis
2562 5286 2768 5337 operam
2797 5284 3004 5324 navant.

2272 5348 2294 5407 ε
2327 5338 2427 5391 Alii
2458 5338 2663 5407 codices
2698 5339 2889 5393 habent
2912 5341 2963 5392 in
2985 5337 3720 5407 diﬁ‘crentisequaiitate.j.ori-

2198 5405 2740 5539 cmuztdilferentiw
2778 5407 3034 5476 ᾳιιαιὶιιιω.
3067 5405 3372 5471 Rhenanus,
3420 5405 3722 5471 ὀπάσσαιιὶ

2199 5488 2241 5525 tr
2452 5488 2504 5526 e.

2199 5488 2479 5526 σοκωιωιε
2486 5508 2504 5525 ο
