3922 6414
146 329 234 384 ἳὶξθ
1038 335 1117 387 DE
1157 329 1661 386 PERSECUTIONE
1705 327 2077 382 VANDALICA
2119 330 2242 387 L'B.
2287 333 2367 384 Ill.
3182 339 3281 392 2.30

143 445 291 502 betur,
319 442 558 505 praescire
607 444 780 495 omnia
830 457 931 496 non
987 443 1253 495 dubitatur
1302 461 1312 494 :
1366 443 1484 510 quia
1541 443 1651 505 ipse
1678 439 1728 496 Α
1753 439 1864 491 ait:
1893 439 2110 510 Spiritus
2142 440 2340 492 Domini
2371 443 2573 508 repiesit
2614 446 2777 497 urbem
2812 455 3074 513 terrarum,
3119 450 3283 502 ethoc

143 535 415 582 'scrutatur
442 530 742 582 altitudines
761 529 940 591 Dei,et
967 530 1110 582 novit
1129 530 1301 582 omnia
1330 544 1445 597 quin
1468 533 1516 580 in
1545 528 1651 578 I)eo
1758 526 1890 585 quod
1919 528 2130 579 continet
2155 531 2320 580 omnia
2343 530 2598 582 scientiam
2626 532 2772 585 habet
2797 537 3086 605 uocis(Sap.
3122 554 3134 590 ι
3158 578 3172 603 ,
3205 540 3276 606 7).

138 626 260 674 sunt.
300 616 429 666 sicut
476 625 734 668 memorat
771 617 977 680 Paulus,
1007 617 1184 668 dicens
1212 635 1223 667 :
1268 616 1490 681 Spiritus
1517 617 1648 665 enim
1752 613 1876 666 Item
1901 614 2061 667 David
2090 614 2215 669 dicit
2240 633 2251 668 :
2281 616 2387 678 Quo
2410 618 2487 669 ibo
2509 637 2537 670 a
2564 619 2758 686 Spiritu
2791 633 2893 686 tuo,
2924 635 2967 676 et
2995 642 3023 673 a
3050 625 3174 693 facie
3198 637 3282 676 tua

137 701 283 752 omnia
308 710 572 763 scrutatur,
603 704 749 753 etiam
779 703 1068 754 altitudines
1105 702 1198 753 Dei
1221 701 1272 768 (I
1304 699 1420 753 Cor.
1449 715 1503 764 II,
1540 700 1645 764 10).
1748 717 1843 758 auo
1879 703 2102 770 fugiam?
2133 703 2191 757 Si
2220 706 2484 758 ascendere
2509 707 2559 758 in
2581 709 2776 769 coctum,
2813 718 2865 760 tu
2892 712 2996 762 illic
3020 727 3101 774 es;
3131 715 3174 766 si
3193 714 3278 764 de.

138 794 243 842 Item
273 793 319 842 in
349 792 531 843 eadem
565 793 677 843 loco
713 808 725 846 :
756 791 894 844 Sicut
936 807 1081 842 nemo
1127 792 1502 844 scit'ltontinum
1538 804 1648 851 qua:
1745 792 1980 842 srendero
2003 801 2024 827 ο
2053 793 2103 844 in
2127 793 2374 860 infernum
2396 795 2548 858 ades;
2581 796 2622 848 si
2658 812 2906 865 sumpsero
2934 816 3113 862 pennas
3146 818 3277 854 meas

134 889 228 930 sunt
254 882 488 944 hominis,
518 881 616 930 nisi
643 881 844 945 spiritus
868 875 977 949 djus
998 882 1082 945 qui
1103 883 1153 930 in
1183 881 1288 948 ipso
1315 888 1419 941 est;
1449 879 1516 929 ita
1555 892 1641 927 ne-
1744 877 1794 928 in
1823 878 2080 942 directum,
2111 890 2154 932 et
2191 882 2473 935 habitavere
2498 884 2546 932 in
2578 886 2805 936 extremis
2850 890 3002 939 maris
3033 904 3049 940 :
3097 893 3274 940 etenim

133 986 200 1019 nto
220 973 302 1019 scit
323 984 428 1033 qua!
449 979 562 1019 sunt
595 967 719 1030 Dei,
750 969 846 1019 nisi
881 968 1100 1036 Spiritus
1134 967 1225 1018 Dei
1252 967 1406 1035 (Ibid.
1425 1006 1438 1027 ,
1465 967 1572 1028 II).
1740 965 1860 1016 illuc
1903 983 2075 1018 manus
2125 979 2208 1018 tua
2238 969 2442 1020 deducet
2480 987 2574 1032 me,
2599 984 2645 1023 et
2672 974 2935 1026 continebit
2965 991 3039 1028 me
3065 977 3269 1030 dextera

192 1054 309 1107 XIV.
339 1053 569 1106 Patentia
589 1055 743 1106 sancti
774 1055 1013 1121 Spiritus.
1043 1085 1112 1094 —
1143 1055 1220 1107 Ad
1252 1051 1638 1128 intelligendam
1742 1066 1825 1109 tua
1847 1055 2276 1125 (Psal.cxxxvm,
2297 1061 2325 1113 7
2359 1061 2506 1130 seq.).

130 1157 235 1193 vero
263 1144 539 1208 patentiam
573 1143 801 1208 Spiritus
827 1143 1203 1211 sancti,pauca
1226 1141 1290 1194 de
1321 1140 1639 1194 terribilibus
1811 1147 1943 1200 XVI.
2006 1149 2209 1202 Habitat
2262 1150 2396 1205 Deus
2457 1153 2507 1204 in
2568 1155 2759 1208 sanctis
2822 1157 2929 1209 suis
2990 1158 3266 1212 secundum

129 1231 442 1293 proferamus.
479 1230 791 1283 Vendiderat
833 1232 1248 1298 possessionem,
1292 1239 1345 1283 ut
1392 1234 1635 1296 scriptum
1742 1237 2131 1300 promissionem
2192 1255 2289 1307 qua
2346 1242 2548 1295 dixerat
2594 1259 2607 1294 :
2657 1243 2906 1296 Habitabo
2953 1248 3002 1299 in
3045 1249 3142 1299 illis
3184 1247 3263 1316 (Il

126 1329 196 1370 est
237 1320 282 1369 in
329 1318 544 1372 Actibus
591 1320 941 1386 apostolorum
989 1319 1132 1387 (Cap.
1168 1333 1217 1384 ν,
1251 1317 1326 1386 2),
1359 1332 1634 1384 suppressa
1736 1323 1851 1376 Cor.
1884 1325 2076 1393 v1,ili).
2108 1327 2253 1392 Quod
2277 1344 2398 1382 vero
2428 1330 2676 1385 Dominus
2707 1333 2857 1386 Jesug
2881 1325 3004 1388 dic'i;
3027 1337 3074 1388 in
3100 1335 3267 1388 Eva".

127 1416 250 1471 parte
279 1407 508 1472 pecunia:
535 1406 746 1459 dolosas
779 1407 1086 1491 discipulus,
1117 1409 1370 1472 reliquum
1405 1421 1496 1471 pro
1528 1416 1634 1457 toto
1731 1418 1894 1478 gelioz
1916 1414 2108 1468 .ilanete
2132 1418 2181 1468 in
2200 1435 2275 1470 me
2291 1428 2336 1471 et
2362 1436 2449 1486 ego
2471 1422 2520 1472 in
2540 1423 2672 1473 vobis
2695 1422 2865 1491 (Joan.
2886 1440 2970 1476 xv.
2989 1426 3065 1490 ι),
3086 1426 3265 1491 probat

124 1504 226 1547 ante
261 1497 412 1560 pedes
449 1495 660 1562 ponens
697 1488 1071 1562 apostolorum,
1119 1495 1334 1547 offendit
1384 1495 1630 1557 Spiritum
1732 1500 1829 1552 hoc
1856 1501 2043 1556 Paulus
2071 1505 2285 1559 dicens:
2316 1509 2390 1558 An
2414 1510 2607 1561 nescitis
2643 1488 2927 1578 quia‘Jesus
2949 1488 3174 1565 Christus
3195 1523 3264 1565 est

123 1594 353 1641 sanctum.
383 1598 537 1650 quem
577 1585 787 1649 putabat
828 1598 885 1636 se
937 1583 1119 1635 latere.
1142 1582 1245 1635 Sed
1272 1581 1391 1648 quid
1421 1581 1482 1632 ad
1512 1598 1627 1633 eum
1728 1590 1778 1639 in
1799 1590 1929 1640 vobis
1954 1589 2037 1656 (Il
2067 1591 2181 1644 Cor.
2210 1607 2318 1654 xm,
2339 1595 2429 1661 5)?
2451 1597 2555 1648 Hoc
2582 1609 2753 1650 autem
2775 1608 2938 1652 totum
2962 1602 3011 1652 in
3042 1601 3262 1668 Spiritus

122 1671 233 1722 dixit
259 1672 502 1722 continuo
540 1670 720 1724 beatus
745 1670 963 1722 Petrus?
987 1670 1202 1732 Anania,
1231 1686 1385 1735 quare
1413 1668 1628 1721 Satanas
1731 1675 2045 1732 habitatione
2071 1681 2398 1745 adimpletur,
2429 1685 2563 1736 sicut
2600 1697 2855 1737 memorat
2881 1687 3105 1739 Joannes
3132 1704 3145 1739 :
3181 1687 3261 1738 Ex

122 1761 298 1822 replevit
323 1775 404 1810 cor
438 1769 580 1810 tuum
608 1769 661 1808 ut
686 1758 961 1810 mentireris
991 1757 1201 1825 Spiritui
1242 1768 1410 1809 sancto
1434 1757 1587 1823 (Ibid.
1610 1797 1625 1821 ,
1659 1747 1704 1805 B
1730 1767 1842 1831 hoc.
1871 1766 2052 1835 inquit,
2084 1772 2265 1822 scimus
2297 1772 2413 1837 quia
2441 1773 2492 1824 in
2519 1773 2659 1826 nobis
2700 1784 2771 1826 est
2793 1814 2805 1836 ,
2843 1777 2955 1841 quia
2979 1776 3038 1826 de
3067 1775 3260 1838 Spiritu

121 1847 200 1910 5)?
227 1849 280 1900 Et
309 1847 440 1900 infra
472 1865 483 1897 :
519 1846 639 1898 Non
687 1863 736 1898 es
780 1849 1011 1899 mentitus
1056 1849 1353 1910 hominibus,
1405 1848 1488 1897 sed
1527 1845 1630 1897 Deo

1728 1871 1814 1905 suo
1845 1855 1979 1906 dedit
2010 1857 2146 1908 nobis
2171 1857 2214 1923 (Ι
2245 1857 2397 1912 Joan.
2428 1875 2494 1923 tv,
2529 1861 2635 1927 I3).
2673 1861 2924 1914 Similiter
2951 1871 3003 1915 et
3034 1863 3252 1914 Paulus:

122 1937 288 2000 (lbid.,
333 1937 406 2003 ι).
457 1936 626 2002 Atque
677 1936 745 1987 ita
797 1950 1072 2002 percussus
1115 1938 1306 1988 Virlulc
1361 1936 1501 2002 eius.
1548 1937 1628 1987 Olli
1730 1941 1944 1995 Nescitis
1972 1947 2087 2010 quia
2122 1947 2350 2012 templum
2385 1947 2470 1998 Dei
2501 1950 2638 2011 estis,
2681 1960 2724 2000 et
2755 1950 2974 2015 Spiritus
3007 1950 3095 2001 Dei
3122 1951 3258 2001 habi-

120 2023 300 2074 tnentiri
329 2024 572 2076 voluerat.
600 2067 613 2087 ,
663 2025 967 2089 exspiravit.
997 2023 1127 2086 Quid
1176 2023 1257 2074 hic
1285 2023 1396 2073 vult
1447 2022 1628 2073 beatus
1729 2037 1798 2078 tat
1825 2030 1873 2078 in
1902 2031 2032 2080 vobis
2057 2030 2107 2095 (1
2139 2033 2252 2083 Cor.
2285 2048 2368 2094 ιιι,
2395 2033 2518 2100 I6)?
2555 2035 2618 2086 Et
2641 2035 2825 2087 iterum
2854 2037 2975 2088 dicit
3003 2054 3017 2089 :
3047 2036 3251 2103 Gloriﬁ-

121 2111 279 2162 Petrus
307 2111 519 2177 intelligi
543 2110 788 2176 Spiritum
811 2111 1077 2161 sanctum?
1102 2110 1283 2172 Utique
1303 2111 1494 2160 clarum
1527 2116 1625 2169 est,

1728 2124 1830 2165 cate
1860 2124 1903 2166 et
1935 2127 2123 2180 portate
2154 2117 2311 2169 Deum
2340 2119 2387 2169 in
2411 2136 2615 2185 corpore
2644 2131 2800 2173 vestro
2832 2122 2883 2191 (I
2912 2124 3023 2175 Cor.
3048 2139 3118 2187 vs,
3139 2124 3249 2190 20).

118 2212 218 2248 cum
237 2197 374 2260 dicit,
405 2197 524 2248 Non
553 2197 781 2247 mentitus
801 2211 850 2246 es
879 2195 1175 2256 hominibus,
1204 2193 1288 2245 sed
1321 2194 1440 2244 Deo.
1469 2193 1629 2245 Mani-
1724 2201 1887 2262 Quem
1911 2203 2106 2253 [ξἐιιιῐιῖ
2135 2205 2310 2270 utique
2341 2204 2356 2240 τ
2389 2206 2635 2273 Spiritum
2664 2220 2922 2275 sanctum,
2953 2212 3098 2278 cujus
3122 2220 3252 2264 tem-

119 2285 280 2337 lestum
310 2295 389 2337 est
416 2298 563 2351 ergo,
595 2285 837 2350 quoniam
879 2283 964 2349 qui
1010 2283 1256 2334 mentitur
1285 2282 1387 2348 3o
1416 2280 1625 2346 Spiritui
1725 2292 1863 2355 plum
1893 2305 2009 2343 esse
2039 2291 2300 2344 videmur,
2897 2319 2907 2330 ι
3086 2341 3098 2347 ,

117 2384 295 2437 sancto,
317 2375 423 2427 Deo
453 2377 702 2426 mentitur
733 2391 746 2424 :
774 2382 826 2425 ct
848 2372 932 2438 qui
954 2371 1120 2424 credit
1148 2372 1196 2423 in
1234 2371 1478 2436 Spiritum
1508 2384 1627 2421 san-
1793 2377 1949 2429 XVII.
1990 2379 2115 2430 Nam
2141 2380 2276 2445 quod
2327 2392 2502 2448 arguat
2536 2383 2710 2445 Pater,
2740 2394 2920 2450 arguat
2946 2383 3126 2446 Filius,
3164 2400 3250 2439 ar.

117 2474 254 2524 ctum,
275 2463 436 2515 credit
464 2464 514 2513 in
549 2462 725 2514 Deum.
749 2462 874 2512 Tale
895 2459 1109 2526 aliquid,
1137 2461 1238 2510 imo
1269 2458 1456 2510 fortius
1479 2460 1626 2524 quid-
1725 2478 1849 2534 gnat
1892 2467 2112 2535 spiritus
2139 2480 2348 2523 sanctus
2376 2472 2443 2522 ita
2472 2471 2790 2536 probandum
2823 2484 2921 2524 εει,
2967 2473 3019 2525 In
3052 2474 3252 2539 psam")

117 2550 216 2600 dam
255 2551 496 2602 Dominus
528 2551 578 2602 in
611 2547 885 2615 Evangelia
923 2546 1174 2611 ostendit,
1207 2545 1387 2598 dicens
1419 2563 1434 2598 :
1470 2546 1624 2596 Omne
1722 2555 2118 2622 quadragesimo
2169 2571 2306 2609 nono
2349 2557 2534 2624 tegitur
2585 2575 2597 2608 ς
2632 2558 2886 2610 peccator;
2935 2571 3096 2612 aurem
3135 2563 3252 2613 άίείι

119 2648 344 2701 peccatum
371 2647 416 2686 et
449 2635 753 2699 blasphemia
781 2634 1051 2685 remittetur
1075 2634 1353 2684 hominibus
1382 2647 1400 2684 :
1420 2634 1504 2700 qui
1530 2649 1623 2683 au-

1722 2642 1852 2695 Deus
1879 2660 1897 2694 :
1923 2645 2084 2704 Quare
2114 2655 2166 2695 tu
2192 2660 2393 2697 enarras
2420 2646 2659 2708 iustitiam
2683 2663 2857 2709 meam,
2885 2657 2931 2698 et
2952 2652 3156 2700 assumis
3177 2660 3248 2700 te-

116 2735 192 2772 tem
217 2724 616 2788 blasphemaverit
642 2724 693 2774 in
715 2721 960 2789 Spiritum
985 2732 1229 2782 sanctum,
1274 2739 1369 2774 non
1407 2723 1623 2773 remitte-

1721 2739 2009 2782 stamentum
2036 2747 2192 2782 meum
2219 2749 2304 2796 per
2327 2749 2378 2783 os
2403 2742 2539 2783 tuum
2559 2732 2726 2799 (Psal.
2759 2750 2906 2797 xux,
2934 2736 3054 2803 16)?
3086 2737 3144 2788 Et
3167 2738 3246 2788 in-

115 2825 178 2859 tur
218 2813 284 2874 ei,
314 2828 466 2878 neque
494 2812 546 2862 in
577 2813 666 2862 hoc
685 2811 895 2874 steculo,
928 2827 1079 2874 neque
1121 2812 1168 2862 in
1199 2811 1364 2878 futuro
1407 2810 1619 2873 (Matth.
1719 2816 1830 2869 fra:
1864 2821 2081 2884 Arguant
2121 2829 2184 2883 te,
2213 2831 2254 2868 et
2277 2830 2484 2871 statuam
2504 2821 2686 2890 (Laud.
2724 2821 2856 2887 ante]
2879 2832 3049 2874 contra
3073 2823 3248 2890 faciens

116 2915 191 2962 tu,
209 2901 289 2960 51.
313 2901 422 2968 '52).
442 2901 465 2936 δ
485 2902 619 2954 Ecce
649 2900 864 2954 terribili
897 2901 1150 2952 sententia
1174 2899 1526 2951 irretnissibile
1553 2899 1620 2949 di-
1721 2915 1852 2956 (nam
1879 2906 2034 2974 (Ibid.
2055 2945 2067 2966 ,
2099 2906 2210 2972 21),
2240 2906 2394 2958 David
2419 2907 2655 2958 εῇηιίιῖιθι·
2679 2923 2832 2958 orans
2859 2909 2982 2958 dicit
3008 2909 3070 2958 ad
3101 2907 3249 2960 ειη-ί-

113 2993 282 3043 citesse
303 3002 567 3055 peccatum
590 2993 635 3041 ei
663 2991 746 3056 qui
765 2991 813 3041 in
845 2989 1089 3051 Spiritum
1120 2998 1352 3044 sanctum
1383 2989 1620 3052 blasphe-
1655 3052 1690 3062 Α
1721 3000 1854 3045 stum
1883 3011 1894 3044 :
1931 2992 2229 3052 Domine,ne
2262 2993 2312 3042 in
2341 2993 2418 3042 ira
2445 3000 2529 3042 tua
2558 3008 2740 3059 arguas
2763 3010 2837 3044 me
2866 2993 3034 3062 (I’sal.
3064 3010 3134 3056 vt,
3157 2995 3246 3060 2);

116 3052 322 3128 maverit.
348 3077 438 3145 (al.
461 3052 758 3144 Cutnpar-at]
786 3075 1037 3137 Compara
1063 3076 1180 3126 huic
1205 3074 1474 3125 sententia:
1497 3075 1618 3125 illud
1649 3052 1692 3113 C
1720 3081 1837 3143 quia
1869 3083 1977 3145 Ipse
2006 3089 2249 3130 venturus
2276 3088 2354 3130 est
2378 3093 2596 3144 arguere
2617 3052 2827 3133 omnem
2858 3052 3082 3135 carneis).
3114 3052 3248 3148 Quid

118 3167 231 3231 quod
260 3169 501 3233 scriptum
533 3173 614 3218 est
639 3167 688 3216 in
721 3166 849 3218 libro
875 3173 895 3200 ε
921 3163 1208 3228 Regnorum
1241 3179 1253 3213 :
1290 3163 1344 3212 Si
1373 3165 1621 3228 peccando
1723 3180 1845 3218 vero
1870 3166 1936 3217 de
1964 3163 2155 3229 Spiritu
2193 3173 2373 3216 sancto
2407 3166 2644 3219 Salvator
2671 3167 2721 3219 in
2755 3168 3034 3237 Evangelia
3073 3173 3197 3223 dicit
3224 3173 3247 3221 τ

115 3255 360 3315 paraverit
408 3254 484 3304 vir
521 3254 569 3303 in
604 3251 1008 3313 uirum,’arabunt
1058 3266 1144 3315 pro
1172 3265 1227 3300 eo
1255 3263 1271 3300 :
1302 3249 1342 3300 si
1367 3258 1526 3298 autem
1573 3250 1620 3298 in
1720 3255 1840 3307 Cum
1870 3258 2073 3317 venerit,
2118 3255 2299 3321 inquit,
2349 3251 2650 3316 Paraclitus,
2689 3258 2772 3307 ille
2800 3272 2968 3327 arguet
3001 3263 3239 3313 mundum

117 3339 248 3389 Deum
277 3342 573 3406 peccaverit,
604 3341 711 3406 quis
732 3341 886 3390 orabit
926 3353 1017 3403 pro
1057 3354 1111 3389 eo
1141 3335 1192 3400 (1
1225 3337 1348 3405 lieg.
1397 3351 1429 3389 II
1453 3377 1465 3399 ,
1492 3336 1619 3400 25)?

1717 3347 1778 3395 de
1804 3355 2021 3409 peccaro,
2044 3352 2086 3394 et
2111 3343 2169 3393 de
2190 3343 2399 3407 iustitia,
2429 3353 2472 3395 et
2501 3342 2561 3394 de
2579 3344 2773 3410 judicio
2803 3344 2972 3409 (Joan.
3006 3363 3087 3398 xvt
3111 3388 3127 3410 ,
3164 3351 3237 3414 8).

113 3428 154 3478 Si
174 3444 284 3496 ergo
313 3432 673 3496 blaspliemare
720 3431 769 3481 in
817 3429 1064 3495 Spiritum
1113 3438 1373 3489 sanctum,
1423 3437 1474 3480 et
1505 3442 1623 3493 pec-
1721 3434 1826 3484 Hoc
1857 3432 2142 3498 prtevidens
2187 3429 2343 3482 David
2371 3431 2624 3483 clamabat
2666 3431 2728 3482 ad
2777 3432 3046 3484 Dominam
3077 3451 3091 3484 :
3126 3433 3236 3496 Quo

114 3531 212 3569 care
235 3518 280 3570 in
312 3519 469 3570 Deum
507 3519 703 3582 simila,
741 3519 788 3571 id
818 3527 918 3579 est,
944 3518 1251 3584 ineXpiabile
1276 3520 1474 3568 crimen
1506 3529 1578 3567 est
1598 3558 1611 3579 ,
1717 3523 1796 3574 ibo
1825 3540 1856 3572 α
1876 3521 2068 3586 Spiritu
2100 3530 2198 3585 tuo,
2239 3531 2284 3571 et
2314 3535 2344 3571 a
2385 3519 2511 3586 facie
2547 3528 2631 3571 tua
2652 3536 2750 3587 quo
2799 3522 2986 3588 fugiam
3025 3519 3239 3591 (Psalm.

115 3607 197 3668 jam
225 3619 437 3673 quantus
464 3610 533 3659 sit
565 3606 783 3671 Spiritus
811 3614 1017 3660 sanctus
1045 3607 1398 3673 unusquisque
1428 3622 1620 3672 cegno-
1717 3624 1940 3662 cxxxvm
1959 3651 1971 3670 ,
2004 3609 2095 3674 7)?

117 3697 214 3744 [ιλιι.
1789 3697 1964 3749 XVIII.
2014 3697 2135 3748 Nam
2165 3704 2216 3748 et
2245 3695 2380 3762 quod
2430 3696 2594 3747 bonus
2636 3696 2700 3747 sit
2741 3696 2908 3759 Pater,
2962 3698 3125 3751 bonus
3166 3699 3223 3752 Fi

174 3783 268 3836 XV.
309 3783 581 3836 Prwsentia
615 3781 704 3835 Dei
745 3784 934 3850 ubique.
983 3812 1049 3822 -—
1076 3783 1214 3835 Deus
1245 3783 1378 3848 quod
1430 3783 1623 3849 ubique
1718 3786 1835 3848 lius,
1867 3787 2032 3838 bonus
2058 3785 2278 3850 Spiritus
2304 3794 2531 3846 sanctus,
2559 3783 2634 3835 sic
2663 3785 2928 3848 probatur.
2965 3786 3096 3838 Dicit
3126 3803 3246 3853 pro-

115 3871 398 3935 sitprnsens
427 3880 481 3923 et
523 3872 734 3937 impleat
774 3873 966 3932 omnia,
1009 3885 1100 3923 ore
1145 3870 1392 3922 discimus
1419 3869 1443 3904 ⁴¹
1476 3871 1619 3922 Jere-
1718 3874 1866 3940 pheta
1901 3890 1912 3922 :
1947 3871 2110 3923 Bonus
2138 3887 2187 3923 es
2225 3879 2296 3932 tu,
2327 3868 2554 3930 Domine,
2598 3881 2645 3920 et
2674 3872 2722 3921 in
2769 3872 2982 3924 bonitate
3012 3883 3098 3924 tua
3126 3876 3246 3925 doce

117 3971 212 4008 una
241 3976 253 4009 :
283 3957 408 4024 Ego,
439 3960 636 4024 inquit,
669 3958 798 4009 Deus
827 3959 1207 4022 approximans,
1238 3970 1280 4007 et
1306 3974 1401 4006 non
1421 3958 1481 4006 de
1509 3958 1616 4007 lon-
1715 3976 1790 4011 me
1803 3960 2183 4024 justiﬁcationes
2205 3968 2309 4007 tuas
2336 3956 2499 4021 (Psal.
2528 3971 2683 4008 cxvm
2706 4000 2718 4020 ,
2742 3959 2852 4022 68).
2886 3959 2958 4010 De
2979 3974 3037 4011 se
3065 3972 3236 4012 autem

116 4051 274 4113 ginqua
299 4064 315 4099 :
341 4051 382 4100 si
411 4050 729 4099 absconditus
751 4049 897 4114 fuerit
927 4048 1072 4098 homo
1101 4050 1151 4097 in
1188 4049 1507 4110 absconditis,
1537 4064 1616 4098 er-
1715 4049 1823 4114 ipse
1849 4047 2153 4112 Unigenitus
2177 4062 2189 4096 :
2223 4044 2329 4113 Ego
2353 4061 2458 4094 sum
2481 4056 2646 4109 pastor
2674 4047 2826 4096 banus
2844 4046 3016 4114 (Joan.
3045 4062 3094 4108 ι,
3131 4047 3237 4114 Η).

116 4149 164 4194 go
184 4148 262 4199 ego
286 4149 376 4183 nan
423 4133 595 4184 videbo
633 4134 781 4184 eum?
815 4132 995 4184 Nonne
1023 4134 1198 4184 caelum
1223 4142 1266 4182 et
1310 4144 1492 4183 terram
1521 4150 1612 4202 ego
1717 4136 1788 4188 De
1817 4135 2008 4200 Spiritu
2033 4147 2178 4199 teque
2204 4141 2382 4183 sancto
2413 4131 2571 4182 David
2600 4132 2649 4182 in
2683 4134 2879 4197 psalmo
2899 4135 3024 4187 dicit
3048 4136 3109 4186 ad
3144 4136 3244 4187 Do-

116 4219 266 4282 impleo
291 4219 416 4286 (Jer.
441 4234 597 4280 χχιιι,
627 4218 714 4280 23,
744 4219 870 4286 24)?
899 4220 1033 4284 Quid
1065 4230 1236 4273 autem
1268 4221 1333 4274 de
1373 4236 1462 4272 sua
1496 4221 1609 4272 ubi-
1716 4231 1908 4277 minum
1936 4241 1948 4277 :
1997 4223 2210 4290 Spiritus
2259 4231 2366 4272 tuus
2415 4221 2570 4271 bonus
2600 4221 2806 4274 deducet
2851 4239 2925 4274 me
2970 4225 3019 4276 in
3056 4237 3239 4278 terram

116 4321 196 4369 que
225 4310 484 4373 pra‘scntia
527 4309 763 4360 Salvator
805 4311 853 4360 in
898 4310 1176 4375 Evangelia
1205 4310 1362 4362 dicit?
1395 4310 1611 4363 Ubicun-
1644 4362 1692 4385 n
1717 4315 1928 4385 [Lautl.,
1959 4310 2105 4378 viam]
2134 4321 2314 4362 rectam
2343 4308 2555 4376 (Psalm.
2588 4324 2745 4364 cun.
2780 4311 2883 4376 ll).

116 4409 210 4454 que,
237 4408 301 4446 ait
322 4438 334 4460 ,
367 4398 552 4464 fuerint
583 4397 681 4448 duo
711 4400 783 4449 vel
813 4407 908 4449 tres
939 4399 1128 4450 collecti
1173 4400 1224 4450 in
1255 4403 1449 4450 nomine
1478 4416 1612 4463 meo,
1649 4397 1691 4417 "
1787 4403 1922 4455 XIX.
1963 4402 2087 4466 Quis
2115 4410 2285 4449 autem
2311 4398 2611 4464 dignitatem
2650 4397 2785 4448 illam
2824 4399 3045 4463 Spiritus
3074 4403 3236 4453 sancti

117 4483 166 4532 ibi
192 4493 229 4535 et
257 4500 336 4553 ego
363 4503 471 4538 sum
498 4489 551 4538 in
572 4489 728 4538 medio
757 4503 924 4540 eorum
946 4489 1153 4558 (Matth.
1196 4504 1316 4541 xvnt
1341 4529 1353 4550 ,
1395 4487 1507 4556 20).
1545 4491 1616 4540 Do
1722 4495 1882 4560 possit
1913 4491 2114 4541 tacere?
2159 4487 2367 4553 Antiqui
2411 4486 2547 4538 enim
2600 4487 2864 4552 prophetia
2904 4489 3193 4539 clamabant
3225 4505 3239 4539 :

117 4569 278 4632 Spin‘tu
305 4574 514 4641 adaeque
537 4585 737 4636 sancto,
765 4575 900 4641 quod
929 4576 1067 4628 adsit
1098 4577 1307 4643 ubique,
1340 4579 1467 4629 dicit
1496 4593 1612 4641 pra-
1723 4582 1843 4631 ιΙωε
1858 4581 1976 4628 dicit
1996 4577 2248 4626 Dominus.
2276 4575 2414 4626 Hanc
2439 4589 2614 4626 vocem
2637 4575 2873 4626 Christus
2890 4577 3166 4628 adveniens
3189 4578 3238 4627 in

119 4659 246 4718 pheta
272 4674 332 4713 ex
369 4677 586 4727 persona
617 4662 702 4713 Dei
736 4677 748 4712 :
773 4660 880 4729 Ego
909 4663 956 4713 in
979 4664 1134 4727 vobis,
1161 4675 1203 4714 et
1232 4663 1450 4729 Spiritus
1479 4680 1613 4714 meus
1717 4669 1815 4734 31
1832 4680 1974 4717 suam
1996 4677 2263 4726 personam
2288 4671 2570 4719 revocam.
2594 4662 2799 4712 dicens:
2831 4661 2934 4728 Ego
2950 4673 3109 4714 autem
3132 4649 3240 4713 dico

117 4747 256 4794 statin
280 4749 430 4799 medio
452 4759 666 4801 oestrum
695 4747 899 4809 (Eucti.
935 4766 1124 4816 xxxvs,
1154 4751 1263 4817 27).
1287 4752 1350 4803 Et
1369 4752 1610 4805 Salomon
1715 4756 1848 4808 vobis
1879 4750 2078 4822 (Matth.
2123 4765 2171 4810 v,
2205 4748 2313 4815 ‘22).
2355 4747 2480 4800 Novi
2510 4756 2678 4800 autem
2709 4748 2970 4814 protubetas
2995 4749 3115 4816 quid
3145 4749 3235 4819 [aL

177 4926 194 4985 β
219 4915 353 4985 9011).
386 4919 434 4977 I,
467 4919 734 4970 Scrutator
763 4930 830 4971 est
857 4921 1153 4974 altitudinis.
1721 4926 1950 4979 Galeam.
1987 4919 2046 4970 Et
2075 4919 2281 4983 quidem
2308 4919 2575 4972 Lorichins
2605 4917 2684 4970 hic
2709 4918 2847 4985 legit,
2877 4920 3080 4985 Regum.

176 4981 344 5044 ιθ1ι“ιι1.,
371 4985 574 5057 Germ”
605 4988 843 5057 Colb.}!
875 4990 1124 5049 0rthod.,
1157 4990 1453 5056 Loricliius,
1487 5007 1607 5057 etc.,
1735 4977 1748 4979 ⁷
1784 4991 1809 5027 ά
1844 4990 2024 5040 Plures
2061 4977 2184 5037 mss.
2223 4999 2273 5038 et
2311 4997 2515 5057 veteres
2552 4987 2671 5057 editi
2715 4977 2903 5038 habent
2939 4977 3116 5039 Esaiae.
3149 4989 3236 5040 llic

125 5051 226 5100 Ecce
254 5052 473 5119 terribilis
499 5056 737 5105 sententia
757 5055 776 5104 .’
805 5054 1166 5119 lrremisst’bile,
1202 5072 1302 5111 etc.
1442 5051 1450 5056 ⁷
1595 5051 1605 5057 ’
1719 5071 1885 5112 tatnen
1917 5060 2056 5107 locus
2086 5065 2163 5104 Col
2203 5070 2266 5105 ex
2303 5056 2522 5106 Jeremia
2559 5056 2878 5118 desumptus.

179 5129 194 5154 ε
225 5118 319 5169 Afri
345 5121 530 5184 saepius
561 5121 696 5192 hunc
737 5122 937 5192 titulum
967 5125 1111 5192 libris
1142 5118 1332 5192 llegttm
1359 5131 1610 5183 attribue-
1785 5137 1807 5164 ο
1837 5125 1983 5176 Colb.
2024 5122 2047 5192 I
2092 5123 2466 5192 et_Lorich_ius,
2501 5123 2565 5192 ad
2594 5123 2860 5192 infernum.
2895 5122 2953 5192 Et
2995 5122 3141 5180 intra,
3175 5124 3232 5173 Si

125 5197 251 5244 runt,
280 5198 334 5261 ut
363 5195 499 5261 patet
526 5200 592 5236 ex
625 5186 944 5261 Tertulliani)
987 5191 1075 5241 lib.
1115 5207 1148 5244 ιι
1181 5186 1365 5261 (contra
1396 5197 1608 5249 Marcio.
1714 5187 2300 5261 sumpsero.__l.auduu.,
2347 5190 2404 5242 Si
2454 5190 2861 5261 recipiam.__Pro
2899 5191 2948 5239 in
3000 5193 3232 5239 directum

126 5269 248 5329 ιιιιιιι,
280 5254 732 5332 ὺθίιιοιᾼιιςυδιίιιο
761 5257 976 5332 passim:
1007 5260 1224 5332 conetlio
1266 5277 1320 5332 ιιι
1342 5263 1608 5332 Carthagi-

1715 5254 1860 5314 Colb.
1897 5257 2340 5332 i,_diluCts_l‘o:_pro
2365 5260 2620 5332 extremis,
2639 5256 2964 5332 Cu_lb_._alter,
2989 5268 3230 5332 estremo;

126 5324 270 5397 netisi,
296 5332 390 5372 etc.
427 5321 558 5397 Quin
596 5331 891 5397 etnsanctus
925 5323 1242 5397 Cyprianus,
1268 5328 1456 5397 _Gr:eca
1485 5321 1610 5384 vo'ce
1715 5345 1808 5397 pro
1833 5321 2278 5397 contine_bil,nFul_.,
2301 5323 2499 5386 Germ.,
2521 5336 2572 5376 et
2603 5325 3110 5397 Lorichius._tenebit.

127 5388 390 5460 plerumque
433 5392 591 5460 libras
635 5387 894 5460 Dasileion
944 5387 1186 5460 appellat.
1229 5394 1364 5448 Idem
1419 5398 1608 5450 faciunt

1717 5387 1730 5397 ’
1786 5396 1802 5431 τ
1835 5394 1980 5447 Colb.
2011 5390 2069 5451 1,
2100 5391 2341 5456 Spiritum
2370 5401 2592 5444 sanctum
2621 5406 2789 5457 uocat,
2826 5394 2969 5460 cujus
2998 5392 3229 5458 templum

126 5457 255 5528 etiam
271 5459 501 5529 nonnulli
529 5472 590 5509 ex
613 5457 727 5507 aliis
750 5458 1020 5529 provinciis
1049 5458 1243 5521 Patres,
1274 5465 1409 5529 quod
1434 5475 1605 5520 tamen
1715 5479 1817 5517 esse
1842 5462 2089 5514 debemus.

128 5523 382 5587 improbare
423 5526 622 5578 videtur
664 5535 869 5577 sanctus
917 5525 1255 5593 Hieronymus
1292 5523 1347 5584 in
1388 5535 1602 5597 prologo
