  <div class='ocr_page' id='page_1' title='image "/cluster/home/n/w/nwhite01/storage/ocr_20150623/58-59/uc1.31175013991289/123.png"; bbox 0 0 3922 6432; ppageno 0'>
   <div class='ocr_carea' id='block_1_1' title="bbox 542 388 637 441">
    <p class='ocr_par' dir='ltr' id='par_1_1' title="bbox 542 388 637 441">
     <span class='ocr_line' id='line_1_1' title="bbox 542 388 637 441; baseline 0 0"><span class='ocrx_word' id='word_1_1' title='bbox 542 388 637 441; x_wconf 64' lang='grc'><strong>931</strong></span> 
     </span>
    </p>
   </div>
   <div class='ocr_carea' id='block_1_2' title="bbox 1794 383 3683 440">
    <p class='ocr_par' dir='ltr' id='par_1_2' title="bbox 1794 383 3683 440">
     <span class='ocr_line' id='line_1_2' title="bbox 1794 383 3683 440; baseline 0.003 -6"><span class='ocrx_word' id='word_1_2' title='bbox 1794 383 2088 438; x_wconf 73' lang='lat' dir='ltr'><strong>VICTORIS</strong></span> <span class='ocrx_word' id='word_1_3' title='bbox 2128 384 2433 439; x_wconf 79' lang='lat' dir='ltr'><strong>VITENSIS</strong></span> <span class='ocrx_word' id='word_1_4' title='bbox 3580 390 3683 440; x_wconf 70' lang='grc'><strong>232</strong></span> 
     </span>
    </p>
   </div>
   <div class='ocr_carea' id='block_1_3' title="bbox 542 492 3685 567">
    <p class='ocr_par' dir='ltr' id='par_1_3' title="bbox 542 492 3685 567">
     <span class='ocr_line' id='line_1_3' title="bbox 542 492 3685 567; baseline 0.001 -16"><span class='ocrx_word' id='word_1_5' title='bbox 542 498 652 567; x_wconf 78' lang='lat' dir='ltr'><strong>qui]</strong></span> <span class='ocrx_word' id='word_1_6' title='bbox 680 496 1002 550; x_wconf 83' lang='lat' dir='ltr'><strong>clamabant?</strong></span> <span class='ocrx_word' id='word_1_7' title='bbox 1032 497 1163 549; x_wconf 99' lang='lat' dir='ltr'><strong>sicut</strong></span> <span class='ocrx_word' id='word_1_8' title='bbox 1196 494 1445 561; x_wconf 80' lang='lat' dir='ltr'><strong>prapheta</strong></span> <span class='ocrx_word' id='word_1_9' title='bbox 1498 492 1701 559; x_wconf 86' lang='lat' dir='ltr'><strong>Agabus</strong></span> <span class='ocrx_word' id='word_1_10' title='bbox 1756 494 1807 545; x_wconf 87' lang='lat' dir='ltr'><strong>in</strong></span> <span class='ocrx_word' id='word_1_11' title='bbox 1848 494 2059 547; x_wconf 78' lang='lat' dir='ltr'><strong>Actibus</strong></span> <span class='ocrx_word' id='word_1_12' title='bbox 2088 499 2140 555; x_wconf 78' lang='grc' dir='ltr'><strong>Α</strong></span> <span class='ocrx_word' id='word_1_13' title='bbox 2163 495 2306 557; x_wconf 74' lang='lat' dir='ltr'><strong>dum;</strong></span> <span class='ocrx_word' id='word_1_14' title='bbox 2330 496 2371 547; x_wconf 93' lang='lat' dir='ltr'><strong>si</strong></span> <span class='ocrx_word' id='word_1_15' title='bbox 2408 494 2625 560; x_wconf 84' lang='lat' dir='ltr'><strong>judicat,</strong></span> <span class='ocrx_word' id='word_1_16' title='bbox 2654 496 2696 547; x_wconf 92' lang='lat' dir='ltr'><strong>si</strong></span> <span class='ocrx_word' id='word_1_17' title='bbox 2727 497 2896 549; x_wconf 90' lang='lat' dir='ltr'><strong>bonus</strong></span> <span class='ocrx_word' id='word_1_18' title='bbox 2936 506 2987 549; x_wconf 88' lang='lat' dir='ltr'><strong>et</strong></span> <span class='ocrx_word' id='word_1_19' title='bbox 3017 507 3189 552; x_wconf 89' lang='lat' dir='ltr'><strong>rectus</strong></span> <span class='ocrx_word' id='word_1_20' title='bbox 3210 510 3311 564; x_wconf 89' lang='lat' dir='ltr'><strong>est,</strong></span> <span class='ocrx_word' id='word_1_21' title='bbox 3337 501 3381 553; x_wconf 91' lang='lat' dir='ltr'><strong>si</strong></span> <span class='ocrx_word' id='word_1_22' title='bbox 3401 501 3465 554; x_wconf 87' lang='lat' dir='ltr'><strong>de</strong></span> <span class='ocrx_word' id='word_1_23' title='bbox 3489 515 3554 554; x_wconf 88' lang='lat' dir='ltr'><strong>eo</strong></span> <span class='ocrx_word' id='word_1_24' title='bbox 3578 505 3685 555; x_wconf 79' lang='lat' dir='ltr'><strong>ela-</strong></span> 
     </span>
    </p>
   </div>
   <div class='ocr_carea' id='block_1_4' title="bbox 546 581 2064 651">
    <p class='ocr_par' dir='ltr' id='par_1_4' title="bbox 546 581 2064 651">
     <span class='ocr_line' id='line_1_4' title="bbox 546 581 2064 651; baseline -0.003 -13"><span class='ocrx_word' id='word_1_25' title='bbox 546 586 893 650; x_wconf 87' lang='lat' dir='ltr'><strong>apostulorum</strong></span> <span class='ocrx_word' id='word_1_26' title='bbox 920 601 930 633; x_wconf 93' lang='lat'>:</span> <span class='ocrx_word' id='word_1_27' title='bbox 961 583 1078 635; x_wconf 64' lang='lat' dir='ltr'><strong>Hac</strong></span> <span class='ocrx_word' id='word_1_28' title='bbox 1108 583 1223 633; x_wconf 89' lang='lat' dir='ltr'><strong>dicit</strong></span> <span class='ocrx_word' id='word_1_29' title='bbox 1253 581 1470 648; x_wconf 77' lang='lat' dir='ltr'><strong>Spiritus</strong></span> <span class='ocrx_word' id='word_1_30' title='bbox 1502 589 1701 632; x_wconf 87' lang='lat' dir='ltr'><strong>sanctus</strong></span> <span class='ocrx_word' id='word_1_31' title='bbox 1750 582 1881 651; x_wconf 86' lang='lat' dir='ltr'><strong>(Act.</strong></span> <span class='ocrx_word' id='word_1_32' title='bbox 1937 597 2023 633; x_wconf 77' lang='lat' dir='ltr'><strong>ut</strong></span> <span class='ocrx_word' id='word_1_33' title='bbox 2048 622 2064 645; x_wconf 88' lang='lat'><strong>,</strong></span> 
     </span>
    </p>
   </div>
   <div class='ocr_carea' id='block_1_5' title="bbox 545 668 2063 735">
    <p class='ocr_par' dir='ltr' id='par_1_5' title="bbox 545 668 2063 735">
     <span class='ocr_line' id='line_1_5' title="bbox 545 668 2063 735; baseline -0.003 -10"><span class='ocrx_word' id='word_1_34' title='bbox 545 674 655 732; x_wconf 84' lang='grc'><strong>11).</strong></span> <span class='ocrx_word' id='word_1_35' title='bbox 699 673 763 724; x_wconf 90' lang='lat' dir='ltr'><strong>Et</strong></span> <span class='ocrx_word' id='word_1_36' title='bbox 806 671 991 723; x_wconf 83' lang='lat' dir='ltr'><strong>Paulus</strong></span> <span class='ocrx_word' id='word_1_37' title='bbox 1037 670 1098 720; x_wconf 83' lang='lat' dir='ltr'><strong>ad</strong></span> <span class='ocrx_word' id='word_1_38' title='bbox 1143 669 1469 721; x_wconf 84' lang='lat' dir='ltr'><strong>TimOtheum</strong></span> <span class='ocrx_word' id='word_1_39' title='bbox 1515 686 1525 717; x_wconf 89' lang='lat'><strong>:</strong></span> <span class='ocrx_word' id='word_1_40' title='bbox 1562 668 1809 735; x_wconf 88' lang='lat' dir='ltr'><strong>Spiritus,</strong></span> <span class='ocrx_word' id='word_1_41' title='bbox 1866 668 2063 735; x_wconf 87' lang='lat' dir='ltr'><strong>inquit,</strong></span> 
     </span>
    </p>
   </div>
   <div class='ocr_carea' id='block_1_6' title="bbox 542 756 2068 827">
    <p class='ocr_par' dir='ltr' id='par_1_6' title="bbox 542 756 2068 827">
     <span class='ocr_line' id='line_1_6' title="bbox 542 756 2068 827; baseline -0.001 -16"><span class='ocrx_word' id='word_1_42' title='bbox 542 762 800 827; x_wconf 72' lang='lat' dir='ltr'><strong>manifeste</strong></span> <span class='ocrx_word' id='word_1_43' title='bbox 826 760 943 809; x_wconf 86' lang='lat' dir='ltr'><strong>dicit</strong></span> <span class='ocrx_word' id='word_1_44' title='bbox 970 758 1017 826; x_wconf 83' lang='grc'><strong>(1</strong></span> <span class='ocrx_word' id='word_1_45' title='bbox 1050 756 1179 807; x_wconf 85' lang='lat' dir='ltr'><strong>Tim.</strong></span> <span class='ocrx_word' id='word_1_46' title='bbox 1234 772 1311 817; x_wconf 85' lang='lat' dir='ltr'><strong>tv,</strong></span> <span class='ocrx_word' id='word_1_47' title='bbox 1346 758 1418 822; x_wconf 87' lang='grc'><strong>1).</strong></span> <span class='ocrx_word' id='word_1_48' title='bbox 1456 758 1581 819; x_wconf 62' lang='lat' dir='ltr'><strong>Quae</strong></span> <span class='ocrx_word' id='word_1_49' title='bbox 1616 770 1711 809; x_wconf 81' lang='lat' dir='ltr'><strong>vos</strong></span> <span class='ocrx_word' id='word_1_50' title='bbox 1742 760 1953 809; x_wconf 83' lang='lat' dir='ltr'><strong>omnino</strong></span> <span class='ocrx_word' id='word_1_51' title='bbox 1980 757 2068 810; x_wconf 83' lang='lat' dir='ltr'><strong>de-</strong></span> 
     </span>
    </p>
   </div>
   <div class='ocr_carea' id='block_1_7' title="bbox 543 843 2068 911">
    <p class='ocr_par' dir='ltr' id='par_1_7' title="bbox 543 843 2068 911">
     <span class='ocr_line' id='line_1_7' title="bbox 543 843 2068 911; baseline -0.001 -12"><span class='ocrx_word' id='word_1_52' title='bbox 543 856 796 899; x_wconf 73' lang='lat' dir='ltr'><strong>monstrat</strong></span> <span class='ocrx_word' id='word_1_53' title='bbox 824 843 1214 898; x_wconf 79' lang='lat' dir='ltr'><strong>indiﬁereutiam</strong></span> <span class='ocrx_word' id='word_1_54' title='bbox 1242 844 1526 896; x_wconf 71' lang='lat' dir='ltr'><strong>Trinitatis.</strong></span> <span class='ocrx_word' id='word_1_55' title='bbox 1561 843 1627 895; x_wconf 87' lang='lat' dir='ltr'><strong>Et</strong></span> <span class='ocrx_word' id='word_1_56' title='bbox 1654 844 1840 895; x_wconf 84' lang='lat' dir='ltr'><strong>Paulus</strong></span> <span class='ocrx_word' id='word_1_57' title='bbox 1863 844 2068 911; x_wconf 83' lang='lat' dir='ltr'><strong>quidem</strong></span> 
     </span>
    </p>
   </div>
   <div class='ocr_carea' id='block_1_8' title="bbox 540 931 2071 988">
    <p class='ocr_par' dir='ltr' id='par_1_8' title="bbox 540 931 2071 988">
     <span class='ocr_line' id='line_1_8' title="bbox 540 931 2071 988; baseline -0.003 -1"><span class='ocrx_word' id='word_1_58' title='bbox 540 936 659 988; x_wconf 83' lang='lat' dir='ltr'><strong>dicit</strong></span> <span class='ocrx_word' id='word_1_59' title='bbox 687 950 742 987; x_wconf 88' lang='lat' dir='ltr'><strong>se</strong></span> <span class='ocrx_word' id='word_1_60' title='bbox 784 948 814 985; x_wconf 89' lang='lat' dir='ltr'><strong>a</strong></span> <span class='ocrx_word' id='word_1_61' title='bbox 841 933 949 985; x_wconf 89' lang='lat' dir='ltr'><strong>Deo</strong></span> <span class='ocrx_word' id='word_1_62' title='bbox 992 933 1143 984; x_wconf 85' lang='lat' dir='ltr'><strong>Patre</strong></span> <span class='ocrx_word' id='word_1_63' title='bbox 1172 942 1224 983; x_wconf 88' lang='lat' dir='ltr'><strong>et</strong></span> <span class='ocrx_word' id='word_1_64' title='bbox 1276 932 1483 985; x_wconf 80' lang='lat' dir='ltr'><strong>Christo</strong></span> <span class='ocrx_word' id='word_1_65' title='bbox 1530 941 1767 983; x_wconf 87' lang='lat' dir='ltr'><strong>vocatum</strong></span> <span class='ocrx_word' id='word_1_66' title='bbox 1817 931 1976 985; x_wconf 87' lang='lat' dir='ltr'><strong>fuisse</strong></span> <span class='ocrx_word' id='word_1_67' title='bbox 2020 940 2071 984; x_wconf 88' lang='lat' dir='ltr'><strong>et</strong></span> 
     </span>
    </p>
   </div>
   <div class='ocr_carea' id='block_1_9' title="bbox 539 1020 2088 1088">
    <p class='ocr_par' dir='ltr' id='par_1_9' title="bbox 539 1020 2088 1088">
     <span class='ocr_line' id='line_1_9' title="bbox 539 1020 2088 1088; baseline -0.003 -13"><span class='ocrx_word' id='word_1_68' title='bbox 539 1026 751 1077; x_wconf 79' lang='lat' dir='ltr'><strong>missum</strong></span> <span class='ocrx_word' id='word_1_69' title='bbox 782 1040 797 1075; x_wconf 86' lang='lat'><strong>:</strong></span> <span class='ocrx_word' id='word_1_70' title='bbox 829 1022 1056 1083; x_wconf 88' lang='lat' dir='ltr'><strong>Paulus,</strong></span> <span class='ocrx_word' id='word_1_71' title='bbox 1089 1021 1286 1088; x_wconf 88' lang='lat' dir='ltr'><strong>inquit,</strong></span> <span class='ocrx_word' id='word_1_72' title='bbox 1332 1020 1585 1084; x_wconf 76' lang='lat' dir='ltr'><strong>apostolus</strong></span> <span class='ocrx_word' id='word_1_73' title='bbox 1613 1036 1710 1071; x_wconf 89' lang='lat' dir='ltr'><strong>non</strong></span> <span class='ocrx_word' id='word_1_74' title='bbox 1746 1022 1807 1071; x_wconf 84' lang='lat' dir='ltr'><strong>ab</strong></span> <span class='ocrx_word' id='word_1_75' title='bbox 1851 1021 2088 1071; x_wconf 84' lang='lat' dir='ltr'><strong>homini-&#39;</strong></span> 
     </span>
    </p>
   </div>
   <div class='ocr_carea' id='block_1_10' title="bbox 540 1108 2067 1177">
    <p class='ocr_par' dir='ltr' id='par_1_10' title="bbox 540 1108 2067 1177">
     <span class='ocr_line' id='line_1_10' title="bbox 540 1108 2067 1177; baseline -0.002 -15"><span class='ocrx_word' id='word_1_76' title='bbox 540 1113 628 1163; x_wconf 85' lang='lat' dir='ltr'><strong>bus</strong></span> <span class='ocrx_word' id='word_1_77' title='bbox 671 1128 821 1177; x_wconf 88' lang='lat' dir='ltr'><strong>neque</strong></span> <span class='ocrx_word' id='word_1_78' title='bbox 878 1128 963 1172; x_wconf 75' lang='lat' dir='ltr'><strong>per</strong></span> <span class='ocrx_word' id='word_1_79' title='bbox 1008 1111 1287 1173; x_wconf 55' lang='lat' dir='ltr'><strong>hominem,</strong></span> <span class='ocrx_word' id='word_1_80' title='bbox 1330 1110 1414 1160; x_wconf 81' lang='lat' dir='ltr'><strong>sed</strong></span> <span class='ocrx_word' id='word_1_81' title='bbox 1457 1126 1541 1175; x_wconf 87' lang='lat' dir='ltr'><strong>per</strong></span> <span class='ocrx_word' id='word_1_82' title='bbox 1578 1108 1749 1161; x_wconf 74' lang='lat' dir='ltr'><strong>Iesum</strong></span> <span class='ocrx_word' id='word_1_83' title='bbox 1784 1109 2067 1174; x_wconf 74' lang='lat' dir='ltr'><strong>Christum,</strong></span> 
     </span>
    </p>
   </div>
   <div class='ocr_carea' id='block_1_11' title="bbox 541 1193 2072 1265">
    <p class='ocr_par' dir='ltr' id='par_1_11' title="bbox 541 1193 2072 1265">
     <span class='ocr_line' id='line_1_11' title="bbox 541 1193 2072 1265; baseline -0.001 -17"><span class='ocrx_word' id='word_1_84' title='bbox 541 1196 755 1265; x_wconf 87' lang='lat' dir='ltr'><strong>[Laud.,</strong></span> <span class='ocrx_word' id='word_1_85' title='bbox 785 1197 896 1265; x_wconf 73' lang='lat' dir='ltr'><strong>ad.)</strong></span> <span class='ocrx_word' id='word_1_86' title='bbox 924 1204 969 1248; x_wconf 92' lang='lat' dir='ltr'><strong>et</strong></span> <span class='ocrx_word' id='word_1_87' title='bbox 994 1195 1153 1247; x_wconf 88' lang='lat' dir='ltr'><strong>Deum</strong></span> <span class='ocrx_word' id='word_1_88' title='bbox 1185 1194 1382 1246; x_wconf 66' lang='lat' dir='ltr'><strong>Patren:</strong></span> <span class='ocrx_word' id='word_1_89' title='bbox 1410 1193 1548 1262; x_wconf 87' lang='lat' dir='ltr'><strong>(Gal.</strong></span> <span class='ocrx_word' id='word_1_90' title='bbox 1590 1211 1633 1257; x_wconf 85' lang='grc' dir='ltr'>ι,</span> <span class='ocrx_word' id='word_1_91' title='bbox 1668 1196 1739 1259; x_wconf 87' lang='grc'><strong>1).</strong></span> <span class='ocrx_word' id='word_1_92' title='bbox 1774 1195 1824 1247; x_wconf 82' lang='grc' dir='ltr'><strong>1η</strong></span> <span class='ocrx_word' id='word_1_93' title='bbox 1855 1194 2072 1247; x_wconf 83' lang='lat' dir='ltr'><strong>Actibus</strong></span> 
     </span>
    </p>
   </div>
   <div class='ocr_carea' id='block_1_12' title="bbox 540 1280 2070 1351">
    <p class='ocr_par' dir='ltr' id='par_1_12' title="bbox 540 1280 2070 1351">
     <span class='ocr_line' id='line_1_12' title="bbox 540 1280 2070 1351; baseline 0 -16"><span class='ocrx_word' id='word_1_94' title='bbox 540 1293 709 1337; x_wconf 89' lang='lat' dir='ltr'><strong>autem</strong></span> <span class='ocrx_word' id='word_1_95' title='bbox 735 1280 1087 1351; x_wconf 83' lang='lat' dir='ltr'><strong>apostolorum</strong></span> <span class='ocrx_word' id='word_1_96' title='bbox 1128 1282 1315 1347; x_wconf 79' lang='lat' dir='ltr'><strong>legitur</strong></span> <span class='ocrx_word' id='word_1_97' title='bbox 1340 1282 1474 1347; x_wconf 89' lang='lat' dir='ltr'><strong>quod</strong></span> <span class='ocrx_word' id='word_1_98' title='bbox 1514 1296 1541 1332; x_wconf 88' lang='lat' dir='ltr'><strong>a</strong></span> <span class='ocrx_word' id='word_1_99' title='bbox 1568 1282 1760 1347; x_wconf 89' lang='lat' dir='ltr'><strong>Spiritu</strong></span> <span class='ocrx_word' id='word_1_100' title='bbox 1791 1294 1970 1334; x_wconf 89' lang='lat' dir='ltr'><strong>sancto</strong></span> <span class='ocrx_word' id='word_1_101' title='bbox 2004 1283 2070 1335; x_wconf 86' lang='lat' dir='ltr'><strong>sit</strong></span> 
     </span>
    </p>
   </div>
   <div class='ocr_carea' id='block_1_13' title="bbox 541 1367 2070 1437">
    <p class='ocr_par' dir='ltr' id='par_1_13' title="bbox 541 1367 2070 1437">
     <span class='ocr_line' id='line_1_13' title="bbox 541 1367 2070 1437; baseline -0.003 -14"><span class='ocrx_word' id='word_1_102' title='bbox 541 1381 841 1437; x_wconf 86' lang='lat' dir='ltr'><strong>segregatus</strong></span> <span class='ocrx_word' id='word_1_103' title='bbox 865 1378 919 1422; x_wconf 89' lang='lat' dir='ltr'><strong>et</strong></span> <span class='ocrx_word' id='word_1_104' title='bbox 946 1370 1153 1421; x_wconf 89' lang='lat' dir='ltr'><strong>missus.</strong></span> <span class='ocrx_word' id='word_1_105' title='bbox 1188 1368 1272 1421; x_wconf 90' lang='lat' dir='ltr'><strong>Sic</strong></span> <span class='ocrx_word' id='word_1_106' title='bbox 1311 1368 1447 1419; x_wconf 89' lang='lat' dir='ltr'><strong>enim</strong></span> <span class='ocrx_word' id='word_1_107' title='bbox 1497 1369 1749 1433; x_wconf 87' lang='lat' dir='ltr'><strong>scriptum</strong></span> <span class='ocrx_word' id='word_1_108' title='bbox 1794 1378 1873 1420; x_wconf 87' lang='lat' dir='ltr'><strong>est</strong></span> <span class='ocrx_word' id='word_1_109' title='bbox 1903 1386 1914 1418; x_wconf 92' lang='lat'><strong>:</strong></span> <span class='ocrx_word' id='word_1_110' title='bbox 1949 1367 2070 1419; x_wconf 65' lang='lat' dir='ltr'><strong>licet:</strong></span> 
     </span>
    </p>
   </div>
   <div class='ocr_carea' id='block_1_14' title="bbox 542 1454 2072 1523">
    <p class='ocr_par' dir='ltr' id='par_1_14' title="bbox 542 1454 2072 1523">
     <span class='ocr_line' id='line_1_14' title="bbox 542 1454 2072 1523; baseline -0.002 -14"><span class='ocrx_word' id='word_1_111' title='bbox 542 1458 661 1509; x_wconf 85' lang='lat' dir='ltr'><strong>dicit</strong></span> <span class='ocrx_word' id='word_1_112' title='bbox 710 1457 927 1523; x_wconf 86' lang='lat' dir='ltr'><strong>Spiritus</strong></span> <span class='ocrx_word' id='word_1_113' title='bbox 975 1468 1220 1509; x_wconf 80' lang='lat' dir='ltr'><strong>sanctus:</strong></span> <span class='ocrx_word' id='word_1_114' title='bbox 1266 1454 1534 1522; x_wconf 64' lang='lat' dir='ltr'><strong>Segregare</strong></span> <span class='ocrx_word' id='word_1_115' title='bbox 1559 1454 1678 1504; x_wconf 79' lang='lat' dir='ltr'><strong>mihi</strong></span> <span class='ocrx_word' id='word_1_116' title='bbox 1719 1454 1997 1505; x_wconf 89' lang='lat' dir='ltr'><strong>Barnabam</strong></span> <span class='ocrx_word' id='word_1_117' title='bbox 2024 1466 2072 1507; x_wconf 89' lang='lat' dir='ltr'><strong>et</strong></span> 
     </span>
    </p>
   </div>
   <div class='ocr_carea' id='block_1_15' title="bbox 544 1541 2068 1610">
    <p class='ocr_par' dir='ltr' id='par_1_15' title="bbox 544 1541 2068 1610">
     <span class='ocr_line' id='line_1_15' title="bbox 544 1541 2068 1610; baseline -0.003 -12"><span class='ocrx_word' id='word_1_118' title='bbox 544 1545 754 1598; x_wconf 87' lang='lat' dir='ltr'><strong>Saulum</strong></span> <span class='ocrx_word' id='word_1_119' title='bbox 771 1545 823 1595; x_wconf 88' lang='lat' dir='ltr'><strong>in</strong></span> <span class='ocrx_word' id='word_1_120' title='bbox 850 1558 972 1607; x_wconf 85' lang='lat' dir='ltr'><strong>apus</strong></span> <span class='ocrx_word' id='word_1_121' title='bbox 996 1558 1092 1609; x_wconf 88' lang='lat' dir='ltr'><strong>quo</strong></span> <span class='ocrx_word' id='word_1_122' title='bbox 1115 1543 1280 1593; x_wconf 79' lang='lat' dir='ltr'><strong>vocavi</strong></span> <span class='ocrx_word' id='word_1_123' title='bbox 1306 1557 1387 1592; x_wconf 90' lang='lat' dir='ltr'><strong>eos</strong></span> <span class='ocrx_word' id='word_1_124' title='bbox 1412 1541 1543 1610; x_wconf 81' lang='lat' dir='ltr'><strong>(Act.</strong></span> <span class='ocrx_word' id='word_1_125' title='bbox 1574 1556 1662 1593; x_wconf 84' lang='lat' dir='ltr'><strong>xm</strong></span> <span class='ocrx_word' id='word_1_126' title='bbox 1681 1583 1696 1605; x_wconf 93' lang='lat'><strong>,</strong></span> <span class='ocrx_word' id='word_1_127' title='bbox 1728 1542 1804 1609; x_wconf 76' lang='grc' dir='ltr'><strong>Ξ).</strong></span> <span class='ocrx_word' id='word_1_128' title='bbox 1827 1542 1889 1592; x_wconf 84' lang='grc' dir='ltr'>Ει</span> <span class='ocrx_word' id='word_1_129' title='bbox 1917 1544 2068 1607; x_wconf 83' lang='lat' dir='ltr'><strong>paulo</strong></span> 
     </span>
    </p>
   </div>
   <div class='ocr_carea' id='block_1_16' title="bbox 544 1629 2071 1699">
    <p class='ocr_par' dir='ltr' id='par_1_16' title="bbox 544 1629 2071 1699">
     <span class='ocr_line' id='line_1_16' title="bbox 544 1629 2071 1699; baseline -0.003 -13"><span class='ocrx_word' id='word_1_130' title='bbox 544 1642 659 1699; x_wconf 81' lang='lat' dir='ltr'><strong>post</strong></span> <span class='ocrx_word' id='word_1_131' title='bbox 688 1651 699 1683; x_wconf 91' lang='lat'>:</span> <span class='ocrx_word' id='word_1_132' title='bbox 733 1631 869 1697; x_wconf 89' lang='lat' dir='ltr'><strong>Ipsi,</strong></span> <span class='ocrx_word' id='word_1_133' title='bbox 910 1632 1107 1698; x_wconf 86' lang='lat' dir='ltr'><strong>inquit,</strong></span> <span class='ocrx_word' id='word_1_134' title='bbox 1147 1631 1279 1683; x_wconf 88' lang='lat' dir='ltr'><strong>missi</strong></span> <span class='ocrx_word' id='word_1_135' title='bbox 1314 1647 1344 1681; x_wconf 91' lang='lat' dir='ltr'><strong>a</strong></span> <span class='ocrx_word' id='word_1_136' title='bbox 1385 1629 1579 1698; x_wconf 84' lang='lat' dir='ltr'><strong>Spiritu</strong></span> <span class='ocrx_word' id='word_1_137' title='bbox 1609 1640 1777 1681; x_wconf 88' lang='lat' dir='ltr'><strong>sancto</strong></span> <span class='ocrx_word' id='word_1_138' title='bbox 1807 1631 2071 1682; x_wconf 85' lang='lat' dir='ltr'><strong>descende-</strong></span> 
     </span>
    </p>
   </div>
   <div class='ocr_carea' id='block_1_17' title="bbox 544 1716 2071 1784">
    <p class='ocr_par' dir='ltr' id='par_1_17' title="bbox 544 1716 2071 1784">
     <span class='ocr_line' id='line_1_17' title="bbox 544 1716 2071 1784; baseline -0.002 -12"><span class='ocrx_word' id='word_1_139' title='bbox 544 1730 659 1772; x_wconf 87' lang='lat' dir='ltr'><strong>runt</strong></span> <span class='ocrx_word' id='word_1_140' title='bbox 696 1720 971 1773; x_wconf 75' lang='lat' dir='ltr'><strong>Seleuciam</strong></span> <span class='ocrx_word' id='word_1_141' title='bbox 998 1717 1188 1784; x_wconf 86' lang='lat' dir='ltr'><strong>(lbid.,</strong></span> <span class='ocrx_word' id='word_1_142' title='bbox 1220 1718 1293 1784; x_wconf 73' lang='grc'><strong>4).</strong></span> <span class='ocrx_word' id='word_1_143' title='bbox 1326 1716 1449 1770; x_wconf 92' lang='lat' dir='ltr'><strong>ltem</strong></span> <span class='ocrx_word' id='word_1_144' title='bbox 1477 1718 1528 1769; x_wconf 91' lang='lat' dir='ltr'><strong>in</strong></span> <span class='ocrx_word' id='word_1_145' title='bbox 1560 1718 1743 1769; x_wconf 87' lang='lat' dir='ltr'><strong>eodem</strong></span> <span class='ocrx_word' id='word_1_146' title='bbox 1777 1716 1948 1769; x_wconf 88' lang='lat' dir='ltr'><strong>libro:</strong></span> <span class='ocrx_word' id='word_1_147' title='bbox 1982 1719 2071 1769; x_wconf 82' lang='lat' dir='ltr'><strong>At-</strong></span> 
     </span>
    </p>
   </div>
   <div class='ocr_carea' id='block_1_18' title="bbox 2167 583 3682 655">
    <p class='ocr_par' dir='ltr' id='par_1_18' title="bbox 2167 583 3682 655">
     <span class='ocr_line' id='line_1_18' title="bbox 2167 583 3682 655; baseline 0.005 -19"><span class='ocrx_word' id='word_1_148' title='bbox 2167 583 2500 636; x_wconf 72' lang='lat' dir='ltr'><strong>matur:Hazc</strong></span> <span class='ocrx_word' id='word_1_149' title='bbox 2524 584 2641 634; x_wconf 85' lang='lat' dir='ltr'><strong>dicit</strong></span> <span class='ocrx_word' id='word_1_150' title='bbox 2662 583 2881 653; x_wconf 86' lang='lat' dir='ltr'><strong>Spiritus</strong></span> <span class='ocrx_word' id='word_1_151' title='bbox 2900 596 3133 650; x_wconf 83' lang='lat' dir='ltr'><strong>sanctus;</strong></span> <span class='ocrx_word' id='word_1_152' title='bbox 3160 590 3200 639; x_wconf 88' lang='lat' dir='ltr'><strong>si</strong></span> <span class='ocrx_word' id='word_1_153' title='bbox 3232 588 3509 655; x_wconf 81' lang='lat' dir='ltr'><strong>prophetas</strong></span> <span class='ocrx_word' id='word_1_154' title='bbox 3557 605 3682 642; x_wconf 80' lang='lat' dir='ltr'><strong>con-</strong></span> 
     </span>
    </p>
   </div>
   <div class='ocr_carea' id='block_1_19' title="bbox 2166 672 3681 742">
    <p class='ocr_par' dir='ltr' id='par_1_19' title="bbox 2166 672 3681 742">
     <span class='ocr_line' id='line_1_19' title="bbox 2166 672 3681 742; baseline 0.003 -18"><span class='ocrx_word' id='word_1_155' title='bbox 2166 674 2353 734; x_wconf 84' lang='lat' dir='ltr'><strong>stituit,</strong></span> <span class='ocrx_word' id='word_1_156' title='bbox 2386 672 2428 724; x_wconf 88' lang='lat' dir='ltr'><strong>si</strong></span> <span class='ocrx_word' id='word_1_157' title='bbox 2474 672 2737 739; x_wconf 87' lang='lat' dir='ltr'><strong>apostolos</strong></span> <span class='ocrx_word' id='word_1_158' title='bbox 2770 674 2943 736; x_wconf 88' lang='lat' dir='ltr'><strong>mittit,</strong></span> <span class='ocrx_word' id='word_1_159' title='bbox 2968 676 3011 726; x_wconf 90' lang='lat' dir='ltr'><strong>si</strong></span> <span class='ocrx_word' id='word_1_160' title='bbox 3056 676 3326 742; x_wconf 82' lang='lat' dir='ltr'><strong>episcopos</strong></span> <span class='ocrx_word' id='word_1_161' title='bbox 3375 676 3609 738; x_wconf 67' lang='lat' dir='ltr'><strong>prteﬁcit,</strong></span> <span class='ocrx_word' id='word_1_162' title='bbox 3637 676 3681 729; x_wconf 88' lang='lat' dir='ltr'><strong>si</strong></span> 
     </span>
    </p>
   </div>
   <div class='ocr_carea' id='block_1_20' title="bbox 2167 760 3681 829">
    <p class='ocr_par' dir='ltr' id='par_1_20' title="bbox 2167 760 3681 829">
     <span class='ocr_line' id='line_1_20' title="bbox 2167 760 3681 829; baseline 0.002 -18"><span class='ocrx_word' id='word_1_163' title='bbox 2167 760 2463 812; x_wconf 72' lang='lat' dir='ltr'><strong>consolator</strong></span> <span class='ocrx_word' id='word_1_164' title='bbox 2496 770 2595 821; x_wconf 90' lang='lat' dir='ltr'><strong>est,</strong></span> <span class='ocrx_word' id='word_1_165' title='bbox 2638 760 2680 811; x_wconf 94' lang='lat' dir='ltr'><strong>si</strong></span> <span class='ocrx_word' id='word_1_166' title='bbox 2731 770 2912 812; x_wconf 89' lang='lat' dir='ltr'><strong>cuncta</strong></span> <span class='ocrx_word' id='word_1_167' title='bbox 2958 762 3223 828; x_wconf 87' lang='lat' dir='ltr'><strong>dispensat</strong></span> <span class='ocrx_word' id='word_1_168' title='bbox 3274 769 3434 829; x_wconf 88' lang='lat' dir='ltr'><strong>prout</strong></span> <span class='ocrx_word' id='word_1_169' title='bbox 3471 763 3602 825; x_wconf 91' lang='lat' dir='ltr'><strong>vult,</strong></span> <span class='ocrx_word' id='word_1_170' title='bbox 3638 763 3681 814; x_wconf 90' lang='lat' dir='ltr'><strong>si</strong></span> 
     </span>
    </p>
   </div>
   <div class='ocr_carea' id='block_1_21' title="bbox 2167 846 3681 913">
    <p class='ocr_par' dir='ltr' id='par_1_21' title="bbox 2167 846 3681 913">
     <span class='ocr_line' id='line_1_21' title="bbox 2167 846 3681 913; baseline 0.003 -16"><span class='ocrx_word' id='word_1_171' title='bbox 2167 848 2329 899; x_wconf 89' lang='lat' dir='ltr'><strong>abluit</strong></span> <span class='ocrx_word' id='word_1_172' title='bbox 2371 856 2424 898; x_wconf 87' lang='lat' dir='ltr'><strong>et</strong></span> <span class='ocrx_word' id='word_1_173' title='bbox 2460 846 2731 913; x_wconf 84' lang='lat' dir='ltr'><strong>justiﬁcaI,</strong></span> <span class='ocrx_word' id='word_1_174' title='bbox 2761 848 2803 898; x_wconf 87' lang='lat' dir='ltr'><strong>si</strong></span> <span class='ocrx_word' id='word_1_175' title='bbox 2850 855 3134 905; x_wconf 78' lang='lat' dir='ltr'><strong>tentatores</strong></span> <span class='ocrx_word' id='word_1_176' title='bbox 3182 861 3303 900; x_wconf 87' lang='lat' dir='ltr'><strong>suos</strong></span> <span class='ocrx_word' id='word_1_177' title='bbox 3330 848 3608 910; x_wconf 81' lang='lat' dir='ltr'><strong>interﬁcit;</strong></span> <span class='ocrx_word' id='word_1_178' title='bbox 3639 849 3681 901; x_wconf 90' lang='lat' dir='ltr'><strong>si</strong></span> 
     </span>
    </p>
   </div>
   <div class='ocr_carea' id='block_1_22' title="bbox 2168 935 3682 1002">
    <p class='ocr_par' dir='ltr' id='par_1_22' title="bbox 2168 935 3682 1002">
     <span class='ocr_line' id='line_1_22' title="bbox 2168 935 3682 1002; baseline 0 -15"><span class='ocrx_word' id='word_1_179' title='bbox 2168 935 2212 987; x_wconf 88' lang='lat' dir='ltr'><strong>is</strong></span> <span class='ocrx_word' id='word_1_180' title='bbox 2254 935 2343 1002; x_wconf 91' lang='lat' dir='ltr'><strong>qui</strong></span> <span class='ocrx_word' id='word_1_181' title='bbox 2370 950 2485 987; x_wconf 91' lang='lat' dir='ltr'><strong>eum</strong></span> <span class='ocrx_word' id='word_1_182' title='bbox 2529 936 2961 1001; x_wconf 70' lang='lat' dir='ltr'><strong>blasphemaverit</strong></span> <span class='ocrx_word' id='word_1_183' title='bbox 2990 950 3090 989; x_wconf 90' lang='lat' dir='ltr'><strong>non</strong></span> <span class='ocrx_word' id='word_1_184' title='bbox 3123 936 3276 988; x_wconf 88' lang='lat' dir='ltr'><strong>habet</strong></span> <span class='ocrx_word' id='word_1_185' title='bbox 3300 936 3682 999; x_wconf 59' lang='lat' dir='ltr'><strong>remissionem,</strong></span> 
     </span>
    </p>
   </div>
   <div class='ocr_carea' id='block_1_23' title="bbox 2169 1022 3685 1090">
    <p class='ocr_par' dir='ltr' id='par_1_23' title="bbox 2169 1022 3685 1090">
     <span class='ocr_line' id='line_1_23' title="bbox 2169 1022 3685 1090; baseline -0.002 -16"><span class='ocrx_word' id='word_1_186' title='bbox 2169 1036 2337 1089; x_wconf 88' lang='lat' dir='ltr'><strong>neque</strong></span> <span class='ocrx_word' id='word_1_187' title='bbox 2367 1023 2417 1073; x_wconf 90' lang='lat' dir='ltr'><strong>in</strong></span> <span class='ocrx_word' id='word_1_188' title='bbox 2454 1022 2551 1075; x_wconf 90' lang='lat' dir='ltr'><strong>hoc</strong></span> <span class='ocrx_word' id='word_1_189' title='bbox 2591 1024 2802 1085; x_wconf 69' lang='lat' dir='ltr'><strong>sarculo,</strong></span> <span class='ocrx_word' id='word_1_190' title='bbox 2833 1038 2997 1088; x_wconf 84' lang='lat' dir='ltr'><strong>neque</strong></span> <span class='ocrx_word' id='word_1_191' title='bbox 3025 1024 3076 1075; x_wconf 90' lang='lat' dir='ltr'><strong>in</strong></span> <span class='ocrx_word' id='word_1_192' title='bbox 3125 1022 3315 1089; x_wconf 82' lang='lat' dir='ltr'><strong>futuro,</strong></span> <span class='ocrx_word' id='word_1_193' title='bbox 3347 1024 3485 1090; x_wconf 87' lang='lat' dir='ltr'><strong>quod</strong></span> <span class='ocrx_word' id='word_1_194' title='bbox 3513 1025 3685 1086; x_wconf 76' lang='lat' dir='ltr'><strong>utique</strong></span> 
     </span>
    </p>
   </div>
   <div class='ocr_carea' id='block_1_24' title="bbox 2169 1110 3683 1179">
    <p class='ocr_par' dir='ltr' id='par_1_24' title="bbox 2169 1110 3683 1179">
     <span class='ocr_line' id='line_1_24' title="bbox 2169 1110 3683 1179; baseline -0.001 -17"><span class='ocrx_word' id='word_1_195' title='bbox 2169 1110 2277 1162; x_wconf 84' lang='lat' dir='ltr'><strong>Deo</strong></span> <span class='ocrx_word' id='word_1_196' title='bbox 2315 1110 2576 1177; x_wconf 89' lang='lat' dir='ltr'><strong>proprium</strong></span> <span class='ocrx_word' id='word_1_197' title='bbox 2607 1120 2686 1163; x_wconf 90' lang='lat' dir='ltr'><strong>est</strong></span> <span class='ocrx_word' id='word_1_198' title='bbox 2717 1128 2730 1162; x_wconf 89' lang='lat'><strong>:</strong></span> <span class='ocrx_word' id='word_1_199' title='bbox 2762 1112 2870 1162; x_wconf 65' lang='lat' dir='ltr'><strong>haec</strong></span> <span class='ocrx_word' id='word_1_200' title='bbox 2892 1111 3100 1178; x_wconf 85' lang='lat' dir='ltr'><strong>cum_ita</strong></span> <span class='ocrx_word' id='word_1_201' title='bbox 3125 1113 3367 1179; x_wconf 83' lang='lat' dir='ltr'><strong>sint,cur</strong></span> <span class='ocrx_word' id='word_1_202' title='bbox 3405 1110 3471 1163; x_wconf 89' lang='lat' dir='ltr'><strong>de</strong></span> <span class='ocrx_word' id='word_1_203' title='bbox 3498 1124 3563 1162; x_wconf 86' lang='lat' dir='ltr'><strong>eo</strong></span> <span class='ocrx_word' id='word_1_204' title='bbox 3588 1111 3683 1161; x_wconf 86' lang='lat' dir='ltr'><strong>du-</strong></span> 
     </span>
    </p>
   </div>
   <div class='ocr_carea' id='block_1_25' title="bbox 2168 1197 3680 1264">
    <p class='ocr_par' dir='ltr' id='par_1_25' title="bbox 2168 1197 3680 1264">
     <span class='ocr_line' id='line_1_25' title="bbox 2168 1197 3680 1264; baseline -0.001 -14"><span class='ocrx_word' id='word_1_205' title='bbox 2168 1197 2380 1259; x_wconf 88' lang='lat' dir='ltr'><strong>bitatur,</strong></span> <span class='ocrx_word' id='word_1_206' title='bbox 2402 1198 2537 1264; x_wconf 88' lang='lat' dir='ltr'><strong>quod</strong></span> <span class='ocrx_word' id='word_1_207' title='bbox 2573 1209 2593 1234; x_wconf 76' lang='grc' dir='ltr'><strong><em>ο</em></strong></span> <span class='ocrx_word' id='word_1_208' title='bbox 2624 1198 2759 1262; x_wconf 56' lang='lat' dir='ltr'><strong>Deus</strong></span> <span class='ocrx_word' id='word_1_209' title='bbox 2786 1198 2874 1261; x_wconf 90' lang='lat' dir='ltr'><strong>sit,</strong></span> <span class='ocrx_word' id='word_1_210' title='bbox 2917 1212 3033 1249; x_wconf 93' lang='lat' dir='ltr'><strong>cum</strong></span> <span class='ocrx_word' id='word_1_211' title='bbox 3082 1213 3199 1250; x_wconf 88' lang='lat' dir='ltr'><strong>eum</strong></span> <span class='ocrx_word' id='word_1_212' title='bbox 3246 1212 3460 1261; x_wconf 65' lang='lat' dir='ltr'><strong>orerum</strong></span> <span class='ocrx_word' id='word_1_213' title='bbox 3491 1197 3680 1264; x_wconf 84' lang='lat' dir='ltr'><strong>magni-</strong></span> 
     </span>
    </p>
   </div>
   <div class='ocr_carea' id='block_1_26' title="bbox 2169 1286 3689 1354">
    <p class='ocr_par' dir='ltr' id='par_1_26' title="bbox 2169 1286 3689 1354">
     <span class='ocr_line' id='line_1_26' title="bbox 2169 1286 3689 1354; baseline -0.001 -14"><span class='ocrx_word' id='word_1_214' title='bbox 2169 1288 2292 1341; x_wconf 82' lang='lat' dir='ltr'><strong>tudb</strong></span> <span class='ocrx_word' id='word_1_215' title='bbox 2316 1288 2451 1354; x_wconf 87' lang='lat' dir='ltr'><strong>quod</strong></span> <span class='ocrx_word' id='word_1_216' title='bbox 2480 1299 2558 1341; x_wconf 88' lang='lat' dir='ltr'><strong>est</strong></span> <span class='ocrx_word' id='word_1_217' title='bbox 2587 1289 2697 1353; x_wconf 61' lang='lat' dir='ltr'><strong>ipse</strong></span> <span class='ocrx_word' id='word_1_218' title='bbox 2744 1287 3070 1339; x_wconf 79' lang='lat' dir='ltr'><strong>manifestet‘l</strong></span> <span class='ocrx_word' id='word_1_219' title='bbox 3097 1286 3209 1339; x_wconf 86' lang='lat' dir='ltr'><strong>Non</strong></span> <span class='ocrx_word' id='word_1_220' title='bbox 3254 1287 3432 1353; x_wconf 79' lang='lat' dir='ltr'><strong>utique</strong></span> <span class='ocrx_word' id='word_1_221' title='bbox 3483 1287 3689 1338; x_wconf 87' lang='lat' dir='ltr'><strong>alienus</strong></span> 
     </span>
    </p>
   </div>
   <div class='ocr_carea' id='block_1_27' title="bbox 2168 1375 3688 1441">
    <p class='ocr_par' dir='ltr' id='par_1_27' title="bbox 2168 1375 3688 1441">
     <span class='ocr_line' id='line_1_27' title="bbox 2168 1375 3688 1441; baseline -0.003 -12"><span class='ocrx_word' id='word_1_222' title='bbox 2168 1386 2249 1429; x_wconf 88' lang='lat' dir='ltr'><strong>est</strong></span> <span class='ocrx_word' id='word_1_223' title='bbox 2276 1392 2304 1427; x_wconf 87' lang='lat' dir='ltr'><strong>a</strong></span> <span class='ocrx_word' id='word_1_224' title='bbox 2341 1376 2508 1428; x_wconf 85' lang='lat' dir='ltr'><strong>Patris</strong></span> <span class='ocrx_word' id='word_1_225' title='bbox 2532 1386 2584 1428; x_wconf 90' lang='lat' dir='ltr'><strong>et</strong></span> <span class='ocrx_word' id='word_1_226' title='bbox 2613 1375 2727 1427; x_wconf 82' lang='lat' dir='ltr'><strong>Filii</strong></span> <span class='ocrx_word' id='word_1_227' title='bbox 2759 1376 3045 1441; x_wconf 82' lang='lat' dir='ltr'><strong>majestate,</strong></span> <span class='ocrx_word' id='word_1_228' title='bbox 3076 1375 3163 1441; x_wconf 91' lang='lat' dir='ltr'><strong>qui</strong></span> <span class='ocrx_word' id='word_1_229' title='bbox 3211 1389 3311 1426; x_wconf 92' lang='lat' dir='ltr'><strong>non</strong></span> <span class='ocrx_word' id='word_1_230' title='bbox 3340 1386 3414 1426; x_wconf 88' lang='lat' dir='ltr'><strong>est</strong></span> <span class='ocrx_word' id='word_1_231' title='bbox 3459 1375 3526 1426; x_wconf 90' lang='lat' dir='ltr'><strong>ab</strong></span> <span class='ocrx_word' id='word_1_232' title='bbox 3564 1388 3688 1441; x_wconf 89' lang='lat' dir='ltr'><strong>ope-</strong></span> 
     </span>
    </p>
   </div>
   <div class='ocr_carea' id='block_1_28' title="bbox 2169 1460 3688 1516">
    <p class='ocr_par' dir='ltr' id='par_1_28' title="bbox 2169 1460 3688 1516">
     <span class='ocr_line' id='line_1_28' title="bbox 2169 1460 3688 1516; baseline -0.004 0"><span class='ocrx_word' id='word_1_233' title='bbox 2169 1479 2280 1516; x_wconf 87' lang='lat' dir='ltr'><strong>rum</strong></span> <span class='ocrx_word' id='word_1_234' title='bbox 2312 1464 2499 1516; x_wconf 86' lang='lat' dir='ltr'><strong>virtute</strong></span> <span class='ocrx_word' id='word_1_235' title='bbox 2524 1465 2742 1515; x_wconf 86' lang='lat' dir='ltr'><strong>alienus.</strong></span> <span class='ocrx_word' id='word_1_236' title='bbox 2784 1461 2995 1514; x_wconf 85' lang='lat' dir='ltr'><strong>Frustra</strong></span> <span class='ocrx_word' id='word_1_237' title='bbox 3044 1461 3117 1513; x_wconf 86' lang='lat' dir='ltr'><strong>illi</strong></span> <span class='ocrx_word' id='word_1_238' title='bbox 3166 1476 3353 1513; x_wconf 90' lang='lat' dir='ltr'><strong>nomen</strong></span> <span class='ocrx_word' id='word_1_239' title='bbox 3405 1460 3688 1513; x_wconf 78' lang='lat' dir='ltr'><strong>divinitatis</strong></span> 
     </span>
    </p>
   </div>
   <div class='ocr_carea' id='block_1_29' title="bbox 2170 1548 3686 1619">
    <p class='ocr_par' dir='ltr' id='par_1_29' title="bbox 2170 1548 3686 1619">
     <span class='ocr_line' id='line_1_29' title="bbox 2170 1548 3686 1619; baseline -0.003 -16"><span class='ocrx_word' id='word_1_240' title='bbox 2170 1562 2405 1619; x_wconf 75' lang='lat' dir='ltr'><strong>negatur,</strong></span> <span class='ocrx_word' id='word_1_241' title='bbox 2432 1552 2582 1617; x_wconf 89' lang='lat' dir='ltr'><strong>cujus</strong></span> <span class='ocrx_word' id='word_1_242' title='bbox 2604 1560 2833 1617; x_wconf 89' lang='lat' dir='ltr'><strong>potestas</strong></span> <span class='ocrx_word' id='word_1_243' title='bbox 2855 1565 2956 1601; x_wconf 92' lang='lat' dir='ltr'><strong>non</strong></span> <span class='ocrx_word' id='word_1_244' title='bbox 2986 1558 3157 1615; x_wconf 86' lang='lat' dir='ltr'><strong>potest</strong></span> <span class='ocrx_word' id='word_1_245' title='bbox 3178 1549 3440 1615; x_wconf 89' lang='lat' dir='ltr'><strong>abnegari.</strong></span> <span class='ocrx_word' id='word_1_246' title='bbox 3474 1548 3686 1600; x_wconf 82' lang='lat' dir='ltr'><strong>Frustra</strong></span> 
     </span>
    </p>
   </div>
   <div class='ocr_carea' id='block_1_30' title="bbox 2176 1638 3695 1706">
    <p class='ocr_par' dir='ltr' id='par_1_30' title="bbox 2176 1638 3695 1706">
     <span class='ocr_line' id='line_1_30' title="bbox 2176 1638 3695 1706; baseline -0.003 -15"><span class='ocrx_word' id='word_1_247' title='bbox 2176 1640 2457 1706; x_wconf 88' lang='lat' dir='ltr'><strong>prohibeor</strong></span> <span class='ocrx_word' id='word_1_248' title='bbox 2502 1654 2618 1690; x_wconf 88' lang='lat' dir='ltr'><strong>cum</strong></span> <span class='ocrx_word' id='word_1_249' title='bbox 2655 1653 2771 1691; x_wconf 92' lang='lat' dir='ltr'><strong>cum</strong></span> <span class='ocrx_word' id='word_1_250' title='bbox 2815 1638 2966 1691; x_wconf 89' lang='lat' dir='ltr'><strong>Patre</strong></span> <span class='ocrx_word' id='word_1_251' title='bbox 2991 1647 3043 1690; x_wconf 90' lang='lat' dir='ltr'><strong>et</strong></span> <span class='ocrx_word' id='word_1_252' title='bbox 3072 1638 3204 1689; x_wconf 86' lang='lat' dir='ltr'><strong>Filio</strong></span> <span class='ocrx_word' id='word_1_253' title='bbox 3232 1639 3489 1697; x_wconf 86' lang='lat' dir='ltr'><strong>venerari,</strong></span> <span class='ocrx_word' id='word_1_254' title='bbox 3534 1644 3695 1703; x_wconf 86' lang='lat' dir='ltr'><strong>quem</strong></span> 
     </span>
    </p>
   </div>
   <div class='ocr_carea' id='block_1_31' title="bbox 2172 1723 3688 1791">
    <p class='ocr_par' dir='ltr' id='par_1_31' title="bbox 2172 1723 3688 1791">
     <span class='ocr_line' id='line_1_31' title="bbox 2172 1723 3688 1791; baseline -0.003 -14"><span class='ocrx_word' id='word_1_255' title='bbox 2172 1726 2349 1791; x_wconf 82' lang='lat' dir='ltr'><strong>exigor</strong></span> <span class='ocrx_word' id='word_1_256' title='bbox 2369 1740 2485 1777; x_wconf 92' lang='lat' dir='ltr'><strong>cum</strong></span> <span class='ocrx_word' id='word_1_257' title='bbox 2514 1723 2666 1777; x_wconf 83' lang='lat' dir='ltr'><strong>Patre</strong></span> <span class='ocrx_word' id='word_1_258' title='bbox 2694 1734 2745 1776; x_wconf 91' lang='lat' dir='ltr'><strong>et</strong></span> <span class='ocrx_word' id='word_1_259' title='bbox 2776 1723 2907 1776; x_wconf 87' lang='lat' dir='ltr'><strong>Filio</strong></span> <span class='ocrx_word' id='word_1_260' title='bbox 2936 1724 3193 1777; x_wconf 87' lang='lat' dir='ltr'><strong>conﬁteri.</strong></span> <span class='ocrx_word' id='word_1_261' title='bbox 3220 1724 3274 1776; x_wconf 92' lang='lat' dir='ltr'><strong>Si</strong></span> <span class='ocrx_word' id='word_1_262' title='bbox 3304 1724 3389 1776; x_wconf 89' lang='lat' dir='ltr'><strong>ille</strong></span> <span class='ocrx_word' id='word_1_263' title='bbox 3420 1723 3545 1775; x_wconf 87' lang='lat' dir='ltr'><strong>mihi</strong></span> <span class='ocrx_word' id='word_1_264' title='bbox 3570 1736 3688 1774; x_wconf 86' lang='lat' dir='ltr'><strong>cum</strong></span> 
     </span>
    </p>
   </div>
   <div class='ocr_carea' id='block_1_32' title="bbox 543 1805 2077 1881">
    <p class='ocr_par' dir='ltr' id='par_1_32' title="bbox 543 1805 2071 1881">
     <span class='ocr_line' id='line_1_32' title="bbox 543 1805 2071 1881; baseline -0.003 -20"><span class='ocrx_word' id='word_1_265' title='bbox 543 1810 721 1881; x_wconf 81' lang='lat' dir='ltr'><strong>tendite</strong></span> <span class='ocrx_word' id='word_1_266' title='bbox 756 1808 887 1860; x_wconf 79' lang='lat' dir='ltr'><strong>vobis</strong></span> <span class='ocrx_word' id='word_1_267' title='bbox 923 1816 967 1859; x_wconf 90' lang='lat' dir='ltr'><strong>et</strong></span> <span class='ocrx_word' id='word_1_268' title='bbox 1014 1807 1238 1858; x_wconf 83' lang='lat' dir='ltr'><strong>universo</strong></span> <span class='ocrx_word' id='word_1_269' title='bbox 1279 1806 1447 1875; x_wconf 85' lang='lat' dir='ltr'><strong>gregi,</strong></span> <span class='ocrx_word' id='word_1_270' title='bbox 1478 1806 1529 1855; x_wconf 89' lang='lat' dir='ltr'><strong>in</strong></span> <span class='ocrx_word' id='word_1_271' title='bbox 1574 1820 1671 1871; x_wconf 89' lang='lat' dir='ltr'><strong>quo</strong></span> <span class='ocrx_word' id='word_1_272' title='bbox 1718 1819 1801 1855; x_wconf 80' lang='lat' dir='ltr'><strong>vos</strong></span> <span class='ocrx_word' id='word_1_273' title='bbox 1852 1805 2071 1871; x_wconf 75' lang='lat' dir='ltr'><strong>Spiritus</strong></span> 
     </span>
    </p>
   </div>
   <div class='ocr_carea' id='block_1_33' title="bbox 2172 1805 3689 1881">
    <p class='ocr_par' dir='ltr' id='par_1_33' title="bbox 2175 1810 3689 1876">
     <span class='ocr_line' id='line_1_33' title="bbox 2175 1810 3689 1876; baseline -0.003 -11"><span class='ocrx_word' id='word_1_274' title='bbox 2175 1812 2328 1865; x_wconf 72' lang='lat' dir='ltr'><strong>Patre</strong></span> <span class='ocrx_word' id='word_1_275' title='bbox 2351 1820 2403 1861; x_wconf 90' lang='lat' dir='ltr'><strong>et</strong></span> <span class='ocrx_word' id='word_1_276' title='bbox 2430 1812 2560 1863; x_wconf 87' lang='lat' dir='ltr'><strong>Filio</strong></span> <span class='ocrx_word' id='word_1_277' title='bbox 2582 1812 2778 1864; x_wconf 90' lang='lat' dir='ltr'><strong>confert</strong></span> <span class='ocrx_word' id='word_1_278' title='bbox 2800 1810 3157 1864; x_wconf 85' lang='lat' dir='ltr'><strong>remissionem</strong></span> <span class='ocrx_word' id='word_1_279' title='bbox 3181 1822 3533 1876; x_wconf 84' lang='lat' dir='ltr'><strong>peccatorum,</strong></span> <span class='ocrx_word' id='word_1_280' title='bbox 3560 1824 3689 1861; x_wconf 84' lang='lat' dir='ltr'><strong>cun-</strong></span> 
     </span>
    </p>
   </div>
   <div class='ocr_carea' id='block_1_34' title="bbox 543 1890 1718 1962">
    <p class='ocr_par' dir='ltr' id='par_1_34' title="bbox 543 1890 1718 1962">
     <span class='ocr_line' id='line_1_34' title="bbox 543 1890 1718 1962; baseline -0.007 -13"><span class='ocrx_word' id='word_1_281' title='bbox 543 1906 739 1949; x_wconf 86' lang='lat' dir='ltr'><strong>sanctus</strong></span> <span class='ocrx_word' id='word_1_282' title='bbox 766 1895 1016 1947; x_wconf 84' lang='lat' dir='ltr'><strong>constituit</strong></span> <span class='ocrx_word' id='word_1_283' title='bbox 1037 1895 1291 1962; x_wconf 78' lang='lat' dir='ltr'><strong>episcopos</strong></span> <span class='ocrx_word' id='word_1_284' title='bbox 1312 1893 1447 1957; x_wconf 82' lang='lat' dir='ltr'><strong>(Act.</strong></span> <span class='ocrx_word' id='word_1_285' title='bbox 1482 1906 1547 1941; x_wconf 76' lang='lat' dir='ltr'><strong>xx</strong></span> <span class='ocrx_word' id='word_1_286' title='bbox 1571 1929 1585 1951; x_wconf 90' lang='lat'><strong>,</strong></span> <span class='ocrx_word' id='word_1_287' title='bbox 1609 1890 1718 1953; x_wconf 77' lang='lat'><strong>‘28).</strong></span> 
     </span>
    </p>
   </div>
   <div class='ocr_carea' id='block_1_35' title="bbox 613 1984 2070 2051">
    <p class='ocr_par' dir='ltr' id='par_1_35' title="bbox 613 1984 2070 2051">
     <span class='ocr_line' id='line_1_35' title="bbox 613 1984 2070 2051; baseline -0.007 -9"><span class='ocrx_word' id='word_1_288' title='bbox 613 1990 727 2042; x_wconf 78' lang='lat' dir='ltr'><strong>XX.</strong></span> <span class='ocrx_word' id='word_1_289' title='bbox 751 1988 993 2042; x_wconf 86' lang='lat' dir='ltr'><strong>Paracliti</strong></span> <span class='ocrx_word' id='word_1_290' title='bbox 1036 2004 1214 2039; x_wconf 91' lang='lat' dir='ltr'><strong>nomen</strong></span> <span class='ocrx_word' id='word_1_291' title='bbox 1239 2002 1517 2040; x_wconf 88' lang='lat' dir='ltr'><strong>commune.</strong></span> <span class='ocrx_word' id='word_1_292' title='bbox 1542 2014 1611 2025; x_wconf 93' lang='lat'><strong>-—</strong></span> <span class='ocrx_word' id='word_1_293' title='bbox 1636 1986 1709 2038; x_wconf 78' lang='lat' dir='ltr'><strong>Ne</strong></span> <span class='ocrx_word' id='word_1_294' title='bbox 1742 1984 1857 2051; x_wconf 89' lang='lat' dir='ltr'><strong>quis</strong></span> <span class='ocrx_word' id='word_1_295' title='bbox 1899 1992 2070 2034; x_wconf 86' lang='lat' dir='ltr'><strong>autem</strong></span> 
     </span>
    </p>
   </div>
   <div class='ocr_carea' id='block_1_36' title="bbox 544 2075 2071 2145">
    <p class='ocr_par' dir='ltr' id='par_1_36' title="bbox 544 2075 2071 2145">
     <span class='ocr_line' id='line_1_36' title="bbox 544 2075 2071 2145; baseline -0.005 -14"><span class='ocrx_word' id='word_1_296' title='bbox 544 2078 794 2145; x_wconf 82' lang='lat' dir='ltr'><strong>Spiritum</strong></span> <span class='ocrx_word' id='word_1_297' title='bbox 834 2086 1091 2138; x_wconf 89' lang='lat' dir='ltr'><strong>sanctum,</strong></span> <span class='ocrx_word' id='word_1_298' title='bbox 1120 2077 1239 2144; x_wconf 89' lang='lat' dir='ltr'><strong>quia</strong></span> <span class='ocrx_word' id='word_1_299' title='bbox 1269 2075 1553 2129; x_wconf 87' lang='lat' dir='ltr'><strong>Paraclitus</strong></span> <span class='ocrx_word' id='word_1_300' title='bbox 1602 2075 1769 2127; x_wconf 89' lang='lat' dir='ltr'><strong>dictus</strong></span> <span class='ocrx_word' id='word_1_301' title='bbox 1815 2082 1913 2137; x_wconf 90' lang='lat' dir='ltr'><strong>est,</strong></span> <span class='ocrx_word' id='word_1_302' title='bbox 1946 2087 2071 2124; x_wconf 91' lang='lat' dir='ltr'><strong>con-</strong></span> 
     </span>
    </p>
   </div>
   <div class='ocr_carea' id='block_1_37' title="bbox 547 2158 2070 2230">
    <p class='ocr_par' dir='ltr' id='par_1_37' title="bbox 547 2158 2070 2230">
     <span class='ocr_line' id='line_1_37' title="bbox 547 2158 2070 2230; baseline -0.004 -15"><span class='ocrx_word' id='word_1_303' title='bbox 547 2164 833 2229; x_wconf 87' lang='lat' dir='ltr'><strong>temptibile</strong></span> <span class='ocrx_word' id='word_1_304' title='bbox 872 2162 1067 2230; x_wconf 90' lang='lat' dir='ltr'><strong>aliquid</strong></span> <span class='ocrx_word' id='word_1_305' title='bbox 1108 2162 1384 2214; x_wconf 80' lang='lat' dir='ltr'><strong>existimet.</strong></span> <span class='ocrx_word' id='word_1_306' title='bbox 1418 2161 1703 2214; x_wconf 84' lang='lat' dir='ltr'><strong>Paraclitus</strong></span> <span class='ocrx_word' id='word_1_307' title='bbox 1748 2160 1886 2212; x_wconf 89' lang='lat' dir='ltr'><strong>enim</strong></span> <span class='ocrx_word' id='word_1_308' title='bbox 1912 2158 2070 2211; x_wconf 87' lang='lat' dir='ltr'><strong>advo-</strong></span> 
     </span>
    </p>
   </div>
   <div class='ocr_carea' id='block_1_38' title="bbox 547 2246 2068 2317">
    <p class='ocr_par' dir='ltr' id='par_1_38' title="bbox 547 2246 2068 2317">
     <span class='ocr_line' id='line_1_38' title="bbox 547 2246 2068 2317; baseline -0.004 -14"><span class='ocrx_word' id='word_1_309' title='bbox 547 2260 693 2303; x_wconf 85' lang='lat' dir='ltr'><strong>catus</strong></span> <span class='ocrx_word' id='word_1_310' title='bbox 721 2262 821 2312; x_wconf 83' lang='grc' dir='ltr'>εει,</span> <span class='ocrx_word' id='word_1_311' title='bbox 851 2250 935 2303; x_wconf 83' lang='lat' dir='ltr'><strong>vel</strong></span> <span class='ocrx_word' id='word_1_312' title='bbox 980 2252 1150 2317; x_wconf 87' lang='lat' dir='ltr'><strong>potius</strong></span> <span class='ocrx_word' id='word_1_313' title='bbox 1178 2250 1473 2301; x_wconf 86' lang='lat' dir='ltr'><strong>consolator</strong></span> <span class='ocrx_word' id='word_1_314' title='bbox 1509 2248 1790 2302; x_wconf 89' lang='lat' dir='ltr'><strong>secundum</strong></span> <span class='ocrx_word' id='word_1_315' title='bbox 1836 2246 2068 2299; x_wconf 84' lang='lat' dir='ltr'><strong>Latinam</strong></span> 
     </span>
    </p>
   </div>
   <div class='ocr_carea' id='block_1_39' title="bbox 549 2335 2071 2406">
    <p class='ocr_par' dir='ltr' id='par_1_39' title="bbox 549 2335 2071 2406">
     <span class='ocr_line' id='line_1_39' title="bbox 549 2335 2071 2406; baseline -0.005 -14"><span class='ocrx_word' id='word_1_316' title='bbox 549 2340 793 2406; x_wconf 81' lang='lat' dir='ltr'><strong>linguam,</strong></span> <span class='ocrx_word' id='word_1_317' title='bbox 826 2354 941 2406; x_wconf 68' lang='lat' dir='ltr'><strong>quas</strong></span> <span class='ocrx_word' id='word_1_318' title='bbox 982 2336 1261 2405; x_wconf 87' lang='lat' dir='ltr'><strong>appellatio</strong></span> <span class='ocrx_word' id='word_1_319' title='bbox 1304 2339 1457 2390; x_wconf 87' lang='lat' dir='ltr'><strong>etiam</strong></span> <span class='ocrx_word' id='word_1_320' title='bbox 1503 2338 1632 2390; x_wconf 86' lang='lat' dir='ltr'><strong>Filio</strong></span> <span class='ocrx_word' id='word_1_321' title='bbox 1662 2336 1751 2389; x_wconf 88' lang='lat' dir='ltr'><strong>Dei</strong></span> <span class='ocrx_word' id='word_1_322' title='bbox 1780 2335 2071 2388; x_wconf 85' lang='lat' dir='ltr'><strong>communis</strong></span> 
     </span>
    </p>
   </div>
   <div class='ocr_carea' id='block_1_40' title="bbox 548 2421 2069 2491">
    <p class='ocr_par' dir='ltr' id='par_1_40' title="bbox 548 2421 2069 2491">
     <span class='ocr_line' id='line_1_40' title="bbox 548 2421 2069 2491; baseline -0.005 -14"><span class='ocrx_word' id='word_1_323' title='bbox 548 2437 647 2488; x_wconf 85' lang='lat' dir='ltr'><strong>est,</strong></span> <span class='ocrx_word' id='word_1_324' title='bbox 676 2428 809 2478; x_wconf 88' lang='lat' dir='ltr'><strong>sicut</strong></span> <span class='ocrx_word' id='word_1_325' title='bbox 858 2426 986 2478; x_wconf 81' lang='lat' dir='ltr'><strong>dicit</strong></span> <span class='ocrx_word' id='word_1_326' title='bbox 1037 2425 1265 2478; x_wconf 80' lang='lat' dir='ltr'><strong>Joannes</strong></span> <span class='ocrx_word' id='word_1_327' title='bbox 1298 2443 1309 2475; x_wconf 92' lang='lat'>:</span> <span class='ocrx_word' id='word_1_328' title='bbox 1345 2424 1470 2476; x_wconf 69' lang='lat' dir='ltr'><strong>Hac</strong></span> <span class='ocrx_word' id='word_1_329' title='bbox 1510 2425 1695 2491; x_wconf 87' lang='lat' dir='ltr'><strong>inquit,</strong></span> <span class='ocrx_word' id='word_1_330' title='bbox 1736 2423 1895 2474; x_wconf 85' lang='lat' dir='ltr'><strong>scribo</strong></span> <span class='ocrx_word' id='word_1_331' title='bbox 1935 2421 2069 2472; x_wconf 80' lang='lat' dir='ltr'><strong>vobis</strong></span> 
     </span>
    </p>
   </div>
   <div class='ocr_carea' id='block_1_41' title="bbox 549 2510 2072 2582">
    <p class='ocr_par' dir='ltr' id='par_1_41' title="bbox 549 2510 2072 2582">
     <span class='ocr_line' id='line_1_41' title="bbox 549 2510 2072 2582; baseline -0.004 -17"><span class='ocrx_word' id='word_1_332' title='bbox 549 2525 602 2565; x_wconf 89' lang='lat' dir='ltr'><strong>ut</strong></span> <span class='ocrx_word' id='word_1_333' title='bbox 629 2530 725 2566; x_wconf 87' lang='lat' dir='ltr'><strong>non</strong></span> <span class='ocrx_word' id='word_1_334' title='bbox 744 2516 979 2582; x_wconf 77' lang='lat' dir='ltr'><strong>peccetis;</strong></span> <span class='ocrx_word' id='word_1_335' title='bbox 1001 2514 1085 2565; x_wconf 88' lang='lat' dir='ltr'><strong>sed</strong></span> <span class='ocrx_word' id='word_1_336' title='bbox 1111 2522 1155 2566; x_wconf 88' lang='lat' dir='ltr'><strong>et</strong></span> <span class='ocrx_word' id='word_1_337' title='bbox 1175 2515 1217 2566; x_wconf 88' lang='lat' dir='ltr'><strong>si</strong></span> <span class='ocrx_word' id='word_1_338' title='bbox 1235 2516 1346 2581; x_wconf 87' lang='lat' dir='ltr'><strong>quis</strong></span> <span class='ocrx_word' id='word_1_339' title='bbox 1375 2516 1666 2579; x_wconf 82' lang='lat' dir='ltr'><strong>peccaverit,</strong></span> <span class='ocrx_word' id='word_1_340' title='bbox 1710 2520 1734 2545; x_wconf 79' lang='grc' dir='ltr'>ι</span> <span class='ocrx_word' id='word_1_341' title='bbox 1764 2510 2072 2561; x_wconf 84' lang='lat' dir='ltr'><strong>Paraclitum</strong></span> 
     </span>
    </p>
   </div>
   <div class='ocr_carea' id='block_1_42' title="bbox 550 2594 2069 2672">
    <p class='ocr_par' dir='ltr' id='par_1_42' title="bbox 550 2594 2069 2672">
     <span class='ocr_line' id='line_1_42' title="bbox 550 2594 2069 2672; baseline -0.005 -17"><span class='ocrx_word' id='word_1_342' title='bbox 550 2606 779 2657; x_wconf 82' lang='lat' dir='ltr'><strong>habemus</strong></span> <span class='ocrx_word' id='word_1_343' title='bbox 824 2594 1219 2672; x_wconf 15' lang='lat' dir='ltr'><strong>apud&#39;Patrem</strong></span> <span class='ocrx_word' id='word_1_344' title='bbox 1269 2605 1441 2653; x_wconf 85' lang='lat' dir='ltr'><strong>Jesum</strong></span> <span class='ocrx_word' id='word_1_345' title='bbox 1507 2601 1756 2653; x_wconf 86' lang='lat' dir='ltr'><strong>Christum</strong></span> <span class='ocrx_word' id='word_1_346' title='bbox 1795 2602 1988 2667; x_wconf 87' lang='lat' dir='ltr'><strong>justum</strong></span> <span class='ocrx_word' id='word_1_347' title='bbox 2019 2597 2069 2667; x_wconf 83' lang='grc' dir='ltr'><strong>(Ι</strong></span> 
     </span>
    </p>
   </div>
   <div class='ocr_carea' id='block_1_43' title="bbox 550 2688 2071 2757">
    <p class='ocr_par' dir='ltr' id='par_1_43' title="bbox 550 2688 2071 2757">
     <span class='ocr_line' id='line_1_43' title="bbox 550 2688 2071 2757; baseline -0.003 -14"><span class='ocrx_word' id='word_1_348' title='bbox 550 2693 700 2745; x_wconf 78' lang='lat' dir='ltr'><strong>Joan.</strong></span> <span class='ocrx_word' id='word_1_349' title='bbox 732 2707 789 2756; x_wconf 87' lang='lat' dir='ltr'><strong>It,</strong></span> <span class='ocrx_word' id='word_1_350' title='bbox 842 2692 926 2757; x_wconf 85' lang='grc'><strong>1).</strong></span> <span class='ocrx_word' id='word_1_351' title='bbox 983 2690 1109 2742; x_wconf 77' lang='lat' dir='ltr'><strong>Nam</strong></span> <span class='ocrx_word' id='word_1_352' title='bbox 1156 2698 1208 2743; x_wconf 89' lang='lat' dir='ltr'><strong>et</strong></span> <span class='ocrx_word' id='word_1_353' title='bbox 1253 2690 1364 2755; x_wconf 88' lang='lat' dir='ltr'><strong>ipse</strong></span> <span class='ocrx_word' id='word_1_354' title='bbox 1418 2690 1663 2741; x_wconf 76' lang='lat' dir='ltr'><strong>Dominus</strong></span> <span class='ocrx_word' id='word_1_355' title='bbox 1712 2704 1827 2741; x_wconf 90' lang='lat' dir='ltr'><strong>cum</strong></span> <span class='ocrx_word' id='word_1_356' title='bbox 1858 2689 1979 2741; x_wconf 90' lang='lat' dir='ltr'><strong>dicit</strong></span> <span class='ocrx_word' id='word_1_357' title='bbox 2009 2688 2071 2740; x_wconf 94' lang='lat' dir='ltr'><strong>ad</strong></span> 
     </span>
    </p>
   </div>
   <div class='ocr_carea' id='block_1_44' title="bbox 556 2776 2073 2845">
    <p class='ocr_par' dir='ltr' id='par_1_44' title="bbox 556 2776 2073 2845">
     <span class='ocr_line' id='line_1_44' title="bbox 556 2776 2073 2845; baseline -0.003 -14"><span class='ocrx_word' id='word_1_358' title='bbox 556 2779 857 2845; x_wconf 81' lang='lat' dir='ltr'><strong>apostolos,</strong></span> <span class='ocrx_word' id='word_1_359' title='bbox 910 2778 1132 2829; x_wconf 78' lang='lat' dir='ltr'><strong>Alterum</strong></span> <span class='ocrx_word' id='word_1_360' title='bbox 1184 2776 1493 2829; x_wconf 84' lang='lat' dir='ltr'><strong>Paraclitum</strong></span> <span class='ocrx_word' id='word_1_361' title='bbox 1536 2779 1691 2828; x_wconf 75' lang='lat' dir='ltr'><strong>mittet</strong></span> <span class='ocrx_word' id='word_1_362' title='bbox 1732 2778 1863 2828; x_wconf 72' lang='lat' dir='ltr'><strong>nobis</strong></span> <span class='ocrx_word' id='word_1_363' title='bbox 1922 2776 2073 2827; x_wconf 86' lang='lat' dir='ltr'><strong>Pater</strong></span> 
     </span>
    </p>
   </div>
   <div class='ocr_carea' id='block_1_45' title="bbox 554 2862 2076 2934">
    <p class='ocr_par' dir='ltr' id='par_1_45' title="bbox 554 2862 2076 2934">
     <span class='ocr_line' id='line_1_45' title="bbox 554 2862 2076 2934; baseline -0.003 -17"><span class='ocrx_word' id='word_1_364' title='bbox 554 2864 739 2934; x_wconf 78' lang='lat' dir='ltr'><strong>(Joan.</strong></span> <span class='ocrx_word' id='word_1_365' title='bbox 767 2879 871 2927; x_wconf 76' lang='lat' dir='ltr'><strong>xiv,</strong></span> <span class='ocrx_word' id='word_1_366' title='bbox 900 2864 995 2930; x_wconf 88' lang='grc'><strong>16)</strong></span> <span class='ocrx_word' id='word_1_367' title='bbox 1021 2903 1037 2927; x_wconf 84' lang='grc'>,</span> <span class='ocrx_word' id='word_1_368' title='bbox 1069 2866 1180 2917; x_wconf 87' lang='lat' dir='ltr'><strong>sine</strong></span> <span class='ocrx_word' id='word_1_369' title='bbox 1214 2865 1372 2918; x_wconf 90' lang='lat' dir='ltr'><strong>dubio</strong></span> <span class='ocrx_word' id='word_1_370' title='bbox 1420 2880 1537 2917; x_wconf 91' lang='lat' dir='ltr'><strong>cum</strong></span> <span class='ocrx_word' id='word_1_371' title='bbox 1565 2864 1691 2917; x_wconf 91' lang='lat' dir='ltr'><strong>dicit</strong></span> <span class='ocrx_word' id='word_1_372' title='bbox 1734 2865 1941 2915; x_wconf 77' lang='lat' dir='ltr'><strong>alterum</strong></span> <span class='ocrx_word' id='word_1_373' title='bbox 1972 2862 2076 2914; x_wconf 89' lang='lat' dir='ltr'><strong>Pa-</strong></span> 
     </span>
    </p>
   </div>
   <div class='ocr_carea' id='block_1_46' title="bbox 553 2955 2075 3027">
    <p class='ocr_par' dir='ltr' id='par_1_46' title="bbox 553 2955 2075 3027">
     <span class='ocr_line' id='line_1_46' title="bbox 553 2955 2075 3027; baseline -0.001 -18"><span class='ocrx_word' id='word_1_374' title='bbox 553 2957 803 3021; x_wconf 81' lang='lat' dir='ltr'><strong>raclitum,</strong></span> <span class='ocrx_word' id='word_1_375' title='bbox 825 2971 882 3011; x_wconf 88' lang='lat' dir='ltr'><strong>se</strong></span> <span class='ocrx_word' id='word_1_376' title='bbox 920 2973 1124 3025; x_wconf 86' lang='lat' dir='ltr'><strong>quoque</strong></span> <span class='ocrx_word' id='word_1_377' title='bbox 1154 2955 1464 3011; x_wconf 86' lang='lat' dir='ltr'><strong>Paraclitum</strong></span> <span class='ocrx_word' id='word_1_378' title='bbox 1508 2957 1821 3027; x_wconf 81' lang='lat' dir='ltr'><strong>manifestat.</strong></span> <span class='ocrx_word' id='word_1_379' title='bbox 1851 2956 1953 3011; x_wconf 87' lang='lat' dir='ltr'><strong>Sed</strong></span> <span class='ocrx_word' id='word_1_380' title='bbox 1984 2972 2075 3009; x_wconf 89' lang='lat' dir='ltr'><strong>ne-</strong></span> 
     </span>
    </p>
   </div>
   <div class='ocr_carea' id='block_1_47' title="bbox 553 3044 2073 3113">
    <p class='ocr_par' dir='ltr' id='par_1_47' title="bbox 553 3044 2073 3113">
     <span class='ocr_line' id='line_1_47' title="bbox 553 3044 2073 3113; baseline -0.001 -15"><span class='ocrx_word' id='word_1_381' title='bbox 553 3060 653 3113; x_wconf 88' lang='lat' dir='ltr'><strong>que</strong></span> <span class='ocrx_word' id='word_1_382' title='bbox 674 3060 703 3097; x_wconf 89' lang='lat' dir='ltr'><strong>a</strong></span> <span class='ocrx_word' id='word_1_383' title='bbox 728 3046 881 3098; x_wconf 90' lang='lat' dir='ltr'><strong>Patre</strong></span> <span class='ocrx_word' id='word_1_384' title='bbox 908 3044 1006 3097; x_wconf 92' lang='lat' dir='ltr'><strong>hoc</strong></span> <span class='ocrx_word' id='word_1_385' title='bbox 1037 3059 1223 3098; x_wconf 90' lang='lat' dir='ltr'><strong>nomen</strong></span> <span class='ocrx_word' id='word_1_386' title='bbox 1248 3045 1484 3098; x_wconf 90' lang='lat' dir='ltr'><strong>Paracliti</strong></span> <span class='ocrx_word' id='word_1_387' title='bbox 1509 3046 1736 3099; x_wconf 89' lang='lat' dir='ltr'><strong>alienum</strong></span> <span class='ocrx_word' id='word_1_388' title='bbox 1778 3054 1877 3098; x_wconf 85' lang='lat' dir='ltr'><strong>est.</strong></span> <span class='ocrx_word' id='word_1_389' title='bbox 1910 3044 2073 3097; x_wconf 86' lang='lat' dir='ltr'><strong>Bene-</strong></span> 
     </span>
    </p>
   </div>
   <div class='ocr_carea' id='block_1_48' title="bbox 555 3106 2142 3201">
    <p class='ocr_par' dir='ltr' id='par_1_48' title="bbox 555 3106 2142 3201">
     <span class='ocr_line' id='line_1_48' title="bbox 555 3106 2142 3201; baseline 0.001 -16"><span class='ocrx_word' id='word_1_390' title='bbox 555 3134 779 3186; x_wconf 74' lang='lat' dir='ltr'><strong>ﬁcentia:</strong></span> <span class='ocrx_word' id='word_1_391' title='bbox 803 3134 941 3186; x_wconf 88' lang='lat' dir='ltr'><strong>enim</strong></span> <span class='ocrx_word' id='word_1_392' title='bbox 972 3147 1160 3185; x_wconf 89' lang='lat' dir='ltr'><strong>nomen</strong></span> <span class='ocrx_word' id='word_1_393' title='bbox 1201 3141 1297 3197; x_wconf 89' lang='lat' dir='ltr'><strong>est,</strong></span> <span class='ocrx_word' id='word_1_394' title='bbox 1341 3148 1441 3186; x_wconf 91' lang='lat' dir='ltr'><strong>non</strong></span> <span class='ocrx_word' id='word_1_395' title='bbox 1486 3145 1705 3188; x_wconf 65' lang='lat' dir='ltr'><strong>naturae.</strong></span> <span class='ocrx_word' id='word_1_396' title='bbox 1750 3133 1982 3201; x_wconf 88' lang='lat' dir='ltr'><strong>Denique</strong></span> <span class='ocrx_word' id='word_1_397' title='bbox 2010 3133 2072 3186; x_wconf 88' lang='lat' dir='ltr'><strong>ad</strong></span> <span class='ocrx_word' id='word_1_398' title='bbox 2099 3106 2142 3166; x_wconf 60' lang='grc' dir='ltr'><strong>(εἶ</strong></span> 
     </span>
    </p>
   </div>
   <div class='ocr_carea' id='block_1_49' title="bbox 554 3220 2080 3276">
    <p class='ocr_par' dir='ltr' id='par_1_49' title="bbox 554 3220 2080 3276">
     <span class='ocr_line' id='line_1_49' title="bbox 554 3220 2080 3276; baseline -0.001 -1"><span class='ocrx_word' id='word_1_399' title='bbox 554 3222 854 3276; x_wconf 82' lang='lat' dir='ltr'><strong>Corinthios</strong></span> <span class='ocrx_word' id='word_1_400' title='bbox 880 3222 1067 3275; x_wconf 86' lang='lat' dir='ltr'><strong>Paulus</strong></span> <span class='ocrx_word' id='word_1_401' title='bbox 1111 3225 1181 3275; x_wconf 89' lang='lat' dir='ltr'><strong>ita</strong></span> <span class='ocrx_word' id='word_1_402' title='bbox 1212 3224 1393 3275; x_wconf 85' lang='lat' dir='ltr'><strong>scribit</strong></span> <span class='ocrx_word' id='word_1_403' title='bbox 1420 3240 1431 3275; x_wconf 90' lang='lat'>:</span> <span class='ocrx_word' id='word_1_404' title='bbox 1465 3222 1761 3275; x_wconf 84' lang='lat' dir='ltr'><strong>Benedictus</strong></span> <span class='ocrx_word' id='word_1_405' title='bbox 1810 3220 1947 3274; x_wconf 88' lang='lat' dir='ltr'><strong>Deus</strong></span> <span class='ocrx_word' id='word_1_406' title='bbox 1980 3221 2080 3273; x_wconf 89' lang='lat' dir='ltr'><strong>Pa-</strong></span> 
     </span>
    </p>
   </div>
   <div class='ocr_carea' id='block_1_50' title="bbox 560 3296 2077 3372">
    <p class='ocr_par' dir='ltr' id='par_1_50' title="bbox 560 3296 2077 3372">
     <span class='ocr_line' id='line_1_50' title="bbox 560 3296 2077 3372; baseline -0.002 -10"><span class='ocrx_word' id='word_1_407' title='bbox 560 3322 633 3363; x_wconf 85' lang='lat' dir='ltr'><strong>ter</strong></span> <span class='ocrx_word' id='word_1_408' title='bbox 664 3310 862 3362; x_wconf 86' lang='lat' dir='ltr'><strong>Domini</strong></span> <span class='ocrx_word' id='word_1_409' title='bbox 884 3311 1039 3362; x_wconf 85' lang='lat' dir='ltr'><strong>nostri</strong></span> <span class='ocrx_word' id='word_1_410' title='bbox 1066 3311 1188 3362; x_wconf 84' lang='lat' dir='ltr'><strong>Jesu</strong></span> <span class='ocrx_word' id='word_1_411' title='bbox 1213 3308 1414 3371; x_wconf 75' lang='lat' dir='ltr'><strong>Christi,</strong></span> <span class='ocrx_word' id='word_1_412' title='bbox 1440 3296 2077 3372; x_wconf 13' lang='lat' dir='ltr'><strong>Pater‘misericordiarum,</strong></span> 
     </span>
    </p>
   </div>
   <div class='ocr_carea' id='block_1_51' title="bbox 558 3392 2077 3463">
    <p class='ocr_par' dir='ltr' id='par_1_51' title="bbox 558 3392 2077 3463">
     <span class='ocr_line' id='line_1_51' title="bbox 558 3392 2077 3463; baseline -0.005 -12"><span class='ocrx_word' id='word_1_413' title='bbox 558 3409 602 3452; x_wconf 91' lang='lat' dir='ltr'><strong>et</strong></span> <span class='ocrx_word' id='word_1_414' title='bbox 620 3399 750 3452; x_wconf 81' lang='lat' dir='ltr'><strong>Deus</strong></span> <span class='ocrx_word' id='word_1_415' title='bbox 769 3401 927 3451; x_wconf 90' lang='lat' dir='ltr'><strong>omnis</strong></span> <span class='ocrx_word' id='word_1_416' title='bbox 948 3398 1413 3463; x_wconf 86' lang='lat' dir='ltr'><strong>consolationis,qui</strong></span> <span class='ocrx_word' id='word_1_417' title='bbox 1438 3412 1526 3448; x_wconf 87' lang='lat' dir='ltr'><strong>nos</strong></span> <span class='ocrx_word' id='word_1_418' title='bbox 1553 3398 1833 3447; x_wconf 83' lang='lat' dir='ltr'><strong>consolatur</strong></span> <span class='ocrx_word' id='word_1_419' title='bbox 1858 3392 1941 3462; x_wconf 90' lang='lat' dir='ltr'><strong>(lI</strong></span> <span class='ocrx_word' id='word_1_420' title='bbox 1963 3394 2077 3444; x_wconf 88' lang='lat' dir='ltr'><strong>Cor.</strong></span> 
     </span>
    </p>
   </div>
   <div class='ocr_carea' id='block_1_52' title="bbox 560 3482 2082 3555">
    <p class='ocr_par' dir='ltr' id='par_1_52' title="bbox 560 3482 2082 3555">
     <span class='ocr_line' id='line_1_52' title="bbox 560 3482 2082 3555; baseline -0.007 -13"><span class='ocrx_word' id='word_1_421' title='bbox 560 3503 601 3547; x_wconf 66' lang='grc' dir='ltr'>ν,</span> <span class='ocrx_word' id='word_1_422' title='bbox 627 3488 748 3555; x_wconf 70' lang='grc'><strong>54).</strong></span> <span class='ocrx_word' id='word_1_423' title='bbox 777 3488 982 3540; x_wconf 85' lang='lat' dir='ltr'><strong>Etcum</strong></span> <span class='ocrx_word' id='word_1_424' title='bbox 1022 3488 1319 3538; x_wconf 89' lang='lat' dir='ltr'><strong>consolator</strong></span> <span class='ocrx_word' id='word_1_425' title='bbox 1355 3485 1541 3536; x_wconf 91' lang='lat' dir='ltr'><strong>dicitur</strong></span> <span class='ocrx_word' id='word_1_426' title='bbox 1585 3482 1756 3544; x_wconf 88' lang='lat' dir='ltr'><strong>Pater,</strong></span> <span class='ocrx_word' id='word_1_427' title='bbox 1786 3482 2082 3533; x_wconf 88' lang='lat' dir='ltr'><strong>consolator</strong></span> 
     </span>
    </p>
   </div>
   <div class='ocr_carea' id='block_1_53' title="bbox 560 3572 2079 3645">
    <p class='ocr_par' dir='ltr' id='par_1_53' title="bbox 560 3572 2079 3645">
     <span class='ocr_line' id='line_1_53' title="bbox 560 3572 2079 3645; baseline -0.007 -16"><span class='ocrx_word' id='word_1_428' title='bbox 560 3574 745 3641; x_wconf 84' lang='lat' dir='ltr'><strong>Filius,</strong></span> <span class='ocrx_word' id='word_1_429' title='bbox 769 3574 1064 3627; x_wconf 87' lang='lat' dir='ltr'><strong>consolator</strong></span> <span class='ocrx_word' id='word_1_430' title='bbox 1083 3574 1237 3624; x_wconf 89' lang='lat' dir='ltr'><strong>etiam</strong></span> <span class='ocrx_word' id='word_1_431' title='bbox 1264 3572 1488 3645; x_wconf 87' lang='lat' dir='ltr'><strong>Spiritus</strong></span> <span class='ocrx_word' id='word_1_432' title='bbox 1517 3580 1746 3633; x_wconf 90' lang='lat' dir='ltr'><strong>sanctus,</strong></span> <span class='ocrx_word' id='word_1_433' title='bbox 1779 3584 1876 3620; x_wconf 89' lang='lat' dir='ltr'><strong>una</strong></span> <span class='ocrx_word' id='word_1_434' title='bbox 1910 3578 2079 3620; x_wconf 90' lang='lat' dir='ltr'><strong>tamen</strong></span> 
     </span>
    </p>
   </div>
   <div class='ocr_carea' id='block_1_54' title="bbox 569 3657 2079 3724">
    <p class='ocr_par' dir='ltr' id='par_1_54' title="bbox 569 3657 2079 3724">
     <span class='ocr_line' id='line_1_54' title="bbox 569 3657 2079 3724; baseline -0.007 -7"><span class='ocrx_word' id='word_1_435' title='bbox 569 3665 719 3717; x_wconf 86' lang='lat' dir='ltr'><strong>nobis</strong></span> <span class='ocrx_word' id='word_1_436' title='bbox 746 3662 1034 3716; x_wconf 87' lang='lat' dir='ltr'><strong>consolatio</strong></span> <span class='ocrx_word' id='word_1_437' title='bbox 1062 3676 1090 3712; x_wconf 89' lang='lat' dir='ltr'><strong>a</strong></span> <span class='ocrx_word' id='word_1_438' title='bbox 1125 3660 1376 3711; x_wconf 86' lang='lat' dir='ltr'><strong>Trinitate</strong></span> <span class='ocrx_word' id='word_1_439' title='bbox 1408 3666 1707 3724; x_wconf 65' lang='lat' dir='ltr'><strong>praestatur;</strong></span> <span class='ocrx_word' id='word_1_440' title='bbox 1734 3657 1868 3709; x_wconf 88' lang='lat' dir='ltr'><strong>sicut</strong></span> <span class='ocrx_word' id='word_1_441' title='bbox 1899 3665 1950 3709; x_wconf 90' lang='lat' dir='ltr'><strong>et</strong></span> <span class='ocrx_word' id='word_1_442' title='bbox 1978 3670 2079 3707; x_wconf 90' lang='lat' dir='ltr'><strong>una</strong></span> 
     </span>
    </p>
   </div>
   <div class='ocr_carea' id='block_1_55' title="bbox 569 3743 2083 3814">
    <p class='ocr_par' dir='ltr' id='par_1_55' title="bbox 569 3743 2083 3814">
     <span class='ocr_line' id='line_1_55' title="bbox 569 3743 2083 3814; baseline -0.007 -11"><span class='ocrx_word' id='word_1_443' title='bbox 569 3750 809 3803; x_wconf 85' lang='lat' dir='ltr'><strong>remissio</strong></span> <span class='ocrx_word' id='word_1_444' title='bbox 862 3758 1212 3814; x_wconf 87' lang='lat' dir='ltr'><strong>peccatorum,</strong></span> <span class='ocrx_word' id='word_1_445' title='bbox 1244 3746 1492 3812; x_wconf 85' lang='lat' dir='ltr'><strong>Apostolo</strong></span> <span class='ocrx_word' id='word_1_446' title='bbox 1540 3745 1864 3796; x_wconf 88' lang='lat' dir='ltr'><strong>afﬁrmante:</strong></span> <span class='ocrx_word' id='word_1_447' title='bbox 1897 3743 2083 3805; x_wconf 78' lang='lat' dir='ltr'><strong>Abluti,</strong></span> 
     </span>
    </p>
   </div>
   <div class='ocr_carea' id='block_1_56' title="bbox 570 3834 2085 3908">
    <p class='ocr_par' dir='ltr' id='par_1_56' title="bbox 570 3834 2085 3908">
     <span class='ocr_line' id='line_1_56' title="bbox 570 3834 2085 3908; baseline -0.005 -17"><span class='ocrx_word' id='word_1_448' title='bbox 570 3840 756 3908; x_wconf 89' lang='lat' dir='ltr'><strong>inquit,</strong></span> <span class='ocrx_word' id='word_1_449' title='bbox 784 3838 897 3891; x_wconf 82' lang='lat' dir='ltr'><strong>estis</strong></span> <span class='ocrx_word' id='word_1_450' title='bbox 923 3847 969 3889; x_wconf 88' lang='lat' dir='ltr'><strong>et</strong></span> <span class='ocrx_word' id='word_1_451' title='bbox 989 3837 1273 3907; x_wconf 76' lang='lat' dir='ltr'><strong>justiﬁcati,</strong></span> <span class='ocrx_word' id='word_1_452' title='bbox 1300 3845 1344 3887; x_wconf 90' lang='lat' dir='ltr'><strong>et</strong></span> <span class='ocrx_word' id='word_1_453' title='bbox 1363 3834 1658 3901; x_wconf 77' lang='lat' dir='ltr'><strong>sanctiﬁcati</strong></span> <span class='ocrx_word' id='word_1_454' title='bbox 1686 3835 1797 3885; x_wconf 88' lang='lat' dir='ltr'><strong>estis</strong></span> <span class='ocrx_word' id='word_1_455' title='bbox 1817 3834 1870 3884; x_wconf 90' lang='lat' dir='ltr'><strong>in</strong></span> <span class='ocrx_word' id='word_1_456' title='bbox 1889 3834 2085 3884; x_wconf 84' lang='lat' dir='ltr'><strong>nomine</strong></span> 
     </span>
    </p>
   </div>
   <div class='ocr_carea' id='block_1_57' title="bbox 570 3918 2085 3987">
    <p class='ocr_par' dir='ltr' id='par_1_57' title="bbox 570 3918 2085 3987">
     <span class='ocr_line' id='line_1_57' title="bbox 570 3918 2085 3987; baseline -0.006 -10"><span class='ocrx_word' id='word_1_457' title='bbox 570 3924 777 3977; x_wconf 80' lang='lat' dir='ltr'><strong>Domini</strong></span> <span class='ocrx_word' id='word_1_458' title='bbox 803 3924 959 3976; x_wconf 85' lang='lat' dir='ltr'><strong>nostri</strong></span> <span class='ocrx_word' id='word_1_459' title='bbox 1000 3920 1122 3974; x_wconf 83' lang='lat' dir='ltr'><strong>Jesu</strong></span> <span class='ocrx_word' id='word_1_460' title='bbox 1166 3920 1370 3983; x_wconf 79' lang='lat' dir='ltr'><strong>Christi,</strong></span> <span class='ocrx_word' id='word_1_461' title='bbox 1401 3930 1448 3973; x_wconf 87' lang='lat' dir='ltr'><strong>et</strong></span> <span class='ocrx_word' id='word_1_462' title='bbox 1480 3919 1532 3972; x_wconf 87' lang='lat' dir='ltr'><strong>in</strong></span> <span class='ocrx_word' id='word_1_463' title='bbox 1562 3918 1756 3987; x_wconf 87' lang='lat' dir='ltr'><strong>Spiritu</strong></span> <span class='ocrx_word' id='word_1_464' title='bbox 1784 3918 1879 3971; x_wconf 87' lang='lat' dir='ltr'><strong>Dei</strong></span> <span class='ocrx_word' id='word_1_465' title='bbox 1929 3918 2085 3971; x_wconf 87' lang='lat' dir='ltr'><strong>nostri</strong></span> 
     </span>
    </p>
   </div>
   <div class='ocr_carea' id='block_1_58' title="bbox 564 4006 2083 4085">
    <p class='ocr_par' dir='ltr' id='par_1_58' title="bbox 564 4006 2083 4085">
     <span class='ocr_line' id='line_1_58' title="bbox 564 4006 2083 4085; baseline -0.005 -19"><span class='ocrx_word' id='word_1_466' title='bbox 564 4013 619 4085; x_wconf 86' lang='grc'><strong>(1</strong></span> <span class='ocrx_word' id='word_1_467' title='bbox 640 4012 757 4067; x_wconf 85' lang='lat' dir='ltr'><strong>Cor.</strong></span> <span class='ocrx_word' id='word_1_468' title='bbox 800 4027 870 4074; x_wconf 91' lang='lat' dir='ltr'><strong>vt,</strong></span> <span class='ocrx_word' id='word_1_469' title='bbox 912 4009 1036 4079; x_wconf 87' lang='grc'><strong>11).</strong></span> <span class='ocrx_word' id='word_1_470' title='bbox 1067 4010 1341 4063; x_wconf 88' lang='lat' dir='ltr'><strong>Possemus</strong></span> <span class='ocrx_word' id='word_1_471' title='bbox 1380 4008 1525 4076; x_wconf 84' lang='lat' dir='ltr'><strong>plura</strong></span> <span class='ocrx_word' id='word_1_472' title='bbox 1577 4008 1745 4061; x_wconf 89' lang='lat' dir='ltr'><strong>adhuc</strong></span> <span class='ocrx_word' id='word_1_473' title='bbox 1783 4007 1851 4062; x_wconf 91' lang='lat' dir='ltr'><strong>de</strong></span> <span class='ocrx_word' id='word_1_474' title='bbox 1894 4006 2083 4061; x_wconf 80' lang='lat' dir='ltr'><strong>divinis</strong></span> 
     </span>
    </p>
   </div>
   <div class='ocr_carea' id='block_1_59' title="bbox 566 4094 2082 4171">
    <p class='ocr_par' dir='ltr' id='par_1_59' title="bbox 566 4094 2082 4171">
     <span class='ocr_line' id='line_1_59' title="bbox 566 4094 2082 4171; baseline -0.006 -14"><span class='ocrx_word' id='word_1_475' title='bbox 566 4102 852 4171; x_wconf 48' lang='lat' dir='ltr'><strong>Seripturis,</strong></span> <span class='ocrx_word' id='word_1_476' title='bbox 873 4098 1108 4168; x_wconf 84' lang='lat' dir='ltr'><strong>proferre</strong></span> <span class='ocrx_word' id='word_1_477' title='bbox 1138 4098 1451 4160; x_wconf 89' lang='lat' dir='ltr'><strong>testimonia,</strong></span> <span class='ocrx_word' id='word_1_478' title='bbox 1479 4110 1595 4165; x_wconf 65' lang='lat' dir='ltr'><strong>qua</strong></span> <span class='ocrx_word' id='word_1_479' title='bbox 1618 4094 1645 4133; x_wconf 75' lang='grc' dir='ltr'>δ</span> <span class='ocrx_word' id='word_1_480' title='bbox 1670 4097 1813 4164; x_wconf 80' lang='lat' dir='ltr'><strong>juxta</strong></span> <span class='ocrx_word' id='word_1_481' title='bbox 1840 4096 2082 4164; x_wconf 78' lang='lat' dir='ltr'><strong>baptismi</strong></span> 
     </span>
    </p>
   </div>
   <div class='ocr_carea' id='block_1_60' title="bbox 560 4184 2093 4253">
    <p class='ocr_par' dir='ltr' id='par_1_60' title="bbox 560 4184 2093 4253">
     <span class='ocr_line' id='line_1_60' title="bbox 560 4184 2093 4253; baseline -0.005 -8"><span class='ocrx_word' id='word_1_482' title='bbox 560 4201 938 4245; x_wconf 83' lang='lat' dir='ltr'><strong>sacramentum</strong></span> <span class='ocrx_word' id='word_1_483' title='bbox 976 4186 1283 4242; x_wconf 82' lang='lat' dir='ltr'><strong>Trinitatem</strong></span> <span class='ocrx_word' id='word_1_484' title='bbox 1331 4186 1483 4239; x_wconf 89' lang='lat' dir='ltr'><strong>unius</strong></span> <span class='ocrx_word' id='word_1_485' title='bbox 1532 4186 1733 4253; x_wconf 70' lang='lat' dir='ltr'><strong>gloriae,</strong></span> <span class='ocrx_word' id='word_1_486' title='bbox 1763 4184 2093 4252; x_wconf 59' lang='lat' dir='ltr'><strong>operationis&quot;</strong></span> 
     </span>
    </p>
   </div>
   <div class='ocr_carea' id='block_1_61' title="bbox 561 4272 2083 4344">
    <p class='ocr_par' dir='ltr' id='par_1_61' title="bbox 561 4272 2083 4344">
     <span class='ocr_line' id='line_1_61' title="bbox 561 4272 2083 4344; baseline -0.005 -13"><span class='ocrx_word' id='word_1_487' title='bbox 561 4294 624 4331; x_wconf 89' lang='lat' dir='ltr'><strong>ac</strong></span> <span class='ocrx_word' id='word_1_488' title='bbox 654 4277 899 4344; x_wconf 78' lang='lat' dir='ltr'><strong>potentiae</strong></span> <span class='ocrx_word' id='word_1_489' title='bbox 920 4275 1250 4327; x_wconf 82' lang='lat' dir='ltr'><strong>manifestam</strong></span> <span class='ocrx_word' id='word_1_490' title='bbox 1280 4290 1294 4322; x_wconf 89' lang='lat'><strong>:</strong></span> <span class='ocrx_word' id='word_1_491' title='bbox 1324 4275 1412 4323; x_wconf 87' lang='lat' dir='ltr'><strong>sed</strong></span> <span class='ocrx_word' id='word_1_492' title='bbox 1442 4273 1561 4337; x_wconf 87' lang='lat' dir='ltr'><strong>quia</strong></span> <span class='ocrx_word' id='word_1_493' title='bbox 1592 4287 1656 4323; x_wconf 81' lang='lat' dir='ltr'><strong>ex</strong></span> <span class='ocrx_word' id='word_1_494' title='bbox 1686 4272 1764 4323; x_wconf 89' lang='lat' dir='ltr'><strong>his</strong></span> <span class='ocrx_word' id='word_1_495' title='bbox 1794 4274 1975 4337; x_wconf 91' lang='lat' dir='ltr'><strong>plenus</strong></span> <span class='ocrx_word' id='word_1_496' title='bbox 2001 4282 2083 4323; x_wconf 86' lang='lat' dir='ltr'><strong>est</strong></span> 
     </span>
    </p>
   </div>
   <div class='ocr_carea' id='block_1_62' title="bbox 564 4358 2083 4429">
    <p class='ocr_par' dir='ltr' id='par_1_62' title="bbox 564 4358 2083 4429">
     <span class='ocr_line' id='line_1_62' title="bbox 564 4358 2083 4429; baseline -0.005 -12"><span class='ocrx_word' id='word_1_497' title='bbox 564 4365 874 4429; x_wconf 75' lang='lat' dir='ltr'><strong>Sapientium</strong></span> <span class='ocrx_word' id='word_1_498' title='bbox 920 4362 1231 4420; x_wconf 86' lang='lat' dir='ltr'><strong>intellectus,</strong></span> <span class='ocrx_word' id='word_1_499' title='bbox 1282 4360 1440 4408; x_wconf 84' lang='lat' dir='ltr'><strong>multa</strong></span> <span class='ocrx_word' id='word_1_500' title='bbox 1483 4358 1859 4423; x_wconf 80' lang='lat' dir='ltr'><strong>praeterivimus</strong></span> <span class='ocrx_word' id='word_1_501' title='bbox 1911 4359 2083 4409; x_wconf 90' lang='lat' dir='ltr'><strong>studio</strong></span> 
     </span>
    </p>
   </div>
   <div class='ocr_carea' id='block_1_63' title="bbox 565 4438 2011 4503">
    <p class='ocr_par' dir='ltr' id='par_1_63' title="bbox 565 4438 2011 4503">
     <span class='ocr_line' id='line_1_63' title="bbox 565 4438 2011 4503; baseline -0.017 0"><span class='ocrx_word' id='word_1_502' title='bbox 565 4448 856 4503; x_wconf 76' lang='lat' dir='ltr'><strong>brevitatis.</strong></span> <span class='ocrx_word' id='word_1_503' title='bbox 1230 4462 1231 4465; x_wconf 52' lang='grc' dir='ltr'><strong>η</strong></span> <span class='ocrx_word' id='word_1_504' title='bbox 2010 4438 2011 4441; x_wconf 77' lang='lat'>‘</span> 
     </span>
    </p>
   </div>
   <div class='ocr_carea' id='block_1_64' title="bbox 636 4522 2079 4601">
    <p class='ocr_par' dir='ltr' id='par_1_64' title="bbox 636 4522 2079 4601">
     <span class='ocr_line' id='line_1_64' title="bbox 636 4522 2079 4601; baseline -0.006 -13"><span class='ocrx_word' id='word_1_505' title='bbox 636 4536 771 4588; x_wconf 77' lang='lat' dir='ltr'><strong>XXI.</strong></span> <span class='ocrx_word' id='word_1_506' title='bbox 819 4532 1202 4601; x_wconf 84' lang='lat' dir='ltr'><strong>Recapitulatio.</strong></span> <span class='ocrx_word' id='word_1_507' title='bbox 1226 4560 1292 4569; x_wconf 93' lang='lat'><strong>——</strong></span> <span class='ocrx_word' id='word_1_508' title='bbox 1313 4530 1582 4582; x_wconf 84' lang='lat' dir='ltr'><strong>Faciamus</strong></span> <span class='ocrx_word' id='word_1_509' title='bbox 1623 4544 1744 4596; x_wconf 87' lang='lat' dir='ltr'><strong>ergo</strong></span> <span class='ocrx_word' id='word_1_510' title='bbox 1776 4522 2079 4595; x_wconf 85' lang='lat' dir='ltr'><strong>recapitula-</strong></span> 
     </span>
    </p>
   </div>
   <div class='ocr_carea' id='block_1_65' title="bbox 566 4616 2083 4682">
    <p class='ocr_par' dir='ltr' id='par_1_65' title="bbox 566 4616 2083 4682">
     <span class='ocr_line' id='line_1_65' title="bbox 566 4616 2083 4682; baseline -0.005 -8"><span class='ocrx_word' id='word_1_511' title='bbox 566 4625 757 4677; x_wconf 88' lang='lat' dir='ltr'><strong>tionem</strong></span> <span class='ocrx_word' id='word_1_512' title='bbox 800 4621 1053 4673; x_wconf 81' lang='lat' dir='ltr'><strong>dictorum</strong></span> <span class='ocrx_word' id='word_1_513' title='bbox 1098 4627 1413 4670; x_wconf 84' lang='lat' dir='ltr'><strong>nostrOrum.</strong></span> <span class='ocrx_word' id='word_1_514' title='bbox 1462 4617 1516 4669; x_wconf 88' lang='lat' dir='ltr'><strong>Si</strong></span> <span class='ocrx_word' id='word_1_515' title='bbox 1548 4619 1611 4669; x_wconf 88' lang='lat' dir='ltr'><strong>de</strong></span> <span class='ocrx_word' id='word_1_516' title='bbox 1656 4618 1804 4668; x_wconf 85' lang='lat' dir='ltr'><strong>Patre</strong></span> <span class='ocrx_word' id='word_1_517' title='bbox 1852 4616 2083 4682; x_wconf 81' lang='lat' dir='ltr'><strong>procedit</strong></span> 
     </span>
    </p>
   </div>
   <div class='ocr_carea' id='block_1_66' title="bbox 569 4690 2084 4776">
    <p class='ocr_par' dir='ltr' id='par_1_66' title="bbox 569 4690 2084 4776">
     <span class='ocr_line' id='line_1_66' title="bbox 569 4690 2084 4776; baseline -0.007 -12"><span class='ocrx_word' id='word_1_518' title='bbox 569 4710 792 4776; x_wconf 87' lang='lat' dir='ltr'><strong>Spiritus</strong></span> <span class='ocrx_word' id='word_1_519' title='bbox 830 4717 1057 4765; x_wconf 87' lang='lat' dir='ltr'><strong>sanctus,</strong></span> <span class='ocrx_word' id='word_1_520' title='bbox 1088 4707 1129 4757; x_wconf 89' lang='lat' dir='ltr'><strong>si</strong></span> <span class='ocrx_word' id='word_1_521' title='bbox 1158 4706 1361 4767; x_wconf 77' lang='lat' dir='ltr'><strong>liberat,</strong></span> <span class='ocrx_word' id='word_1_522' title='bbox 1392 4706 1434 4755; x_wconf 91' lang='lat' dir='ltr'><strong>si</strong></span> <span class='ocrx_word' id='word_1_523' title='bbox 1478 4690 1722 4756; x_wconf 72' lang='lat' dir='ltr'><strong>Dominus</strong></span> <span class='ocrx_word' id='word_1_524' title='bbox 1768 4714 1848 4756; x_wconf 91' lang='lat' dir='ltr'><strong>est</strong></span> <span class='ocrx_word' id='word_1_525' title='bbox 1884 4715 1937 4756; x_wconf 87' lang='lat' dir='ltr'><strong>et</strong></span> <span class='ocrx_word' id='word_1_526' title='bbox 1964 4717 2084 4755; x_wconf 77' lang='lat' dir='ltr'><strong>san-</strong></span> 
     </span>
    </p>
   </div>
   <div class='ocr_carea' id='block_1_67' title="bbox 568 4778 2083 4863">
    <p class='ocr_par' dir='ltr' id='par_1_67' title="bbox 568 4778 2083 4863">
     <span class='ocr_line' id='line_1_67' title="bbox 568 4778 2083 4863; baseline -0.007 -9"><span class='ocrx_word' id='word_1_527' title='bbox 568 4802 777 4863; x_wconf 87' lang='lat' dir='ltr'><strong>ctiﬁcat,</strong></span> <span class='ocrx_word' id='word_1_528' title='bbox 802 4800 843 4851; x_wconf 79' lang='lat' dir='ltr'><strong>si</strong></span> <span class='ocrx_word' id='word_1_529' title='bbox 866 4808 1005 4851; x_wconf 87' lang='lat' dir='ltr'><strong>creat</strong></span> <span class='ocrx_word' id='word_1_530' title='bbox 1027 4778 1141 4849; x_wconf 68' lang='lat' dir='ltr'><strong>c&#39;uui</strong></span> <span class='ocrx_word' id='word_1_531' title='bbox 1162 4797 1311 4849; x_wconf 88' lang='lat' dir='ltr'><strong>Patre</strong></span> <span class='ocrx_word' id='word_1_532' title='bbox 1325 4804 1377 4846; x_wconf 91' lang='lat' dir='ltr'><strong>ct</strong></span> <span class='ocrx_word' id='word_1_533' title='bbox 1398 4794 1529 4846; x_wconf 83' lang='lat' dir='ltr'><strong>Filio</strong></span> <span class='ocrx_word' id='word_1_534' title='bbox 1549 4806 1599 4846; x_wconf 89' lang='lat' dir='ltr'><strong>et</strong></span> <span class='ocrx_word' id='word_1_535' title='bbox 1622 4794 1861 4857; x_wconf 87' lang='lat' dir='ltr'><strong>viviﬁcat,</strong></span> <span class='ocrx_word' id='word_1_536' title='bbox 1886 4792 1929 4845; x_wconf 90' lang='lat' dir='ltr'><strong>si</strong></span> <span class='ocrx_word' id='word_1_537' title='bbox 1953 4807 2083 4859; x_wconf 69' lang='lat' dir='ltr'><strong>prm-</strong></span> 
     </span>
    </p>
   </div>
   <div class='ocr_carea' id='block_1_68' title="bbox 571 4884 2084 4950">
    <p class='ocr_par' dir='ltr' id='par_1_68' title="bbox 571 4884 2084 4950">
     <span class='ocr_line' id='line_1_68' title="bbox 571 4884 2084 4950; baseline -0.005 -7"><span class='ocrx_word' id='word_1_538' title='bbox 571 4887 838 4942; x_wconf 86' lang='lat' dir='ltr'><strong>scientiam</strong></span> <span class='ocrx_word' id='word_1_539' title='bbox 869 4887 1022 4939; x_wconf 82' lang='lat' dir='ltr'><strong>habet</strong></span> <span class='ocrx_word' id='word_1_540' title='bbox 1062 4900 1179 4937; x_wconf 91' lang='lat' dir='ltr'><strong>cum</strong></span> <span class='ocrx_word' id='word_1_541' title='bbox 1212 4884 1362 4936; x_wconf 89' lang='lat' dir='ltr'><strong>Patre</strong></span> <span class='ocrx_word' id='word_1_542' title='bbox 1390 4892 1443 4936; x_wconf 91' lang='lat' dir='ltr'><strong>et</strong></span> <span class='ocrx_word' id='word_1_543' title='bbox 1472 4884 1618 4946; x_wconf 80' lang='lat' dir='ltr'><strong>Filio,</strong></span> <span class='ocrx_word' id='word_1_544' title='bbox 1645 4886 1687 4935; x_wconf 88' lang='lat' dir='ltr'><strong>si</strong></span> <span class='ocrx_word' id='word_1_545' title='bbox 1720 4884 1906 4950; x_wconf 78' lang='lat' dir='ltr'><strong>ubique</strong></span> <span class='ocrx_word' id='word_1_546' title='bbox 1931 4892 2013 4935; x_wconf 88' lang='lat' dir='ltr'><strong>est</strong></span> <span class='ocrx_word' id='word_1_547' title='bbox 2032 4893 2084 4935; x_wconf 88' lang='lat' dir='ltr'><strong>et</strong></span> 
     </span>
    </p>
   </div>
   <div class='ocr_carea' id='block_1_69' title="bbox 568 4972 2085 5046">
    <p class='ocr_par' dir='ltr' id='par_1_69' title="bbox 568 4972 2085 5046">
     <span class='ocr_line' id='line_1_69' title="bbox 568 4972 2085 5046; baseline -0.005 -14"><span class='ocrx_word' id='word_1_548' title='bbox 568 4976 746 5046; x_wconf 78' lang='lat' dir='ltr'><strong>implet</strong></span> <span class='ocrx_word' id='word_1_549' title='bbox 775 4977 968 5043; x_wconf 85' lang='lat' dir='ltr'><strong>omnia,</strong></span> <span class='ocrx_word' id='word_1_550' title='bbox 999 4976 1041 5028; x_wconf 89' lang='lat' dir='ltr'><strong>si</strong></span> <span class='ocrx_word' id='word_1_551' title='bbox 1082 4973 1276 5026; x_wconf 79' lang='lat' dir='ltr'><strong>habitat</strong></span> <span class='ocrx_word' id='word_1_552' title='bbox 1304 4973 1354 5024; x_wconf 92' lang='lat' dir='ltr'><strong>in</strong></span> <span class='ocrx_word' id='word_1_553' title='bbox 1391 4973 1589 5036; x_wconf 86' lang='lat' dir='ltr'><strong>electis,</strong></span> <span class='ocrx_word' id='word_1_554' title='bbox 1633 4973 1675 5024; x_wconf 90' lang='lat' dir='ltr'><strong>si</strong></span> <span class='ocrx_word' id='word_1_555' title='bbox 1717 4972 1884 5039; x_wconf 79' lang='lat' dir='ltr'><strong>arguit</strong></span> <span class='ocrx_word' id='word_1_556' title='bbox 1934 4987 2085 5024; x_wconf 90' lang='lat' dir='ltr'><strong>mun-</strong></span> 
     </span>
    </p>
   </div>
   <div class='ocr_carea' id='block_1_70' title="bbox 636 5123 2077 5197">
    <p class='ocr_par' dir='ltr' id='par_1_70' title="bbox 636 5123 2077 5197">
     <span class='ocr_line' id='line_1_70' title="bbox 636 5123 2077 5197; baseline -0.003 -16"><span class='ocrx_word' id='word_1_557' title='bbox 636 5141 660 5166; x_wconf 78' lang='grc' dir='ltr'>ι</span> <span class='ocrx_word' id='word_1_558' title='bbox 685 5129 919 5197; x_wconf 75' lang='lat' dir='ltr'><strong>Vulgata,</strong></span> <span class='ocrx_word' id='word_1_559' title='bbox 940 5128 1256 5197; x_wconf 78' lang='lat' dir='ltr'><strong>Advocatum,</strong></span> <span class='ocrx_word' id='word_1_560' title='bbox 1273 5124 1410 5189; x_wconf 91' lang='lat' dir='ltr'><strong>quod</strong></span> <span class='ocrx_word' id='word_1_561' title='bbox 1439 5124 1571 5177; x_wconf 87' lang='lat' dir='ltr'><strong>idem</strong></span> <span class='ocrx_word' id='word_1_562' title='bbox 1598 5132 1693 5176; x_wconf 89' lang='lat' dir='ltr'><strong>est.</strong></span> <span class='ocrx_word' id='word_1_563' title='bbox 1713 5123 2077 5197; x_wconf 73' lang='lat' dir='ltr'><strong>Gr_tecus_enim</strong></span> 
     </span>
    </p>
   </div>
   <div class='ocr_carea' id='block_1_71' title="bbox 568 5190 2079 5265">
    <p class='ocr_par' dir='ltr' id='par_1_71' title="bbox 568 5190 2079 5265">
     <span class='ocr_line' id='line_1_71' title="bbox 568 5190 2079 5265; baseline -0.005 -14"><span class='ocrx_word' id='word_1_564' title='bbox 568 5209 737 5251; x_wconf 73' lang='lat' dir='ltr'><strong>textus</strong></span> <span class='ocrx_word' id='word_1_565' title='bbox 774 5190 924 5249; x_wconf 69' lang='lat' dir='ltr'><strong>habet</strong></span> <span class='ocrx_word' id='word_1_566' title='bbox 947 5233 963 5257; x_wconf 93' lang='lat'><strong>,</strong></span> <span class='ocrx_word' id='word_1_567' title='bbox 1004 5193 1349 5265; x_wconf 60' lang='lat' dir='ltr'><strong>Daptknlnrou,</strong></span> <span class='ocrx_word' id='word_1_568' title='bbox 1389 5206 1417 5242; x_wconf 86' lang='lat' dir='ltr'><strong>a</strong></span> <span class='ocrx_word' id='word_1_569' title='bbox 1455 5205 1553 5258; x_wconf 92' lang='lat' dir='ltr'><strong>qua</strong></span> <span class='ocrx_word' id='word_1_570' title='bbox 1578 5205 1720 5265; x_wconf 68' lang='lat' dir='ltr'><strong>voce</strong></span> <span class='ocrx_word' id='word_1_571' title='bbox 1761 5190 2040 5265; x_wconf 82' lang='lat' dir='ltr'><strong>Paraclitus</strong></span> <span class='ocrx_word' id='word_1_572' title='bbox 2064 5232 2079 5256; x_wconf 94' lang='lat'><strong>,</strong></span> 
     </span>
    </p>
   </div>
   <div class='ocr_carea' id='block_1_72' title="bbox 567 5260 2081 5330">
    <p class='ocr_par' dir='ltr' id='par_1_72' title="bbox 567 5260 2081 5330">
     <span class='ocr_line' id='line_1_72' title="bbox 567 5260 2081 5330; baseline -0.005 -12"><span class='ocrx_word' id='word_1_573' title='bbox 567 5272 719 5320; x_wconf 89' lang='lat' dir='ltr'><strong>etiam</strong></span> <span class='ocrx_word' id='word_1_574' title='bbox 761 5280 849 5330; x_wconf 84' lang='lat' dir='ltr'><strong>per</strong></span> <span class='ocrx_word' id='word_1_575' title='bbox 880 5260 1096 5314; x_wconf 82' lang='lat' dir='ltr'><strong>litteram</strong></span> <span class='ocrx_word' id='word_1_576' title='bbox 1143 5260 1159 5330; x_wconf 82' lang='lat' dir='ltr'><strong>i</strong></span> <span class='ocrx_word' id='word_1_577' title='bbox 1203 5262 1427 5330; x_wconf 76' lang='lat' dir='ltr'><strong>breviter</strong></span> <span class='ocrx_word' id='word_1_578' title='bbox 1456 5268 1511 5330; x_wconf 78' lang='lat' dir='ltr'><strong>ut</strong></span> <span class='ocrx_word' id='word_1_579' title='bbox 1545 5260 1686 5330; x_wconf 75' lang='lat' dir='ltr'><strong>aiunt</strong></span> <span class='ocrx_word' id='word_1_580' title='bbox 1724 5262 2039 5330; x_wconf 67' lang='lat' dir='ltr'><strong>enuntiatum</strong></span> <span class='ocrx_word' id='word_1_581' title='bbox 2064 5298 2081 5322; x_wconf 93' lang='lat'><strong>,</strong></span> 
     </span>
    </p>
   </div>
   <div class='ocr_carea' id='block_1_73' title="bbox 569 5325 2085 5397">
    <p class='ocr_par' dir='ltr' id='par_1_73' title="bbox 569 5325 2085 5397">
     <span class='ocr_line' id='line_1_73' title="bbox 569 5325 2085 5397; baseline -0.005 -12"><span class='ocrx_word' id='word_1_582' title='bbox 569 5325 785 5385; x_wconf 80' lang='lat' dir='ltr'><strong>derivari</strong></span> <span class='ocrx_word' id='word_1_583' title='bbox 816 5338 1002 5397; x_wconf 87' lang='lat' dir='ltr'><strong>potest,</strong></span> <span class='ocrx_word' id='word_1_584' title='bbox 1029 5325 1543 5397; x_wconf 6' lang='lat' dir='ltr'><strong>utgpluribusprobat</strong></span> <span class='ocrx_word' id='word_1_585' title='bbox 1571 5326 1627 5376; x_wconf 84' lang='lat' dir='ltr'><strong>V.</strong></span> <span class='ocrx_word' id='word_1_586' title='bbox 1649 5326 1963 5397; x_wconf 36' lang='lat' dir='ltr'><strong>Caloannes</strong></span> <span class='ocrx_word' id='word_1_587' title='bbox 1990 5330 2085 5379; x_wconf 83' lang='lat' dir='ltr'><strong>Ba-</strong></span> 
     </span>
    </p>
   </div>
   <div class='ocr_carea' id='block_1_74' title="bbox 570 5394 2080 5466">
    <p class='ocr_par' dir='ltr' id='par_1_74' title="bbox 570 5394 2080 5466">
     <span class='ocr_line' id='line_1_74' title="bbox 570 5394 2080 5466; baseline -0.003 -16"><span class='ocrx_word' id='word_1_588' title='bbox 570 5403 723 5466; x_wconf 88' lang='lat' dir='ltr'><strong>ptista</strong></span> <span class='ocrx_word' id='word_1_589' title='bbox 749 5394 952 5461; x_wconf 79' lang='lat' dir='ltr'><strong>Thiers,</strong></span> <span class='ocrx_word' id='word_1_590' title='bbox 979 5398 1031 5448; x_wconf 91' lang='lat' dir='ltr'><strong>in</strong></span> <span class='ocrx_word' id='word_1_591' title='bbox 1059 5395 1303 5466; x_wconf 80' lang='lat' dir='ltr'><strong>singulari</strong></span> <span class='ocrx_word' id='word_1_592' title='bbox 1332 5394 1395 5446; x_wconf 86' lang='lat' dir='ltr'><strong>de</strong></span> <span class='ocrx_word' id='word_1_593' title='bbox 1427 5396 1522 5466; x_wconf 75' lang='lat' dir='ltr'><strong>hac</strong></span> <span class='ocrx_word' id='word_1_594' title='bbox 1548 5407 1669 5445; x_wconf 84' lang='lat' dir='ltr'><strong>voce</strong></span> <span class='ocrx_word' id='word_1_595' title='bbox 1702 5396 2080 5466; x_wconf 80' lang='lat' dir='ltr'><strong>disse_rtatione.</strong></span> 
     </span>
    </p>
   </div>
   <div class='ocr_carea' id='block_1_75' title="bbox 638 5458 2085 5529">
    <p class='ocr_par' dir='ltr' id='par_1_75' title="bbox 638 5458 2085 5529">
     <span class='ocr_line' id='line_1_75' title="bbox 638 5458 2085 5529; baseline -0.003 -11"><span class='ocrx_word' id='word_1_596' title='bbox 638 5468 663 5501; x_wconf 73' lang='grc' dir='ltr'>δ</span> <span class='ocrx_word' id='word_1_597' title='bbox 692 5469 820 5529; x_wconf 90' lang='lat' dir='ltr'><strong>Quia</strong></span> <span class='ocrx_word' id='word_1_598' title='bbox 867 5468 914 5515; x_wconf 90' lang='lat' dir='ltr'><strong>in</strong></span> <span class='ocrx_word' id='word_1_599' title='bbox 940 5458 1213 5528; x_wconf 81' lang='lat' dir='ltr'><strong>baptismo</strong></span> <span class='ocrx_word' id='word_1_600' title='bbox 1248 5462 1458 5516; x_wconf 88' lang='lat' dir='ltr'><strong>dicitur.</strong></span> <span class='ocrx_word' id='word_1_601' title='bbox 1494 5458 1555 5510; x_wconf 86' lang='lat' dir='ltr'><strong>In</strong></span> <span class='ocrx_word' id='word_1_602' title='bbox 1585 5463 1776 5513; x_wconf 85' lang='lat' dir='ltr'><strong>nomine</strong></span> <span class='ocrx_word' id='word_1_603' title='bbox 1814 5462 2013 5522; x_wconf 85' lang='lat' dir='ltr'><strong>Patris,</strong></span> <span class='ocrx_word' id='word_1_604' title='bbox 2040 5472 2085 5513; x_wconf 89' lang='lat' dir='ltr'><strong>et</strong></span> 
     </span>
    </p>
   </div>
   <div class='ocr_carea' id='block_1_76' title="bbox 576 5529 2083 5600">
    <p class='ocr_par' dir='ltr' id='par_1_76' title="bbox 576 5529 2083 5600">
     <span class='ocr_line' id='line_1_76' title="bbox 576 5529 2083 5600; baseline -0.001 -19"><span class='ocrx_word' id='word_1_605' title='bbox 576 5530 713 5593; x_wconf 82' lang='lat' dir='ltr'><strong>Filii,</strong></span> <span class='ocrx_word' id='word_1_606' title='bbox 742 5542 787 5584; x_wconf 90' lang='lat' dir='ltr'><strong>et</strong></span> <span class='ocrx_word' id='word_1_607' title='bbox 815 5534 1029 5600; x_wconf 81' lang='lat' dir='ltr'><strong>Spiritus</strong></span> <span class='ocrx_word' id='word_1_608' title='bbox 1050 5530 1226 5593; x_wconf 86' lang='lat' dir='ltr'><strong>sancti,</strong></span> <span class='ocrx_word' id='word_1_609' title='bbox 1255 5531 1356 5597; x_wconf 76' lang='lat'><strong>81</strong></span> <span class='ocrx_word' id='word_1_610' title='bbox 1382 5529 1568 5594; x_wconf 85' lang='lat' dir='ltr'><strong>quibus</strong></span> <span class='ocrx_word' id='word_1_611' title='bbox 1595 5530 1760 5581; x_wconf 82' lang='lat' dir='ltr'><strong>verbis</strong></span> <span class='ocrx_word' id='word_1_612' title='bbox 1786 5533 1951 5583; x_wconf 85' lang='lat' dir='ltr'><strong>unitas</strong></span> <span class='ocrx_word' id='word_1_613' title='bbox 1968 5530 2083 5581; x_wconf 79' lang='lat' dir='ltr'><strong>Tri-</strong></span> 
     </span>
    </p>
   </div>
   <div class='ocr_carea' id='block_1_77' title="bbox 575 5602 1093 5659">
    <p class='ocr_par' dir='ltr' id='par_1_77' title="bbox 575 5602 1093 5659">
     <span class='ocr_line' id='line_1_77' title="bbox 575 5602 1093 5659; baseline -0.004 -8"><span class='ocrx_word' id='word_1_614' title='bbox 575 5603 745 5651; x_wconf 78' lang='lat' dir='ltr'><strong>nitatis</strong></span> <span class='ocrx_word' id='word_1_615' title='bbox 774 5602 1093 5659; x_wconf 77' lang='lat' dir='ltr'><strong>exprimitur.</strong></span> 
     </span>
    </p>
   </div>
   <div class='ocr_carea' id='block_1_78' title="bbox 2115 1898 3692 1966">
    <p class='ocr_par' dir='ltr' id='par_1_78' title="bbox 2115 1898 3692 1966">
     <span class='ocr_line' id='line_1_78' title="bbox 2115 1898 3692 1966; baseline 0 -17"><span class='ocrx_word' id='word_1_616' title='bbox 2115 1898 2119 1907; x_wconf 87' lang='lat'>&#39;</span> <span class='ocrx_word' id='word_1_617' title='bbox 2172 1898 2274 1950; x_wconf 87' lang='lat' dir='ltr'><strong>fert</strong></span> <span class='ocrx_word' id='word_1_618' title='bbox 2318 1898 2779 1955; x_wconf 82' lang='lat' dir='ltr'><strong>sauctilicationem</strong></span> <span class='ocrx_word' id='word_1_619' title='bbox 2808 1906 2864 1951; x_wconf 89' lang='lat' dir='ltr'><strong>et</strong></span> <span class='ocrx_word' id='word_1_620' title='bbox 2904 1901 3061 1951; x_wconf 90' lang='lat' dir='ltr'><strong>vitam</strong></span> <span class='ocrx_word' id='word_1_621' title='bbox 3110 1908 3429 1966; x_wconf 85' lang='lat' dir='ltr'><strong>perpetuam,</strong></span> <span class='ocrx_word' id='word_1_622' title='bbox 3462 1900 3692 1965; x_wconf 87' lang='lat' dir='ltr'><strong>ingratus</strong></span> 
     </span>
    </p>
   </div>
   <div class='ocr_carea' id='block_1_79' title="bbox 2172 1984 3689 2051">
    <p class='ocr_par' dir='ltr' id='par_1_79' title="bbox 2172 1984 3689 2051">
     <span class='ocr_line' id='line_1_79' title="bbox 2172 1984 3689 2051; baseline -0.001 -14"><span class='ocrx_word' id='word_1_623' title='bbox 2172 2001 2285 2038; x_wconf 89' lang='lat' dir='ltr'><strong>sum</strong></span> <span class='ocrx_word' id='word_1_624' title='bbox 2310 1986 2461 2036; x_wconf 88' lang='lat' dir='ltr'><strong>nimis</strong></span> <span class='ocrx_word' id='word_1_625' title='bbox 2479 1994 2532 2036; x_wconf 91' lang='lat' dir='ltr'><strong>et</strong></span> <span class='ocrx_word' id='word_1_626' title='bbox 2553 1984 2903 2051; x_wconf 83' lang='lat' dir='ltr'><strong>impiissimus,</strong></span> <span class='ocrx_word' id='word_1_627' title='bbox 2927 1987 2969 2036; x_wconf 88' lang='lat' dir='ltr'><strong>si</strong></span> <span class='ocrx_word' id='word_1_628' title='bbox 2991 1987 3037 2037; x_wconf 89' lang='lat' dir='ltr'><strong>ei</strong></span> <span class='ocrx_word' id='word_1_629' title='bbox 3058 2000 3175 2038; x_wconf 87' lang='lat' dir='ltr'><strong>cum</strong></span> <span class='ocrx_word' id='word_1_630' title='bbox 3197 1986 3346 2038; x_wconf 89' lang='lat' dir='ltr'><strong>Patre</strong></span> <span class='ocrx_word' id='word_1_631' title='bbox 3365 1996 3416 2038; x_wconf 89' lang='lat' dir='ltr'><strong>et</strong></span> <span class='ocrx_word' id='word_1_632' title='bbox 3437 1986 3566 2038; x_wconf 86' lang='lat' dir='ltr'><strong>Filio</strong></span> <span class='ocrx_word' id='word_1_633' title='bbox 3587 1999 3689 2039; x_wconf 86' lang='lat' dir='ltr'><strong>non</strong></span> 
     </span>
    </p>
   </div>
   <div class='ocr_carea' id='block_1_80' title="bbox 2173 2074 3692 2142">
    <p class='ocr_par' dir='ltr' id='par_1_80' title="bbox 2173 2074 3692 2142">
     <span class='ocr_line' id='line_1_80' title="bbox 2173 2074 3692 2142; baseline -0.001 -15"><span class='ocrx_word' id='word_1_634' title='bbox 2173 2075 2345 2129; x_wconf 86' lang='lat' dir='ltr'><strong>refero</strong></span> <span class='ocrx_word' id='word_1_635' title='bbox 2368 2075 2601 2142; x_wconf 88' lang='lat' dir='ltr'><strong>gloriam,</strong></span> <span class='ocrx_word' id='word_1_636' title='bbox 2635 2075 2735 2141; x_wconf 67' lang='lat'><strong>32</strong></span> <span class='ocrx_word' id='word_1_637' title='bbox 2770 2083 2857 2126; x_wconf 87' lang='lat' dir='ltr'><strong>aut</strong></span> <span class='ocrx_word' id='word_1_638' title='bbox 2882 2074 2925 2125; x_wconf 88' lang='lat' dir='ltr'><strong>si</strong></span> <span class='ocrx_word' id='word_1_639' title='bbox 2953 2087 3054 2127; x_wconf 88' lang='lat' dir='ltr'><strong>non</strong></span> <span class='ocrx_word' id='word_1_640' title='bbox 3081 2083 3161 2127; x_wconf 90' lang='lat' dir='ltr'><strong>est</strong></span> <span class='ocrx_word' id='word_1_641' title='bbox 3188 2088 3303 2125; x_wconf 90' lang='lat' dir='ltr'><strong>cum</strong></span> <span class='ocrx_word' id='word_1_642' title='bbox 3334 2074 3487 2125; x_wconf 89' lang='lat' dir='ltr'><strong>Patre</strong></span> <span class='ocrx_word' id='word_1_643' title='bbox 3515 2075 3692 2125; x_wconf 88' lang='lat' dir='ltr'><strong>colen-</strong></span> 
     </span>
    </p>
   </div>
   <div class='ocr_carea' id='block_1_81' title="bbox 2171 2162 3687 2231">
    <p class='ocr_par' dir='ltr' id='par_1_81' title="bbox 2171 2162 3687 2231">
     <span class='ocr_line' id='line_1_81' title="bbox 2171 2162 3687 2231; baseline -0.003 -14"><span class='ocrx_word' id='word_1_644' title='bbox 2171 2165 2268 2217; x_wconf 92' lang='lat' dir='ltr'><strong>dus</strong></span> <span class='ocrx_word' id='word_1_645' title='bbox 2296 2174 2347 2218; x_wconf 91' lang='lat' dir='ltr'><strong>et</strong></span> <span class='ocrx_word' id='word_1_646' title='bbox 2389 2165 2538 2229; x_wconf 80' lang='lat' dir='ltr'><strong>Filio,</strong></span> <span class='ocrx_word' id='word_1_647' title='bbox 2567 2181 2689 2231; x_wconf 81' lang='lat' dir='ltr'><strong>ergo</strong></span> <span class='ocrx_word' id='word_1_648' title='bbox 2726 2179 2819 2217; x_wconf 83' lang='lat' dir='ltr'><strong>nec</strong></span> <span class='ocrx_word' id='word_1_649' title='bbox 2863 2163 3187 2217; x_wconf 88' lang='lat' dir='ltr'><strong>conﬁtendus</strong></span> <span class='ocrx_word' id='word_1_650' title='bbox 3212 2164 3368 2216; x_wconf 89' lang='lat' dir='ltr'><strong>estin</strong></span> <span class='ocrx_word' id='word_1_651' title='bbox 3415 2162 3687 2227; x_wconf 72' lang='lat' dir='ltr'><strong>bapiismo.</strong></span> 
     </span>
    </p>
   </div>
   <div class='ocr_carea' id='block_1_82' title="bbox 2170 2251 3691 2307">
    <p class='ocr_par' dir='ltr' id='par_1_82' title="bbox 2170 2251 3691 2307">
     <span class='ocr_line' id='line_1_82' title="bbox 2170 2251 3691 2307; baseline -0.002 -1"><span class='ocrx_word' id='word_1_652' title='bbox 2170 2254 2223 2307; x_wconf 91' lang='lat' dir='ltr'><strong>Si</strong></span> <span class='ocrx_word' id='word_1_653' title='bbox 2265 2263 2437 2306; x_wconf 89' lang='lat' dir='ltr'><strong>autem</strong></span> <span class='ocrx_word' id='word_1_654' title='bbox 2468 2254 2768 2305; x_wconf 88' lang='lat' dir='ltr'><strong>omnimodo</strong></span> <span class='ocrx_word' id='word_1_655' title='bbox 2808 2252 3130 2306; x_wconf 84' lang='lat' dir='ltr'><strong>conﬁtcndus</strong></span> <span class='ocrx_word' id='word_1_656' title='bbox 3172 2264 3254 2305; x_wconf 91' lang='lat' dir='ltr'><strong>est</strong></span> <span class='ocrx_word' id='word_1_657' title='bbox 3287 2253 3570 2304; x_wconf 71' lang='lat' dir='ltr'><strong>secundum</strong></span> <span class='ocrx_word' id='word_1_658' title='bbox 3610 2251 3691 2303; x_wconf 88' lang='lat' dir='ltr'><strong>di-</strong></span> 
     </span>
    </p>
   </div>
   <div class='ocr_carea' id='block_1_83' title="bbox 2168 2337 3693 2406">
    <p class='ocr_par' dir='ltr' id='par_1_83' title="bbox 2168 2337 3693 2406">
     <span class='ocr_line' id='line_1_83' title="bbox 2168 2337 3693 2406; baseline -0.003 -13"><span class='ocrx_word' id='word_1_659' title='bbox 2168 2352 2306 2393; x_wconf 91' lang='lat' dir='ltr'><strong>ctum</strong></span> <span class='ocrx_word' id='word_1_660' title='bbox 2343 2341 2566 2402; x_wconf 87' lang='lat' dir='ltr'><strong>Domini,</strong></span> <span class='ocrx_word' id='word_1_661' title='bbox 2596 2352 2646 2392; x_wconf 92' lang='lat' dir='ltr'><strong>et</strong></span> <span class='ocrx_word' id='word_1_662' title='bbox 2678 2340 3004 2391; x_wconf 87' lang='lat' dir='ltr'><strong>traditionem</strong></span> <span class='ocrx_word' id='word_1_663' title='bbox 3035 2339 3407 2406; x_wconf 88' lang='lat' dir='ltr'><strong>apostolorum,</strong></span> <span class='ocrx_word' id='word_1_664' title='bbox 3430 2352 3496 2393; x_wconf 88' lang='lat' dir='ltr'><strong>ne</strong></span> <span class='ocrx_word' id='word_1_665' title='bbox 3538 2337 3693 2389; x_wconf 86' lang='lat' dir='ltr'><strong>semi-</strong></span> 
     </span>
    </p>
   </div>
   <div class='ocr_carea' id='block_1_84' title="bbox 2140 2422 3693 2495">
    <p class='ocr_par' dir='ltr' id='par_1_84' title="bbox 2140 2422 3693 2495">
     <span class='ocr_line' id='line_1_84' title="bbox 2140 2422 3693 2495; baseline -0.004 -15"><span class='ocrx_word' id='word_1_666' title='bbox 2140 2431 2319 2495; x_wconf 37' lang='lat' dir='ltr'><strong>.plena</strong></span> <span class='ocrx_word' id='word_1_667' title='bbox 2346 2429 2413 2479; x_wconf 89' lang='lat' dir='ltr'><strong>sit</strong></span> <span class='ocrx_word' id='word_1_668' title='bbox 2443 2428 2589 2489; x_wconf 85' lang='lat' dir='ltr'><strong>ﬁdes,</strong></span> <span class='ocrx_word' id='word_1_669' title='bbox 2614 2428 2727 2493; x_wconf 83' lang='lat' dir='ltr'><strong>quis</strong></span> <span class='ocrx_word' id='word_1_670' title='bbox 2756 2441 2839 2478; x_wconf 91' lang='lat' dir='ltr'><strong>me</strong></span> <span class='ocrx_word' id='word_1_671' title='bbox 2870 2428 3057 2493; x_wconf 90' lang='lat' dir='ltr'><strong>poterit</strong></span> <span class='ocrx_word' id='word_1_672' title='bbox 3093 2428 3157 2476; x_wconf 74' lang='lat' dir='ltr'><strong>ab</strong></span> <span class='ocrx_word' id='word_1_673' title='bbox 3187 2426 3299 2491; x_wconf 80' lang='lat' dir='ltr'><strong>ejus</strong></span> <span class='ocrx_word' id='word_1_674' title='bbox 3324 2425 3466 2476; x_wconf 92' lang='lat' dir='ltr'><strong>cultu</strong></span> <span class='ocrx_word' id='word_1_675' title='bbox 3515 2422 3693 2490; x_wconf 88' lang='lat' dir='ltr'><strong>prohi-</strong></span> 
     </span>
    </p>
   </div>
   <div class='ocr_carea' id='block_1_85' title="bbox 2166 2512 3688 2581">
    <p class='ocr_par' dir='ltr' id='par_1_85' title="bbox 2166 2512 3688 2581">
     <span class='ocr_line' id='line_1_85' title="bbox 2166 2512 3688 2581; baseline -0.003 -13"><span class='ocrx_word' id='word_1_676' title='bbox 2166 2516 2323 2569; x_wconf 83' lang='lat' dir='ltr'><strong>bere?</strong></span> <span class='ocrx_word' id='word_1_677' title='bbox 2356 2516 2407 2567; x_wconf 91' lang='lat' dir='ltr'><strong>In</strong></span> <span class='ocrx_word' id='word_1_678' title='bbox 2440 2530 2590 2581; x_wconf 87' lang='lat' dir='ltr'><strong>quem</strong></span> <span class='ocrx_word' id='word_1_679' title='bbox 2619 2515 2755 2565; x_wconf 90' lang='lat' dir='ltr'><strong>enim</strong></span> <span class='ocrx_word' id='word_1_680' title='bbox 2784 2514 2998 2566; x_wconf 86' lang='lat' dir='ltr'><strong>credere</strong></span> <span class='ocrx_word' id='word_1_681' title='bbox 3022 2513 3229 2580; x_wconf 84' lang='lat' dir='ltr'><strong>jubeor,</strong></span> <span class='ocrx_word' id='word_1_682' title='bbox 3254 2514 3300 2564; x_wconf 91' lang='lat' dir='ltr'><strong>ci</strong></span> <span class='ocrx_word' id='word_1_683' title='bbox 3336 2512 3491 2563; x_wconf 86' lang='lat' dir='ltr'><strong>etiam</strong></span> <span class='ocrx_word' id='word_1_684' title='bbox 3519 2512 3688 2563; x_wconf 86' lang='lat' dir='ltr'><strong>debeo</strong></span> 
     </span>
    </p>
   </div>
   <div class='ocr_carea' id='block_1_86' title="bbox 2170 2599 3687 2671">
    <p class='ocr_par' dir='ltr' id='par_1_86' title="bbox 2170 2599 3687 2671">
     <span class='ocr_line' id='line_1_86' title="bbox 2170 2599 3687 2671; baseline -0.003 -16"><span class='ocrx_word' id='word_1_685' title='bbox 2170 2606 2477 2671; x_wconf 91' lang='lat' dir='ltr'><strong>supplicare.</strong></span> <span class='ocrx_word' id='word_1_686' title='bbox 2502 2604 2742 2655; x_wconf 86' lang='lat' dir='ltr'><strong>Adorabo</strong></span> <span class='ocrx_word' id='word_1_687' title='bbox 2763 2617 2884 2669; x_wconf 90' lang='lat' dir='ltr'><strong>ergo</strong></span> <span class='ocrx_word' id='word_1_688' title='bbox 2910 2603 3133 2662; x_wconf 81' lang='lat' dir='ltr'><strong>Patrem,</strong></span> <span class='ocrx_word' id='word_1_689' title='bbox 3156 2601 3384 2653; x_wconf 88' lang='lat' dir='ltr'><strong>adorabo</strong></span> <span class='ocrx_word' id='word_1_690' title='bbox 3404 2612 3452 2651; x_wconf 90' lang='lat' dir='ltr'><strong>et</strong></span> <span class='ocrx_word' id='word_1_691' title='bbox 3474 2599 3687 2662; x_wconf 80' lang='lat' dir='ltr'><strong>Filium,</strong></span> 
     </span>
    </p>
   </div>
   <div class='ocr_carea' id='block_1_87' title="bbox 2170 2689 3693 2756">
    <p class='ocr_par' dir='ltr' id='par_1_87' title="bbox 2170 2689 3693 2756">
     <span class='ocr_line' id='line_1_87' title="bbox 2170 2689 3693 2756; baseline -0.002 -13"><span class='ocrx_word' id='word_1_692' title='bbox 2170 2692 2396 2744; x_wconf 91' lang='lat' dir='ltr'><strong>adorabo</strong></span> <span class='ocrx_word' id='word_1_693' title='bbox 2424 2702 2475 2745; x_wconf 88' lang='lat' dir='ltr'><strong>et</strong></span> <span class='ocrx_word' id='word_1_694' title='bbox 2518 2690 2767 2756; x_wconf 89' lang='lat' dir='ltr'><strong>Spiritum</strong></span> <span class='ocrx_word' id='word_1_695' title='bbox 2796 2700 3054 2753; x_wconf 90' lang='lat' dir='ltr'><strong>sanctum,</strong></span> <span class='ocrx_word' id='word_1_696' title='bbox 3078 2705 3173 2741; x_wconf 90' lang='lat' dir='ltr'><strong>una</strong></span> <span class='ocrx_word' id='word_1_697' title='bbox 3202 2689 3487 2754; x_wconf 83' lang='lat' dir='ltr'><strong>eademque</strong></span> <span class='ocrx_word' id='word_1_698' title='bbox 3532 2701 3693 2740; x_wconf 87' lang='lat' dir='ltr'><strong>vene-</strong></span> 
     </span>
    </p>
   </div>
   <div class='ocr_carea' id='block_1_88' title="bbox 2171 2776 3687 2846">
    <p class='ocr_par' dir='ltr' id='par_1_88' title="bbox 2171 2776 3687 2846">
     <span class='ocr_line' id='line_1_88' title="bbox 2171 2776 3687 2846; baseline -0.003 -14"><span class='ocrx_word' id='word_1_699' title='bbox 2171 2780 2389 2832; x_wconf 85' lang='lat' dir='ltr'><strong>ratione.</strong></span> <span class='ocrx_word' id='word_1_700' title='bbox 2413 2779 2559 2842; x_wconf 86' lang='lat' dir='ltr'><strong>Quod</strong></span> <span class='ocrx_word' id='word_1_701' title='bbox 2584 2780 2623 2830; x_wconf 92' lang='lat' dir='ltr'><strong>si</strong></span> <span class='ocrx_word' id='word_1_702' title='bbox 2651 2780 2767 2846; x_wconf 91' lang='lat' dir='ltr'><strong>quis</strong></span> <span class='ocrx_word' id='word_1_703' title='bbox 2785 2780 2979 2842; x_wconf 78' lang='lat' dir='ltr'><strong>durum</strong></span> <span class='ocrx_word' id='word_1_704' title='bbox 3021 2778 3119 2830; x_wconf 91' lang='lat' dir='ltr'><strong>hoc</strong></span> <span class='ocrx_word' id='word_1_705' title='bbox 3154 2785 3319 2843; x_wconf 90' lang='lat' dir='ltr'><strong>putat,</strong></span> <span class='ocrx_word' id='word_1_706' title='bbox 3342 2776 3517 2828; x_wconf 87' lang='lat' dir='ltr'><strong>audiat</strong></span> <span class='ocrx_word' id='word_1_707' title='bbox 3556 2789 3687 2842; x_wconf 89' lang='lat' dir='ltr'><strong>quo-</strong></span> 
     </span>
    </p>
   </div>
   <div class='ocr_carea' id='block_1_89' title="bbox 2170 2863 3686 2918">
    <p class='ocr_par' dir='ltr' id='par_1_89' title="bbox 2170 2863 3686 2918">
     <span class='ocr_line' id='line_1_89' title="bbox 2170 2863 3686 2918; baseline -0.001 -1"><span class='ocrx_word' id='word_1_708' title='bbox 2170 2867 2327 2917; x_wconf 86' lang='lat' dir='ltr'><strong>modo</strong></span> <span class='ocrx_word' id='word_1_709' title='bbox 2354 2864 2512 2917; x_wconf 85' lang='lat' dir='ltr'><strong>David</strong></span> <span class='ocrx_word' id='word_1_710' title='bbox 2541 2866 2605 2916; x_wconf 92' lang='lat' dir='ltr'><strong>ad</strong></span> <span class='ocrx_word' id='word_1_711' title='bbox 2633 2866 2892 2918; x_wconf 84' lang='lat' dir='ltr'><strong>culturam</strong></span> <span class='ocrx_word' id='word_1_712' title='bbox 2921 2866 3010 2917; x_wconf 92' lang='lat' dir='ltr'><strong>Dei</strong></span> <span class='ocrx_word' id='word_1_713' title='bbox 3036 2864 3213 2917; x_wconf 84' lang='lat' dir='ltr'><strong>ﬁdeles</strong></span> <span class='ocrx_word' id='word_1_714' title='bbox 3240 2864 3475 2916; x_wconf 87' lang='lat' dir='ltr'><strong>hortatur</strong></span> <span class='ocrx_word' id='word_1_715' title='bbox 3502 2880 3515 2914; x_wconf 91' lang='lat'><strong>:</strong></span> <span class='ocrx_word' id='word_1_716' title='bbox 3546 2863 3686 2915; x_wconf 82' lang='lat' dir='ltr'><strong>Ado-</strong></span> 
     </span>
    </p>
   </div>
   <div class='ocr_carea' id='block_1_90' title="bbox 2170 2952 3688 3023">
    <p class='ocr_par' dir='ltr' id='par_1_90' title="bbox 2170 2952 3688 3023">
     <span class='ocr_line' id='line_1_90' title="bbox 2170 2952 3688 3023; baseline 0.002 -19"><span class='ocrx_word' id='word_1_717' title='bbox 2170 2964 2298 3016; x_wconf 84' lang='lat' dir='ltr'><strong>rate,</strong></span> <span class='ocrx_word' id='word_1_718' title='bbox 2322 2952 2509 3018; x_wconf 84' lang='lat' dir='ltr'><strong>inquit,</strong></span> <span class='ocrx_word' id='word_1_719' title='bbox 2533 2952 2802 3004; x_wconf 70' lang='lat' dir='ltr'><strong>scabellum</strong></span> <span class='ocrx_word' id='word_1_720' title='bbox 2825 2953 3001 3019; x_wconf 89' lang='lat' dir='ltr'><strong>pedum</strong></span> <span class='ocrx_word' id='word_1_721' title='bbox 3048 2955 3152 3020; x_wconf 85' lang='lat' dir='ltr'><strong>ejus</strong></span> <span class='ocrx_word' id='word_1_722' title='bbox 3182 2953 3357 3023; x_wconf 86' lang='lat' dir='ltr'><strong>(Psal.</strong></span> <span class='ocrx_word' id='word_1_723' title='bbox 3402 2967 3576 3016; x_wconf 83' lang='lat' dir='ltr'><strong>xcvttt,</strong></span> <span class='ocrx_word' id='word_1_724' title='bbox 3604 2952 3688 3018; x_wconf 76' lang='grc' dir='ltr'><strong>δ).</strong></span> 
     </span>
    </p>
   </div>
   <div class='ocr_carea' id='block_1_91' title="bbox 2172 3042 3696 3112">
    <p class='ocr_par' dir='ltr' id='par_1_91' title="bbox 2172 3042 3696 3112">
     <span class='ocr_line' id='line_1_91' title="bbox 2172 3042 3696 3112; baseline -0.002 -15"><span class='ocrx_word' id='word_1_725' title='bbox 2172 3047 2226 3097; x_wconf 86' lang='lat' dir='ltr'><strong>Si</strong></span> <span class='ocrx_word' id='word_1_726' title='bbox 2273 3044 2537 3112; x_wconf 87' lang='lat' dir='ltr'><strong>religionis</strong></span> <span class='ocrx_word' id='word_1_727' title='bbox 2579 3054 2658 3096; x_wconf 87' lang='lat' dir='ltr'><strong>est</strong></span> <span class='ocrx_word' id='word_1_728' title='bbox 2707 3042 2925 3096; x_wconf 87' lang='lat' dir='ltr'><strong>adorare</strong></span> <span class='ocrx_word' id='word_1_729' title='bbox 2973 3044 3253 3096; x_wconf 85' lang='lat' dir='ltr'><strong>scabellum</strong></span> <span class='ocrx_word' id='word_1_730' title='bbox 3306 3044 3491 3110; x_wconf 89' lang='lat' dir='ltr'><strong>pedum</strong></span> <span class='ocrx_word' id='word_1_731' title='bbox 3544 3045 3696 3111; x_wconf 86' lang='lat' dir='ltr'><strong>ejus,</strong></span> 
     </span>
    </p>
   </div>
   <div class='ocr_carea' id='block_1_92' title="bbox 2176 3130 3695 3200">
    <p class='ocr_par' dir='ltr' id='par_1_92' title="bbox 2176 3130 3695 3200">
     <span class='ocr_line' id='line_1_92' title="bbox 2176 3130 3695 3200; baseline -0.002 -15"><span class='ocrx_word' id='word_1_732' title='bbox 2176 3142 2367 3200; x_wconf 90' lang='lat' dir='ltr'><strong>quanto</strong></span> <span class='ocrx_word' id='word_1_733' title='bbox 2393 3133 2556 3199; x_wconf 86' lang='lat' dir='ltr'><strong>magis</strong></span> <span class='ocrx_word' id='word_1_734' title='bbox 2584 3131 2882 3198; x_wconf 82' lang='lat' dir='ltr'><strong>religiosum</strong></span> <span class='ocrx_word' id='word_1_735' title='bbox 2922 3130 2964 3183; x_wconf 85' lang='lat' dir='ltr'><strong>si</strong></span> <span class='ocrx_word' id='word_1_736' title='bbox 3005 3131 3116 3198; x_wconf 79' lang='lat' dir='ltr'><strong>eius</strong></span> <span class='ocrx_word' id='word_1_737' title='bbox 3144 3131 3364 3198; x_wconf 87' lang='lat' dir='ltr'><strong>Spiritus</strong></span> <span class='ocrx_word' id='word_1_738' title='bbox 3413 3130 3695 3185; x_wconf 76' lang='lat' dir='ltr'><strong>adoretur?</strong></span> 
     </span>
    </p>
   </div>
   <div class='ocr_carea' id='block_1_93' title="bbox 2178 3219 3698 3288">
    <p class='ocr_par' dir='ltr' id='par_1_93' title="bbox 2178 3219 3698 3288">
     <span class='ocr_line' id='line_1_93' title="bbox 2178 3219 3698 3288; baseline -0.003 -14"><span class='ocrx_word' id='word_1_739' title='bbox 2178 3222 2267 3275; x_wconf 88' lang='lat' dir='ltr'><strong>llte</strong></span> <span class='ocrx_word' id='word_1_740' title='bbox 2302 3222 2483 3288; x_wconf 89' lang='lat' dir='ltr'><strong>utique</strong></span> <span class='ocrx_word' id='word_1_741' title='bbox 2528 3220 2771 3286; x_wconf 89' lang='lat' dir='ltr'><strong>Spiritus,</strong></span> <span class='ocrx_word' id='word_1_742' title='bbox 2818 3233 2970 3285; x_wconf 82' lang='lat' dir='ltr'><strong>quem</strong></span> <span class='ocrx_word' id='word_1_743' title='bbox 3018 3220 3201 3271; x_wconf 87' lang='lat' dir='ltr'><strong>beatus</strong></span> <span class='ocrx_word' id='word_1_744' title='bbox 3230 3219 3412 3272; x_wconf 85' lang='lat' dir='ltr'><strong>Petrus</strong></span> <span class='ocrx_word' id='word_1_745' title='bbox 3460 3220 3510 3271; x_wconf 92' lang='lat' dir='ltr'><strong>in</strong></span> <span class='ocrx_word' id='word_1_746' title='bbox 3559 3228 3698 3271; x_wconf 86' lang='lat' dir='ltr'><strong>tanta</strong></span> 
     </span>
    </p>
   </div>
   <div class='ocr_carea' id='block_1_94' title="bbox 2176 3307 3694 3375">
    <p class='ocr_par' dir='ltr' id='par_1_94' title="bbox 2176 3307 3694 3375">
     <span class='ocr_line' id='line_1_94' title="bbox 2176 3307 3694 3375; baseline -0.003 -14"><span class='ocrx_word' id='word_1_747' title='bbox 2176 3311 2488 3363; x_wconf 88' lang='lat' dir='ltr'><strong>sublimitate</strong></span> <span class='ocrx_word' id='word_1_748' title='bbox 2514 3308 2827 3375; x_wconf 60' lang='lat' dir='ltr'><strong>praedicavit,</strong></span> <span class='ocrx_word' id='word_1_749' title='bbox 2856 3307 3068 3359; x_wconf 83' lang='lat' dir='ltr'><strong>dicens:</strong></span> <span class='ocrx_word' id='word_1_750' title='bbox 3104 3307 3299 3373; x_wconf 82' lang='lat' dir='ltr'><strong>Spiritu</strong></span> <span class='ocrx_word' id='word_1_751' title='bbox 3341 3321 3431 3356; x_wconf 86' lang='lat' dir='ltr'><strong>san</strong></span> <span class='ocrx_word' id='word_1_752' title='bbox 3450 3313 3513 3356; x_wconf 77' lang='grc' dir='ltr'><strong>τεο</strong></span> <span class='ocrx_word' id='word_1_753' title='bbox 3539 3308 3694 3357; x_wconf 88' lang='lat' dir='ltr'><strong>misso</strong></span> 
     </span>
    </p>
   </div>
   <div class='ocr_carea' id='block_1_95' title="bbox 2180 3395 3699 3461">
    <p class='ocr_par' dir='ltr' id='par_1_95' title="bbox 2180 3395 3699 3461">
     <span class='ocr_line' id='line_1_95' title="bbox 2180 3395 3699 3461; baseline -0.003 -14"><span class='ocrx_word' id='word_1_754' title='bbox 2180 3399 2239 3449; x_wconf 85' lang='lat' dir='ltr'><strong>de</strong></span> <span class='ocrx_word' id='word_1_755' title='bbox 2296 3398 2466 3459; x_wconf 72' lang='lat' dir='ltr'><strong>cretis,</strong></span> <span class='ocrx_word' id='word_1_756' title='bbox 2520 3397 2571 3445; x_wconf 88' lang='lat' dir='ltr'><strong>in</strong></span> <span class='ocrx_word' id='word_1_757' title='bbox 2606 3412 2755 3459; x_wconf 86' lang='lat' dir='ltr'><strong>quem</strong></span> <span class='ocrx_word' id='word_1_758' title='bbox 2795 3395 3146 3459; x_wconf 82' lang='lat' dir='ltr'><strong>concupiscunt</strong></span> <span class='ocrx_word' id='word_1_759' title='bbox 3200 3395 3362 3460; x_wconf 87' lang='lat' dir='ltr'><strong>angeli</strong></span> <span class='ocrx_word' id='word_1_760' title='bbox 3417 3395 3699 3461; x_wconf 71' lang='lat' dir='ltr'><strong>prospicere</strong></span> 
     </span>
    </p>
   </div>
   <div class='ocr_carea' id='block_1_96' title="bbox 2181 3482 3701 3553">
    <p class='ocr_par' dir='ltr' id='par_1_96' title="bbox 2181 3482 3701 3553">
     <span class='ocr_line' id='line_1_96' title="bbox 2181 3482 3701 3553; baseline -0.002 -20"><span class='ocrx_word' id='word_1_761' title='bbox 2181 3486 2230 3553; x_wconf 90' lang='grc' dir='ltr'><strong>(Ι</strong></span> <span class='ocrx_word' id='word_1_762' title='bbox 2249 3485 2383 3536; x_wconf 87' lang='lat' dir='ltr'><strong>Petr.</strong></span> <span class='ocrx_word' id='word_1_763' title='bbox 2419 3483 2827 3551; x_wconf 70' lang='lat' dir='ltr'><strong>1,12).Siangeli</strong></span> <span class='ocrx_word' id='word_1_764' title='bbox 2849 3497 2965 3535; x_wconf 90' lang='lat' dir='ltr'><strong>eum</strong></span> <span class='ocrx_word' id='word_1_765' title='bbox 2987 3483 3201 3548; x_wconf 89' lang='lat' dir='ltr'><strong>cupiunt</strong></span> <span class='ocrx_word' id='word_1_766' title='bbox 3226 3482 3479 3547; x_wconf 88' lang='lat' dir='ltr'><strong>aspicere,</strong></span> <span class='ocrx_word' id='word_1_767' title='bbox 3508 3490 3701 3546; x_wconf 85' lang='lat' dir='ltr'><strong>quanto</strong></span> 
     </span>
    </p>
   </div>
   <div class='ocr_carea' id='block_1_97' title="bbox 2181 3573 3694 3644">
    <p class='ocr_par' dir='ltr' id='par_1_97' title="bbox 2181 3573 3694 3644">
     <span class='ocr_line' id='line_1_97' title="bbox 2181 3573 3694 3644; baseline -0.004 -14"><span class='ocrx_word' id='word_1_768' title='bbox 2181 3577 2343 3644; x_wconf 87' lang='lat' dir='ltr'><strong>magis</strong></span> <span class='ocrx_word' id='word_1_769' title='bbox 2372 3592 2464 3629; x_wconf 88' lang='lat' dir='ltr'><strong>nos</strong></span> <span class='ocrx_word' id='word_1_770' title='bbox 2504 3578 2738 3627; x_wconf 88' lang='lat' dir='ltr'><strong>homines</strong></span> <span class='ocrx_word' id='word_1_771' title='bbox 2777 3577 3019 3627; x_wconf 86' lang='lat' dir='ltr'><strong>mortales</strong></span> <span class='ocrx_word' id='word_1_772' title='bbox 3047 3573 3072 3608; x_wconf 75' lang='grc' dir='ltr'><em>ά</em></span> <span class='ocrx_word' id='word_1_773' title='bbox 3114 3589 3229 3625; x_wconf 90' lang='lat' dir='ltr'><strong>eum</strong></span> <span class='ocrx_word' id='word_1_774' title='bbox 3271 3573 3539 3638; x_wconf 87' lang='lat' dir='ltr'><strong>despicere</strong></span> <span class='ocrx_word' id='word_1_775' title='bbox 3592 3588 3694 3624; x_wconf 87' lang='lat' dir='ltr'><strong>non</strong></span> 
     </span>
    </p>
   </div>
   <div class='ocr_carea' id='block_1_98' title="bbox 2189 3663 3700 3728">
    <p class='ocr_par' dir='ltr' id='par_1_98' title="bbox 2189 3663 3700 3728">
     <span class='ocr_line' id='line_1_98' title="bbox 2189 3663 3700 3728; baseline -0.005 -9"><span class='ocrx_word' id='word_1_776' title='bbox 2189 3669 2460 3728; x_wconf 87' lang='lat' dir='ltr'><strong>debemus,</strong></span> <span class='ocrx_word' id='word_1_777' title='bbox 2490 3682 2555 3720; x_wconf 89' lang='lat' dir='ltr'><strong>ne</strong></span> <span class='ocrx_word' id='word_1_778' title='bbox 2584 3665 2715 3718; x_wconf 87' lang='lat' dir='ltr'><strong>forte</strong></span> <span class='ocrx_word' id='word_1_779' title='bbox 2744 3673 2796 3717; x_wconf 89' lang='lat' dir='ltr'><strong>et</strong></span> <span class='ocrx_word' id='word_1_780' title='bbox 2821 3665 2969 3715; x_wconf 92' lang='lat' dir='ltr'><strong>nobis</strong></span> <span class='ocrx_word' id='word_1_781' title='bbox 2996 3663 3217 3723; x_wconf 83' lang='lat' dir='ltr'><strong>dicatur,</strong></span> <span class='ocrx_word' id='word_1_782' title='bbox 3240 3664 3373 3713; x_wconf 90' lang='lat' dir='ltr'><strong>sicut</strong></span> <span class='ocrx_word' id='word_1_783' title='bbox 3399 3663 3591 3713; x_wconf 91' lang='lat' dir='ltr'><strong>dictum</strong></span> <span class='ocrx_word' id='word_1_784' title='bbox 3620 3670 3700 3712; x_wconf 86' lang='lat' dir='ltr'><strong>est</strong></span> 
     </span>
    </p>
   </div>
   <div class='ocr_carea' id='block_1_99' title="bbox 2184 3748 3700 3824">
    <p class='ocr_par' dir='ltr' id='par_1_99' title="bbox 2184 3748 3700 3824">
     <span class='ocr_line' id='line_1_99' title="bbox 2184 3748 3700 3824; baseline -0.006 -17"><span class='ocrx_word' id='word_1_785' title='bbox 2184 3758 2247 3808; x_wconf 90' lang='lat' dir='ltr'><strong>ad</strong></span> <span class='ocrx_word' id='word_1_786' title='bbox 2279 3756 2532 3808; x_wconf 73' lang='lat' dir='ltr'><strong>Judaaus:</strong></span> <span class='ocrx_word' id='word_1_787' title='bbox 2579 3753 2676 3805; x_wconf 83' lang='lat' dir='ltr'><strong>Vos</strong></span> <span class='ocrx_word' id='word_1_788' title='bbox 2722 3752 3168 3820; x_wconf 87' lang='lat' dir='ltr'><strong>semper.Spiritui</strong></span> <span class='ocrx_word' id='word_1_789' title='bbox 3220 3760 3389 3824; x_wconf 88' lang='lat' dir='ltr'><strong>sancto</strong></span> <span class='ocrx_word' id='word_1_790' title='bbox 3432 3748 3700 3809; x_wconf 84' lang='lat' dir='ltr'><strong>restitistis,</strong></span> 
     </span>
    </p>
   </div>
   <div class='ocr_carea' id='block_1_100' title="bbox 2186 3838 3199 3907">
    <p class='ocr_par' dir='ltr' id='par_1_100' title="bbox 2186 3838 3199 3907">
     <span class='ocr_line' id='line_1_100' title="bbox 2186 3838 3199 3907; baseline -0.008 -12"><span class='ocrx_word' id='word_1_791' title='bbox 2186 3844 2311 3895; x_wconf 88' lang='lat' dir='ltr'><strong>sicut</strong></span> <span class='ocrx_word' id='word_1_792' title='bbox 2346 3854 2392 3896; x_wconf 91' lang='lat' dir='ltr'><strong>et</strong></span> <span class='ocrx_word' id='word_1_793' title='bbox 2421 3852 2586 3907; x_wconf 84' lang='lat' dir='ltr'><strong>patres</strong></span> <span class='ocrx_word' id='word_1_794' title='bbox 2612 3841 2758 3892; x_wconf 78' lang='lat' dir='ltr'><strong>uestri</strong></span> <span class='ocrx_word' id='word_1_795' title='bbox 2780 3839 2798 3907; x_wconf 96' lang='lat'>(</span> <span class='ocrx_word' id='word_1_796' title='bbox 2822 3840 2926 3890; x_wconf 80' lang='lat' dir='ltr'><strong>Act.</strong></span> <span class='ocrx_word' id='word_1_797' title='bbox 2952 3854 3047 3899; x_wconf 88' lang='lat' dir='ltr'><strong>vu,</strong></span> <span class='ocrx_word' id='word_1_798' title='bbox 3074 3838 3134 3890; x_wconf 84' lang='grc'><strong>51</strong></span> <span class='ocrx_word' id='word_1_799' title='bbox 3160 3839 3199 3903; x_wconf 94' lang='grc'><strong>).</strong></span> 
     </span>
    </p>
   </div>
   <div class='ocr_carea' id='block_1_101' title="bbox 2258 3920 3703 3995">
    <p class='ocr_par' dir='ltr' id='par_1_101' title="bbox 2258 3920 3703 3995">
     <span class='ocr_line' id='line_1_101' title="bbox 2258 3920 3703 3995; baseline -0.006 -13"><span class='ocrx_word' id='word_1_800' title='bbox 2258 3929 2419 3983; x_wconf 82' lang='lat' dir='ltr'><strong>XXII.</strong></span> <span class='ocrx_word' id='word_1_801' title='bbox 2445 3928 2591 3995; x_wconf 87' lang='lat' dir='ltr'><strong>Quod</strong></span> <span class='ocrx_word' id='word_1_802' title='bbox 2634 3929 2676 3980; x_wconf 90' lang='lat' dir='ltr'><strong>si</strong></span> <span class='ocrx_word' id='word_1_803' title='bbox 2720 3927 2830 3979; x_wconf 66' lang='lat' dir='ltr'><strong>haec</strong></span> <span class='ocrx_word' id='word_1_804' title='bbox 2868 3934 3012 3978; x_wconf 88' lang='lat' dir='ltr'><strong>tanta</strong></span> <span class='ocrx_word' id='word_1_805' title='bbox 3049 3934 3100 3977; x_wconf 91' lang='lat' dir='ltr'><strong>et</strong></span> <span class='ocrx_word' id='word_1_806' title='bbox 3130 3924 3247 3975; x_wconf 87' lang='lat' dir='ltr'><strong>talia</strong></span> <span class='ocrx_word' id='word_1_807' title='bbox 3298 3935 3402 3975; x_wconf 93' lang='lat' dir='ltr'><strong>non</strong></span> <span class='ocrx_word' id='word_1_808' title='bbox 3450 3920 3703 3974; x_wconf 88' lang='lat' dir='ltr'><strong>inclinant</strong></span> 
     </span>
    </p>
   </div>
   <div class='ocr_carea' id='block_1_102' title="bbox 2182 4008 3699 4079">
    <p class='ocr_par' dir='ltr' id='par_1_102' title="bbox 2182 4008 3699 4079">
     <span class='ocr_line' id='line_1_102' title="bbox 2182 4008 3699 4079; baseline -0.007 -9"><span class='ocrx_word' id='word_1_809' title='bbox 2182 4018 2409 4071; x_wconf 87' lang='lat' dir='ltr'><strong>animum</strong></span> <span class='ocrx_word' id='word_1_810' title='bbox 2436 4018 2501 4069; x_wconf 88' lang='lat' dir='ltr'><strong>ad</strong></span> <span class='ocrx_word' id='word_1_811' title='bbox 2523 4015 2871 4069; x_wconf 86' lang='lat' dir='ltr'><strong>venerandum</strong></span> <span class='ocrx_word' id='word_1_812' title='bbox 2902 4012 3149 4079; x_wconf 87' lang='lat' dir='ltr'><strong>Spiritum</strong></span> <span class='ocrx_word' id='word_1_813' title='bbox 3179 4018 3438 4072; x_wconf 87' lang='lat' dir='ltr'><strong>sanctum,</strong></span> <span class='ocrx_word' id='word_1_814' title='bbox 3475 4008 3699 4074; x_wconf 84' lang='lat' dir='ltr'><strong>accipite</strong></span> 
     </span>
    </p>
   </div>
   <div class='ocr_carea' id='block_1_103' title="bbox 2140 4096 3703 4176">
    <p class='ocr_par' dir='ltr' id='par_1_103' title="bbox 2140 4096 3703 4176">
     <span class='ocr_line' id='line_1_103' title="bbox 2140 4096 3703 4176; baseline -0.011 -14"><span class='ocrx_word' id='word_1_815' title='bbox 2140 4116 2141 4119; x_wconf 76' lang='lat'>‘</span> <span class='ocrx_word' id='word_1_816' title='bbox 2182 4109 2352 4163; x_wconf 88' lang='lat' dir='ltr'><strong>adhuc</strong></span> <span class='ocrx_word' id='word_1_817' title='bbox 2390 4106 2579 4176; x_wconf 91' lang='lat' dir='ltr'><strong>aliquid</strong></span> <span class='ocrx_word' id='word_1_818' title='bbox 2620 4105 2821 4159; x_wconf 87' lang='lat' dir='ltr'><strong>fortius.</strong></span> <span class='ocrx_word' id='word_1_819' title='bbox 2849 4103 2937 4158; x_wconf 91' lang='lat' dir='ltr'><strong>Sic</strong></span> <span class='ocrx_word' id='word_1_820' title='bbox 2960 4102 3097 4155; x_wconf 86' lang='lat' dir='ltr'><strong>enim</strong></span> <span class='ocrx_word' id='word_1_821' title='bbox 3122 4100 3313 4153; x_wconf 85' lang='lat' dir='ltr'><strong>Paulus</strong></span> <span class='ocrx_word' id='word_1_822' title='bbox 3344 4096 3703 4162; x_wconf 12' lang='lat' dir='ltr'><strong>instruitspro-</strong></span> 
     </span>
    </p>
   </div>
   <div class='ocr_carea' id='block_1_104' title="bbox 2183 4178 3700 4261">
    <p class='ocr_par' dir='ltr' id='par_1_104' title="bbox 2183 4178 3700 4261">
     <span class='ocr_line' id='line_1_104' title="bbox 2183 4178 3700 4261; baseline -0.009 -15"><span class='ocrx_word' id='word_1_823' title='bbox 2183 4196 2364 4261; x_wconf 86' lang='lat' dir='ltr'><strong>phetas</strong></span> <span class='ocrx_word' id='word_1_824' title='bbox 2378 4194 2709 4255; x_wconf 64' lang='lat' dir='ltr'><strong>EcclesiaeJn</strong></span> <span class='ocrx_word' id='word_1_825' title='bbox 2731 4191 2916 4260; x_wconf 88' lang='lat' dir='ltr'><strong>quibus</strong></span> <span class='ocrx_word' id='word_1_826' title='bbox 2932 4190 3108 4258; x_wconf 85' lang='lat' dir='ltr'><strong>utique</strong></span> <span class='ocrx_word' id='word_1_827' title='bbox 3129 4196 3185 4241; x_wconf 88' lang='lat' dir='ltr'><strong>et</strong></span> <span class='ocrx_word' id='word_1_828' title='bbox 3204 4202 3295 4254; x_wconf 88' lang='lat' dir='ltr'><strong>per</strong></span> <span class='ocrx_word' id='word_1_829' title='bbox 3319 4178 3449 4254; x_wconf 85' lang='lat' dir='ltr'><strong>quos</strong></span> <span class='ocrx_word' id='word_1_830' title='bbox 3472 4184 3700 4251; x_wconf 83' lang='lat' dir='ltr'><strong>Spiritus</strong></span> 
     </span>
    </p>
   </div>
   <div class='ocr_carea' id='block_1_105' title="bbox 2189 4272 3703 4344">
    <p class='ocr_par' dir='ltr' id='par_1_105' title="bbox 2189 4272 3703 4344">
     <span class='ocr_line' id='line_1_105' title="bbox 2189 4272 3703 4344; baseline -0.007 -13"><span class='ocrx_word' id='word_1_831' title='bbox 2189 4290 2397 4331; x_wconf 85' lang='lat' dir='ltr'><strong>sanctus</strong></span> <span class='ocrx_word' id='word_1_832' title='bbox 2426 4279 2755 4344; x_wconf 87' lang='lat' dir='ltr'><strong>loquebatur:</strong></span> <span class='ocrx_word' id='word_1_833' title='bbox 2780 4278 2859 4337; x_wconf 87' lang='lat' dir='ltr'><strong>Si.</strong></span> <span class='ocrx_word' id='word_1_834' title='bbox 2882 4277 3065 4342; x_wconf 85' lang='lat' dir='ltr'><strong>inquit,</strong></span> <span class='ocrx_word' id='word_1_835' title='bbox 3096 4290 3260 4327; x_wconf 87' lang='lat' dir='ltr'><strong>omnes</strong></span> <span class='ocrx_word' id='word_1_836' title='bbox 3287 4272 3703 4341; x_wconf 74' lang='lat' dir='ltr'><strong>prophetauerint,</strong></span> 
     </span>
    </p>
   </div>
   <div class='ocr_carea' id='block_1_106' title="bbox 2180 4356 3704 4444">
    <p class='ocr_par' dir='ltr' id='par_1_106' title="bbox 2196 4356 3704 4429">
     <span class='ocr_line' id='line_1_106' title="bbox 2196 4356 3704 4429; baseline -0.007 -14"><span class='ocrx_word' id='word_1_837' title='bbox 2196 4366 2344 4415; x_wconf 88' lang='lat' dir='ltr'><strong>intret</strong></span> <span class='ocrx_word' id='word_1_838' title='bbox 2369 4374 2530 4413; x_wconf 84' lang='lat' dir='ltr'><strong>autent</strong></span> <span class='ocrx_word' id='word_1_839' title='bbox 2555 4364 2733 4427; x_wconf 87' lang='lat' dir='ltr'><strong>aliquis</strong></span> <span class='ocrx_word' id='word_1_840' title='bbox 2754 4361 2989 4429; x_wconf 78' lang='lat' dir='ltr'><strong>inﬁdelis,</strong></span> <span class='ocrx_word' id='word_1_841' title='bbox 3012 4370 3097 4412; x_wconf 88' lang='lat' dir='ltr'><strong>aut</strong></span> <span class='ocrx_word' id='word_1_842' title='bbox 3120 4362 3294 4417; x_wconf 82' lang='lat' dir='ltr'><strong>idiota,</strong></span> <span class='ocrx_word' id='word_1_843' title='bbox 3317 4358 3625 4409; x_wconf 71' lang='lat' dir='ltr'><strong>convincitur</strong></span> <span class='ocrx_word' id='word_1_844' title='bbox 3640 4356 3704 4405; x_wconf 76' lang='lat' dir='ltr'><strong>ab</strong></span> 
     </span>
    </p>
   </div>
   <div class='ocr_carea' id='block_1_107' title="bbox 2107 4421 3704 4510">
    <p class='ocr_par' dir='ltr' id='par_1_107' title="bbox 2107 4421 3704 4510">
     <span class='ocr_line' id='line_1_107' title="bbox 2107 4421 3704 4510; baseline -0.006 -9"><span class='ocrx_word' id='word_1_845' title='bbox 2107 4421 2160 4478; x_wconf 75' lang='lat' dir='ltr'><strong>D</strong></span> <span class='ocrx_word' id='word_1_846' title='bbox 2180 4438 2432 4510; x_wconf 77' lang='lat' dir='ltr'><strong>omnibus,</strong></span> <span class='ocrx_word' id='word_1_847' title='bbox 2450 4447 2759 4498; x_wconf 71' lang='lat' dir='ltr'><strong>examinatur</strong></span> <span class='ocrx_word' id='word_1_848' title='bbox 2777 4446 2837 4497; x_wconf 83' lang='lat' dir='ltr'><strong>ab</strong></span> <span class='ocrx_word' id='word_1_849' title='bbox 2860 4447 3100 4506; x_wconf 86' lang='lat' dir='ltr'><strong>omnibus,</strong></span> <span class='ocrx_word' id='word_1_850' title='bbox 3118 4446 3307 4495; x_wconf 87' lang='lat' dir='ltr'><strong>occulta</strong></span> <span class='ocrx_word' id='word_1_851' title='bbox 3331 4458 3519 4509; x_wconf 86' lang='lat' dir='ltr'><strong>quoque</strong></span> <span class='ocrx_word' id='word_1_852' title='bbox 3542 4442 3704 4492; x_wconf 86' lang='lat' dir='ltr'><strong>cordis</strong></span> 
     </span>
    </p>
   </div>
   <div class='ocr_carea' id='block_1_108' title="bbox 2184 4529 3703 4605">
    <p class='ocr_par' dir='ltr' id='par_1_108' title="bbox 2184 4529 3703 4605">
     <span class='ocr_line' id='line_1_108' title="bbox 2184 4529 3703 4605; baseline -0.007 -18"><span class='ocrx_word' id='word_1_853' title='bbox 2184 4540 2292 4605; x_wconf 85' lang='lat' dir='ltr'><strong>ejus</strong></span> <span class='ocrx_word' id='word_1_854' title='bbox 2309 4535 2568 4601; x_wconf 76' lang='lat' dir='ltr'><strong>manifesta</strong></span> <span class='ocrx_word' id='word_1_855' title='bbox 2590 4532 2679 4601; x_wconf 81' lang='lat' dir='ltr'><strong>[aL</strong></span> <span class='ocrx_word' id='word_1_856' title='bbox 2700 4532 2841 4599; x_wconf 78' lang='lat' dir='ltr'><strong>sunt]</strong></span> <span class='ocrx_word' id='word_1_857' title='bbox 2856 4532 2979 4597; x_wconf 81' lang='lat' dir='ltr'><strong>ﬁunt</strong></span> <span class='ocrx_word' id='word_1_858' title='bbox 3000 4545 3019 4583; x_wconf 93' lang='lat'><strong><em>:</em></strong></span> <span class='ocrx_word' id='word_1_859' title='bbox 3034 4540 3078 4581; x_wconf 90' lang='lat' dir='ltr'><strong>et</strong></span> <span class='ocrx_word' id='word_1_860' title='bbox 3109 4541 3222 4580; x_wconf 90' lang='lat' dir='ltr'><strong>tunc</strong></span> <span class='ocrx_word' id='word_1_861' title='bbox 3251 4531 3429 4579; x_wconf 87' lang='lat' dir='ltr'><strong>cadens</strong></span> <span class='ocrx_word' id='word_1_862' title='bbox 3449 4530 3501 4579; x_wconf 89' lang='lat' dir='ltr'><strong>in</strong></span> <span class='ocrx_word' id='word_1_863' title='bbox 3530 4529 3703 4593; x_wconf 79' lang='lat' dir='ltr'><strong>{aciem</strong></span> 
     </span>
    </p>
   </div>
   <div class='ocr_carea' id='block_1_109' title="bbox 2186 4613 3706 4687">
    <p class='ocr_par' dir='ltr' id='par_1_109' title="bbox 2186 4613 3706 4687">
     <span class='ocr_line' id='line_1_109' title="bbox 2186 4613 3706 4687; baseline -0.008 -13"><span class='ocrx_word' id='word_1_864' title='bbox 2186 4623 2413 4674; x_wconf 87' lang='lat' dir='ltr'><strong>adorabit</strong></span> <span class='ocrx_word' id='word_1_865' title='bbox 2444 4622 2623 4684; x_wconf 88' lang='lat' dir='ltr'><strong>Deum,</strong></span> <span class='ocrx_word' id='word_1_866' title='bbox 2672 4621 2993 4687; x_wconf 82' lang='lat' dir='ltr'><strong>pronuntians</strong></span> <span class='ocrx_word' id='word_1_867' title='bbox 3022 4620 3137 4679; x_wconf 84' lang='lat' dir='ltr'><strong>quia</strong></span> <span class='ocrx_word' id='word_1_868' title='bbox 3161 4632 3268 4668; x_wconf 87' lang='lat' dir='ltr'><strong>vere</strong></span> <span class='ocrx_word' id='word_1_869' title='bbox 3314 4615 3445 4666; x_wconf 87' lang='lat' dir='ltr'><strong>Deus</strong></span> <span class='ocrx_word' id='word_1_870' title='bbox 3490 4616 3541 4664; x_wconf 89' lang='lat' dir='ltr'><strong>in</strong></span> <span class='ocrx_word' id='word_1_871' title='bbox 3568 4613 3706 4664; x_wconf 81' lang='lat' dir='ltr'><strong>vobis</strong></span> 
     </span>
    </p>
   </div>
   <div class='ocr_carea' id='block_1_110' title="bbox 2183 4700 3704 4778">
    <p class='ocr_par' dir='ltr' id='par_1_110' title="bbox 2183 4700 3704 4778">
     <span class='ocr_line' id='line_1_110' title="bbox 2183 4700 3704 4778; baseline -0.008 -17"><span class='ocrx_word' id='word_1_872' title='bbox 2183 4719 2254 4762; x_wconf 85' lang='lat' dir='ltr'><strong>est</strong></span> <span class='ocrx_word' id='word_1_873' title='bbox 2284 4708 2340 4778; x_wconf 87' lang='grc'><strong>(1</strong></span> <span class='ocrx_word' id='word_1_874' title='bbox 2374 4706 2489 4760; x_wconf 89' lang='lat' dir='ltr'><strong>Cor.</strong></span> <span class='ocrx_word' id='word_1_875' title='bbox 2546 4723 2650 4768; x_wconf 78' lang='lat' dir='ltr'><strong>xw,</strong></span> <span class='ocrx_word' id='word_1_876' title='bbox 2679 4705 2768 4767; x_wconf 58' lang='grc' dir='ltr'><strong>ΞΑ,</strong></span> <span class='ocrx_word' id='word_1_877' title='bbox 2796 4704 2918 4771; x_wconf 76' lang='lat'><strong>‘25).</strong></span> <span class='ocrx_word' id='word_1_878' title='bbox 2952 4705 3021 4757; x_wconf 83' lang='lat' dir='ltr'><strong>Et</strong></span> <span class='ocrx_word' id='word_1_879' title='bbox 3055 4705 3231 4769; x_wconf 84' lang='lat' dir='ltr'><strong>utique</strong></span> <span class='ocrx_word' id='word_1_880' title='bbox 3275 4702 3325 4753; x_wconf 92' lang='lat' dir='ltr'><strong>in</strong></span> <span class='ocrx_word' id='word_1_881' title='bbox 3364 4704 3440 4753; x_wconf 90' lang='lat' dir='ltr'><strong>eis</strong></span> <span class='ocrx_word' id='word_1_882' title='bbox 3479 4700 3704 4765; x_wconf 88' lang='lat' dir='ltr'><strong>Spiritus</strong></span> 
     </span>
    </p>
   </div>
   <div class='ocr_carea' id='block_1_111' title="bbox 2184 4788 3701 4863">
    <p class='ocr_par' dir='ltr' id='par_1_111' title="bbox 2184 4788 3701 4863">
     <span class='ocr_line' id='line_1_111' title="bbox 2184 4788 3701 4863; baseline -0.01 -10"><span class='ocrx_word' id='word_1_883' title='bbox 2184 4806 2393 4853; x_wconf 89' lang='lat' dir='ltr'><strong>sanctus</strong></span> <span class='ocrx_word' id='word_1_884' title='bbox 2412 4805 2511 4857; x_wconf 89' lang='lat' dir='ltr'><strong>est,</strong></span> <span class='ocrx_word' id='word_1_885' title='bbox 2542 4795 2629 4863; x_wconf 92' lang='lat' dir='ltr'><strong>qui</strong></span> <span class='ocrx_word' id='word_1_886' title='bbox 2658 4794 2985 4861; x_wconf 86' lang='lat' dir='ltr'><strong>prephetant.</strong></span> <span class='ocrx_word' id='word_1_887' title='bbox 3013 4793 3064 4846; x_wconf 91' lang='lat' dir='ltr'><strong>Si</strong></span> <span class='ocrx_word' id='word_1_888' title='bbox 3096 4806 3220 4859; x_wconf 87' lang='lat' dir='ltr'><strong>ergo</strong></span> <span class='ocrx_word' id='word_1_889' title='bbox 3250 4789 3489 4843; x_wconf 89' lang='lat' dir='ltr'><strong>inﬁdeles</strong></span> <span class='ocrx_word' id='word_1_890' title='bbox 3509 4788 3701 4842; x_wconf 87' lang='lat' dir='ltr'><strong>cadunt</strong></span> 
     </span>
    </p>
   </div>
   <div class='ocr_carea' id='block_1_112' title="bbox 2186 4876 3697 4947">
    <p class='ocr_par' dir='ltr' id='par_1_112' title="bbox 2186 4876 3697 4947">
     <span class='ocr_line' id='line_1_112' title="bbox 2186 4876 3697 4947; baseline -0.008 -8"><span class='ocrx_word' id='word_1_891' title='bbox 2186 4888 2236 4939; x_wconf 92' lang='lat' dir='ltr'><strong>in</strong></span> <span class='ocrx_word' id='word_1_892' title='bbox 2268 4885 2471 4947; x_wconf 83' lang='lat' dir='ltr'><strong>faciem,</strong></span> <span class='ocrx_word' id='word_1_893' title='bbox 2499 4890 2553 4935; x_wconf 88' lang='lat' dir='ltr'><strong>et</strong></span> <span class='ocrx_word' id='word_1_894' title='bbox 2578 4883 2795 4934; x_wconf 88' lang='lat' dir='ltr'><strong>adorant</strong></span> <span class='ocrx_word' id='word_1_895' title='bbox 2840 4881 3085 4947; x_wconf 89' lang='lat' dir='ltr'><strong>Spiritum</strong></span> <span class='ocrx_word' id='word_1_896' title='bbox 3130 4888 3363 4933; x_wconf 90' lang='lat' dir='ltr'><strong>sanctum</strong></span> <span class='ocrx_word' id='word_1_897' title='bbox 3411 4876 3697 4945; x_wconf 88' lang='lat' dir='ltr'><strong>perterriti,</strong></span> 
     </span>
    </p>
   </div>
   <div class='ocr_carea' id='block_1_113' title="bbox 2186 4963 3699 5039">
    <p class='ocr_par' dir='ltr' id='par_1_113' title="bbox 2186 4963 3699 5039">
     <span class='ocr_line' id='line_1_113' title="bbox 2186 4963 3699 5039; baseline -0.008 -12"><span class='ocrx_word' id='word_1_898' title='bbox 2186 4981 2237 5027; x_wconf 87' lang='lat' dir='ltr'><strong>et</strong></span> <span class='ocrx_word' id='word_1_899' title='bbox 2256 4968 2764 5039; x_wconf 84' lang='lat' dir='ltr'><strong>cenﬁtentur[Lar.,</strong></span> <span class='ocrx_word' id='word_1_900' title='bbox 2782 4965 2936 5035; x_wconf 85' lang='lat' dir='ltr'><strong>victi]</strong></span> <span class='ocrx_word' id='word_1_901' title='bbox 2965 4967 3107 5019; x_wconf 79' lang='lat' dir='ltr'><strong>inviti</strong></span> <span class='ocrx_word' id='word_1_902' title='bbox 3133 4982 3147 5018; x_wconf 88' lang='lat'>:</span> <span class='ocrx_word' id='word_1_903' title='bbox 3173 4973 3364 5033; x_wconf 89' lang='lat' dir='ltr'><strong>quanto</strong></span> <span class='ocrx_word' id='word_1_904' title='bbox 3391 4965 3553 5031; x_wconf 87' lang='lat' dir='ltr'><strong>magis</strong></span> <span class='ocrx_word' id='word_1_905' title='bbox 3580 4963 3699 5016; x_wconf 60' lang='lat' dir='ltr'><strong>fide»</strong></span> 
     </span>
    </p>
   </div>
   <div class='ocr_carea' id='block_1_114' title="bbox 2258 5116 3699 5181">
    <p class='ocr_par' dir='ltr' id='par_1_114' title="bbox 2258 5116 3699 5181">
     <span class='ocr_line' id='line_1_114' title="bbox 2258 5116 3699 5181; baseline -0.007 -5"><span class='ocrx_word' id='word_1_906' title='bbox 2258 5132 2281 5159; x_wconf 83' lang='lat'><strong>°</strong></span> <span class='ocrx_word' id='word_1_907' title='bbox 2322 5121 2406 5177; x_wconf 91' lang='lat' dir='ltr'><strong>Sic</strong></span> <span class='ocrx_word' id='word_1_908' title='bbox 2453 5118 2653 5180; x_wconf 68' lang='grc' dir='ltr'><strong>θοι-ω..</strong></span> <span class='ocrx_word' id='word_1_909' title='bbox 2696 5117 2837 5179; x_wconf 84' lang='lat' dir='ltr'><strong>Ful.,</strong></span> <span class='ocrx_word' id='word_1_910' title='bbox 2866 5118 3012 5171; x_wconf 87' lang='lat' dir='ltr'><strong>Colb.</strong></span> <span class='ocrx_word' id='word_1_911' title='bbox 3042 5118 3088 5181; x_wconf 91' lang='grc'><strong>1,</strong></span> <span class='ocrx_word' id='word_1_912' title='bbox 3124 5118 3392 5171; x_wconf 86' lang='lat' dir='ltr'><strong>Loricbius</strong></span> <span class='ocrx_word' id='word_1_913' title='bbox 3419 5125 3472 5170; x_wconf 89' lang='lat' dir='ltr'><strong>ct</strong></span> <span class='ocrx_word' id='word_1_914' title='bbox 3512 5116 3699 5170; x_wconf 87' lang='lat' dir='ltr'><strong>Ortho-</strong></span> 
     </span>
    </p>
   </div>
   <div class='ocr_carea' id='block_1_115' title="bbox 2185 5186 3703 5251">
    <p class='ocr_par' dir='ltr' id='par_1_115' title="bbox 2185 5186 3703 5251">
     <span class='ocr_line' id='line_1_115' title="bbox 2185 5186 3703 5251; baseline -0.008 -7"><span class='ocrx_word' id='word_1_915' title='bbox 2185 5191 2307 5244; x_wconf 83' lang='lat' dir='ltr'><strong>dox.</strong></span> <span class='ocrx_word' id='word_1_916' title='bbox 2354 5191 2425 5241; x_wconf 77' lang='lat' dir='ltr'><strong>At</strong></span> <span class='ocrx_word' id='word_1_917' title='bbox 2450 5186 2623 5239; x_wconf 62' lang='lat' dir='ltr'><strong>caeteri</strong></span> <span class='ocrx_word' id='word_1_918' title='bbox 2672 5186 2879 5247; x_wconf 65' lang='lat' dir='ltr'><strong>habent,</strong></span> <span class='ocrx_word' id='word_1_919' title='bbox 2929 5186 3059 5237; x_wconf 86' lang='lat' dir='ltr'><strong>Deus</strong></span> <span class='ocrx_word' id='word_1_920' title='bbox 3100 5203 3197 5237; x_wconf 89' lang='lat' dir='ltr'><strong>non</strong></span> <span class='ocrx_word' id='word_1_921' title='bbox 3224 5195 3308 5251; x_wconf 78' lang='lat' dir='ltr'><strong>sit,</strong></span> <span class='ocrx_word' id='word_1_922' title='bbox 3348 5200 3458 5237; x_wconf 89' lang='lat' dir='ltr'><strong>cum</strong></span> <span class='ocrx_word' id='word_1_923' title='bbox 3501 5198 3703 5249; x_wconf 86' lang='lat' dir='ltr'><strong>operum</strong></span> 
     </span>
    </p>
   </div>
   <div class='ocr_carea' id='block_1_116' title="bbox 2186 5254 3258 5362">
    <p class='ocr_par' dir='ltr' id='par_1_116' title="bbox 2186 5254 3258 5362">
     <span class='ocr_line' id='line_1_116' title="bbox 2186 5254 3258 5362; baseline -0.005 -52"><span class='ocrx_word' id='word_1_924' title='bbox 2186 5257 2542 5362; x_wconf 48' lang='lat' dir='ltr'><strong>magnitudine,</strong></span> <span class='ocrx_word' id='word_1_925' title='bbox 2575 5254 2706 5321; x_wconf 86' lang='lat' dir='ltr'><strong>quod</strong></span> <span class='ocrx_word' id='word_1_926' title='bbox 2733 5264 2803 5305; x_wconf 87' lang='lat' dir='ltr'><strong>est</strong></span> <span class='ocrx_word' id='word_1_927' title='bbox 2833 5256 2937 5321; x_wconf 88' lang='lat' dir='ltr'><strong>ipse</strong></span> <span class='ocrx_word' id='word_1_928' title='bbox 2965 5257 3258 5319; x_wconf 74' lang='lat' dir='ltr'><strong>manifestat.</strong></span> 
     </span>
     <span class='ocr_line' id='line_1_117' title="bbox 2323 5322 3258 5362; baseline 0 0"><span class='ocrx_word' id='word_1_929' title='bbox 2323 5325 2606 5362; x_wconf 63' lang='lat' dir='ltr'><strong>[ns-mltum,</strong></span> <span class='ocrx_word' id='word_1_930' title='bbox 2639 5338 2734 5362; x_wconf 73' lang='lat' dir='ltr'><strong>smn</strong></span> <span class='ocrx_word' id='word_1_931' title='bbox 2763 5324 3051 5362; x_wconf 61' lang='lat' dir='ltr'><strong>denonemsu</strong></span> <span class='ocrx_word' id='word_1_932' title='bbox 3076 5337 3207 5362; x_wconf 66' lang='lat' dir='ltr'><strong>psam-</strong></span> <span class='ocrx_word' id='word_1_933' title='bbox 3236 5322 3258 5362; x_wconf 70' lang='lat' dir='ltr'><strong>F</strong></span> 
     </span>
    </p>
   </div>
   <div class='ocr_carea' id='block_1_117' title="bbox 2321 5317 3703 5387">
    <p class='ocr_par' dir='ltr' id='par_1_117' title="bbox 2321 5317 3703 5387">
     <span class='ocr_line' id='line_1_118' title="bbox 2321 5317 3703 5387; baseline -0.007 -10"><span class='ocrx_word' id='word_1_934' title='bbox 2321 5317 2610 5384; x_wconf 77' lang='lat' dir='ltr'><strong>Lortcbius,</strong></span> <span class='ocrx_word' id='word_1_935' title='bbox 2639 5338 2735 5373; x_wconf 90' lang='lat' dir='ltr'><strong>non</strong></span> <span class='ocrx_word' id='word_1_936' title='bbox 2763 5317 3051 5387; x_wconf 78' lang='lat' dir='ltr'><strong>denegemus</strong></span> <span class='ocrx_word' id='word_1_937' title='bbox 3076 5317 3208 5373; x_wconf 80' lang='lat' dir='ltr'><strong>eum.</strong></span> <span class='ocrx_word' id='word_1_938' title='bbox 3236 5321 3298 5372; x_wconf 88' lang='lat' dir='ltr'><strong>Et</strong></span> <span class='ocrx_word' id='word_1_939' title='bbox 3318 5320 3552 5379; x_wconf 81' lang='lat' dir='ltr'><strong>inferius,</strong></span> <span class='ocrx_word' id='word_1_940' title='bbox 3586 5317 3703 5383; x_wconf 85' lang='lat' dir='ltr'><strong>Spi-</strong></span> 
     </span>
    </p>
   </div>
   <div class='ocr_carea' id='block_1_118' title="bbox 2186 5389 3702 5455">
    <p class='ocr_par' dir='ltr' id='par_1_118' title="bbox 2186 5389 3702 5455">
     <span class='ocr_line' id='line_1_119' title="bbox 2186 5389 3702 5455; baseline -0.007 -11"><span class='ocrx_word' id='word_1_941' title='bbox 2186 5395 2304 5444; x_wconf 81' lang='lat' dir='ltr'><strong>ritui</strong></span> <span class='ocrx_word' id='word_1_942' title='bbox 2332 5404 2496 5444; x_wconf 85' lang='lat' dir='ltr'><strong>sancto</strong></span> <span class='ocrx_word' id='word_1_943' title='bbox 2527 5392 2788 5441; x_wconf 66' lang='lat' dir='ltr'><strong>restitistis.</strong></span> <span class='ocrx_word' id='word_1_944' title='bbox 2822 5390 2876 5440; x_wconf 93' lang='lat' dir='ltr'><strong>ln</strong></span> <span class='ocrx_word' id='word_1_945' title='bbox 2904 5391 3183 5455; x_wconf 45' lang='lat' dir='ltr'><strong>Scriptura:</strong></span> <span class='ocrx_word' id='word_1_946' title='bbox 3212 5396 3367 5455; x_wconf 83' lang='lat' dir='ltr'><strong>textu</strong></span> <span class='ocrx_word' id='word_1_947' title='bbox 3386 5389 3600 5455; x_wconf 72' lang='lat' dir='ltr'><strong>[tabi-tur</strong></span> <span class='ocrx_word' id='word_1_948' title='bbox 3629 5400 3702 5434; x_wconf 80' lang='lat' dir='ltr'><strong>re-</strong></span> 
     </span>
    </p>
   </div>
   <div class='ocr_carea' id='block_1_119' title="bbox 2187 5451 3700 5520">
    <p class='ocr_par' dir='ltr' id='par_1_119' title="bbox 2187 5451 3700 5520">
     <span class='ocr_line' id='line_1_120' title="bbox 2187 5451 3700 5520; baseline -0.01 -7"><span class='ocrx_word' id='word_1_949' title='bbox 2187 5462 2377 5514; x_wconf 83' lang='lat' dir='ltr'><strong>sistitis.</strong></span> <span class='ocrx_word' id='word_1_950' title='bbox 2407 5458 2600 5511; x_wconf 84' lang='lat' dir='ltr'><strong>Tamen</strong></span> <span class='ocrx_word' id='word_1_951' title='bbox 2648 5458 2697 5509; x_wconf 90' lang='lat' dir='ltr'><strong>iu</strong></span> <span class='ocrx_word' id='word_1_952' title='bbox 2730 5458 2977 5511; x_wconf 84' lang='lat' dir='ltr'><strong>breviario</strong></span> <span class='ocrx_word' id='word_1_953' title='bbox 3023 5451 3141 5507; x_wconf 81' lang='lat' dir='ltr'><strong>lidei</strong></span> <span class='ocrx_word' id='word_1_954' title='bbox 3183 5456 3316 5520; x_wconf 86' lang='lat' dir='ltr'><strong>apud</strong></span> <span class='ocrx_word' id='word_1_955' title='bbox 3348 5451 3700 5509; x_wconf 88' lang='lat' dir='ltr'><strong>Sirmondum,</strong></span> 
     </span>
    </p>
   </div>
   <div class='ocr_carea' id='block_1_120' title="bbox 2190 5519 3696 5591">
    <p class='ocr_par' dir='ltr' id='par_1_120' title="bbox 2190 5519 3696 5591">
     <span class='ocr_line' id='line_1_121' title="bbox 2190 5519 3696 5591; baseline -0.008 -12"><span class='ocrx_word' id='word_1_956' title='bbox 2190 5530 2320 5580; x_wconf 89' lang='lat' dir='ltr'><strong>sicut</strong></span> <span class='ocrx_word' id='word_1_957' title='bbox 2350 5537 2403 5580; x_wconf 87' lang='lat' dir='ltr'><strong>et</strong></span> <span class='ocrx_word' id='word_1_958' title='bbox 2448 5526 2550 5585; x_wconf 84' lang='lat' dir='ltr'><strong>hic,</strong></span> <span class='ocrx_word' id='word_1_959' title='bbox 2585 5526 2765 5591; x_wconf 85' lang='lat' dir='ltr'><strong>legitur</strong></span> <span class='ocrx_word' id='word_1_960' title='bbox 2807 5523 3086 5583; x_wconf 84' lang='lat' dir='ltr'><strong>restitistis;</strong></span> <span class='ocrx_word' id='word_1_961' title='bbox 3115 5519 3271 5588; x_wconf 87' lang='lat' dir='ltr'><strong>quare</strong></span> <span class='ocrx_word' id='word_1_962' title='bbox 3318 5534 3494 5572; x_wconf 82' lang='lat' dir='ltr'><strong>vocem</strong></span> <span class='ocrx_word' id='word_1_963' title='bbox 3541 5519 3696 5577; x_wconf 88' lang='lat' dir='ltr'><strong>hanc,</strong></span> 
     </span>
    </p>
   </div>
   <div class='ocr_carea' id='block_1_121' title="bbox 2190 5590 3407 5659">
    <p class='ocr_par' dir='ltr' id='par_1_121' title="bbox 2190 5590 3407 5659">
     <span class='ocr_line' id='line_1_122' title="bbox 2190 5590 3407 5659; baseline -0.005 -16"><span class='ocrx_word' id='word_1_964' title='bbox 2190 5610 2303 5659; x_wconf 66' lang='lat' dir='ltr'><strong>qum</strong></span> <span class='ocrx_word' id='word_1_965' title='bbox 2330 5596 2380 5647; x_wconf 91' lang='lat' dir='ltr'><strong>in</strong></span> <span class='ocrx_word' id='word_1_966' title='bbox 2410 5593 2560 5647; x_wconf 80' lang='lat' dir='ltr'><strong>editis</strong></span> <span class='ocrx_word' id='word_1_967' title='bbox 2588 5590 2791 5645; x_wconf 32' lang='lat' dir='ltr'><strong>et’mss.</strong></span> <span class='ocrx_word' id='word_1_968' title='bbox 2823 5590 3057 5651; x_wconf 87' lang='lat' dir='ltr'><strong>habetur,</strong></span> <span class='ocrx_word' id='word_1_969' title='bbox 3091 5591 3407 5642; x_wconf 84' lang='lat' dir='ltr'><strong>retinuimus.</strong></span> 
     </span>
    </p>
   </div>
  </div>
