3922 6396
36 2 537 231 F

166 382 259 435 233

1041 384 1125 438 DE
1167 383 1677 439 PEliSECtﬁ'lIONE
1716 382 2087 437 V'ANDALICA
2129 383 2253 437 Lib‘.
2298 383 2379 437 IV;

169 494 291 545 libus
318 492 527 559 expedit
555 500 616 545 ut
642 492 937 547 voluntarie
957 501 1011 546 et
1036 509 1099 546 es
1124 493 1312 547 affectu
1340 494 1559 547 adorent
1579 495 1694 561 Spi-
1723 497 1770 555 Α
1798 492 1882 558 qui
1900 493 1940 543 si
1958 492 2285 543 Christianus
2310 500 2546 555 vocetur,
2572 498 2623 543 et
2654 504 2756 542 non
2786 488 2938 545 fuerit
2958 489 3231 569 spiritalis,
3254 504 3351 542 nec

170 586 313 634 ritum
342 582 620 635 sanctum?
668 582 929 635 Ailoratur
956 590 1130 635 autem
1183 582 1413 650 Spiritus
1465 591 1701 644 sanctus,

169 686 261 722 non
285 673 430 738 quasi
462 674 744 738 separatim
778 687 925 724 more
945 673 1241 739 gentilium,
1262 674 1397 724 sicut
1421 688 1516 725 nec
1540 672 1705 725 Filius

167 762 433 826 separatim
487 762 759 821 adorator,
805 760 927 826 quia
973 760 1023 812 iti
1069 762 1282 813 dextera
1320 761 1488 814 Patris
1534 771 1645 823 est;
1678 768 1703 796 ⁸

166 852 247 900 sed
274 866 388 901 cuin
415 851 706 903 adoramus
740 850 973 914 Patrem,
1004 852 1269 905 credimus
1313 866 1407 903 nos
1436 863 1487 904 et
1519 851 1703 903 Filium

166 950 210 989 i-t
234 938 483 1004 Spiritum
512 949 750 991 sanctum
793 940 1052 991 adorare:
1098 942 1217 1007 quia
1245 952 1297 993 et
1340 956 1461 995 cum
1515 940 1700 991 Filium

168 1029 479 1091 invocamus,
524 1027 732 1080 Patrem
776 1043 871 1097 nos
908 1028 1173 1081 credimus
1204 1030 1472 1089 invocare,
1509 1038 1561 1078 et
1586 1044 1701 1079 cuin

172 1117 367 1169 Patrem
410 1131 680 1184 rogamus,
710 1131 738 1168 a
771 1116 901 1170 Filio
941 1132 1036 1170 nos
1083 1118 1320 1171 exaudiri
1368 1118 1699 1180 confidimus,

168 1206 285 1256 sicut
315 1211 424 1269 Ipse
457 1206 708 1257 Dominus
730 1206 860 1257 dixit
891 1221 907 1257 :
944 1206 1204 1269 Quidquid
1225 1206 1471 1274 petieritis
1502 1205 1703 1257 Patrem

168 1296 209 1341 in
243 1293 437 1344 nomine
466 1308 597 1357 meo,
624 1309 712 1361 ego
741 1294 946 1360 faciam,
982 1302 1033 1343 ut
1061 1292 1415 1358 honoriﬁcetur
1452 1294 1602 1343 Pater
1650 1294 1700 1343 in

169 1381 290 1435 Filio
319 1382 507 1451 (Joan.
542 1400 651 1446 stv,
687 1384 802 1450 i5).
838 1384 964 1435 Etsi
996 1383 1221 1450 Spiritus
1265 1396 1477 1435 sanctus
1507 1383 1697 1434 adora-

166 1486 260 1534 tur,
306 1474 391 1531 ille
422 1476 605 1541 utique
653 1473 901 1527 adoratiir
957 1475 1105 1539 cujus
1152 1482 1232 1525 est
1283 1472 1527 1539 Spiritus.
1571 1471 1698 1522 Illinl

164 1574 320 1615 autem
348 1564 527 1616 uultus
558 1564 781 1630 ignorat,
814 1562 931 1629 quia
959 1562 1146 1614 divitiae
1170 1560 1430 1626 ninjestati
1460 1573 1558 1612 nec
1578 1558 1697 1611 addi

163 1654 453 1720 quidquam,
485 1668 584 1707 nec
611 1653 769 1705 minui
805 1652 1045 1703 humanis
1089 1651 1559 1716 supplicationibus
1603 1664 1700 1716 po-

167 1754 256 1796 test
285 1741 488 1813 :[Lor.
527 1740 642 1810 sic]
670 1741 760 1793 sed
793 1740 1152 1807 unusquisque
1185 1740 1470 1792 seciinduui
1502 1755 1699 1808 propo-

165 1836 309 1885 sitiini
339 1834 625 1885 voluntatis
653 1846 784 1894 sum,
816 1840 905 1885 aut
924 1832 1147 1900 gloriam
1171 1831 1269 1885 sibi
1312 1832 1536 1899 acquirit
1566 1831 1694 1883 fide-
1731 1847 1775 1904 Β

165 1924 269 1975 liter
304 1922 630 1982 venerando,
661 1932 748 1972 aut
790 1920 1150 1974 cuiifusionein
1182 1930 1486 1988 perpetuam
1540 1922 1698 1987 perti-

164 2012 347 2063 naciter
390 2010 705 2063 resistendo.
738 2008 952 2063 Certum
982 2018 1063 2063 est
1108 2010 1246 2063 enim
1278 2009 1395 2077 quia
1447 2010 1695 2076 superbia

165 2110 211 2151 et
238 2098 262 2135 δ
286 2101 611 2166 contemptio
637 2099 870 2161 damnat,
899 2096 1293 2151 honorificentia
1319 2112 1443 2149 vero
1474 2101 1695 2149 tructuin

165 2190 446 2241 devotionis
467 2196 764 2255 exspectat.
789 2188 963 2252 Quare
990 2196 1165 2239 autem
1192 2186 1370 2239 fideles
1401 2200 1501 2236 non
1526 2185 1695 2236 hono-

166 2279 355 2331 rficeiit
404 2281 613 2347 integre
658 2278 996 2338 Trinitatem,
1028 2277 1092 2329 ad
1137 2292 1291 2344 quam
1323 2291 1381 2329 se
1430 2276 1696 2344 pertinere

166 2368 458 2427 ciiiiliduiit,
506 2366 660 2433 cujus
708 2366 919 2418 nomine
948 2380 1006 2418 se
1056 2360 1290 2428 renatos,
1322 2364 1470 2430 cujus
1515 2377 1697 2416 servos

166 2471 213 2506 ie
241 2457 493 2508 nominari
525 2455 847 2523 gloriantur?
871 2453 997 2506 Nam
1029 2453 1164 2506 sicut
1184 2451 1289 2524 [αι.
1318 2452 1382 2504 ad
1408 2450 1641 2520 nomen]
1668 2468 1696 2504 a

166 2548 361 2599 nomine
386 2548 481 2599 Dei
512 2547 682 2600 Patris
711 2547 950 2597 homines
990 2545 1078 2595 Dei
1125 2544 1474 2611 appellantur,
1506 2554 1563 2595 ut
1594 2543 1686 2595 He-

168 2636 249 2686 lias
280 2637 436 2688 homo
467 2636 560 2687 Dei
590 2635 761 2687 dictus
787 2641 886 2694 est,
912 2642 971 2683 ut
1001 2632 1205 2701 Moyses
1234 2631 1388 2683 homo
1412 2632 1503 2683 Dei
1529 2632 1700 2699 appel-

167 2725 287 2774 latus
309 2734 419 2785 est;
452 2726 531 2776 sic
558 2738 585 2774 a
632 2722 845 2775 Christo
874 2721 1159 2774 Christiani
1211 2736 1593 2788 niinciipamur,
1624 2722 1700 2775 sic

166 2813 309 2863 etiam
337 2830 364 2864 a
396 2813 599 2881 Spiritu
646 2810 909 2877 spiritales
947 2810 1293 2877 appellamur.
1324 2812 1375 2864 Si
1407 2814 1561 2879 igitur
1608 2829 1703 2864 vo-

167 2910 295 2954 cetur
313 2904 426 2970 quis
456 2902 617 2955 homo
646 2900 756 2967 Dei,
774 2909 831 2954 et
856 2914 957 2954 non
985 2902 1051 2954 sit
1072 2902 1418 2967 Christianus,
1447 2903 1574 2955 nihil
1596 2912 1704 2966 est;

226 3041 248 3068 ⁸
288 3033 559 3085 Lorichius
588 3034 795 3086 brevius
830 3035 905 3086 sic
949 3034 1124 3095 habet,
1155 3035 1241 3084 sed
1286 3052 1397 3086 cum
1428 3038 1700 3087 adoramus

171 3099 375 3164 Patrem,
408 3102 664 3152 credimus
693 3104 923 3167 inrocare
953 3101 1199 3167 Spiritum
1224 3116 1483 3160 sanctum;
1513 3116 1558 3156 et
1587 3121 1699 3155 cum

170 3168 351 3220 Patrem
381 3184 686 3235 rogantus,a
717 3166 853 3220 Filio
874 3185 963 3220 nos
991 3170 1222 3220 exaudiri
1248 3171 1567 3235 conﬁdimus,
1595 3185 1696 3224 etc.

226 3235 250 3273 δ
287 3239 373 3291 Sic
420 3239 614 3299 Illart.;
666 3252 781 3303 quat
820 3239 997 3304 utique
1054 3238 1204 3289 lectio
1248 3240 1450 3290 videtur
1494 3243 1700 3293 rimeris

168 3305 495 3371 pnt‘krenda,
547 3321 665 3371 quae
709 3307 921 3369 habent,
972 3307 1235 3359 contentio.
1270 3307 1497 3359 Lorichzi
1538 3310 1700 3361 editio

169 3376 385 3428 eamdem
417 3390 655 3430 nostrain
684 3376 959 3429 lectionem
989 3377 1283 3439 continuat,
1310 3378 1462 3429 habet
1486 3380 1697 3447 quippe,

169 3454 477 3509 contemptui.

231 3523 248 3548 ε
289 3512 423 3565 Inter
464 3514 743 3567 Missarttm
790 3512 1041 3567 solemnia
1089 3524 1195 3568 tum
1242 3516 1431 3576 Crarci,
1464 3524 1571 3568 tum
1605 3516 1702 3568 La-

170 3580 555 3652 tini,‘liymntim
602 3583 739 3652 hunc
768 3592 995 3652 cantare
1037 3599 1247 3650 semper
1291 3596 1695 3652 consueuerunt,

168 3649 289 3721 quod
330 3665 445 3702 Cum
492 3651 731 3721 nonnulli
762 3651 813 3704 in
856 3652 1020 3705 Gallis
1047 3649 1192 3706 extra
1240 3656 1425 3707 missas
1468 3649 1703 3721 publicas

170 3718 508 3835 Iitgligrrent,
564 3720 743 3771 statuit
805 3724 1035 3787 synodus
1084 3722 1330 3775 Vaseiisis
1396 3718 1532 3773 anim
1574 3723 1697 3784 529,

170 3800 270 3835 cati.
336 3829 345 3835 .
380 3800 429 3835 ut
462 3791 513 3835 in
544 3789 771 3835 omnibus
798 3790 978 3835 missis-
1005 3792 1104 3835 sive
1132 3792 1408 3835 mnmn'nis-
1442 3793 1541 3835 sine
1578 3809 1697 3835 min-

168 3800 270 3835 raii.
297 3789 345 3857 ὅτ
380 3800 429 3839 ut
462 3791 513 3840 in
544 3789 771 3839 omnibus
798 3790 979 3851 missis,
1005 3792 1104 3842 sive
1132 3792 1411 3850 matutinis,
1442 3793 1541 3841 sive
1578 3809 1702 3857 qna-

170 3856 597 3920 dragesimafibns,
644 3859 718 3907 vel
762 3872 874 3923 quis
918 3859 971 3909 in
1016 3861 1562 3910 comntemorationibus
1616 3860 1705 3909 de-

171 3923 437 3985 functorum
468 3928 623 3989 ﬁunt,
653 3941 843 3992 semper
869 3940 925 3975 ro
949 3928 1125 3977 ordine
1167 3943 1265 3992 quo
1297 3929 1363 3977 ad
1390 3931 1563 3977 m'sias
1605 3944 1699 3987 pu-

172 3994 304 4042 blicas
330 3995 619 4045 diceretur.
674 3992 744 4043 De
774 3994 931 4046 variis
960 3995 1070 4043 istis
1097 3994 1271 4044 missis
1301 3994 1492 4044 νωθής
1519 3993 1699 4043 Malit-

173 4061 344 4110 loniiun
373 4060 459 4110 ιιι).
487 4076 501 4112 ι
535 4063 602 4110 de
631 4058 857 4123 Liturgia
889 4059 1175 4119 Gallicana,
1203 4074 1317 4124 cap.
1349 4060 1401 4117 ϐ.
1437 4060 1514 4110 vel
1543 4059 1609 4109 de
1641 4060 1701 4109 iis

173 4126 319 4177 fusius
348 4128 695 4181 disserentem
746 4141 841 4190 pa:
879 4127 1149 4178 memoriae
1192 4127 1513 4178 cardinalem
1562 4129 1700 4179 Ilona

174 4194 250 4243 tili.
278 4209 290 4244 i
324 4195 511 4246 lterum
545 4195 819 4259 Liturgic.,
850 4208 965 4258 cap.
1001 4195 1064 4245 I3
1094 4204 1147 4247 et
1176 4196 1535 4262 sequentibus.
1564 4196 1704 4249 Cave

172 4270 325 4333 autem
376 4278 440 4314 ne
482 4263 777 4333 confundas
818 4262 971 4333 _Iiune
1017 4262 1292 4333 hymnum,
1340 4280 1493 4332 quem
1536 4263 1702 4318 Craici

176 4329 381 4381 ἐπινίκιον
426 4330 904 4403 seu_triuinphntem
950 4329 1237 4397 appellant,
1286 4329 1505 4403 dequo
1548 4336 1704 4387 Isaias

173 4409 272 4461 Cap.
303 4415 368 4471 vi,
393 4409 466 4471 Aet
509 4401 741 4454 Joannes
792 4402 853 4471 in,
897 4404 1203 4471 Apocalypsi
1236 4419 1349 4471 cap.
1383 4401 1451 4470 iv,
1479 4420 1595 4457 cum
1641 4420 1705 4456 eo

175 4468 494 4543 gueni‘iidem
524 4472 785 4543 τρισᾴοχισν
828 4468 1340 4543 dicunt;_queniqiie
1386 4468 1455 4525 illi
1488 4475 1699 4538 smpitis,

178 4532 325 4589 Latini
358 4555 481 4591 Vero
508 4532 755 4592 se'meI'itt
784 4554 942 4598 anno,
974 4532 1111 4593 feria.
1140 4532 1339 4595 scilicet
1366 4554 1511 4595 sexta
1544 4532 1697 4595 Parav-

174 4616 355 4677 Scevcs,
388 4623 604 4679 cantare
640 4609 829 4659 solent.
866 4609 1081 4661 Sanctus
1134 4611 1285 4674 Deus,
1329 4622 1550 4671 sumtus,
1602 4613 1706 4679 for-

175 4683 244 4745 m,
273 4686 366 4729 etc.
394 4678 465 4731 De
486 4680 569 4730 his
590 4679 805 4729 consule
829 4687 1063 4730 nostrum
1096 4680 1363 4746 lluguneiii
1399 4678 1702 4735 Menardum

179 4754 220 4816 tu
249 4746 372 4816 uotis
402 4750 463 4816 ad
505 4750 975 4800 sacraineiitariuui
1019 4748 1422 4815 Gregorianiim,
1459 4766 1573 4816 pag.
1612 4750 1696 4812 I0,

176 4809 230 4860 de
256 4812 327 4863 his
356 4815 509 4867 rebus
538 4817 651 4867 fuse
677 4824 728 4867 et
753 4816 955 4867 erudite
991 4809 1358 4869 disserentem.

1806 582 1905 634 silii
1929 584 2054 633 satis
2087 581 2151 633 de
2181 582 2349 634 salute
2371 580 2613 633 confidat.

1876 669 2058 721 XXIII.
2080 670 2158 723 Sit
2186 683 2311 736 ergo
2343 668 2488 721 nobis
2512 669 2795 721 secundum
2824 667 3071 720 salutaris
3102 666 3349 733 baptismi

1806 758 2189 812 confessionem
2216 759 2343 811 fides
2372 758 2570 825 integra
2602 758 2892 821 Trinitatis,
2920 758 2987 809 sit
3014 773 3116 809 una
3138 758 3349 810 deretio

1808 850 2015 914 pietatis
2045 865 2059 901 :
2092 864 2188 903 nec
2214 864 2358 902 more
2380 849 2648 916 gentilium
2675 858 2990 913 potestatum
3020 848 3350 901 diversitati-s

1804 940 2104 1005 opinemur,
2134 948 2224 990 aut
2254 948 2549 991 creaturam
2600 948 2850 1005 quantum
2892 938 2954 989 ad
3002 938 3251 990 deitatem
3298 939 3348 989 in

1807 1025 2063 1079 Trinitate
2095 1028 2440 1094 suspicemur.
2488 1027 2591 1081 Scd
2625 1042 2723 1080 nec
2769 1026 3069 1079 Jiidmoruni
3102 1026 3349 1077 scandala

1806 1131 2134 1181 moveamur,
2163 1119 2246 1184 qui
2274 1116 2459 1169 Filium
2493 1116 2581 1169 Dei
2615 1117 2716 1184 33
2737 1126 2946 1183 negant,
2978 1117 3067 1183 qui
3094 1117 3346 1182 Spiritnut

1804 1216 2043 1257 szinctum
2096 1222 2197 1257 non
2237 1207 2491 1267 adoiant;
2524 1207 2614 1259 sed
2651 1206 2821 1271 potius
2854 1205 3136 1273 perfectam
3167 1207 3347 1259 Trini-

1808 1305 1966 1347 tatem
1995 1296 2281 1349 adorantes
2329 1309 2381 1350 et
2406 1297 2818 1365 magniﬁcantes,
2850 1298 2983 1348 sicut
3008 1308 3029 1334 ο
3062 1299 3113 1349 iii
3156 1307 3349 1366 myste-

1804 1383 2009 1436 riisore
2056 1395 2239 1436 nostro
2281 1385 2524 1446 dicimus,
2561 1386 2627 1438 ita
2680 1386 2999 1437 conscientia
3057 1396 3347 1449 teneamus,

1804 1471 2043 1535 Sanctus,
2068 1472 2309 1532 Sanctus,
2328 1473 2546 1526 Sanctus
2564 1473 2809 1525 Dominus
2842 1474 2977 1526 Deus
2996 1476 3223 1529 sabaotli.
3249 1477 3351 1529 Ter

1802 1560 2039 1611 dicentes
2081 1550 2298 1612 Sanctus
2341 1576 2493 1613 unam
2538 1563 2971 1628 omnipotentiam
3011 1564 3346 1626 conﬁtemur,

1802 1648 1920 1714 quia
1946 1663 2045 1699 una
2089 1658 2167 1701 est
2219 1648 2419 1715 religio,
2456 1664 2557 1701 una
2610 1650 2923 1715 glorificatio
2966 1652 3261 1716 Trinitatis,
3296 1662 3349 1705 ut

1801 1736 2078 1789 audiamus
2110 1736 2176 1789 ab
2219 1739 2490 1805 Apostolo,
2538 1738 2673 1789 sicut
2720 1738 2998 1791 audierunt
3044 1741 3343 1793 Corint'iii:

1802 1823 1977 1874 Gratia
2026 1824 2225 1876 Domini
2266 1826 2417 1877 nostri
2460 1826 2583 1877 Jesu
2613 1824 2819 1889 Christi,
2850 1836 2895 1877 et
2923 1828 3122 1879 dilectio
3158 1829 3267 1886 Dei,
3298 1842 3347 1881 et

1802 1917 2185 1968 communicatio
2259 1917 2480 1982 Spiritus
2551 1920 2709 1969 sancti
2755 1934 2866 1968 cum
2931 1921 3155 1970 omnibus
3210 1921 3344 1971 vobis

1806 2004 1905 2070 (ll
1939 2004 2055 2057 Cor.
2084 2021 2192 2069 sui,
2222 2006 2344 2070 15).
2374 2007 2487 2059 Iltee
2522 2016 2601 2060 εει
2647 2007 2773 2059 fides
2802 2017 3002 2071 nostra,
3033 2008 3302 2073 evangelio
3323 2023 3348 2059 s

1802 2102 1855 2145 et
1901 2094 2201 2159 apostolicis
2252 2096 2618 2146 traditionibus
2665 2105 2820 2163 atque
2848 2093 2871 2131 δ
2907 2088 3220 2149 auctortate
3260 2098 3349 2148 fir-

1804 2192 1964 2246 mata,
1996 2199 2045 2235 et
2078 2184 2309 2234 onmium
2333 2200 2447 2250 quas
2476 2185 2524 2236 in
2559 2185 2753 2237 mundo
2799 2195 2923 2237 sunt
2968 2187 3345 2239 catholicarum

1804 2272 2147 2327 ecclesiarum
2180 2275 2431 2324 societate
2470 2274 2704 2337 fundata,
2734 2275 2784 2325 in
2830 2290 3048 2342 quinos
3094 2292 3185 2342 per
3232 2292 3347 2342 gra-

1800 2363 1922 2415 tiam
1975 2363 2066 2415 Dei
2113 2362 2486 2429 omnipotentis
2543 2377 2851 2429 permanere
2898 2364 3156 2431 usquead
3191 2365 3345 2417 finem

1800 2452 1920 2503 vita:
1953 2451 2105 2517 hujus
2133 2450 2449 2503 confidimus
2478 2460 2531 2502 et
2569 2465 2863 2519 speramus.

1873 2541 2101 2610 Explicit
2132 2540 2337 2594 libellus
2369 2540 2601 2594 direcuts
2632 2540 2730 2593 sub
2763 2540 2847 2593 die
2880 2540 2973 2610 [αι.
3001 2540 3130 2609 xvii]
3160 2556 3232 2593 sit
3259 2557 3349 2595 ca-

1801 2632 2079 2686 lendarum
2130 2632 2379 2685 Maiarum
2432 2646 2526 2698 per
2572 2630 2875 2683 Ianuarium
2912 2632 3348 2696 eZattareusem,

1810 2722 2101 2777 Villaticuin
2133 2736 2160 2773 a
2189 2720 2628 2775 Casis-Medianis
2667 2716 2946 2789 episcOpos
2976 2722 3260 2786 Numidize,
3298 2735 3351 2777 et

1809 2814 2129 2866 Bouifacium
2164 2812 2625 2874 Foratianeusem,
2668 2821 2719 2863 et
2759 2812 3080 2865 Bonifacium
3110 2812 3350 2867 ‘Cratia-

1812 2918 2025 2957 nensem
2058 2904 2333 2970 episcopos
2364 2901 2646 2969 provincia:
2676 2899 2975 2967 Byzacenze.

1870 3036 1896 3073 ἀ
1942 3038 2135 3089 Desunt
2183 3036 2293 3087 llfBC
2337 3037 2441 3085 duo
2474 3036 2650 3095 verba,
2700 3036 2992 3087 auctoritate
3029 3036 3248 3100 ﬁrmata,
3298 3038 3347 3093 in

1802 3104 1951 3157 Colb.
1983 3105 2034 3165 2,
2067 3105 2287 3155 ΟιιΙιοοΙ.
2322 3103 2562 3155 Rlienan.
2598 3116 2650 3155 et
2683 3104 2946 3157 Loriiliio.

1875 3184 1896 3208 θ
1927 3174 2163 3234 Plerique
2188 3185 2338 3235 mss.,
2363 3171 2720 3224 Zatterenscm.
2740 3173 2885 3224 Colb.
2918 3176 2964 3233 I,
2984 3172 3345 3228 Zaitarensem.

1804 3240 1858 3293 In
1891 3240 2078 3293 Notitia
2111 3241 2348 3293 Africana
2381 3241 2431 3291 in
2463 3255 2560 3291 ms.
2596 3242 2755 3291 Laud.
2790 3243 2979 3292 dicitur
3015 3240 3345 3295 Jacterensis.

1808 3310 1935 3362 Vide
1960 3324 2075 3375 quae
2105 3310 2152 3360 in
2185 3310 2319 3361 notis
2348 3308 2411 3359 ad
2443 3309 2606 3373 ipsam
2638 3308 2883 3359 Notitiam
2914 3311 3253 3360 observamus
3280 3314 3346 3363 de

1806 3379 1903 3430 hac
1925 3379 2072 3431 urbe.
2106 3379 2267 3431 Porro
2300 3378 2570 3429 Lorichius
2600 3393 2692 3443 pro
2736 3377 3035 3428 Ianuarium
3070 3377 3225 3431 habet
3254 3378 3345 3430 le-

1806 3464 2064 3503 ttum‘tunt.

1880 3516 1898 3553 ί
1942 3517 2090 3569 Colb.
2127 3518 2173 3580 Ι,
2208 3516 2471 3577 Rhenan.,
2504 3524 2556 3567 et
2586 3515 2757 3577 Balil.,
2799 3514 3169 3566 flatiznensrm.
3204 3516 3347 3568 Port.

1804 3596 1857 3637 et
1904 3588 2052 3638 Urth.
2104 3599 2225 3638 cum
2271 3586 2535 3643 Loricliio,
2586 3585 2945 3635 Gazanensem.
2992 3581 3145 3637 Colb.
3196 3587 3349 3648 alti-r,

1803 3655 1977 3717 Mart.,
2022 3653 2160 3715 Fu|.,
2196 3664 2251 3707 et
2293 3655 2497 3717 ὕει-ιη..
2533 3653 2889 3706 Cazmtensein.
2922 3653 2975 3703 In
3008 3655 3183 3705 collat.
3228 3654 3351 3719 Care

1806 3723 1969 3787 ιΙιειμ..
1998 3738 2111 3787 cap.
2150 3725 2269 3778 f98.
2320 3724 2455 3773 inter
2484 3724 2757 3787 episiojios
2792 3721 3087 3772 Donatistas
3114 3737 3351 3773 recense-

1804 3801 1887 3843 tur
1920 3791 2085 3841 Victor
2122 3792 2381 3859 cpiscopus
2406 3791 2768 3843 Gratianensis.
2796 3789 2958 3841 Porro
2987 3790 3105 3859 licet
3127 3792 3211 3841 alii
3246 3804 3351 3842 tres

1804 3860 2034 3925 episcopi
2066 3858 2158 3911 hic
2196 3863 2466 3911 memorati
2501 3869 2875 3910 receiiseaiitur
2921 3860 2967 3908 in
2998 3858 3187 3925 Notitia
3218 3859 3352 3909 Afri.

1804 3942 1951 3985 cana,
1999 3929 2065 3978 ibi
2117 3938 2286 3978 tamen
2319 3928 2645 3978 desideratur
2676 3925 2925 3991 Bonifatii
2973 3926 3123 3985 hujus
3150 3924 3353 3976 Gratia-

1804 3995 1969 4043 nensis
1998 4009 2185 4043 nomen
2218 4011 2228 4042 :
2258 3996 2393 4057 quod
2441 4008 2566 4044 sane
2594 3994 2780 4042 niirum
2809 4001 2903 4043 est.
2935 3992 3041 4042 Nisi
3074 4007 3113 4043 is
3145 3994 3254 4055 ipse
3283 4000 3351 4045 sit

1803 4062 2147 4127 Cttjtlsipl'ittlt)
2176 4060 2289 4110 loco
2316 4061 2609 4127 memorati
2636 4074 2824 4110 numen
2865 4059 3090 4113 excidit:
3126 4069 3351 4127 tuncque

1805 4143 1898 4193 pro
1931 4126 2343 4188 ναελὶηαδεεηεὶι,
2379 4136 2433 4175 ιιι
2484 4127 2552 4179 ibi
2604 4126 2840 4187 habetur,
2890 4127 3163 4192 legendum
3211 4126 3352 4181 esset

1804 4196 2167 4247 Gratianensis.
2220 4194 2284 4246 Et
2329 4194 2536 4263 quidem
2588 4196 2769 4248 I‘etrtts
2813 4195 2972 4245 alibas
3026 4195 3077 4245 itt
3127 4200 3352 4250 cont-ilio

1805 4264 2199 4327 flartliaginensi
2229 4266 2325 4316 stili
2358 4265 2641 4323 Bonifacio,
2677 4264 2914 4316 meminit
2944 4263 3192 4332 Bonifatii
3218 4265 3349 4317 Grn-

1804 4336 2041 4388 tiancnsis
2070 4334 2284 4402 episcopi
2317 4336 2489 4402 prima:
2522 4335 2650 4384 sedis
2684 4335 2949 4399 provincia:
2968 4331 3261 4399 Byzuccnw,
3286 4337 3350 4387 ad

1806 4417 1959 4469 quem
1992 4413 2288 4457 recurrcrat
2317 4406 2532 4454 absente
2555 4404 2801 4468 episcopo
2824 4403 3240 4467 Cartliagiiieiisi.
3266 4408 3351 4457 ciii

1808 4474 2181 4536 moiiaSIerium
2210 4472 2323 4537 ejus
2346 4472 2486 4523 nullo
2516 4473 2686 4522 inedio
2711 4472 3001 4534 Solijectum
3032 4484 3163 4524 erat.
3199 4474 3354 4525 Boni-

1809 4546 1972 4595 lacius
2000 4554 2193 4602 tamen,
2226 4542 2312 4605 qui
2363 4541 2479 4591 huic
2529 4540 2703 4592 libello
2735 4539 2850 4590 fidei
2890 4540 3219 4607 subscripsit,
3253 4560 3353 4594 tinii

1809 4613 2014 4662 videtur
2044 4610 2201 4661 fuisse
2228 4608 2443 4674 piiinas,
2467 4625 2585 4659 cuni
2618 4618 2734 4673 post
2766 4608 3080 4659 Donilaeium
3114 4612 3352 4663 Foratia—

1809 4694 2021 4732 nensem
2052 4679 2438 4739 subscripserit,
2473 4678 2555 4741 qui
2603 4677 2812 4741 quidem
2865 4677 3159 4729 Homini-ins
3193 4680 3352 4731 Fora-

1812 4748 2058 4798 tiaiiensis
2092 4747 2139 4796 in
2188 4744 2377 4797 Notitia
2431 4746 2637 4805 At‘ricze,
2680 4744 2812 4794 inter
2849 4745 3027 4795 Patres
3060 4747 3355 4815 Ilyzacenos

1730 4803 1779 4861 D
1803 4817 2162 4881 sexagesitlilis
2192 4826 2405 4863 oetavus
2434 4803 2774 4865 nteititiratttr.

200 4936 3333 4962 Μ

1062 5042 1531 5146 LIBER
1619 5039 2400 5168 QUARTUS.

966 5201 1274 5261 HUNERICI
1331 5220 1594 5262 sxvms
1656 5220 1716 5261 ιη
1777 5214 2097 5259 ενιεειιροε
2142 5214 2544 5259 cnnoucos.

240 5316 273 5367 Ι.
314 5320 609 5368 Arianorum
637 5314 921 5367 calumnias.
959 5345 1028 5353 —
1068 5320 1165 5382 Qui
1194 5317 1284 5388 [αι.
1326 5319 1554 5387 cunque]
1582 5334 1701 5369 cum

184 5416 337 5457 noster
382 5408 587 5458 libellus
638 5407 919 5470 legeretur,
970 5405 1200 5457 oblatum
1246 5391 1482 5461 veritatis
1529 5409 1702 5459 liinien

185 5511 480 5561 ticqunqnattl
508 5492 734 5545 sufferre
762 5492 917 5545 cacis
942 5494 1107 5545 oculis
1134 5503 1415 5561 potuerunt
1442 5496 1705 5548 insanien-

186 5600 268 5644 ιες,
288 5587 490 5637 voiilius
522 5583 885 5643 iiifremcn'cs,
911 5585 1239 5651 graviterque
1271 5583 1520 5647 ferentes,
1543 5596 1706 5649 quare

187 5692 265 5727 nos
300 5678 499 5729 nomine
540 5684 723 5727 nostra
751 5672 1035 5725 catholicos
1063 5673 1372 5727 dixerimus.
1417 5671 1705 5738 Statimque

434 5768 701 5825 ΡΑτιιοι.
749 5760 936 5819 LVIII

1811 5314 2123 5367 mentientes
2154 5330 2180 5365 s
2218 5326 2442 5382 ggerunt
2472 5319 2576 5381 regi
2610 5318 2674 5368 de
2706 5319 2875 5379 nobis,
2908 5334 2973 5371 eo
3003 5321 3136 5385 quod
3168 5327 3351 5392 strepi-

1812 5416 1913 5454 tunt
1948 5403 2245 5465 ieceiiiniis,
2266 5408 2582 5458 audientiam
2618 5409 2889 5471 fugientes,
2917 5411 3000 5473 qui
3025 5426 3052 5460 e
3088 5411 3204 5463 dem
3232 5420 3356 5470 liora

1809 5506 2057 5543 accen-ns
2085 5500 2135 5542 et
2167 5493 2391 5544 credetis
2416 5500 2710 5558 mendacio,
2738 5498 2993 5549 festinavit
3027 5499 3196 5553 facere
3220 5518 3357 5571 quod

1810 5582 2039 5633 volebat.
2094 5582 2155 5633 Et
2190 5583 2295 5649 jaiii
2339 5589 2693 5653 conscriptum
2725 5589 2991 5641 decretum
3036 5591 3261 5659 habens,
3302 5611 3357 5650 ct

1809 5673 2013 5725 occulte
2050 5686 2170 5725 cuin
2202 5676 2385 5728 eodem
2418 5677 2629 5730 decreto
2672 5693 2762 5745 per
2791 5678 3023 5733 δικαίως,
3062 5684 3358 5747 provincias

3021 5772 3057 5826 8
