3922 6378
152 379 245 432 137

1089 373 1176 428 DE
1214 373 1729 430 PEItSECUTlONE
1769 372 2145 463 VANDALlCA
2187 375 2308 429 LIB.
2352 375 2430 431 IV.

3238 388 3338 443 9.58

155 488 518 547 multarentur.
541 499 609 539 eo
635 484 861 553 adjecto.
883 492 941 538 ut
964 484 1137 538 nullus
1165 487 1242 539 eis
1271 486 1417 561 locus
1443 493 1586 538 esset
1613 484 1691 537 vel
1724 486 1769 543 Α
1797 485 1862 538 de
1911 486 2219 551 primatibus
2263 486 2553 541 officiorum
2597 498 2702 543 tres
2749 508 2967 547 numero
3014 498 3339 566 punirentur.

152 576 357 627 auditus
382 573 734 641 supplicandi,
767 573 856 639 sed
884 574 1040 625 etiam
1071 581 1096 609 ἰ
1117 573 1160 626 si
1191 588 1289 641 qua
1321 573 1563 638 specialia
1592 588 1702 625 mc-

154 665 408 725 ruissent,
442 662 659 715 minime
691 661 1069 728 praevalerent:
1102 672 1153 715 et
1184 662 1227 715 si
1260 663 1312 714 in
1348 662 1446 715 hac
1472 661 1701 729 pernicie

154 752 519 819 perdurarent,
536 752 601 802 de
623 750 836 817 pr0prio
856 749 968 802 solo
991 749 1148 802 ablati
1172 750 1222 801 in
1246 750 1699 819 exsiliutn353ub

152 839 239 908 [aL
270 855 394 907 pros
429 839 659 908 cutione]
692 837 1056 905 persecutione
1108 838 1296 891 idonea
1346 840 1694 891 mitterentur.

152 933 202 984 ιιι
233 932 455 998 pOpulos
484 944 694 997 quoque
725 927 923 995 praefati
952 930 1299 995 imperatores
1328 929 1570 981 simi'itt-r
1598 942 1699 981 sae.-

150 1032 370 1081 vtentcs,
402 1020 540 1085 quod
571 1021 647 1070 eis
674 1033 769 1071 nec
794 1017 1019 1070 donandi
1050 1017 1289 1082 libertas,
1328 1032 1423 1069 nec
1452 1018 1695 1081 testandi,

148 1120 236 1161 aut
265 1109 531 1172 capit-udi,
557 1108 635 1159 vel
663 1109 730 1158 ab
760 1106 875 1159 aliis
905 1106 1144 1158 relictum
1174 1106 1381 1173 penitus
1404 1105 1496 1175 [aL
1524 1105 1699 1169 subja-

148 1197 313 1267 evre]
358 1198 446 1262 jus
492 1207 668 1259 esset;
722 1211 827 1249 non
875 1194 1264 1250 fideicommissi
1314 1196 1542 1257 nomine,
1592 1208 1695 1246 non

152 1287 304 1352 legati
323 1326 338 1347 ,
390 1300 493 1338 non
521 1285 921 1347 donationibus,
952 1294 1041 1337 aut
1068 1284 1343 1337 relictione
1371 1299 1484 1347 num
1516 1284 1696 1335 mortis

150 1390 305 1427 causa
338 1375 653 1440 appellatur,
683 1375 761 1427 vel
792 1373 1028 1441 quolibet
1051 1372 1292 1426 codicillo
1312 1412 1328 1435 ,
1370 1373 1555 1424 aliisve
1586 1370 1695 1422 for-

150 1466 284 1515 sitan
329 1450 628 1530 scripturis,
663 1462 732 1514 ita
760 1469 818 1515 ut
843 1460 999 1516 etiam
1028 1462 1114 1529 qui
1144 1460 1196 1513 in
1227 1461 1334 1513 suis
1365 1458 1567 1525 palatiis
1594 1457 1693 1509 mi-

150 1554 389 1619 litarent,
441 1552 867 1606 condemnationi
914 1551 1239 1619 gravissima:
1288 1564 1380 1615 pro
1426 1546 1695 1615 dignitatis

150 1643 340 1694 merito
363 1643 595 1693 facerent
624 1640 912 1709 subiectos.
936 1650 993 1691 ut
1017 1639 1157 1691 omni
1190 1638 1403 1691 honoris
1428 1637 1694 1706 privilegio

146 1732 424 1796 esspoliati
457 1731 723 1784 infamiam
755 1738 1115 1791 incurrerent,
1158 1737 1210 1781 et
1251 1730 1458 1797 publico
1488 1728 1692 1782 crimini

1800 576 1917 628 aliis
1938 577 2115 643 viginti
2152 578 2396 629 librarum
2428 580 2541 631 auri
2575 582 3011 639 condemnatione
3037 590 3339 648 multandis.

1876 684 1893 716 ι
1922 652 2090 730 Quare
2122 668 2199 719 liis
2240 681 2449 721 necesse
2496 679 2573 721 est
2618 672 3073 739 constitutionibus
3118 678 3336 746 obligari

1798 758 2133 810 onieithianos
2161 774 2362 823 omnes,
2394 773 2523 822 quos
2572 760 2863 827 hujusmodi
2887 761 2913 798 ἀ
2945 767 3095 818 make
3124 784 3337 835 persua-

1799 846 1962 898 sionis
1990 855 2195 899 constat
2226 848 2454 900 tenuisse
2484 858 2537 901 et
2575 858 2751 902 tenere
2782 853 3069 905 materiam.
3104 854 3244 919 Quos
3271 858 3337 908 ab

1797 934 2039 987 omnibus
2066 936 2379 1001 supradictis
2412 937 2675 989 abstinere
2704 937 3057 1000 decernimus.
3084 940 3133 991 in
3158 956 3337 1007 prose-

1798 1026 2059 1078 cutioncm
2093 1028 2325 1078 venturis
2373 1040 2460 1090 per
2490 1028 2701 1080 Ordines
2746 1039 3050 1081 cunctarum
3097 1032 3331 1092 urbium;

1796 1114 1887 1165 sed
1913 1115 2070 1168 etiam
2091 1114 2294 1182 judices
2324 1116 2409 1181 qui
2434 1116 2786 1182 superioribus
2813 1119 3060 1184 neglectis
3086 1119 3192 1171 dira
3222 1135 3319 1186 sup

1799 1202 1948 1265 plicia
1978 1203 2201 1255 diversis
2226 1219 2326 1255 non
2354 1204 2588 1255 intulisse
2610 1213 2981 1258 monstrantur.
3000 1207 3192 1260 Omnes
3212 1224 3335 1275 ergo

1795 1292 2107 1358 Supradictre
2139 1292 2256 1345 fidei
2287 1291 2555 1361 ὁμοούσιον
2582 1294 2849 1347 erroribus
2881 1294 3191 1361 implicatos,
3220 1313 3334 1365 qum.

1795 1388 1983 1431 cuncto
2028 1380 2376 1445 prmdamuata
2421 1390 2500 1433 est
2546 1382 2770 1434 concilio
2811 1392 3072 1436 tantorum
3122 1400 3335 1438 numcrn

1795 1471 2150 1533 sacerdotum,
2182 1471 2438 1523 universis
2468 1472 2623 1524 rebus
2655 1472 2938 1537 prtedictis,
2981 1484 3030 1525 et
3058 1475 3337 1527 contracti-

1796 1556 1893 1609 bus
1921 1557 2249 1625 prarcipimus
2287 1558 2569 1621 abstinere,
2610 1560 2751 1625 quod
2793 1561 2922 1612 nihil
2965 1560 3062 1615 sibi
3094 1564 3333 1615 noverint

1795 1659 1910 1698 esse
1936 1647 2244 1711 permissum
2269 1661 2282 1707 ;
2315 1646 2406 1697 sed
2443 1646 2713 1697 universos
2742 1648 2930 1699 similis
2958 1664 3105 1714 poena
3131 1662 3334 1704 maneat

1794 1746 1847 1787 et
1872 1735 2142 1801 astringat,
2189 1735 2231 1787 si
2260 1734 2323 1785 ad
2352 1749 2525 1786 veram
2570 1733 2896 1801 religionem,
2926 1752 3082 1803 quam
3117 1754 3333 1789 venera-

150 1821 449 1888 lmjnsmodi
483 1834 723 1887 persome
749 1834 808 1872 se
836 1828 1218 1886 cognoscerent
1257 1834 1373 1872 esse
1404 1820 1695 1885 subiectas;
1730 1821 1775 1880 B
1804 1839 1920 1876 mur
1964 1833 2017 1876 et
2044 1824 2283 1884 colimus,
2332 1823 2464 1875 intra
2510 1822 2647 1875 diem
2678 1823 3010 1876 calendarum
3061 1824 3331 1877 Juniarmn

148 1909 461 1961 ofticialibus
507 1909 665 1961 etiam
709 1907 942 1977 iudicum
992 1908 1319 1962 diversorum
1371 1920 1566 1962 tricena
1613 1923 1700 1961 ar-

124 1997 288 2064 .genti
322 1997 495 2064 pondo
524 2011 674 2065 poena
707 1999 972 2066 proposita
998 2015 1011 2049 :
1044 2013 1200 2065 quam
1230 1999 1273 2049 si
1302 1998 1530 2065 quinque
1561 1998 1694 2051 vicio

153 2092 246 2141 luis
276 2088 329 2138 in
363 2101 547 2141 errore
581 2087 983 2155 perdurantibus
1009 2088 1316 2155 cuntigisset
1345 2088 1555 2151 inferre,
1588 2098 1695 2139 tum

148 2176 360 2243 demum
407 2177 541 2228 tales
584 2174 833 2237 convicti,
874 2183 1031 2241 atque
1073 2175 1329 2242 subjugati
1369 2175 1695 2237 verberibus,

149 2266 199 2316 in
239 2264 489 2318 exsilium
532 2262 882 2316 mitterentur.
937 2262 1133 2316 Deinde
1175 2263 1386 2316 codices
1426 2263 1696 2316 universos

145 2354 503 2413 sacerdotum,
529 2365 660 2418 quos
688 2349 1153 2418 persequebantur,
1180 2360 1538 2427 praeceperant
1565 2352 1696 2419 igni-

148 2441 243 2493 lms
272 2440 430 2494 tradi.
462 2441 611 2504 Quod
636 2440 703 2492 de
730 2438 877 2492 libris
907 2438 1225 2505 huiusmodi,
1254 2440 1444 2507 quibus
1476 2440 1573 2492 sibi
1604 2455 1693 2493 no-

147 2535 303 2585 minis
340 2533 480 2586 illius
512 2514 1036 2598 erroretn‘persuasit
1064 2531 1329 2599 iniquitas,
1365 2532 1696 2598 przecipitnus

147 2623 463 2675 faciendum.
517 2621 640 2675 [hec
668 2620 831 2681 enim,
862 2623 919 2682 ut
946 2618 1145 2671 dictum
1176 2628 1286 2684 est,
1338 2634 1433 2687 pro
1476 2620 1695 2689 singulis

145 2714 441 2780 q:.ibusque
470 2708 703 2777 personis
736 2708 809 2761 illi
837 2707 1162 2760 observanda
1194 2716 1586 2775 praeceperant,
1636 2719 1697 2764 ut

145 2802 170 2839 δ
189 2803 423 2855 illustres
446 2800 743 2867 singulatim
766 2802 877 2853 auri
903 2798 1078 2860 pondo
1101 2802 1463 2868 quinquagena
1486 2802 1692 2865 darent,

143 2893 464 2958 spectabiles
505 2894 617 2946 auri
666 2892 841 2961 pondo
869 2891 1231 2961 quadragena,
1263 2904 1535 2947 senatores
1579 2897 1691 2947 auri

146 2982 320 3050 pondo
351 2984 575 3037 tricena.
624 2982 901 3049 pupulares
930 2982 1048 3034 auri
1077 2981 1248 3047 pondo
1276 2970 1453 3034 vicena
1472 3024 1486 3045 ,
1519 2998 1695 3037 sacer-

141 3074 293 3125 dotes
341 3072 456 3123 auri
510 3072 681 3134 pondo
728 3072 949 3133 tricena,
998 3072 1308 3124 decuriones
1352 3072 1469 3124 auri
1518 3072 1691 3139 pondo

1797 1908 1919 1961 anni
1948 1911 2113 1961 octavi
2156 1908 2296 1977 regni
2329 1908 2513 1972 nostri,
2545 1910 2781 1962 conversi
2811 1924 2911 1962 non
2946 1910 3153 1963 fuerint.
3186 1912 3329 1965 Dicm

1797 2008 1969 2051 autem
2001 1999 2350 2066 pnestitntum
2389 1999 2505 2051 ideo
2536 2000 2698 2067 pietas
2734 2009 2909 2052 nostra
2956 2003 3247 2066 con~tituit,
3282 2014 3334 2057 ut

1799 2087 2275 2152 prmdamnantibus
2314 2102 2545 2141 errorem
2580 2088 2900 2155 indulgentia
2948 2106 3049 2142 non
3097 2102 3332 2158 negetur,

1796 2186 1849 2227 et
1876 2175 2167 2228 obstinatos
2202 2176 2409 2229 animos
2436 2178 2689 2245 supplicia
2728 2178 2880 2245 digna
2912 2192 3206 2233 coerceant.
3238 2182 3335 2247 Qui

1796 2278 1970 2318 autem
2018 2267 2067 2319 in
2116 2266 2300 2319 eodem
2344 2281 2525 2319 errore
2571 2271 2973 2336 permanserint.
3022 2285 3112 2322 seu
3150 2272 3335 2325 dnmns

1798 2366 1991 2410 nostrze
2020 2356 2254 2423 occupati
2289 2354 2489 2419 Inililia,
2543 2372 2634 2409 seu
2671 2357 2883 2408 forsitan
2920 2358 3141 2409 diversis
3173 2359 3335 2411 titulis

1798 2446 2298 2511 necessitatibusque
2317 2445 2598 2512 praepositi,
2622 2446 2726 2513 36
2746 2460 2837 2510 pro
2857 2446 3102 2513 gradibus
3117 2448 3222 2498 suis
3245 2450 3335 2500 de-

1798 2535 2019 2601 scriptas
2040 2534 2277 2601 superius
2308 2536 2581 2586 multarum
2624 2535 2883 2587 illationes
2910 2545 3161 2601 cogantur
3190 2538 3335 2589 exci-

1797 2638 1942 2691 pere.
1977 2623 2102 2675 nihil
2131 2623 2370 2675 valituris
2398 2637 2514 2690 qua:
2561 2623 2775 2674 forsitan
2816 2638 2907 2689 per
2947 2624 3334 2691 subri-ptioncm

1796 2726 2112 2779 quemquam
2162 2712 2340 2763 talium
2384 2712 2600 2779 Contigit
2644 2713 2949 2779 promereri.
3007 2715 3059 2765 In
3110 2714 3337 2780 pritatas

1795 2801 1978 2863 etiam,
2030 2801 2108 2853 \el
2139 2801 2492 2867 cujuscunque
2522 2802 2709 2867 gradus
2754 2812 2806 2855 et
2834 2802 2931 2854 loci
2964 2818 3211 2870 personas
3238 2805 3337 2855 hoc

1796 2900 1973 2943 nostra
2026 2890 2375 2958 promulgatio
2428 2891 2672 2957 praecepit
2724 2890 3139 2955 observandum,
3197 2894 3336 2959 quod

1796 2981 1933 3032 circa
1965 2981 2096 3032 tales
2139 2980 2451 3046 supradictis
2500 2978 2699 3045 legibus
2729 2979 2997 3031 videbatur
3031 2994 3335 3047 expressum

1796 3081 1849 3121 ut
1881 3070 2047 3135 pmnis
2069 3070 2314 3134 congruis
2358 3068 2727 3120 subderentur.
2775 3068 2984 3122 Judices
3012 3061 3203 3124 autem‘
3218 3086 3337 3139 pro-

142 3153 1767 3231 [aLterqnina]quina,negotiatoresaurii.0ntloquina,p|e-C
1799 3158 2088 3207 vinciarum
2136 3154 2274 3219 quod
2321 3164 2568 3205 statutum
2617 3165 2696 3208 est
2750 3156 3072 3223 negligentes
3099 3160 3335 3225 exsequi,

144 3250 242 3302 ικὶί
263 3248 378 3301 auri
402 3248 574 3317 pondo
593 3250 772 3315 quina,
786 3248 1235 3301 circumcelliones
1256 3258 1275 3285 ε
1294 3252 1493 3326 argenti
1521 3250 1693 3315 pondo

142 3340 298 3393 dena.
355 3340 419 3393 Et
447 3340 490 3391 si
518 3339 607 3407 qui
642 3339 706 3390 fni
722 3346 771 3392 te
814 3339 865 3391 in
898 3338 995 3391 hac
1026 3330 1257 3407 pernicie
1294 3348 1689 3407 permanerent,

141 3431 440 3481 mnflscatis
476 3429 719 3481 omnibus
743 3428 899 3481 rebus
925 3428 1033 3481 suis
1055 3470 1071 3494 ,
1109 3430 1294 3481 exsilio
1322 3430 1688 3483 multarentur.

142 3520 366 3571 Ordines
416 3526 590 3570 autem
638 3518 943 3583 civitatum,
994 3518 1085 3572 sed
1132 3528 1186 3571 et
1231 3530 1596 3587 procuratores
1642 3530 1693 3571 et

142 3596 493 3659 conductores
520 3608 910 3674 possessionum
935 3608 1023 3661 tali
1049 3622 1197 3674 pmna
1226 3609 1541 3676 jubebantur
1561 3610 1710 3681 affli-g

143 3711 285 3761 gere,
317 3704 376 3747 ut
410 3697 452 3749 si
495 3697 627 3750 forte
658 3697 789 3751 tales
815 3698 986 3752 celare
1015 3698 1343 3768 deligerent,
1392 3710 1444 3755 et
1482 3702 1694 3755 minime

144 3787 522 3849 publicassent,
550 3796 602 3841 et
629 3786 724 3858 [αι.
750 3796 921 3840 tantos
946 3785 1091 3857 in...]
1116 3775 1344 3842 retentos
1366 3792 1566 3857 judicio
1588 3808 1690 3845 non

145 3876 376 3929 facerent
425 3876 774 3942 praesentari.
829 3877 925 3943 ipsi
973 3886 1279 3931 tenerentur
1328 3879 1392 3931 ad
1443 3894 1689 3947 poenam;

146 3965 555 4016 conductoribus
582 3963 740 4015 etiam
770 3965 1019 4029 regalium
1050 3965 1362 4030 praediorum
1405 3966 1500 4019 hac
1530 3969 1689 4018 multa

150 4054 410 4115 proposita
430 4090 445 4112 ,
495 4062 551 4103 ut
579 4061 828 4117 quantum
856 4052 1030 4103 domui
1065 4054 1221 4118 regia:
1252 4054 1531 4115 inferrent,
1580 4064 1693 4106 tan-

146 4152 251 4193 tum
272 4142 429 4192 t'lialn
457 4141 604 4201 ﬁsco,
628 4152 795 4204 poena:
816 4140 1049 4200 nomine,
1066 4152 1381 4207 cogerentur
1398 4142 1685 4197 exsolvere.

149 4230 193 4280 td
230 4228 546 4293 geumaliter
574 4227 623 4278 in
655 4226 898 4278 omnibus
926 4222 1339 4283 conductoribus
1365 4231 1445 4283 vel
1479 4247 1688 4297 posses-

148 4318 367 4377 soribus,
386 4317 472 4383 qui
497 4316 545 4367 in
565 4314 747 4368 eadem
770 4317 1139 4383 superstitione
1158 4319 1476 4374 crediderint
1498 4322 1687 4389 perdu-

147 4407 383 4467 rmdmn,
411 4406 795 4458 constitueruut
817 4406 1105 4460 οιιειοτνπί.
1150 4408 1223 4461 De
1243 4410 1504 4476 jndicibus
1526 4415 1684 4465 etiam

1794 3245 2049 3311 superiori
2083 3256 2255 3309 ptcna,
2303 3258 2420 3311 qua:
2464 3244 2649 3296 talibus
2680 3255 2761 3297 est
2792 3246 3113 3313 pra-scripta,
3145 3248 3338 3299 coiisti-

1796 3332 1990 3385 tuitnus
2011 3331 2341 3400 obligandus.

1866 3440 1883 3473 ι
1928 3422 2075 3474 Veris
2098 3432 2269 3474 autem
2296 3421 2579 3489 majestatis
2612 3421 2804 3474 divina:
2842 3423 3151 3491 cultoribus,
3179 3424 3226 3477 id
3257 3435 3339 3477 est

1792 3514 2154 3567 sacerdotibus
2183 3514 2399 3575 nostris,
2442 3514 2694 3565 ecclesias
2724 3515 3016 3576 univer~as,
3068 3516 3146 3567 vel
3181 3517 3338 3567 totius

1791 3613 1918 3666 cieri
1947 3612 2173 3666 nominis
2195 3613 2477 3679 supradicti
2500 3613 2899 3682 quibuscunqne
2924 3614 3074 3667 terris
3096 3623 3149 3667 et
3170 3614 3338 3682 regio-

1794 3711 1944 3762 nibus
1969 3712 2300 3777 constitutas,
2351 3726 2489 3778 qute,
2538 3712 2756 3778 propitia
2790 3711 3087 3775 Divinitate,
3136 3713 3338 3780 imperii

1792 3809 1957 3861 nostri
1987 3808 2239 3875 regimine
2268 3809 2619 3882 possidentur,
2672 3825 2771 3861 una
2802 3826 2917 3863 cum
2948 3813 3105 3864 rebus
3132 3827 3247 3877 quae
3268 3811 3335 3864 ad

1791 3906 1999 3959 easdem
2026 3906 2308 3971 pertinent,
2331 3906 2429 3959 hoc
2453 3906 2669 3958 decreto
2696 3908 2973 3959 statuimus
2998 3908 3193 3961 debere
3217 3923 3337 3975 pro-
3371 3952 3377 3959 .

1791 4000 1983 4061 licere,
2033 4016 2135 4052 non
2162 4002 2465 4053 dubitantes
2499 4004 2613 4067 plus
2644 4002 2906 4053 alimonia:
2939 4004 3151 4069 inolium
3182 4005 3337 4067 profl-

1787 4108 1927 4156 cere,
1953 4095 2090 4162 quod
2121 4096 2467 4148 sacrosanctis
2499 4097 2834 4161 pontificibus
2866 4105 2891 4133 ο
2917 4098 3056 4165 juste
3080 4099 3325 4152 collatum

1788 4203 1887 4247 est.
1916 4192 2056 4245 llanc
2082 4206 2207 4259 ergo
2250 4193 2439 4259 legem,
2470 4207 2500 4246 e
2526 4194 2670 4245 fonte
2709 4193 2925 4261 iustitiae
2967 4197 3335 4264 profluentem,

1792 4292 1996 4343 cunctis
2023 4291 2352 4359 prmcipimus
2382 4290 2731 4359 innotescere,
2775 4296 3017 4360 quatinus
3048 4296 3218 4349 nullus
3240 4297 3337 4350 sibi

1790 4390 2022 4459 ignotum
2053 4405 2168 4443 esse
2206 4390 2342 4459 quod
2375 4375 2689 4459 praereptum
2729 4401 2813 4444 i-st
2841 4394 3004 4460 possit
3032 4393 3335 4449 obtendere.

147 4500 223 4561 qui
249 4496 371 4547 lmic
393 4497 470 4547 rei
498 4496 870 4549 instantissime
892 4513 992 4549 non
1017 4499 1375 4565 imminebant,
1398 4517 1548 4570 poena
1574 4519 1692 4570 pro.
1723 4482 1772 4539 Ῑ)
1797 4494 2046 4559 Optamus
2077 4505 2167 4543 vos
2199 4492 2332 4543 bene
2376 4492 2569 4545 valere.
2602 4491 2727 4545 Data
2765 4492 2866 4544 sub
2897 4493 2982 4546 die
3003 4509 3053 4545 vr
3092 4495 3339 4549 calendas

146 4587 444 4654 scr'ptiOnis
471 4593 523 4637 et
568 4586 839 4653 sanguinis
864 4587 1121 4655 supplicio
1147 4590 1475 4655 punirentur.
1510 4592 1611 4645 Sed
1640 4602 1692 4645 et

209 4729 231 4753 ⁸
272 4721 499 4784 tjotup.,
550 4718 608 4768 Si
650 4732 759 4784 qua:
799 4718 1035 4768 minuisse
1075 4720 1273 4780 vellent,
1325 4721 1544 4784 minime,
1586 4736 1687 4775 ec.

143 4788 436 4841 Lorictztu~.
475 4788 533 4836 Si
560 4802 655 4852 qua
688 4786 852 4836 minus
873 4787 1075 4837 minime
1103 4789 1445 4848 pueruli-rent.

206 4860 312 4925 83
356 4858 380 4892 ιν
418 4858 570 4907 (λειω.
694 4853 1039 4925 Μεινι.,ῌ1¹“ιι1.,
1079 4854 1278 4925 Gemu,
1312 4857 1600 4915 Loricltius.
1640 4867 1693 4909 et

144 4920 391 4985 Οτῦιόηί..
419 4924 762 4973 omissaltnea
792 4938 804 4972 :
836 4920 1068 4994 “lustres
1082 4923 1376 4994 singillatim
1398 4927 1509 4994 auri
1528 4928 1691 4993 pondo

148 4996 487 5061 "adrogari,
509 4994 803 5061 periuriores,
832 5000 933 5043 etc.
969 4991 1069 5061 Pro
1096 4991 1391 5061 singillatim
1420 4991 1689 5048 Loricliius

147 5061 292 5111 habet
328 5059 537 5125 singuli.
573 5060 625 5111 In
651 5058 797 5110 υηιι).
834 5063 1007 5121 tertio,
1030 5058 1211 5127 Camp.
1245 5072 1295 5113 et
1322 5062 1563 5114 Loticbio
1586 5079 1691 5114 non

150 5138 485 5197 recensentur
505 5128 660 5197 etiam
683 5139 971 5187 senatores,
994 5138 1048 5180 ct
1069 5132 1436 5197 negotiatores.
1461 5132 1609 5183 (Iulli.
1639 5134 1689 5194 l,

152 5202 406 5254 “bonum,
444 5194 736 5263 l.0ricltttts,
764 5206 817 5247 et
850 5197 1020 5261 B.tltl.,
1056 5194 1453 5263 prn'sncerdotcs
1490 5199 1692 5253 habent

151 5264 507 5335 sacmlotalu,
527 5262 772 5335 etimit).
799 5279 901 5335 nini
932 5262 1166 5318 recenset
1195 5268 1566 5335 negotiatores.

218 5346 239 5372 ο
280 5338 367 5387 Sic
397 5334 549 5383 (Lolli.
578 5330 651 5389 ἰν
675 5331 812 5400 ειη..
845 5331 1045 5393 (ἶνα-ιη..
1078 5330 1289 5400 ϋειηψλ
1319 5337 1607 5395 Loriclitus,
1639 5346 1694 5389 et

154 5406 189 5453 ti
222 5405 297 5456 th.
325 5405 449 5466 Ali,
478 5400 615 5451 auri.
650 5399 835 5450 Nostra
868 5401 1020 5451 lecti.)
1051 5403 1151 5453 tnel
1176 5399 1235 5454 or
1264 5419 1276 5455 :
1314 5422 1412 5456 non
1444 5420 1581 5457 enim
1610 5407 1692 5457 isti

156 5478 276 5525 dena
319 5473 435 5524 auri
482 5470 786 5531 solvissent,
820 5470 1079 5535 prioribus
1124 5473 1280 5538 quina
1332 5476 1693 5526 tantummodo

158 5541 486 5594 solventibu-.

223 5608 243 5644 ⁴
282 5613 543 5666 “lienam.
570 5604 712 5655 mli.
742 5604 894 5656 Ortlt.
936 5618 1052 5657 cum
1087 5606 1349 5670 Luricbio,
1393 5612 1535 5661 mntis
1581 5626 1698 5671 per-

156 5699 322 5733 suasus
345 5684 493 5747 iqut.~.
524 5676 679 5729 (Iulli.
703 5675 755 5734 ἓ,
782 5686 833 5726 et
860 5673 1064 5740 Cutup.,
1090 5678 1231 5729 malis
1261 5682 1509 5747 persuasi:
1544 5682 1692 5748 ignis.

1798 4592 2026 4653 Martias,
2066 4588 2084 4626 ί
2115 4588 2446 4657 Carthagine.
2479 4608 2497 4640 ι
2576 4586 2588 4595 ’

1795 4721 1855 4772 Et
1907 4719 2141 4777 inferius,
2173 4717 2231 4768 ab
2264 4719 2506 4779 omnibus,
2550 4727 2651 4787 etc.
2686 4718 2896 4785 Comp.,
2940 4718 3236 4787 Lorlcliius,
3286 4735 3340 4778 et

1799 4788 2104 4847 llbenanus,
2133 4788 2195 4837 ab
2243 4787 2540 4838 hominibus.
2588 4786 2726 4853 Ful.,
2773 4788 2972 4855 Germ.,
3018 4791 3167 4844 Coll).
3207 4793 3257 4851 1.
3287 4803 3339 4847 et

1794 4857 1921 4907 Urtb
1948 4856 2037 4916 ιιι..
2071 4855 2443 4907 ltnniiuibus....
2475 4856 2707 4907 obtinae.
2740 4856 2804 4909 Et
2847 4873 2943 4920 pro
2988 4860 3193 4913 diversis
3237 4878 3339 4914 non

1793 4924 2043 4983 intulisse,
2074 4923 2225 4974 Colb.
2270 4924 2319 4986 1,
2355 4923 2505 4975 Mart.
2536 4924 2721 4993 Comp.
2762 4936 2815 4978 et
2843 4924 3092 4994 0rthod.,
3118 4932 3339 4983 adversis

1794 4994 2038 5042 intulisse.

1869 5071 1889 5095 ε
1935 5061 1984 5109 Id
2032 5074 2261 5126 quoque,
2315 5060 2689 5126 imperatorum
2735 5064 2990 5127 exemplis
3033 5068 3168 5119 male
3213 5083 3340 5120 usus

1798 5128 2084 5179 Ilnnericus
2130 5128 2383 5187 decrevit,
2436 5131 2575 5194 qttod
2625 5146 2718 5196 pro
2762 5134 3033 5185 catholicis
3088 5137 3338 5187 adversus

1799 5198 2093 5248 Donatistas
2116 5197 2259 5260 ju~te
2290 5198 2477 5250 factum
2512 5200 2669 5250 fuisse
2702 5200 2886 5264 prob-tt
2916 5218 3017 5254 non
3049 5205 3208 5255 semel
3234 5207 3333 5255 Au-

1796 5268 2056 5331 gustinus,
2091 5266 2414 5330 pruis~iiuuut
2444 5277 2662 5319 tractatu
2690 5267 2798 5333 6~in
2822 5269 3106 5333 Joannem,
3131 5287 3335 5325 numer.

1796 5336 1889 5404 25.
1920 5337 2049 5404 libro
2082 5350 2114 5384 ll
2148 5345 2326 5404 coutta
2362 5336 2692 5397 Petilianutn,
2725 5352 2841 5403 cap.
2874 5340 2939 5390 58
2969 5349 3021 5391 et
3049 5354 3159 5404 seq.

1875 5402 1891 5438 τ
1940 5402 2032 5453 llic
2062 5405 2110 5453 iu
2160 5418 2255 5454 nis.
2285 5402 2434 5456 Colb.
2467 5422 2608 5456 num.
2654 5406 2806 5466 l7t6,
2836 5409 2899 5458 ab
2938 5408 3085 5458 armis
3129 5402 3341 5462 circiter

1800 5472 1899 5523 700
1918 5472 2143 5542 scripto,
2192 5472 2434 5539 adjicitur
2476 5487 2700 5541 sequens
2731 5476 2936 5535 lemma,
2963 5475 3100 5542 quod
3127 5478 3222 5529 etsi
3255 5478 3341 5529 Vi-

1799 5540 1958 5591 Ctoris
1991 5544 2152 5591 nostri
2182 5556 2299 5591 esse
2326 5542 2478 5593 nobis
2508 5558 2611 5594 non
2636 5544 2890 5601 vidvatnr,
2924 5540 3022 5595 huc
3055 5553 3226 5597 tamen
3260 5564 3342 5599 re-

1800 5609 1937 5660 ferre
1965 5623 2139 5679 opetze
2170 5612 2392 5674 pretium
2440 5612 2557 5663 erit.
2608 5610 2730 5661 "ire
2766 5620 2838 5679 est
2882 5612 2981 5675 lex,
3015 5614 3110 5663 hoc
3156 5632 3338 5679 pra-rc-

1802 5688 1936 5742 ptum
1966 5677 2263 5744 iniquissimi
2300 5680 2439 5758 [εσῑι
2470 5690 2515 5731 et
2562 5679 2666 5731 Deo
2712 5678 2913 5732 adibitis
2952 5677 3211 5741 lluttcrirt,
3246 5685 3341 5746 ﬁlii
