3922 6426
496 351 598 404 239

1741 342 2041 396 VICTORIS
2084 339 2384 394 VITENSIS

3580 337 3680 392 910

565 460 649 512 Ill.
684 457 886 510 Similia
925 459 979 509 in
1021 457 1272 525 episwpos
1317 454 1609 508 catholicos.
1649 479 1715 492 -—
1749 453 1876 505 Post
1920 453 2031 503 ha-c
2058 455 2109 510 Α
2132 422 2474 502 cturisnmus
2499 465 2511 499 :
2534 447 2817 501 Christiani
2841 461 3043 509 sumus,
3076 446 3180 515 37
3209 445 3436 514 episcopi
3476 461 3674 511 smnus,

496 547 662 600 edicta
712 546 890 599 feralia
940 560 1140 598 veneno
1173 553 1198 580 ⁸
1232 545 1462 597 toxicato
1512 553 1834 606 transversa,
1887 541 2036 608 jubet

497 645 712 688 cunctos
739 637 1011 702 episcopos
1039 634 1124 700 qui
1153 633 1461 700 Carthagine
1485 631 1690 683 fuerant
1711 628 2034 695 congregati,

498 738 716 790 quorum
734 723 839 789 jam
861 723 1134 785 ecclesias,
1157 721 1342 772 domos
1359 729 1412 771 et
1435 719 1782 770 substantiam
1805 723 2032 782 ceperat,

501 815 551 864 in
582 811 818 879 hOSpitiis
848 812 1037 878 quibus
1077 819 1228 863 erant
1274 807 1578 875 exapoliari,
1626 817 1676 859 et
1717 807 2036 871 exspoliatos

503 904 640 956 foras
669 917 845 956 muros
876 901 1114 968 propelli.
1156 898 1268 950 Non
1307 897 1519 963 animal,
1571 912 1672 948 non
1703 909 1904 958 scrvu-,
1935 910 2036 946 non

501 993 744 1045 mutanda
769 1006 885 1059 quae
934 990 1168 1043 ferebant
1197 987 1506 1040 vestimenta
1537 987 1743 1052 penitus
1770 986 2039 1037 dimittun-

502 1093 603 1136 tur.
649 1081 860 1136 Addens
887 1079 1058 1132 adhuc
1084 1089 1138 1131 ut
1169 1078 1339 1131 nullus
1366 1079 1666 1144 quempiam
1696 1077 1903 1129 illorum
1937 1076 2031 1126 ho-

499 1175 656 1243 Spitio
684 1175 960 1240 reciperet,
993 1179 1082 1222 aut
1105 1168 1402 1221 alimoniam
1429 1175 1717 1233 praestaret.
1742 1165 1838 1229 Qui
1865 1175 2037 1216 autem

500 1265 598 1316 hoc
624 1260 972 1316 miserationis
997 1272 1153 1314 causa
1187 1256 1356 1310 facere
1375 1263 1643 1315 tentasset,
1663 1269 1780 1306 cum
1802 1254 2039 1304 universa

498 1352 657 1404 domo
679 1365 772 1402 sua
790 1347 1032 1400 incendio
1055 1354 1405 1398 cremaretur.
1436 1343 1715 1409 Sapienter
1738 1355 1861 1394 tunc
1883 1343 2040 1394 etiam

490 1436 718 1506 Drojccti
755 1435 982 1503 episcopi
1033 1433 1300 1493 fecerunt,
1354 1441 1442 1495 nt,
1495 1432 1619 1483 licet
1659 1431 2038 1496 mendicantes,

499 1526 690 1580 exinde
719 1540 820 1578 non
841 1523 1078 1576 abirent:
1103 1523 1220 1590 quia
1242 1522 1285 1573 si
1313 1522 1638 1581 recederent,
1661 1517 1688 1556 δ
1712 1536 1812 1572 non
1842 1529 2041 1571 tantunt

496 1615 761 1668 uiolenter
781 1611 995 1664 omnino
1026 1617 1413 1670 revocarentur,
1467 1607 1559 1660 sed
1603 1618 1657 1661 et
1696 1608 2044 1661 mentirentur

501 1718 612 1762 eos.
641 1705 774 1755 sicut
803 1699 1004 1754 mentiti
1033 1707 1174 1760 sunt,
1217 1696 1410 1764 fugisse
1454 1696 1786 1761 ronllicttttn;
1819 1697 2044 1750 maxime

2136 541 2474 608 apostolicam
2501 539 2652 591 Iidem
2683 554 2837 590 unam
2865 548 2916 591 et
2938 552 3114 590 veram
3144 535 3678 602 tenemus.Factoque

2140 645 2250 694 pOSl
2280 629 2667 682 confessionem
2687 628 2804 679 fidei
2832 626 3040 678 silentio
3061 625 3288 686 modico,
3316 625 3488 691 illiqui
3506 642 3532 675 a
3558 639 3676 691 rege

2141 718 2343 770 focrant
2391 717 2634 770 de-tinati
2686 715 3004 769 festinabint
3047 723 3362 781 extorquere
3420 715 3680 777 episcopis

2137 815 2541 858 sacramentum.
2594 804 2742 858 Tune
2772 803 2907 856 beati
2948 803 3042 853 viri
3075 812 3095 838 ε
3124 802 3301 854 llortul
3324 815 3438 852 mus
3478 810 3530 851 et
3562 800 3680 852 Flo-

2140 894 2409 946 rentianns
2437 894 2667 958 episcopi
2711 907 2804 960 pro
2833 893 3074 943 omnibus
3100 900 3152 942 et
3181 907 3296 941 t‘lllll
3337 889 3581 942 omnibus
3605 889 3681 941 di-

2143 992 2365 1035 xerunt:
2398 982 2637 1048 Nttnquid
2681 981 2922 1033 animalia
2952 996 3048 1033 nos
3079 979 3454 1032 irrationabilia
3481 994 3681 1041 sumus,

2141 1081 2196 1122 ut
2225 1070 2519 1123 nescientes
2545 1070 2666 1136 quid
2695 1072 2873 1121 charta
2903 1069 3165 1121 contineat
3198 1067 3350 1120 facile
3371 1075 3460 1118 aut
3489 1077 3573 1118 tea
3598 1081 3685 1116 ere

2138 1161 2409 1229 iuremus?
2436 1160 2872 1212 Acceleraveruut
2897 1173 3102 1225 quoque
3131 1156 3205 1208 illi
3233 1171 3260 1207 a
3291 1170 3411 1223 rege
3438 1154 3683 1207 destinati

2141 1253 2416 1318 scriptura:
2441 1254 2519 1302 eis
2550 1249 2820 1315 propalare
2848 1256 3103 1306 tenOrem,
3129 1246 3215 1312 qui
3249 1245 3544 1310 hujus-modi
3577 1258 3686 1295 ser-

2144 1329 2383 1393 monibus
2411 1339 2576 1390 iuerat
2599 1337 2883 1390 coloratus.
2912 1337 2999 1388 Sic
3018 1336 3156 1387 enim
3179 1331 3497 1386 calumniosa
3523 1331 3687 1384 series

2140 1429 2463 1484 continebat.
2491 1427 2692 1489 Jurate,
2721 1430 2762 1480 si
2798 1437 2914 1494 post
2939 1430 3134 1480 obitum
3163 1427 3361 1480 domini
3395 1426 3559 1478 nostri
3596 1439 3682 1476 re-

2144 1521 2244 1587 gis,
2273 1521 2384 1586 ejus
2413 1518 2576 1570 lilium
2610 1516 2873 1570 Ililderich
2901 1517 3208 1569 desiouretis
3230 1530 3349 1569 esse
3380 1530 3575 1581 regem,
3604 1512 3683 1564 rei

2143 1613 2186 1660 si
2217 1611 2387 1662 nullus
2419 1617 2650 1661 vestium
2676 1608 2738 1659 ad
2772 1607 3012 1674 regiones
3038 1607 3412 1660 transmarinas
3433 1605 3686 1670 epi~tolas

2146 1700 2332 1766 diriget
2366 1717 2378 1749 :
2408 1701 2526 1766 quia
2573 1699 2616 1750 si
2664 1708 3050 1750 sacramentum
3101 1697 3254 1761 lmjns
3292 1698 3365 1749 rei
3413 1695 3684 1758 dederitis,

500 1793 618 1858 quia
641 1793 729 1846 ubi
754 1799 1158 1851 reverterentur,
1186 1788 1292 1854 jam
1321 1801 1648 1854 nequaquam
1673 1787 1842 1840 fuerat
1867 1787 2038 1838 cccle-
2076 1790 2118 1848 Β
2145 1791 2382 1843 restituet
2425 1805 2517 1842 vos
2544 1789 2780 1842 erclesis
2817 1789 3024 1842 vestris.
3057 1787 3312 1856 Cogitavit
3341 1795 3462 1838 tunc
3492 1787 3686 1836 multo-

501 1884 594 1937 siis
623 1881 908 1936 substantia
936 1880 1017 1932 vel
1055 1879 1301 1931 domibus
1329 1877 1613 1943 occupatis.
1646 1876 1774 1927 Dum
1803 1890 1929 1940 ergo
1955 1891 2043 1943 ge-

504 1964 706 2026 mentes
735 1974 785 2025 in
813 1972 1035 2025 circuitu
1064 1983 1332 2022 murorum
1361 1968 1500 2020 nudo
1523 1968 1620 2020 sub
1645 1982 1764 2020 aere
1787 1967 2044 2033 jat'ercnt,

505 2064 695 2114 factum
724 2070 806 2114 est
832 2069 887 2112 ut
917 2075 1005 2111 rex
1036 2059 1225 2125 impius
1248 2055 1314 2108 ad
1343 2056 1568 2122 piscinas
1590 2056 1806 2114 exisset.
1831 2056 1914 2108 cui
1934 2057 2048 2106 uni-

504 2150 644 2203 versi
676 2162 957 2202 occurrere
988 2147 1300 2207 maluerunt,
1332 2145 1599 2198 dicentes:
1633 2143 1698 2196 Ut
1723 2143 1846 2210 quid
1876 2133 2049 2197 ta'iter

506 2239 823 2306 afﬂigimur?
871 2251 965 2305 pro
1009 2235 1198 2304 quibus
1246 2235 1396 2288 malis
1441 2233 1577 2288 forte
1614 2234 1908 2286 commissis
1949 2233 2047 2285 ista

507 2326 868 2396 perpetiuntur?
912 2325 965 2378 Si
1012 2324 1078 2377 ad
1101 2324 1501 2392 disputatiOnem
1524 2324 1820 2390 congregati
1845 2335 2046 2385 sumus,

506 2430 668 2485 quare
691 2413 1068 2481 exspoliamur,
1097 2427 1260 2480 quare
1291 2411 1632 2475 traducimur,
1665 2425 1828 2478 quare
1857 2409 2050 2460 dill'eri-

507 2521 644 2570 mur,
673 2513 728 2559 et
751 2506 866 2558 sine
892 2505 1152 2564 ecclesiis.
1184 2512 1236 2555 et
1260 2502 1502 2555 domibus
1531 2501 1725 2552 nostris
1753 2499 1893 2551 foras
1918 2498 2049 2551 civi-

508 2605 666 2648 tatem
689 2593 826 2646 fame
850 2602 902 2645 et
920 2593 1154 2644 nuditate
1178 2591 1501 2652 laborantes,
1521 2587 1706 2641 mediis
1733 2587 2051 2640 stercoribus

507 2683 839 2737 volutantur?
866 2680 1010 2746 Quos
1038 2679 1124 2732 ille
1158 2678 1325 2730 torvis
1350 2679 1512 2729 oculis
1543 2677 1852 2742 respiciens,
1881 2676 2050 2742 prius-

509 2787 666 2840 quam
694 2773 1084 2840 suggestimiem
1117 2785 1298 2823 eorum
1329 2768 1581 2830 audisset,
1602 2767 1756 2832 jussit
1780 2781 1940 2834 super
1961 2780 2053 2818 eos

511 2875 627 2914 cum
654 2859 949 2914 sessoribus
975 2873 1140 2926 equos
1162 2857 1349 2910 dimitti
1374 2864 1429 2908 ut
1455 2855 1544 2908 tali
1571 2854 1816 2908 violentia
1841 2857 2055 2922 possent

509 2963 618 3002 non
652 2949 822 3001 solum
861 2949 1084 3012 conteri,
1121 2960 1301 3000 verum
1345 2947 1502 2998 etiam
1538 2944 1766 2997 enecari.
1823 2945 2054 3008 Quorum

505 3050 634 3092 tunc
661 3038 812 3091 multi
832 3038 1042 3092 contriti
1064 3046 1204 3099 stult,
1221 3045 1273 3090 et
1295 3035 1559 3104 praecipue
1585 3049 1738 3088 senes
1763 3042 1815 3088 et
1838 3034 2053 3087 infirmi.

2149 1895 2263 1932 rum
2295 1881 2375 1945 pia
2405 1878 2728 1944 simplicitas.
2774 1879 2930 1930 etiam
2957 1887 3136 1931 contra
3173 1877 3301 1943 proh
3326 1876 3576 1928 bitionem
3607 1873 3690 1924 di-

2149 1969 2343 2028 vinam,
2372 1975 2754 2019 sacramentum
2790 1967 2936 2029 dare,
2971 1981 3035 2018 ne
3064 1966 3152 2017 Dei
3181 1966 3399 2032 populus
3425 1965 3475 2016 in
3510 1973 3688 2030 poste—

2150 2074 2263 2110 rum
2295 2058 2515 2119 diceret,
2562 2057 2698 2124 quod
2732 2055 2855 2109 vitio
2883 2055 3233 2121 sacerdotum.
3265 2058 3351 2122 qui
3381 2057 3562 2121 jurare
3593 2071 3689 2106 no-

2151 2149 2380 2211 luerunt,
2414 2163 2515 2200 non
2547 2146 3002 2200 fuerintecclesize
3034 2147 3304 2199 re~titut;e.
3355 2145 3457 2198 Alii
3484 2160 3691 2209 quoque

2149 2238 2431 2290 astutiores
2460 2237 2713 2303 episcopi,
2745 2237 3032 2290 sentientes
3050 2238 3223 2288 dolum
3254 2235 3471 2296 fraudis,
3495 2250 3690 2300 nequa-

2149 2340 2304 2390 quam
2346 2326 2525 2389 jurare
2555 2325 2856 2384 voluerunt,
2904 2324 3141 2374 dicentis
3186 2323 3500 2388 prohibitum
3531 2320 3692 2374 fuisse

2151 2413 2449 2480 evangelica
2497 2413 2838 2472 auctoritate,
2876 2413 2988 2477 ipso
3037 2412 3258 2464 Domino
3287 2412 3520 2471 dicente,
3577 2410 3693 2461 Non

2142 2505 2380 2574 jurabitis
2406 2505 2456 2555 in
2485 2513 2583 2555 toto
2604 2501 2816 2570 (Matth.
2836 2518 2888 2564 v,
2910 2503 3021 2569 ⁸51).
3046 2503 3246 2566 Quibus
3272 2501 3491 2553 ministri
3523 2503 3660 2566 regis
3682 2517 3694 2552 :

2152 2595 2409 2647 Secedant
2439 2594 2490 2646 in
2521 2603 2688 2660 parte,
2731 2594 3004 2661 inquiunt,
3055 2593 3141 2659 qui
3185 2594 3363 2659 jurare
3391 2592 3694 2659 disponunt.

2151 2683 2248 2750 Qui
2278 2698 2394 2735 cum
2420 2682 2748 2742 seccdcrcnt,
2775 2683 2994 2734 notariis
3020 2680 3370 2733 scribentibus
3398 2683 3521 2748 quid
3549 2683 3691 2749 quis-

2151 2789 2253 2840 que
2277 2773 2493 2834 diceret,
2528 2782 2579 2822 et
2620 2771 2684 2823 de
2716 2787 2816 2838 qua
2849 2772 3055 2840 civitate
3087 2772 3270 2822 fuisset
3294 2784 3566 2836 exceptum
3594 2785 3693 2823 εει.

2155 2839 2410 2914 Similiter
2433 2859 2624 2910 laetum
2647 2870 2724 2910 εει
2753 2869 2804 2909 et
2823 2859 2888 2910 de
2913 2839 3115 2924 illisqui
3135 2859 3347 2909 minime
3369 2859 3694 2920 iuraverunt.

2163 2947 2457 3013 Statimque
2487 2960 2604 3012 pars
2633 2956 2852 3012 utraque
2877 2945 3078 2998 custodi
3099 2963 3126 2993 υ
3153 2945 3498 3012 mancipatur.

2227 3033 2289 3086 V.
2323 3031 2386 3084 In
2407 3033 2637 3085 exsilium
2658 3033 3018 3084 truduntur.—
3039 3029 3373 3084 Postmodum
3416 3045 3540 3083 vero
3563 3030 3698 3083 fraus

582 3126 671 3180 IV.
703 3126 832 3179 Dolo
856 3126 1325 3178 circumveniuntur.
1341 3124 1568 3176 —Tunc
1597 3122 1784 3176 deinde
1803 3122 2052 3190 jubentur
2078 3111 2124 3174 C
2154 3141 2267 3194 qum
2288 3125 2552 3179 celabatur
2568 3125 2825 3191 apparuit.
2849 3121 3154 3176 iurantibus
3181 3123 3356 3189 itaque
3377 3120 3576 3174 dictum
3593 3129 3697 3173 est:

516 3216 581 3268 ad
603 3214 880 3284 quemdam
911 3214 1104 3277 locum,
1147 3214 1234 3281 qui
1263 3212 1451 3266 dicitur
1477 3212 1618 3265 aedes
1665 3211 1947 3274 Memoriae,
1978 3211 2052 3266 illi

515 3306 610 3358 viri
643 3304 733 3356 Dei
760 3317 1058 3365 occurrere,
1081 3301 1316 3356 fraudem
1355 3303 1452 3354 sibi
1481 3302 1775 3355 nescientes
1804 3310 2052 3368 aptatam.

517 3395 613 3448 Ubi
640 3409 759 3446 cum
785 3393 1075 3458 venissent,
1122 3391 1303 3443 charta
1345 3391 1423 3443 eis
1461 3389 1756 3443 ostenditur
1803 3389 2054 3448 involuta,

517 3484 806 3550 dieiturque
851 3481 954 3534 illis
991 3480 1091 3532 ista
1133 3480 1420 3532 subtilitate
1463 3479 1758 3545 serpentis:
1809 3477 2059 3530 Dominus

518 3581 696 3626 noster
719 3585 818 3623 rex
850 3569 1161 3629 ﬂunericus,
1187 3567 1308 3619 licet
1338 3567 1512 3618 doleat
1537 3565 1674 3632 quod
1700 3564 1900 3618 fueritis
1927 3579 2056 3616 θοι)-

521 3667 830 3723 temptores,
859 3663 914 3707 et
940 3654 1110 3707 adhuc
1156 3654 1269 3719 ejus
1294 3651 1545 3704 voluntati
1570 3651 1786 3704 obedire
1823 3652 2061 3715 lardet's,

521 3762 577 3800 ut
605 3747 720 3811 ejus
746 3743 1046 3797 efﬁciamini
1098 3742 1366 3809 religionis
1409 3743 1558 3808 cujus
1613 3750 1695 3794 est
1739 3741 1871 3808 ipse,
1924 3756 2062 3794 nunc

520 3846 694 3888 tamen
728 3833 921 3886 bonum
943 3831 1009 3885 de
1035 3831 1192 3884 vobis
1210 3829 1476 3897 cogitavit.
1507 3829 1559 3884 ᾗ
1583 3829 1885 3898 jnraveritis
1909 3831 1978 3882 ita
2009 3839 2065 3882 ut

516 3925 658 3994 quod
683 3925 778 3977 ista
810 3924 989 3975 rharta
1009 3921 1244 3975 continet
1274 3920 1494 3983 faciatis,
1523 3920 1749 3974 dimittet
1774 3935 1868 3974 vos
1895 3921 2066 3975 eccle-

522 4013 614 4067 siis
642 4024 696 4066 et
729 4011 972 4064 domibus
1002 4011 1210 4062 vestris.
1261 4009 1338 4061 Ad
1370 4009 1508 4076 quod
1554 4007 1787 4062 universi
1835 4008 2069 4077 episcopi

529 4101 911 4166 responderunt
942 4115 956 4152 :
983 4098 1205 4165 Semper
1248 4097 1493 4161 dicimus,
1543 4105 1597 4150 et
1618 4096 1865 4161 diximus,
1911 4108 1962 4151 et
1989 4098 2069 4153 di-

523 4213 778 4274 Geimici,
804 4227 952 4280 quam
980 4212 1214 4280 adversus
1253 4209 1686 4280 piorumgentem,
1717 4208 1866 4260 veluti
1905 4208 2056 4280 draco

473 4297 477 4301 '
524 4283 637 4332 bino
683 4296 768 4332 ore
812 4278 1038 4340 sibilans,
1075 4278 1260 4328 edidit.
1301 4278 1403 4328 Sed
1440 4279 1549 4342 jam
1595 4285 1784 4341 tempus
1815 4284 1885 4326 est
1929 4290 1977 4326 ut
2008 4279 2058 4329 in

526 4360 700 4414 quarto
738 4347 829 4396 hoc
873 4345 1040 4414 libello
1065 4345 1214 4414 ﬁnem
1245 4341 1544 4414 narrationis
1575 4341 2060 4414 facereaebeamus;

526 4409 642 4482 quia
667 4417 923 4480 indignum
953 4421 996 4463 et
1027 4411 1258 4482 indecens
1278 4421 1346 4461 est
1369 4419 1419 4460 ut
1444 4410 1823 4482 suatyrannica
1843 4409 2063 4482 collocu-

528 4478 657 4535 tionc
684 4478 842 4534 sermo
867 4483 1122 4550 subjaceat
1161 4478 1372 4530 divinus.
1421 4478 1661 4550 Auditum
1688 4490 1804 4545 ergo
1835 4478 2064 4550 petimus

523 4554 587 4604 ab
631 4546 1187 4604 auditoribtts'libcnter
1217 4546 1603 4608 accommodari,
1629 4560 1738 4596 cum
1767 4546 2064 4612 principium

2159 3215 2185 3250 ά
2212 3215 2341 3281 Quia
2366 3224 2546 3266 contra
2578 3223 2897 3281 prmceptum
2922 3212 3184 3279 Evangelii
3210 3211 3388 3279 jurare
3424 3211 3661 3264 voluistis
3684 3250 3699 3271 ,

2153 3304 2307 3371 jussit
2331 3318 2418 3356 rex
2444 3315 2494 3354 ut
2514 3301 2752 3355 civitates
2773 3309 2929 3367 atquc
2949 3300 3200 3353 ecclesias
3217 3313 3414 3351 vestras
3437 3314 3700 3364 nunquam

2160 3393 2401 3456 videatis,
2426 3392 2518 3444 sed
2548 3393 2786 3458 relegati,
2819 3391 3092 3443 colonatus
3118 3389 3236 3454 juie
3273 3389 3336 3440 ad
3357 3386 3700 3440 excolendum

2159 3497 2314 3549 agros
2343 3481 2612 3544 accipiatis
2646 3496 2659 3530 :
2694 3481 2761 3529 ita
2793 3487 2964 3529 tamen
2999 3487 3054 3528 ut
3083 3492 3186 3527 non
3217 3475 3448 3544 psallatis
3472 3516 3487 3538 ,
3534 3491 3702 3542 neque

2164 3570 2349 3632 oretis,
2373 3576 2462 3619 aut
2486 3566 2550 3618 ad
2579 3565 2856 3632 legendum
2887 3565 3118 3617 codicem
3163 3565 3210 3614 in
3251 3564 3491 3616 manibus
3534 3574 3702 3630 geste-

2165 3656 2260 3717 tis;
2293 3669 2394 3706 non
2425 3654 2719 3721 baptizetis.
2752 3667 2920 3720 neque
2949 3652 3224 3714 ordioetis,
3257 3661 3346 3703 aut
3370 3652 3594 3717 aliquem
3623 3667 3702 3704 re-

2169 3745 2450 3799 conciliare
2501 3744 2850 3809 pra-sumatis.
2904 3741 3157 3794 Similiter
3212 3756 3314 3792 non
3369 3741 3701 3805 juranttbus,

2167 3833 2312 3884 aiunt
2358 3832 2522 3897 :Quia
2556 3846 2768 3899 regnum
2803 3831 2890 3882 tllii
2913 3829 3108 3882 domini
3138 3829 3300 3881 nostri
3331 3843 3432 3882 non
3473 3831 3662 3893 optatis
3685 3870 3702 3892 ,

2170 3924 2363 3977 idcirco
2379 3924 2561 3989 jurare
2591 3922 2850 3974 noluistis.
2876 3918 2954 3974 Ob
2979 3935 3134 3988 quam
3177 3933 3387 3972 causam
3419 3918 3548 3985 jussi
3579 3934 3636 3970 es
3665 3922 3702 3970 is

2169 4013 2577 4067 inCorsieanam
2610 4012 2831 4065 insulam
2860 4010 3110 4079 relegari,
3159 4021 3213 4061 ut
3254 4011 3390 4078 ligna
3434 4009 3699 4075 profutura

2171 4104 2390 4157 navibus
2412 4102 2688 4157 dominicis
2714 4102 2954 4156 incidatis
2985 4111 3030 4156 ⁸.

2165 4215 2328 4282 tione,
2365 4213 2658 4264 Ortulanus.
2686 4213 2806 4282 Fuit
2834 4221 3004 4266 autem
3031 4213 3306 4282 episcopus
3337 4211 3381 4263 Β
3399 4212 3623 4282 'nefenst's
3652 4211 3700 4262 in

2167 4280 2450 4348 Byzaceni,
2483 4290 2537 4348 ut
2560 4295 2629 4348 es
2658 4281 2851 4348 Notitia
2876 4292 3033 4346 patet.
3084 4279 3439 4332 Florentianus
3471 4279 3595 4333 vero
3626 4296 3702 4336 sic

2165 4345 2360 4398 dicitur
2398 4347 2450 4397 in
2480 4345 2714 4410 Colb.2,
2764 4345 2900 4410 FUL,
2949 4349 3121 4406 Marb,
3171 4349 3334 4412 Port.,
3382 4352 3557 4407 Urtlt.,
3605 4350 3703 4400 L0-

2167 4416 2325 4476 rich.,
2357 4414 2606 4482 r-t_8elf.;
2651 4421 2784 4465 sicut
2827 4427 2880 4467 et
2930 4417 2980 4465 in
3011 4416 3201 4466 Notitia
3241 4418 3449 4475 Africae,
3481 4419 3564 4468 tibi
3593 4419 3701 4482 epi-

2169 4496 2359 4546 scopus
2390 4480 2669 4532 Midilensis
2717 4483 2766 4532 in
2813 4481 3051 4533 Numidia
3081 4484 3388 4547 appellatur.
3421 4486 3568 4537 Coll).
3601 4480 3704 4534 trr-

2172 4553 2268 4601 tius
2294 4564 2410 4601 cum
2441 4551 2634 4614 aliquot
2653 4550 2828 4613 editis,
2855 4548 3279 4601 Florentinianus.
3305 4553 3349 4602 ls
3373 4565 3527 4615 porro
3549 4551 3705 4603 simul

529 4623 641 4673 libri
669 4620 823 4684 quinti
856 4619 907 4668 in
932 4632 1102 4670 earum
1130 4617 1347 4667 so‘nuerit
1374 4615 1598 4672 auribus,
1621 4614 1852 4679 quoniam
1881 4629 2064 4683 magna
2094 4614 2140 4672 D
2167 4633 2284 4671 cum
2315 4619 2600 4669 llotlttlano
2629 4625 2934 4669 accensam
2960 4619 3094 4680 apud
3147 4614 3412 4679 Adonem;
3443 4629 3494 4670 ει
3525 4620 3574 4669 in
3603 4619 3708 4668 lto-

527 4701 573 4740 et
607 4688 836 4740 miranda
859 4696 1132 4752 martyrum
1157 4685 1429 4735 certamina
1450 4684 1744 4752 confidimus
1772 4694 2059 4746 narratum,

530 4767 794 4821 prastante
823 4757 929 4820 ipso
970 4751 1090 4806 Jesu
1132 4754 1347 4812 Christo,
1387 4755 1468 4815 qui
1500 4751 1680 4802 laureis
1710 4751 1920 4821 miriﬁce
1946 4768 2064 4821 san-

529 4818 634 4876 ctos
677 4818 878 4876 coronat
919 4839 1056 4884 suos,
1103 4836 1266 4872 amen.
1314 4822 1443 4873 Tum
1489 4821 1664 4872 habet.
1709 4820 1892 4886 Incipit
1942 4818 2082 4872 liber‘

529 4894 749 4960 quintus.
780 4890 898 4942 Post
927 4892 1050 4951 Iure,
1081 4903 1182 4942 etc.

603 4970 628 4996 ⁸
669 4961 746 5011 Ali
769 4969 874 5019 iuot
905 4973 1027 5009 mss.
1070 4969 1116 5009 et
1148 4958 1295 5018 editi,
1324 4957 1540 5007 toxicuta
1566 4965 1859 5007 transverso.
1891 4955 2064 5008 Caete-

533 5043 646 5081 rum
676 5026 962 5093 Cyprianus
1006 5028 1164 5078 edicta
1212 5025 1586 5090 persecutionis
1615 5025 1795 5091 feralia
1839 5027 2068 5088 appellat

533 5099 685 5163 epist.
718 5096 784 5148 5'2.
814 5094 876 5146 ad
906 5096 1274 5152 Autonianum,
1307 5107 1422 5157 quae
1453 5109 1588 5145 nunc
1622 5100 1699 5143 est
1734 5094 1862 5163 elt.
1891 5094 2060 5144 Oxon.

534 5162 622 5220 53.
657 5163 861 5216 Feralia
889 5165 1046 5214 edicta
1075 5171 1327 5214 memorat
1350 5174 1556 5226 quoque
1580 5170 1761 5212 auctor
1803 5162 2062 5212 Passionis

536 5244 734 5297 septem
780 5231 1148 5283 monachorum
1198 5240 1503 5295 martyrum,
1550 5231 1787 5294 superius
1839 5245 1866 5280 a
1919 5229 2067 5281 nobis

538 5303 734 5354 relate.

608 5370 631 5406 δ
661 5368 928 5422 Orthodox
952 5377 1002 5419 et
1031 5363 1319 5425 Lorichitts,
1353 5378 1603 5426 nunquam
1639 5365 1836 5414 omnino
1869 5381 2067 5414 revoca.

538 5450 722 5490 rrnmr.
757 5439 820 5489 lit
859 5438 1010 5498 infra,
1039 5436 1250 5485 maxime
1276 5431 1393 5497 quia
1422 5433 1525 5494 ubi,
1556 5441 1657 5484 etc.
1700 5431 1835 5484 ιον).
1857 5434 1972 5485 hius
2015 5443 2069 5484 et

541 5506 648 5565 alii,
679 5508 886 5556 maxime
912 5508 1025 5571 quia
1062 5518 1159 5553 non
1205 5509 1574 5571 reverterentur.
1624 5499 1740 5550 Jam
1779 5516 1934 5571 neque
1963 5503 2068 5551 ulla

541 5583 642 5621 erat
676 5571 903 5622 Ecciesia:
924 5568 1221 5629 substantia,
1245 5568 1327 5635 uel
1355 5569 1578 5619 omnibus
1606 5568 1874 5635 occupatis.

612 5649 634 5676 ε
675 5641 821 5692 Colb.
853 5640 886 5689 2
930 5651 976 5692 et
1022 5640 1158 5699 Fnl.,
1211 5634 1535 5689 llortalanns.
1584 5633 1685 5689 Alii
1721 5633 1829 5686 Sine
1874 5639 2066 5701 asp'ra-

2170 4703 2323 4739 mano
2351 4687 2736 4752 lllartyroIOgio,
2768 4686 2880 4737 aliis
2905 4685 3289 4738 confessoribus
3322 4688 3574 4738 Africanis
3610 4701 3705 4738 su-

2171 4771 2258 4820 pra
2288 4756 2609 4813 memoratis,
2641 4754 2725 4806 die
2768 4754 2835 4806 εδ
2873 4754 3213 4815 Novembris;
3245 4757 3311 4806 de
3353 4754 3540 4819 quibus
3588 4757 3705 4807 vide

2171 4839 2325 4890 Supra
2358 4833 2530 4876 notam
2562 4823 2620 4877 11
2654 4835 2706 4876 et
2731 4821 2798 4874 25
2825 4821 2976 4888 (Coll.
3015 4824 3134 4876 185.
3166 4840 3219 4874 n.
3253 4832 3299 4886 ⁸,
3329 4833 3376 4875 et
3403 4823 3522 4884 tuo,
3553 4839 3603 4875 n.
3634 4827 3703 4890 ε).

2174 4894 2337 4944 Porro
2387 4894 2484 4944 hoc
2529 4891 2644 4943 loco
2689 4893 2737 4942 in
2768 4892 2962 4957 aliquot
2993 4905 3120 4947 mss.
3156 4891 3424 4944 codicibus
3468 4901 3522 4943 et
3552 4892 3706 4944 editis

2174 4961 2559 5013 interseruntnr
2587 4961 2744 5011 multa
2775 4974 2888 5024 qua:
2910 4974 2972 5012 ex
3002 4962 3239 5026 superius
3273 4961 3436 5014 relato
3459 4961 3702 5014 lluneriei

2173 5031 2345 5082 edicto
2373 5030 2601 5079 detracta
2641 5034 2764 5078 Sunt
2785 5066 2798 5088 ,
2833 5041 2947 5093 quze
2984 5043 3079 5079 suo
3121 5029 3264 5090 loco,
3297 5039 3351 5082 ut
3378 5030 3465 5082 alii
3497 5030 3707 5082 codices

2179 5099 2389 5157 habent,
2414 5107 2465 5146 et
2491 5097 2619 5146 ordo
2649 5111 2820 5147 rerum
2851 5105 3108 5161 gestarum
3140 5098 3385 5159 postulat,
3415 5100 3703 5151 retulimus.

2251 5163 2275 5200 ἀ
2306 5166 2391 5217 Sic
2417 5164 2704 5215 Lorichius.
2739 5167 2801 5215 At
2829 5164 2999 5216 Clnfll.
3032 5173 3083 5218 et
3109 5165 3219 5229 alii,
3250 5168 3414 5230 Quare
3443 5180 3702 5218 contra....

2171 5233 2434 5302 voluistis?
2454 5231 2616 5302 Jussit
2636 5301 2639 5302 ν
2658 5247 2760 5295 rex,
2793 5243 2898 5286 etc.
2927 5234 3048 5295 Alii,
3080 5250 3169 5300 pro
3197 5252 3295 5302 qua
3323 5251 3375 5286 re
3397 5235 3569 5300 jussit,
3598 5245 3702 5286 etc.

2171 5301 2279 5369 84,
2303 5303 2364 5353 Et
2392 5301 2543 5359 infra,
2562 5301 2816 5352 colonatus
2837 5304 2974 5369 jure,
2993 5312 3093 5355 etc.
3118 5301 3301 5368 Camp.
3331 5311 3386 5355 et
3410 5302 3701 5363 Lorichius,

2171 5370 2390 5420 colonias
2409 5370 2528 5436 jure
2556 5369 2621 5418 ad
2641 5370 2962 5421 excolendum
2991 5387 3166 5436 agrum
3197 5372 3474 5434 accipiatis.

2245 5448 2268 5473 '
2303 5441 2393 5489 llic
2419 5437 2708 5488 Chtfiletius
2732 5439 2975 5491 Notitiam
3007 5439 3258 5492 Ecclesia:
3286 5439 3540 5491 Atticana:
3570 5437 3705 5488 inse-

2176 5507 2298 5566 ruit,
2339 5522 2493 5571 quam
2537 5505 2701 5558 visum
2754 5515 2834 5560 est
2884 5508 3054 5574 potius
3111 5507 3328 5561 seorsim
3379 5505 3704 5574 postmodum

2176 5578 2430 5640 proferre.
