3922 6424
551 392 652 446 2ίό

1805 387 2104 443 VICTORIS
2145 385 2438 439 VITLNSIS

3616 385 3720 441 ω

551 513 632 553 ιιι)
650 516 776 570 quas
806 501 1138 570 pertulitquis
1166 500 1383 568 explicet
1409 497 1622 566 pinnas?
1654 498 1750 562 Qui
1776 507 1893 565 post
1915 497 2087 550 caedes
2113 500 2163 557 Α
2191 498 2348 550 etiam
2386 495 2472 562 qui
2510 494 2811 550 cruciabant
2854 497 3220 565 conspicerent
3259 506 3538 562 mortuam,
3577 497 3729 566 depo-

562 590 1014 643 iunumerabilinm
1045 591 1273 652 fustium,
1307 588 1554 641 trochleis
1581 587 1945 656 frequentibus
1974 587 2085 639 ele-

559 688 727 739 vatus,
774 677 895 730 dum
923 686 946 712 ⁸
978 685 1080 729 tota
1121 691 1227 743 prae
1254 675 1381 729 urbe
1412 677 1688 743 penderet,
1739 665 1892 728 hunc
1917 676 1966 727 iu
2003 690 2091 727 su-

556 763 713 817 blime
754 764 1015 824 tollentes,
1063 763 1165 817 ictu
1195 764 1349 816 celeri
1387 762 1618 815 dimissis
1649 763 1835 814 iterum
1881 762 2091 816 funibus

551 852 876 918 cannabinis,
911 867 1068 918 super
1093 851 1263 904 silices
1287 852 1574 919 platearum
1597 849 1827 917 pondere
1850 850 2090 917 corporis

553 943 786 1004 veniens,
829 951 884 994 ut
925 941 1056 1008 lapis
1101 955 1259 1008 super
1304 939 1504 1007 lapides
1541 938 1840 992 corruebat.
1888 939 1992 992 8υά
2037 946 2091 992 ct

552 1044 740 1095 step-us
765 1041 1006 1092 tractum,
1048 1040 1101 1082 et
1130 1029 1386 1096 lapidibus
1410 1027 1725 1081 acutissimis
1751 1026 2081 1095 defricatum,

553 1119 641 1190 [aL
668 1119 742 1190 ut]
765 1130 816 1172 et
842 1121 1048 1174 cutibus
1074 1120 1350 1184 separatis,
1381 1117 1545 1184 pelles
1570 1119 1808 1185 corporis
1835 1117 2088 1171 lateribus

553 1211 814 1277 duisoque
842 1210 1048 1261 videres
1069 1219 1122 1261 et
1145 1207 1236 1277 [ul.
1267 1205 1470 1277 ventre]
1500 1208 1668 1258 ventri
1702 1206 1946 1289 pendere.
1986 1205 2089 1261 Iste

553 1299 654 1364 jam
687 1297 1011 1365 tempoiibus
1057 1294 1307 1349 Geiseriii
1353 1310 1455 1347 non
1488 1294 1636 1347 valde
1665 1295 1936 1346 dissimilia
1966 1310 2086 1363 per-

554 1386 762 1446 tulerat,
814 1399 879 1436 ne
925 1383 1074 1436 amici
1127 1382 1398 1440 cuiusdam
1445 1384 1523 1434 sui
1578 1391 1780 1435 secreta
1818 1383 2084 1435 nudaret:

553 1482 745 1540 quanto
766 1473 928 1532 magis
956 1488 1110 1534 nunc,
1144 1485 1198 1523 ut
1221 1470 1311 1541 lat.
1336 1468 1452 1538 sua]
1483 1485 1590 1523 sua:
1619 1470 1735 1523 fidei
1759 1480 2088 1523 saeramenta

555 1564 811 1616 muniret?
842 1563 905 1614 Et
932 1563 975 1613 si
1005 1561 1198 1613 homini
1221 1561 1382 1628 gratis
1404 1560 1625 1612 lideliter
1651 1560 1888 1612 exhibuit
1910 1560 2086 1625 tidem,
2127 1602 2140 1608 -

553 1661 800 1719 quantum
823 1654 1001 1706 debuit
1029 1652 1122 1714 illi,
1153 1651 1239 1719 qui
1271 1650 1569 1704 redditurus
1589 1662 1667 1705 est
1705 1664 1800 1718 pro
1829 1651 1929 1703 fide
1951 1664 2089 1705 mer-

553 1743 732 1794 cedem
746 1747 768 1792 ἲ

2190 595 2407 637 suerunt
2445 599 2658 650 prorsus
2701 587 2840 637 omni
2876 595 3025 652 parte
3065 586 3435 641 exanimatam.
3465 586 3592 650 Qua:
3631 605 3722 654 po-

2190 684 2301 725 stea
2331 674 2511 736 retulit
2534 673 2810 738 quamdam
2849 674 2950 727 sibi
2991 675 3244 742 virginem
3274 676 3526 738 astitisse,
3567 665 3725 744 atque

2192 761 2426 828 tetigisse
2453 760 2686 813 membra
2713 763 2936 828 singula,
2961 772 3012 816 et
3040 761 3181 815 illico
3213 760 3371 814 fuisse
3399 772 3658 817 sanatam.

2260 847 2348 902 IV.
2414 846 2687 900 Victoriaui
2728 850 2962 918 martyris
3006 849 3505 916 ﬁdem—Qualiter
3551 863 3722 904 autem

2189 935 2543 990 Adrumetinze
2570 938 2797 991 civitatis
2821 940 2988 991 civem
3007 936 3385 1001 Victorianum,
3411 936 3580 991 tunctl
3610 953 3722 1004 pro-

2187 1029 2456 1081 consulem
2485 1027 2834 1096 Carthaginis,
2859 1028 3161 1096 przedicem.
3193 1028 3392 1093 nescio,
3426 1028 3726 1082 delicientio

2189 1118 2287 1168 bus
2311 1116 2502 1170 verbis.
2533 1115 2646 1182 Quo
2669 1117 2720 1170 in
2747 1118 2933 1172 Africae
2963 1117 3194 1185 partibus
3223 1118 3395 1170 nullus
3423 1117 3582 1170 ditior
3612 1116 3725 1178 fuit,

2187 1205 2274 1274 qui
2301 1206 2458 1258 etiam
2481 1204 2616 1272 apud
2644 1206 2860 1273 impium
2886 1220 3063 1270 regem
3094 1221 3188 1273 pro
3212 1208 3366 1260 rebus
3397 1215 3606 1270 semper
3629 1206 3726 1258 sibi

2189 1293 2487 1347 commissis
2509 1292 2839 1346 fidelissimus
2859 1293 3166 1346 habebatur.
3188 1294 3460 1346 blandotnr
3478 1294 3526 1347 ei
3553 1308 3584 1346 a
3606 1308 3726 1362 rege

2186 1382 2533 1447 familiariter,
2586 1382 2882 1448 diciturque
2923 1381 3058 1448 quod
3092 1397 3211 1436 eum
3268 1382 3542 1435 habiturus
3584 1394 3727 1435 esset

2188 1487 2296 1538 prae
2338 1471 2579 1524 omnibus
2609 1479 2633 1506 ο
2661 1469 3028 1531 domesticum,
3068 1471 3111 1522 si
3137 1471 3251 1538 ejus
3299 1484 3567 1539 prmcepto
3594 1472 3725 1525 faci-

2188 1561 2291 1612 lem
2319 1558 2707 1612 commodasset
2733 1574 3026 1614 assensum.
3055 1559 3156 1614 Sed
3190 1560 3276 1613 ille
3301 1561 3381 1613 vir
3411 1560 3499 1613 Dei
3549 1552 3728 1612 missis

2185 1649 2251 1701 ad
2291 1664 2350 1703 se
2377 1650 2475 1702 tale
2504 1648 2646 1702 dedit
2673 1662 2790 1700 cum
2827 1648 3010 1701 tiducia
3045 1665 3228 1717 magna
3257 1665 3603 1718 responsum:
3629 1655 3722 1703 Se-

2186 1749 2343 1789 curus
2371 1752 2470 1805 ego
2495 1750 2609 1788 sum
2638 1739 2704 1789 de
2727 1735 2937 1790 Christo
2970 1737 3074 1789 Deo
3101 1746 3156 1790 et
3184 1738 3405 1791 Domino
3431 1753 3570 1791 meo.
3608 1738 3728 1790 ηας

623 1831 706 1886 tll.
749 1831 976 1882 Victoriw
997 1829 1256 1899 fortitudo.
1279 1858 1344 1869 —
1367 1829 1420 1882 In
1443 1830 1650 1881 civitate
1680 1843 1804 1881 vero
1827 1826 1856 1866 δ
1880 1827 2083 1882 Culusi-
2121 1832 2167 1890 Β
2192 1823 2300 1887 regi
2336 1823 2519 1875 dicatis
2552 1839 2566 1875 :
2599 1824 2842 1892 Subrigat
2888 1826 3114 1892 ignibus,
3159 1825 3333 1894 adigat
3383 1827 3586 1889 bestiis,
3636 1841 3726 1878 cx-

552 1928 670 1971 t-ina
723 1936 824 1973 non
863 1921 1010 1972 valeo
1055 1935 1171 1986 qua:
1209 1930 1351 1990 gesta
1397 1907 1517 1972 sinit
1566 1921 1824 1982 nuntiare,
1873 1919 1992 1987 quia
2033 1929 2084 1972 et

553 2009 718 2074 ipsam
749 2007 1087 2075 quantitatem
1115 2015 1400 2075 martyrum
1431 2008 1508 2058 vel
1540 2007 1694 2059 etiam
1723 2008 2085 2060 confessorum

553 2099 876 2166 itnpossibile
913 2106 993 2150 est
1023 2097 1215 2150 homini
1247 2106 1549 2164 supputare.
1584 2096 1677 2151 Ubi
1706 2097 1944 2166 quaedam
1977 2112 2086 2149 ma-

557 2197 731 2248 trona,
755 2184 956 2237 auctrix
987 2185 1068 2236 sui
1099 2183 1322 2236 nominis
1357 2185 1602 2248 Victoria,
1640 2184 1762 2235 dum
1791 2186 1840 2237 in
1867 2199 2089 2250 conspe-

554 2285 638 2326 ctu
669 2275 807 2341 vulgi
829 2273 1133 2327 continuato
1157 2274 1441 2340 suspendio
1465 2284 1811 2341 cremaretur,
1845 2289 1874 2326 a
1899 2275 2086 2326 marito

551 2364 654 2430 jam
706 2363 910 2431 perdito
958 2362 1080 2414 filiis
1136 2361 1478 2429 praesentibus
1533 2361 1708 2415 taliter
1761 2361 2085 2430 r0gabatur:

551 2452 684 2519 Quid
725 2452 918 2520 pateris
959 2451 1222 2519 conjtmx?
1260 2451 1317 2506 Si
1356 2467 1440 2505 me
1476 2451 1723 2520 despicis,
1768 2453 1850 2504 vel
1902 2451 2087 2504 horum

551 2543 804 2595 miserere
833 2556 961 2608 quos
988 2543 1240 2608 genuisti,
1288 2542 1465 2608 impia,
1505 2543 1862 2608 parvulorum.
1912 2541 2088 2606 Quare

555 2629 884 2682 Oblivisceris
911 2628 1042 2680 uteri
1077 2627 1174 2684 tui.
1204 2637 1256 2680 et
1293 2641 1389 2694 pro
1411 2628 1592 2680 nihilo
1625 2627 1775 2680 ducis
1802 2643 1935 2695 quos
1969 2643 2088 2680 cum

556 2717 751 2785 gemitu
791 2715 1079 2782 peperisti?
1123 2714 1218 2767 Ubi
1254 2724 1374 2768 sunt
1401 2713 1594 2768 fmdera
1624 2713 1914 2782 conjugalis
1942 2730 2087 2768 amo-

555 2805 663 2857 ris?
694 2802 779 2854 ubi
805 2804 1067 2856 societatis
1088 2803 1290 2855 vincula
1317 2839 1333 2864 ,
1361 2817 1477 2870 qua
1501 2802 1636 2855 inter
1652 2818 1756 2854 nos
1776 2803 1970 2855 dudum
1995 2802 2091 2855 ho-

556 2894 773 2946 nestatis
804 2894 948 2957 jnre'
972 2892 1162 2945 tabulae
1196 2893 1507 2959 conscriptae
1544 2891 1820 2945 fecerunt?
1847 2893 2087 2960 Respice,

556 2994 755 3046 qumso,
787 2980 920 3032 filios
956 2993 1017 3031 ac
1043 2979 1305 3042 maritum,
1337 2989 1389 3032 et
1419 2981 1572 3048 regiae
1587 2979 1844 3046 jnssiouis
1872 2980 2092 3046 implete

557 3067 747 3121 festina
769 3077 1106 3135 prmeeptum,
1130 3078 1184 3119 ut
1205 3078 1255 3120 et
1275 3067 1602 3126 imminentia
1631 3067 1803 3121 adhuc
1831 3077 2088 3122 tormenta

2185 1912 2384 1966 cruciet
2411 1913 2687 1981 generibus
2712 1915 2943 1966 omnium
2975 1923 3372 1967 tormentorum.
3414 1914 3468 1969 Si
3498 1930 3726 1969 consen-

2185 2017 2325 2065 sero,
2354 2005 2543 2055 frustra
2589 2015 2704 2054 sum
2751 2002 2802 2054 in
2841 2001 3076 2056 Ecclesia
3115 2003 3369 2056 catholica
3411 2004 3724 2071 baptizatus.

2187 2090 2315 2163 Nam
2346 2088 2392 2143 si
2421 2089 2532 2144 haec
2561 2105 2794 2160 presens
2819 2091 2923 2144 vita
2950 2092 3062 2144 sols
3091 2079 3294 2155 fuisset,
3322 2091 3428 2162 ω
3450 2101 3504 2145 ct
3547 2093 3723 2152 aliam.

2189 2194 2308 2246 qua
2328 2193 2450 2232 vere
2467 2187 2570 2245 est,
2595 2194 2697 2232 non
2720 2193 3052 2245 speraremus
3072 2187 3342 2243 aeternam,
3369 2195 3466 2232 nec
3494 2180 3563 2232 ita
3601 2179 3617 2216 τ
3647 2179 3725 2232 fa-

2186 2283 2359 2322 ei-rem
2382 2277 2439 2320 ut
2452 2268 2515 2320 ad
2533 2269 2792 2345 modicum
2819 2278 2974 2335 atque
2995 2272 3350 2340 temporaliter
3368 2269 3647 2336 gloriarer,
3675 2279 3726 2320 et

2187 2354 2418 2421 ingratus
2447 2354 2729 2407 existerem
2770 2356 2816 2408 ei
2846 2357 2933 2424 qui
2962 2369 3109 2407 suam
3143 2356 3295 2410 fidem
3327 2357 3454 2410 mihi
3481 2359 3724 2418 contulit,

2189 2443 2277 2513 [αι.
2309 2441 2578 2515 creditori]
2607 2443 2866 2498 Creatori.
2893 2445 2971 2498 Ad
3007 2444 3142 2513 quod
3166 2455 3418 2515 tyrannus
3445 2448 3725 2509 excitatus,

2188 2545 2500 2600 quanlorum
2533 2543 2848 2603 temporum,
2880 2544 2933 2588 et
2961 2534 3167 2602 quantis
3187 2551 3305 2588 eum
3329 2535 3508 2588 afﬂixit
3535 2536 3723 2602 innuis,

2190 2625 2446 2678 humanus
2471 2639 2646 2678 sermo
2668 2641 2770 2678 non
2796 2626 2984 2692 poterit
3001 2625 3289 2694 explicare.
3313 2626 3407 2691 Qui
3435 2624 3727 2691 tripudians

2189 2715 2242 2766 in
2291 2714 2532 2776 Domino,
2573 2714 2896 2782 feliciterque
2934 2728 3327 2778 consummans,
3369 2714 3724 2784 martyrialem

2189 2818 2436 2857 Coronam
2469 2804 2694 2868 accepit.

2259 2891 2325 2945 γ.
2351 2891 2559 2945 Fratres
2597 2892 2698 2943 duo
2734 2891 3059 2960 confessores.
3082 2919 3153 2930 —
3179 2891 3327 2958 Apud
3356 2901 3381 2938 8
3404 2891 3724 2944 Tambaien-

2190 2995 2301 3034 sem
2349 2994 2556 3048 quoque
2597 2971 2862 3033 civitatem
2909 2989 3052 3047 gesta
3091 2980 3208 3047 quis
3244 2988 3400 3046 queat
3437 2982 3725 3034 certamina

2190 3079 2478 3139 martyrum
2501 3069 2802 3136 explicare?
2829 3068 2920 3123 Ubi
2947 3069 3048 3123 duo
3069 3070 3302 3135 germani
3327 3069 3516 3126 fratres
3536 3071 3725 3137 Aquis-

559 3159 797 3222 lucreris,
821 3158 1047 3210 simulet
1076 3158 1198 3210 mihi
1226 3156 1436 3211 doneris
1464 3167 1517 3211 et
1541 3157 1720 3212 liberis
1741 3158 1954 3212 nostris.
1981 3157 2080 3210 Sed
2107 3165 2152 3225 ο
2185 3160 2436 3228 Regensis
2483 3159 2735 3223 civitatis,
2780 3158 2878 3212 sibi
2922 3159 3091 3212 securi
3134 3161 3200 3213 de
3237 3161 3455 3213 Domino
3501 3160 3726 3214 invicem

559 3251 646 3303 illa
686 3263 779 3302 nec
805 3249 1024 3301 liliorum
1065 3249 1235 3312 ﬂetus,
1274 3263 1369 3302 nec
1399 3239 1657 3317 serpentis
1683 3249 1902 3302 audiens
1933 3249 2082 3300 blati-

558 3338 806 3400 dimenta,
853 3347 876 3376 ε
915 3338 1153 3391 alii-ctum
1186 3338 1348 3389 multo
1393 3339 1549 3390 altius
1594 3339 1805 3392 elevans
1845 3351 1875 3389 a
1918 3346 2079 3398 terra.

556 3427 803 3480 mundum
841 3443 959 3479 cum
1009 3429 1119 3480 suis
1165 3427 1443 3480 desideriis
1487 3429 1873 3479 contemnebat.
1919 3426 2085 3490 Quam

557 3527 671 3565 cum
715 3513 821 3578 jam
866 3512 1259 3563 continuatione
1297 3511 1562 3576 suspendii
1599 3510 1796 3562 avulsis
1835 3512 2084 3573 humeris,

627 3673 650 3698 ³
683 3663 771 3716 Sic
793 3661 943 3715 Colb.
976 3663 1000 3713 i
1034 3668 1089 3712 et
1115 3661 1242 3714 edit.
1282 3659 1407 3713 duo.
1438 3660 1535 3713 Alii
1565 3673 1778 3722 omnes,
1819 3668 1972 3712 totam
2003 3676 2090 3724 per

511 3782 521 3792 κ
558 3733 723 3783 urbem
747 3745 766 3783 :
793 3744 909 3794 quae
939 3729 1091 3782 lectio
1124 3728 1420 3781 confirmari
1455 3738 1622 3787 poti-st
1662 3744 1724 3780 ex
1753 3731 2089 3795 sequentibus

556 3801 752 3861 verbis,
774 3799 858 3850 ubi
883 3809 1094 3866 sanctus
1115 3808 1308 3866 martyr
1328 3812 1476 3866 super
1494 3796 1654 3848 silices
1679 3799 1953 3860 platearum
1973 3812 2088 3849 eor-

557 3868 723 3921 rnisse
739 3867 946 3920 dicitur.
969 3865 1327 3919 Deducebaiur
1348 3865 1480 3916 forte
1500 3880 1560 3917 ex
1587 3866 1750 3929 platea
1775 3866 1823 3915 in
1843 3866 2083 3932 plateam.

557 3937 713 3998 Infra,
741 3935 948 4002 Comp.,
980 3949 1075 4001 pro
1102 3935 1347 4002 dimissis.
1379 3933 1532 3986 habet
1559 3935 1812 4002 dimissus.

625 4004 651 4042 δ
695 4006 828 4059 Urbs
859 4001 934 4056 eat
965 4005 1015 4056 in
1046 4001 1437 4064 Proconsulaii,
1465 4002 1614 4068 cujus
1642 4001 1951 4053 {Emilianus
1974 4004 2083 4062 eni-

555 4089 742 4142 seopus
769 4075 820 4125 in
845 4072 1049 4142 Notitia
1078 4081 1400 4124 recensetur.
1432 4071 1505 4124 De
1529 4086 1629 4138 qua
1659 4071 1785 4124 urbe
1815 4071 1959 4138 plura
1991 4071 2083 4124 ha-

555 4141 725 4194 besiu
750 4141 883 4195 noti~
905 4141 966 4193 ad
997 4141 1239 4194 Notitiam
1273 4141 1422 4192 infra.

625 4221 647 4247 ο
685 4210 829 4262 ilolh.
871 4211 895 4263 l
937 4218 991 4261 et
1024 4211 1170 4261 Orth.
1213 4224 1329 4260 cum
1364 4206 1632 4270 l.oricliio,
1678 4217 1926 4259 aspectum
1965 4224 2084 4260 ocu-

556 4279 715 4329 lorum
745 4279 918 4328 multo.
945 4275 1092 4328 Colb.
1120 4276 1270 4334 alter,
1305 4276 1485 4338 a/I'ectu
1513 4279 1665 4325 multo
1693 4276 1844 4326 altius
1870 4275 2079 4329 elevata.

621 4344 648 4380 ἀ
682 4345 787 4396 Iloc
817 4347 1025 4395 nomine
1065 4344 1206 4393 intcll
1231 4358 1273 4407 gi
1297 4343 1428 4392 ndus
1457 4341 1567 4401 hic,
1600 4352 1650 4391 ut
1682 4353 1832 4404 puto,
1865 4352 1946 4394 est
1973 4359 2079 4394 tua-

554 4411 798 4470 gistratus
825 4411 1008 4475 aliquis
1034 4423 1060 4458 a
1091 4424 1210 4474 iege
1236 4411 1516 4469 institutus,
1544 4410 1627 4474 qui
1651 4411 1736 4473 jus
1757 4409 1969 4470 diceret,
1993 4426 2082 4462 ve-

558 4480 646 4528 luti
696 4479 876 4529 umbra
923 4477 1156 4542 qua-dam
1209 4475 1554 4528 Rotnanorutn
1609 4479 1973 4538 proconsulum
2028 4480 2077 4530 in

555 4544 750 4597 Africa.
785 4545 1134 4597 Victorianqu
1165 4547 1314 4595 simul
1346 4560 1460 4603 cum
1491 4545 1688 4595 duobus
1714 4546 1976 4609 germanis
2003 4547 2080 4597 in-

556 4614 631 4665 fra
680 4613 897 4665 laniatis
935 4613 1197 4665 celebrant
1238 4615 1439 4679 vulgata
1486 4613 1848 4679 nmrtyrologia
1893 4614 1976 4665 die
2013 4614 2080 4666 23

557 4681 744 4733 Martii.
777 4681 840 4732 Iis
871 4684 1131 4732 interserit
1158 4681 1448 4733 Galesiuius
1478 4680 1710 4732 Verolum
1740 4693 1791 4734 et
1819 4683 1975 4746 alios,
2013 4684 2078 4736 de

2185 3248 2212 3286 ¹ι
2228 3252 2534 3316 juraverunt
2563 3256 2618 3301 ut
2648 3257 2891 3316 rogarent
2922 3257 3145 3301 tortores
3178 3259 3237 3302 ut
3265 3265 3364 3301 una
3397 3264 3548 3316 poena
3582 3254 3723 3318 pari-

2191 3351 2293 3404 que
2307 3336 2558 3404 supplicio
2581 3345 2970 3404 torquerentur.
2992 3336 3055 3388 Et
3075 3338 3198 3388 dum
3222 3337 3392 3401 primo
3409 3339 3715 3421 suspendio,

2193 3426 2416 3477 molibus
2461 3425 2688 3491 lapidum
2725 3425 2946 3493 pedibus
2982 3427 3225 3492 alligatis.
3259 3436 3365 3479 tota
3409 3429 3497 3481 die
3527 3431 3726 3496 pende-

2193 3523 2328 3565 rent.
2359 3526 2492 3564 unus
2516 3511 2722 3565 illorum
2751 3514 2931 3578 petivit
2956 3528 3012 3566 se
3038 3509 3252 3582 deponi,
3282 3527 3334 3568 et
3363 3515 3460 3570 sibi
3492 3519 3726 3571 inducias

2191 3664 2736 3740 troversias,_qut_mtm
2759 3665 2920 3740 gratis
2945 3675 3156 3740 sanctus
3175 3669 3360 3740 doctor
3381 3671 3576 3738 aliquot
3595 3688 3723 3740 opo-

2187 3732 2330 3809 scula
2375 3732 2557 3809 edidit.
2592 3733 2992 3809 Denique_b_anc
3032 3738 3245 3809 urbem,
3275 3732 3481 3809 ASt'ssam'
3508 3732 3722 3809 Nigrum

2188 3799 2801 3875 aliquandoappellatam
2826 3799 3246 3875 fuisseobservat
3266 3799 3719 3875 Dsonicasis'ope-

2189 3883 2302 3920 rum
2325 3869 2489 3920 siucti
2516 3869 2760 3935 Cypriani
2781 3869 3027 3924 editionis
3047 3881 3248 3936 auctor,
3276 3873 3326 3926 iu
3349 3876 3488 3927 uotis
3510 3876 3574 3928 ad
3597 3869 3721 3930 con-

2187 3937 2360 3990 cilium
2388 3937 2654 4003 Carthag.,
2687 3953 2832 3988 num.
2859 3938 2911 3990 5.
3527 3953 3530 3955 λ

2260 4014 2282 4040 ε
2324 4005 2444 4058 Hzrc
2471 4022 2568 4057 vos
2593 4009 2740 4074 iii-est
2767 4006 2816 4058 in
2843 4006 2989 4060 Colb.
3011 4007 3067 4070 2,
3095 4007 3268 4072 Marl.,
3292 4008 3524 4073 Loriclt.,
3545 4012 3719 4074 0rth.,

2191 4071 2392 4146 “Item,
2423 4083 2524 4146 etc.
2557 4077 2624 4129 At
2649 4071 2798 4146 (λιιι),
2895 4075 3049 4130 liabet
3087 4077 3222 4144 quod
3262 4095 3375 4130 eum
3410 4071 3581 4131 carum
3617 4071 3721 4146 pne

2187 4143 2418 4224 munibus
2439 4141 2652 4223 haberet.
2690 4145 2750 4194 Et
2778 4141 3294 4224 infran‘securits'ego,
3325 4157 3426 4200 etc.
3457 4149 3544 4201 Sic
3573 4141 3720 4201 Lori-

2184 4210 2353 4285 cliius.
2380 4209 2590 4285 Caeteri,
2622 4226 2821 4285 securus
2845 4214 2906 4264 de
2923 4212 3125 4285 _Deo....
3154 4209 3287 4266 Dico
3309 4231 3421 4282 quc
3446 4219 3582 4285 regi,
3613 4229 3715 4272 etc.

2184 4275 2344 4348 Mart:
2365 4288 2418 4348 et
2441 4277 2645 4342 Comp.,
2683 4277 2808 4348 Hice
2828 4296 2866 4328 ri
2883 4281 2953 4348 gi.
2977 4292 3077 4333 etc.

2261 4343 2277 4380 ί
2311 4343 2458 4418 Colb.
2561 4362 2680 4418 cum
2721 4343 3138 4414 editis—aliquot,
3191 4351 3412 4418 fecissem
3443 4353 3510 4404 ad
3551 4356 3717 4405 modio

2183 4427 2363 4463 cum...
2384 4412 2610 4480 gloriari.

2255 4489 2280 4521 κ
2313 4480 2484 4541 Mart.,
2514 4480 2658 4531 Colb.
2683 4487 2736 4532 et
2761 4480 2934 4541 l)rth.,
2958 4481 3369 4537 Tambadenmn.
3389 4485 3537 4538 Colb.
3559 4489 3711 4547 alter,

2187 4545 2609 4622 Tambianensent.
2650 4547 2760 4600 Fui.
2787 4559 2840 4601 et
2878 4547 3077 4622 Geruli,
3112 4550 3518 4622 Tantbstdensem.
3566 4545 3713 4622 Apud

2184 4617 2527 4686 Augustinum
2560 4616 2692 4668 libro
2716 4633 2782 4670 vn
2807 4628 2982 4668 contra
3017 4620 3327 4686 licitatistas,
3352 4635 3466 4686 cap.
3493 4621 3583 4685 μ,
3614 4616 3716 4676 ineo

2185 4693 2419 4736 moratur
2446 4685 2760 4738 Secundinus
2782 4687 3040 4748 epismpus
3066 4703 3094 4736 α
3117 4685 3364 4748 Tantbais,
3397 4685 3478 4744 qui
3511 4691 3559 4740 in
3591 4707 3714 4743 ron-

557 4750 742 4828 quibu‘s
785 4749 1157 4828 infra-agentes
1184 4752 1234 4828 in
1263 4748 1652 4828 gotttnietttario
1679 4749 1923 4828 historico
1958 4767 2074 4828 cap.
2108 4771 2157 4828 ι)
2181 4752 2301 4803 cilio
2330 4752 2695 4828 Cartltagasub
2724 4766 2902 4828 san_cl_o
2931 4748 3214 4828 εμπ-ἰξειῇ
3242 4771 3382 4828 num.
3409 4758 3496 4815 80.
3525 4757 3712 4811 dicitur

556 4817 640 4867 ‘lU.
689 4818 759 4868 De
797 4818 876 4868 bis
917 4817 1230 4868 Bollattdiani
1270 4818 1330 4869 Si
1387 4819 1652 4870 Felirttari
1693 4829 1744 4870 et
1779 4819 1847 4870 25
1880 4820 2072 4883 Martii;

552 4900 658 4947 quo
702 4887 823 4935 item
870 4885 952 4936 die
981 4887 1030 4934 iu
1071 4895 1276 4936 vetusto
1315 4886 1607 4936 calendario
1634 4887 1907 4951 Capuano,
1940 4894 2073 4954 quoi

552 4954 766 5006 Michael
805 4963 1084 5004 monachus
1128 4954 1311 5017 publici
1350 4954 1479 5016 juris
1521 4955 1637 5005 fecit
1685 4956 1734 5007 in
1783 4957 2076 5008 sanctuario

553 5022 829 5083 Capuano,
863 5021 1106 5072 festivitas
1137 5021 1390 5072 indicatur
1418 5025 1571 5071 sancti
1612 5021 1881 5074 Victoriaui
1921 5034 1965 5074 et
1994 5041 2075 5075 so-

551 5092 737 5140 ciorum
775 5093 884 5157 ejus
911 5098 1199 5153 martyrum.
1234 5090 1394 5140 Porro
1426 5089 1461 5137 γ
1487 5091 1704 5140 ctoriani
1735 5091 1847 5155 ejus
1882 5092 1948 5143 de
1974 5107 2075 5156 quo

555 5159 634 5207 hii:
680 5161 880 5222 agimus
920 5157 1160 5221 reliquias
1207 5159 1400 5220 aliquot
1444 5171 1501 5207 se
1552 5158 1739 5209 habere
1786 5159 2075 5223 glo-iautur

551 5225 894 5284 Lendicnscs,
941 5236 992 5274 ut
1036 5234 1250 5293 testatur
1288 5226 1574 5290 Saus~ayus
1606 5228 1654 5276 in
1704 5229 2073 5293 martyrologio

551 5295 814 5345 (Lillicauo
849 5294 932 5344 die
967 5295 1034 5343 ‘25
1067 5292 1248 5343 Martii.
1295 5295 1631 5343 Adrtttnetnni
1678 5292 2076 5354 porroicelcltris

550 5373 659 5411 nm
687 5363 806 5414 orba
829 5362 876 5413 in
895 5363 936 5412 A
965 5364 1098 5420 rica,
1129 5363 1403 5426 ltyzareoze
1428 5360 1633 5424 proviuc
1656 5376 1699 5412 te
1720 5372 1897 5424 cuint,
1924 5364 2072 5428 cujus

555 5429 693 5481 Felix
720 5431 991 5494 episcopus
1028 5442 1180 5492 supra
1214 5428 1300 5478 lib.
1335 5443 1376 5487 ι,
1407 5442 1546 5476 ιιιιιιι.
1582 5429 1631 5490 7,
1663 5443 1690 5478 a
1727 5430 1932 5481 Victore
1960 5449 2070 5480 me-

552 5509 798 5549 moratur.
831 5497 980 5550 Plura
1019 5499 1081 5548 dc
1112 5497 1205 5545 hac
1243 5496 1366 5545 urbe
1393 5510 1674 5559 congerere
1703 5498 1881 5549 inutile
1908 5508 2066 5549 esset.

548 5561 752 5614 l“:uno5i
777 5568 916 5617 luere
931 5570 1091 5616 sancti
1117 5563 1385 5623 Augustini
1407 5564 1721 5625 temporibus
1745 5566 2067 5618 Adrumetiui

549 5634 806 5695 monachi,
833 5634 896 5683 ob
925 5646 1085 5685 nutus
1111 5635 1171 5686 de
1197 5631 1364 5683 Gratia
1388 5641 1436 5683 et
1465 5630 1921 5686 I’tdestiuattoue
1944 5650 2066 5686 cen-

2181 4832 2369 4887 martyr
2392 4821 2738 4874 Secundianus
2755 4839 2785 4873 a
2801 4821 3081 4874 Thambeis.
3099 4824 3151 4874 In
3176 4822 3359 4874 Notitia
3377 4825 3560 4878 Africa:
3577 4829 3711 4880 inter

2180 4888 2475 4956 ily/.acenos
2508 4892 2688 4942 Patres
2720 4901 3020 4943 recenselur
3050 4892 3157 4958 36
3190 4892 3452 4944 Serruxdei
3483 4893 3709 4948 Tomb'ei-

2179 4966 2344 5008 tauus.
2375 4959 2451 5010 De
2495 4959 2591 5032 hac
2621 4959 2747 5010 urbe
2787 4968 2839 5032 et
2867 4960 3343 5032 Aquisttrgicusi,
3390 4963 3472 5013 hic
3507 4978 3710 5032 quoque

2177 5035 2483 5086 ntemorata,
2509 5027 2625 5078 vide
2651 5035 2799 5076 notas
2823 5028 2874 5078 in
2905 5027 3144 5078 Notitiam
3173 5029 3379 5080 Atrium.

2248 5092 2271 5127 ιι
2305 5093 2442 5151 ῐηύι..
2474 5095 2803 5144 intraverunt.
2837 5094 3071 5164 Rhenan.
3095 5135 3108 5156 ,
3140 5097 3312 5148 (Zhifﬂ.
3345 5107 3392 5149 et
3425 5098 3509 5149 alii
3554 5101 3706 5161 editi,

2167 5160 2462 5231 jnrnverunt
2491 5171 2536 5211 et
2567 5171 2882 5231 rogauerunt.
2914 5160 3070 5213 l’aulo
3100 5165 3225 5214 infra
3257 5167 3533 5229 exponitur
3557 5160 3708 5231 quale

2177 5229 2343 5280 fuerat
2371 5245 2549 5281 eorum
2577 5229 2928 5292 juramentum
2951 5272 2963 5289 ,
2982 5247 3110 5286 ‘Ctttlt
3137 5248 3316 5284 eorum
3345 5239 3475 5285 alter
3503 5229 3585 5286 adi
3609 5239 3707 5287 fra-

2178 5309 2306 5372 trem
2347 5297 2654 5372 titubantem
2702 5297 2830 5372 dixit
2864 5312 2883 5349 :
2914 5299 3083 5372 ‘Super
3115 5317 3302 5372 corpus
3337 5313 3380 5352 et
3418 5306 3705 5372 sanguinem

2175 5362 2356 5414 Christi
2377 5367 2681 5431 jurasimus.
2710 5365 2819 5416 Jam
2848 5369 2944 5419 sub
2971 5370 3142 5419 szeoiili
3177 5362 3310 5420 tertii
3345 5385 3393 5420 ιιι
3429 5362 3569 5421 (Ιίιιῖιι
3610 5374 3706 5423 No-

2175 5433 2409 5484 vatianus
2439 5431 2800 5503 srbisInatir-us
2828 5451 2950 5485 suos
2970 5438 3144 5500 jnrare
3175 5441 3393 5501 cogehat
3419 5455 3565 5503 super
3600 5456 3707 5490 cor-

2173 5516 2262 5564 pus
2304 5512 2347 5572 rt
2377 5500 2669 5572 sanguinem
2709 5500 2889 5552 Christi
2919 5506 3057 5569 quod
3089 5500 3347 5572 numquam
3377 5508 3442 5558 ad
3479 5500 3703 5560 Cornelii

2176 5569 2432 5633 pontificis
2461 5577 2632 5632 partes
2657 5572 2950 5621 transirent.
