3912 6406
103 308 209 362 235

1058 307 1146 360 οε
1184 300 1692 361 νείκει-,ευτιομε
1730 298 2115 355 ἾΔΝΒΑΙΛΕΛ
2157 304 2283 361 LIB.
2327 304 2387 357 V.

3224 305 3329 361 illi

102 418 237 471 dari.
268 417 363 470 Cni
388 418 553 472 frater
583 419 740 484 alius,
780 428 1019 471 metuens
1049 433 1115 487 ne
1146 418 1300 470 fidem
1333 422 1571 484 negaret,
1599 410 1665 465 de
1692 412 1743 470 Δ
1770 412 1910 464 mina
1943 422 2323 466 tormentorum
2353 415 2547 480 poterit
2579 415 2811 470 edicere.
2837 414 2967 481 Quae
2988 429 3073 469 res
3092 412 3119 450 ἀ
3144 412 3324 468 bodie-

100 507 393 573 suspendin
413 508 679 561 clamabat
695 524 710 562 :
729 506 868 571 Noli,
890 508 1019 569 noli,
1040 506 1229 570 frater;
1257 518 1360 558 non
1381 505 1449 558 ita
1463 503 1667 571 iuravi-

102 613 224 651 mus
248 596 483 651 Christo.
514 599 788 653 Aecusabo
808 606 991 650 tecum
1014 604 1138 649 ante
1155 594 1526 661 tlironumejns
1552 600 1665 647 ter-

101 686 317 738 ribilem
350 687 653 741 venerimus
678 704 691 737 :
716 685 836 753 quia
878 698 1041 751 super
1066 698 1259 751 corpus
1298 682 1417 750 ejus
1452 690 1506 735 et
1539 696 1665 734 san-

102 774 322 841 guinem
353 775 652 843 juravimus
695 784 752 827 ut
786 789 880 841 pro
915 788 981 829 eo
1007 772 1180 844 [Lor.,
1211 770 1393 843 simul]
1434 773 1660 829 invicem

99 866 389 932 patiamur.
424 866 526 919 [sla
560 867 743 919 dicens
764 875 819 918 et
841 864 942 918 alia
984 864 1166 928 multa,
1190 862 1509 917 eonfortavit
1542 876 1665 929 ger-

98 966 321 1007 manum
365 953 434 1006 ad
466 954 703 1029 praelium
743 952 1027 1023 passionis,
1074 954 1162 1020 qui
1189 952 1425 1005 clamans
1462 948 1662 1018 ingenti

99 1056 233 1097 voce
256 1042 474 1095 dicebat
498 1060 514 1097 :
538 1042 632 1113 fol.
661 1041 885 1113 Adicite]
922 1041 1142 1110 Adigete
1173 1040 1448 1109 suppliciis
1474 1039 1669 1107 quibus

99 1133 305 1199 vultis,
363 1144 421 1188 et
473 1134 645 1204 νωθῆ
696 1129 1027 1187 Christianos
1074 1139 1277 1185 arctate
1315 1129 1663 1184 crudelibus:

96 1222 244 1289 quod
285 1223 453 1277 frater
483 1236 633 1276 meus
662 1222 897 1275 facturus
935 1232 1039 1287 est,
1084 1220 1185 1274 hoc
1211 1234 1311 1288 ego
1343 1219 1503 1273 etiam
1545 1232 1661 1285 ago.

96 1310 333 1373 Quantis
359 1311 472 1379 jam
525 1312 736 1364 laminis
779 1310 957 1379 ignitis
1001 1310 1176 1371 adusti
1229 1318 1373 1373 sunt,
1420 1307 1669 1377 qualibus

97 1400 319 1467 ungulis
340 1399 567 1457 exarati.
589 1399 783 1469 quibus
804 1399 1123 1455 cruciatibus
1146 1399 1293 1461 torti,
1327 1412 1411 1450 res
1440 1399 1548 1463 ipsa
1573 1394 1665 1447 do-

94 1499 205 1555 cet,
241 1490 387 1557 quod
417 1505 514 1545 eos
543 1491 647 1558 ipsi
678 1499 907 1543 tortores
935 1504 965 1542 a
1006 1504 1102 1543 sua
1132 1488 1268 1542 facie
1306 1488 1665 1557 projeeerunt,

94 1580 350 1635 dicentes
378 1599 393 1634 :
422 1582 555 1635 Istos
582 1581 815 1634 imitatur
837 1580 1115 1634 universus
1136 1579 1379 1646 populus,
1414 1590 1469 1632 ut
1490 1579 1669 1632 nullus

94 1670 166 1724 ad
210 1678 454 1724 nostram
482 1670 795 1739 religionem
828 1668 1036 1737 penitus
1062 1677 1425 1731 convertatur;
1454 1676 1503 1721 et
1532 1683 1668 1735 prm-
1713 1694 1718 1698 -

1768 516 1871 566 que
1898 496 2067 569 posita
2085 492 2146 556 in
2178 516 2420 571 promptu
2447 504 2799 559 demonstrat.
2832 508 2981 560 Alios
3005 505 3123 559 sine
3150 510 3323 558 mani-

1768 586 1887 650 bns,
1917 578 2051 642 alios
2078 593 2193 643 sine
2238 593 2430 653 oculis,
2479 592 2614 644 alzos
2653 593 2856 661 absque
2902 592 3149 660 pedibus,
3188 592 3324 648 alios

1769 686 1986 732 truncus
2032 680 2247 734 naribus
2285 681 2603 751 auribusque
2650 681 2913 750 intendas,
2948 682 3051 752 ἀι
3084 684 3326 752 aliosque

1766 769 1948 822 videas
1977 770 2140 823 nimio
2156 771 2443 838 suspendio
2462 771 2684 839 spatulis
2710 773 2802 842 lat.
2832 772 3085 841 scapulis]
3103 774 3349 838 evulsis,-

1766 869 1946 927 eaput,
1988 861 2127 928 quod
2174 862 2411 915 eminere
2438 862 2676 925 solebat,
2711 863 2761 914 in
2793 860 2968 915 medio
2994 862 3327 929 scapularum

1768 949 1933 1006 fuisse
1970 951 2292 1017 demersum,
2336 952 2461 1005 dum
2497 952 2695 1020 jugiter
2731 952 2783 1005 in
2812 951 2933 1005 altis
2953 948 3050 1022 [αι.
3090 952 3324 1024 sedibus]

1768 1040 1972 1094 aedibus
2018 1041 2311 1109 suspendio
2348 1043 2671 1109 cruciantes,
2719 1042 3035 1108 impulsione
3077 1056 3326 1096 manuum

1769 1128 1982 1181 funibus
2010 1129 2237 1197 agitatis,
2281 1144 2373 1198 per
2406 1145 2626 1184 vacuum
2668 1145 2845 1184 aerem
2878 1131 2979 1183 line
3006 1138 3169 1199 atque
3194 1130 3323 1185 illuc

1769 1218 2032 1271 faciebant
2062 1219 2237 1287 vagari
2270 1220 2583 1287 pendentes.
2613 1220 2712 1285 Qui
2748 1235 3121 1288 nonnunquam
3146 1219 3325 1273 disru-

1771 1310 1876 1379 ptis
1904 1310 2122 1364 funibus
2145 1311 2214 1366 de
2247 1312 2333 1364 illa
2361 1311 2642 1387 altitudine
2680 1312 3068 1378 suspensionis,
3102 1311 3209 1364 ictu
3236 1325 3327 1362 va-

1770 1400 1880 1454 lido
1922 1412 2253 1465 corruentes,
2294 1402 2506 1471 plurimi
2542 1418 2719 1456 arcem
2759 1403 2963 1456 cerebri
2993 1417 3112 1455 cum
3152 1402 3323 1454 oculis

1768 1490 2058 1544 amiserunt
2081 1504 2096 1542 :
2120 1490 2208 1543 alii
2238 1490 2519 1544 confractis
2546 1493 2755 1545 ossibus
2795 1491 3038 1558 spiritum
3070 1490 3322 1543 continuo

1773 1577 2138 1644 reddiderunt,
2167 1578 2257 1631 alii
2287 1589 2403 1645 post
2428 1581 2641 1647 paulum
2670 1580 3073 1633 exhalaverunt.
3106 1578 3209 1632 Sed
3234 1579 3326 1647 qui

1771 1667 1873 1720 hoc
1924 1667 2221 1722 fabulosum
2270 1678 2437 1736 putat,
2471 1678 2495 1705 ο
2526 1669 2777 1722 Uranium
2813 1668 3045 1723 Zenonis
3095 1670 3323 1737 legatum

94 1760 263 1827 cipue
288 1761 415 1826 quia
456 1760 588 1811 nulli
623 1758 840 1823 livores,
881 1757 1025 1811 nulla
1066 1772 1340 1826 pinnarum
1368 1756 1584 1825 vestigia
1614 1755 1667 1808 in
1698 1751 1745 1809 Β
1772 1755 2078 1825 interroget.
2109 1759 2163 1810 ln
2201 1758 2354 1825 cujus
2383 1759 2662 1825 praseutia
2697 1760 2959 1826 prtecipue
2995 1768 3140 1826 gesta
3167 1770 3321 1822 sunt;

95 1848 181 1901 eis
214 1848 433 1913 penitus
455 1845 789 1901 videbantur.

136 1965 147 1971 ε
171 1934 279 2005 γιη
300 1934 437 1987 Mira
465 1935 590 2000 [idea
619 1921 1001 2004 Tgpaunsium.
1026 1934 1217 2006 Ingens
1245 1935 1569 1988 miraculum.
1590 1963 1663 1976 --

97 2026 155 2079 ln
194 2034 226 2063 ι
257 2025 553 2094 Typasensi
592 2038 720 2079 vero
766 2024 908 2093 quod
952 2037 1159 2093 gestum
1202 2033 1287 2079 est
1333 2025 1659 2077 Mauritaniae

96 2119 325 2188 majoris
355 2120 572 2173 civitate
592 2117 656 2171 ad
680 2115 886 2170 laudem
911 2115 1003 2168 Dei
1028 2115 1298 2168 insinuare
1324 2114 1660 2169 festinemus.

100 2211 242 2263 Dum
286 2224 403 2261 suae
443 2209 643 2264 civitati
688 2207 943 2261 Arianum
989 2207 1294 2274 episcopum
1344 2219 1407 2258 ex
1458 2205 1665 2258 notario

101 2298 130 2337 δ
154 2299 357 2369 Cyrila:
392 2299 460 2352 ad
487 2297 782 2367 perdendas
824 2298 1025 2349 animas
1062 2296 1359 2349 ordinatum
1390 2294 1662 2357 vidissent,

103 2388 281 2441 omnis
307 2388 467 2442 simul
492 2386 684 2439 civitas
714 2385 990 2440 evectinne
1025 2385 1195 2438 navali
1224 2385 1291 2438 de
1336 2385 1573 2452 proximo
1597 2384 1663 2436 ad

108 2479 421 2546 Hispaniam
450 2477 709 2545 confugit,
755 2475 963 2547 relictis
984 2476 1315 2542 paucissimis
1342 2474 1428 2544 qui
1465 2475 1663 2527 aditum

107 2586 208 2619 non
243 2568 559 2627 invenerant
581 2564 882 2635 navigandi.
921 2566 1064 2630 Quos
1097 2565 1416 2618 Arianorum
1455 2566 1665 2632 episeo-

109 2671 207 2722 pus
249 2660 424 2723 primo
470 2652 879 2719 blandimentis,
928 2661 1107 2721 postea
1152 2653 1308 2706 minis
1345 2644 1668 2721 compellere

108 2742 291 2810 cepit.
326 2751 386 2796 ut
411 2756 507 2796 eos
537 2740 738 2796 faceret
757 2742 1003 2796 Arianos.
1039 2740 1143 2794 Sed
1174 2742 1336 2795 fortes
1368 2743 1417 2795 itt
1446 2742 1668 2795 Domino

110 2844 513 2901 permanentes,
551 2848 655 2885 non
697 2833 874 2886 solum
901 2832 1176 2886 suadentis
1203 2833 1459 2886 insaniant
1488 2831 1669 2887 irrise-

109 2932 256 2989 runt,
282 2937 471 2986 verum
487 2923 647 2980 etiam
692 2922 903 2989 publice
934 2924 1186 2991 mysteria
1212 2922 1386 2975 divina
1426 2923 1477 2976 in
1508 2922 1667 2977 domo

106 3027 209 3065 una
247 3011 560 3079 congregati
603 3012 875 3064 celebrare
918 3022 1209 3075 cmpernnt.
1253 3010 1400 3077 Quod
1450 3012 1539 3064 ille
1577 3027 1667 3065 co-

1767 1848 1856 1900 illa
1901 1848 2103 1901 scilicet
2131 1862 2311 1911 causa,
2356 1850 2480 1917 quia
2517 1852 2737 1904 veniens
2780 1848 3151 1925 Carthaginem
3200 1865 3322 1904 sese

1768 1954 1864 2008 pro
1891 1933 2197 1993 defensione
2219 1939 2561 1993 ecclesiarum
2594 1939 2976 1993 catholicarum
3006 1941 3211 1995 venisse
3236 1942 3320 2008 ja-

1765 2030 1962 2083 ctabat.
2009 2028 2074 2081 Et
2114 2037 2173 2082 ut
2195 2026 2270 2082 illi
2311 2030 2616 2085 ostenderet
2658 2032 3007 2099 tyrannus‘se
3051 2031 3315 2083 neminem

1766 2118 2072 2183 formidare,
2105 2120 2157 2171 in
2190 2118 2292 2172 illis
2316 2119 2503 2187 plateis
2530 2120 2612 2173 vel
2642 2119 2771 2174 vicis
2800 2120 2976 2188 plures
3008 2128 3232 2175 tortores
3262 2130 3319 2173 et

1765 2206 2091 2262 crudeliores
2109 2208 2313 2271 statuit,
2340 2208 2391 2261 in
2416 2208 2605 2276 quibus
2634 2208 2819 2277 legatis
2846 2208 3008 2261 moris
3029 2220 3109 2262 est
3134 2223 3319 2261 ascen—

1765 2295 1940 2351 dendo
1965 2295 2031 2350 ad
2062 2297 2312 2365 palatium
2343 2306 2394 2348 et
2419 2295 2792 2350 descendendo
2830 2297 3056 2350 transire
3088 2312 3100 2347 :
3130 2295 3193 2348 ad
3227 2311 3320 2360 op-

1766 2387 2038 2457 probrinm
2066 2385 2313 2439 videlicet
2342 2385 2507 2453 ipsius
2548 2387 2875 2454 reipublicae,
2920 2396 2975 2439 et
3004 2389 3168 2438 nostri
3210 2386 3325 2452 jam.

1764 2478 2058 2532 deficientis
2088 2475 2340 2544 temporis
2372 2476 2581 2529 faecem.

1840 2568 1969 2621 Vill.
2001 2566 2249 2639 Matrona
2272 2567 2549 2620 mutantis
2571 2566 2872 2620 constantia.
2902 2583 2969 2604 ——
2989 2566 3137 2619 Tunc
3158 2566 3316 2635 igitur

1766 2666 1819 2711 et
1846 2656 2087 2726 quaedam
2119 2671 2254 2710 uxor
2298 2655 2571 2724 cujusdam
2615 2656 2867 2710 cellarita:
2924 2656 3062 2723 regis
3106 2656 3329 2709 nomine

1771 2743 1791 2782 ί
1830 2746 2052 2819 Dagila,_
2081 2761 2199 2815 quae
2240 2745 2566 2819 temporibus
2616 2745 2869 2800 Geiserici
2899 2746 3165 2799 multoties
3209 2745 3318 2813 jam

1767 2816 2052 2891 confessor
2064 2836 2360 2899 exstiterat,
2392 2816 2631 2888 matrona
2661 2834 2853 2887 nobilis
2882 2849 2943 2886 ac
2963 2833 3210 2897 delicata,
3230 2835 3319 2886 lla-

1766 2921 1919 2992 gellis
1944 2934 1999 2977 et
2024 2923 2247 2977 fustibus
2276 2924 2494 2976 omnino
2514 2922 2810 2987 debilitata,
2856 2922 3045 2975 exsilio
3087 2920 3239 2973 arido
3265 2933 3323 2976 et

1770 3013 1911 3066 invio
1931 3013 2219 3080 relegatur,
2255 3010 2342 3063 ubi
2369 3010 2544 3062 nullus
2573 3010 2841 3062 hominum
2896 3011 3033 3063 forte
3082 3011 3319 3063 consola-

105 3101 395 3167 guosceiis,
428 3099 739 3151 relationem
781 3101 988 3151 occulte
1009 3097 1379 3166 Carthaginem
1408 3101 1663 3153 adversus
1690 3081 1736 3142 (ἶ
1770 3102 1928 3155 tionis
1956 3101 2127 3168 gratia
2152 3099 2399 3152 veniendi
2422 3099 2641 3152 haberet
2669 3113 2967 3165 accessum,
3018 3098 3321 3166 relinquens

105 3206 198 3241 ens
258 3190 477 3242 direxit.
524 3188 651 3253 Qua:
696 3201 817 3241 cum
866 3188 975 3255 regi
1025 3186 1359 3249 itinntuisset,
1416 3189 1659 3241 Comitem

106 3278 391 3344 quemdam
436 3291 557 3329 cum
605 3275 875 3329 iracundia
922 3276 1178 3347 dirigens,
1220 3277 1468 3344 prtecepit
1507 3286 1564 3330 ut
1610 3277 1660 3329 in

107 3369 283 3420 medio
312 3368 450 3431 loro,
479 3378 798 3435 congregata
819 3366 943 3421 illuc
968 3368 1109 3419 omni
1140 3366 1428 3435 provincia,
1460 3367 1664 3436 linguas

110 3462 188 3512 eis
228 3467 285 3512 et
332 3469 524 3511 manus
563 3462 804 3512 dexteras
848 3458 1100 3511 radicitus
1133 3455 1463 3510 abscidisset.
1513 3446 1671 3523 Quod

107 3567 225 3602 cum
254 3550 457 3602 factum
480 3547 684 3610 fuisset,
709 3548 906 3618 Spiritu
933 3560 1117 3601 sancto
1148 3556 1448 3615 prazstante,
1482 3548 1552 3601 ita
1588 3549 1667 3601 lo-

111 3646 210 3691 inti
241 3650 369 3692 sunt
395 3649 451 3692 et
479 3640 786 3711 loquuntur,
825 3636 1090 3705 quomodo
1116 3646 1269 3690 antea
1295 3638 1661 3705 loquebantur.

111 3730 210 3782 Sed
251 3728 299 3781 si
349 3728 470 3794 quis
508 3726 808 3780 incredulus
848 3740 968 3780 esse
1005 3725 1251 3791 voluerit,
1293 3733 1474 3794 pergat
1526 3740 1665 3779 nunc

110 3817 649 3885 Constantinopolim,
678 3826 732 3869 et
754 3813 824 3868 ibi
856 3816 1085 3883 reperiet
1113 3830 1272 3869 unum
1296 3815 1363 3867 de
1393 3815 1517 3879 illis,
1542 3814 1662 3868 sub.

110 3910 387 3958 diaconem
419 3904 761 3971 Reparatum,
791 3918 1066 3955 sermones
1094 3902 1287 3969 politos
1315 3903 1430 3954 sine
1456 3903 1556 3954 ulla
1585 3903 1663 3952 of-

111 3984 348 4047 fensione
379 4002 401 4030 ο
432 3994 757 4060 loquentem.
792 3991 872 4044 0b
910 4005 1068 4057 qnam
1099 4004 1309 4063 causam
1348 3990 1662 4041 venerabilis

112 4084 329 4133 nimium
374 4080 429 4132 in
459 4079 654 4146 palatio
685 4076 913 4130 Zenonis
941 4078 1275 4142 imperatoris
1317 4077 1559 4141 habetur,
1608 4088 1664 4131 et

114 4172 372 4233 praecipue
402 4167 582 4233 regina
610 4164 744 4217 inira
774 4180 895 4217 eum
927 4166 1220 4217 reverentia
1252 4174 1556 4220 veneratur.

178 4256 282 4307 νιι.
330 4254 550 4306 Vandali
577 4256 631 4305 in
654 4269 775 4305 suos
806 4253 1038 4306 savium.
1062 4282 1133 4292 ——
1157 4253 1261 4310 Sed
1285 4255 1408 4323 quis
1427 4270 1663 4323 congruo

110 4362 352 4398 sermone
386 4347 555 4413 possit
602 4344 817 4412 exsequi
857 4352 947 4395 aut
984 4358 1300 4397 coacervare
1330 4344 1662 4399 diversitates

1764 3207 1885 3243 cum
1914 3190 2104 3258 gaudio
2130 3190 2367 3252 domum,
2397 3189 2642 3241 tnaritum
2671 3188 2825 3241 simul
2875 3198 2930 3243 et
2972 3188 3083 3258 [αι.
3112 3191 3272 3242 filium
3301 3190 3317 3259 ]

1767 3281 1921 3334 lilios.
1943 3280 2035 3332 Cui
2066 3289 2242 3347 postea
2268 3279 2500 3331 oblatum
2525 3293 2642 3330 esse
2671 3278 2882 3340 dicitur,
2900 3288 2954 3330 ut
2977 3282 3025 3329 in
3054 3279 3316 3331 mitiorem

1764 3385 2003 3424 eremum
2035 3368 2307 3432 translata,
2340 3368 2621 3431 frueretur,
2648 3367 2691 3419 si
2721 3366 2902 3430 vellet,
2930 3368 3118 3421 solatio
3144 3369 3318 3419 sociu—

1767 3476 1903 3515 rum.
1934 3459 2027 3512 Illa
2050 3473 2173 3512 vero
2196 3460 2377 3526 ingens
2420 3456 2517 3509 sibi
2557 3457 2742 3509 adesse
2787 3455 3008 3509 credens
3038 3456 3322 3523 gaudium,

1766 3551 1853 3603 ubi
1884 3548 2059 3613 nullus
2084 3550 2341 3600 ltumanus
2362 3558 2503 3601 esset
2531 3545 2853 3600 consolantis
2882 3544 3116 3607 affectus,
3136 3560 3203 3599 ne
3226 3545 3317 3598 lie-

1765 3650 1841 3691 ret
1866 3635 2201 3703 supplicavit.

1836 3723 1922 3777 IX.
1954 3724 2089 3777 Cleri
2133 3722 2544 3792 Carthaginensis
2586 3723 2883 3774 certamina.
2926 3720 3153 3774 Murith
3179 3738 3319 3791 egre-

1763 3816 1903 3884 gittm
1932 3816 2149 3881 facinus.
2174 3841 2243 3852 -—
2269 3814 2417 3867 Tunc
2446 3812 2604 3865 etiam
2638 3812 2874 3881 Eugenio
2898 3820 3105 3880 pastore
3123 3812 3231 3879 jam
3264 3814 3315 3865 in

1763 3904 1951 3956 exsilio
1976 3903 2281 3969 constituto,
2312 3907 2591 3954 universus
2611 3902 2784 3953 clerus
2810 3901 3061 3953 Ecelesiaa
3089 3898 3316 3952 Cartha-

1762 3992 1900 4059 ginis
1928 3993 2072 4045 ctede
2092 3992 2372 4058 inediaque
2399 4001 2716 4051 maceratur,
2745 3997 2771 4034 tt
2814 3989 2921 4041 fere
2944 3990 3208 4055 quingenti
3232 3989 3312 4041 vel

1762 4079 2005 4146 amplius.
2026 4078 2166 4131 Inter
2186 4091 2317 4145 quos
2340 4077 2711 4144 quamplurimi
2726 4086 2874 4128 erant
2897 4078 3121 4130 lectores
3144 4077 3314 4130 infan-

1765 4170 1880 4235 tnli,
1910 4170 1997 4235 qui
2027 4165 2313 4235 gaudentes
2338 4165 2389 4217 in
2422 4164 2666 4226 Domino,
2700 4166 2877 4232 procul
2908 4165 3096 4217 exsilio
3112 4166 3313 4219 crudeli

1766 4257 2066 4311 truduntur.
2099 4253 2204 4308 Sed
2231 4254 2527 4317 libertatem
2554 4263 2698 4317 tunc,
2721 4268 2840 4306 eum
2865 4253 3035 4306 media
3060 4253 3186 4306 urbe
3212 4268 3314 4307 cat-

1766 4348 2020 4400 derentur
2050 4344 2144 4416 [al.
2175 4340 2382 4411 Miritze]
2409 4343 2631 4396 Murittte
2678 4342 2881 4395 diaconi
2930 4341 3137 4395 cinteris
3186 4342 3315 4395 libe-

114 4453 381 4503 pwtiaruiii
413 4450 543 4502 quas
563 4450 627 4488 ex
645 4434 795 4502 jussu
823 4432 961 4502 regis
994 4436 1099 4500 sui,
1131 4436 1287 4488 etiam
1321 4437 1415 4505 ipsi
1444 4437 1660 4492 Vandali
1696 4418 1741 4475 D
1767 4440 1960 4495 riorem
1987 4445 2162 4490 tacere
2191 4450 2293 4487 non
2323 4433 2512 4487 debeo.
2536 4432 2655 4486 Fuit
2674 4433 2882 4501 quidam
2915 4430 2940 4465 ιι
2974 4430 3306 4499 Elpidoforus

112 4530 157 4579 in
200 4542 327 4580 suos
374 4524 619 4579 homines
646 4525 1033 4578 exercuerunt?
1072 4524 1127 4578 In
1169 4528 1279 4593 ipsa
1306 4542 1515 4594 quoque
1544 4546 1661 4596 qua:

112 4632 246 4681 gesta
276 4630 403 4671 sunt
424 4615 766 4682 Carthagine,
796 4614 839 4667 si
870 4617 1068 4668 nitatur
1101 4619 1329 4683 scriptor
1356 4618 1659 4687 singillatim

112 4715 364 4771 astruere,
410 4708 570 4757 etiam
611 4702 725 4755 sine
753 4713 942 4755 ornatu
965 4705 1244 4768 set-monis,
1286 4721 1383 4759 nec
1412 4708 1523 4776 ipsa
1565 4726 1659 4763 no-

176 4868 202 4894 ι
243 4859 295 4910 ln
347 4858 543 4910 Africa:
591 4856 784 4910 Notitia
836 4861 1155 4925 memoratur
1179 4854 1346 4925 _inter_
1384 4856 1661 4925 episcOpos

115 4926 433 4979 Mauritaniae
476 4927 818 4977 Cassariensis
865 4924 1143 4992 Reparatus
1178 4921 1517 4987 Tipasitanus.
1567 4921 1663 4979 Est

116 5009 163 5047 et
182 4996 281 5047 alia
307 4994 519 5059 Typasa
542 4994 594 5043 in
622 4992 863 5045 Numidia
885 5035 899 5057 ,
945 4991 1093 5056 cujus
1120 4994 1399 5057 episcopus
1426 4992 1661 5046 Rusticus

118 5066 161 5115 in
190 5058 371 5114 eadem
402 5058 616 5112 Notitia
666 5069 985 5114 tecensetur.
1020 5060 1093 5111 De
1121 5070 1338 5125 utraque
1378 5062 1578 5127 agimus
1609 5064 1659 5115 in

118 5133 244 5184 notis
271 5132 336 5181 ad
369 5128 620 5181 Notitiam
650 5128 777 5180 Afrit
798 5143 862 5180 te.

180 5200 203 5237 δ
233 5200 475 5251 ltbenan.
519 5205 574 5247 et
614 5196 788 5247 t,liitll.
820 5211 937 5247 cum
980 5196 1181 5262 aliquot
1220 5210 1357 5263 mss.
1380 5204 1433 5247 et
1471 5194 1655 5263 editis,

119 5269 348 5336 Cyrilant.
376 5264 530 5319 Urtb.
562 5274 614 5315 et
627 5263 939 5336 ALttricbins,
964 5279 1029 5336 ex
1054 5267 1247 5336 notario
1272 5262 1405 5336 nulla
1432 5265 1516 5313 ad.

186 5347 206 5373 ⁸
232 5336 304 5389 De
324 5332 721 5389 confessoribus
741 5332 937 5397 absque
962 5332 1132 5399 lingua
1162 5332 1489 5399 loquentibus
1511 5332 1658 5399 plura

122 5405 339 5457 dicemus
365 5405 416 5455 in
445 5400 842 5453 Commentario
874 5398 1124 5450 nistorico
1145 5398 1261 5468 cap.
1293 5402 1342 5451 7.

186 5473 208 5509 d
238 5472 542 5532 Lorichius,
589 5469 737 5519 liodte
788 5468 962 5535 cuique
1006 5471 1262 5532 proposisa
1319 5470 1371 5519 in
1424 5483 1658 5536 promp:u

125 5546 223 5593 item
255 5552 499 5594 miratur.

202 5614 435 5677 “Genti”
472 5606 616 5671 I"ttl.,
651 5604 825 5667 Mart.,
864 5602 1071 5671 (Σθιιιι).³
1106 5604 1328 5659 etColb.
1371 5606 1415 5668 Ι,
1448 5605 1651 5657 Anium.

1762 4530 1997 4593 nomine,
2030 4527 2248 4580 nimium
2275 4525 2506 4577 crudelis
2536 4536 2583 4576 et
2613 4522 2776 4586 ferus,
2802 4522 2886 4575 cui
2917 4522 3086 4573 fuerat
3106 4522 3314 4587 delega-

1763 4632 1870 4671 tum
1905 4617 2138 4670 membra
2162 4617 2524 4668 centessornm
2554 4611 2751 4664 Christi
2770 4611 3041 4678 suppliciis
3063 4624 3311 4677 grassan-

1763 4710 1909 4763 tibus
1940 4704 2159 4758 laniare.
2193 4703 2289 4756 llic
2317 4701 2515 4754 dudum
2544 4699 2715 4753 fuerat
2734 4698 2870 4766 apud
2888 4711 2985 4751 nos
3006 4698 3056 4750 in
3087 4698 3316 4751 ecclesia

1763 4854 1914 4910 Ortli.
1947 4860 2000 4905 et
2025 4848 2318 4910 Loricliius,
2349 4847 2547 4899 Avium.

1840 4924 1856 4961 ι
1889 4920 2037 4974 Colb.
2083 4920 2135 4981 l,
2166 4919 2352 4984 Comp.
2396 4925 2449 4969 et
2492 4917 2667 4975 Port.,
2693 4914 2903 4984 ‘cellarii
2939 4914 3075 4984 regis
3113 4916 3313 4984 nomine

1760 4990 1960 5061 'Dogilli
1978 4978 2131 5061 ..ᾳᾳῇξ
2153 4978 2315 5061 υςιΙιξ
2336 4992 2387 5036 et
2417 4984 2651 5061 Corioli”
2680 4981 2903 5061 Qagilii,
2935 4978 3309 5061 Ful.,.Ger‘m.,

1763 5050 1912 5113 Mait.
1934 5100 1948 5122 ,
1984 5050 2131 5109 Celb.
2163 5054 2314 5114 alter,
2348 5063 2402 5105 et
2429 5054 2646 5115 Belfor.,
2695 5050 2951 5120 Dagilium
2972 5091 2993 5122 ,_
3016 5050 3128 5122 qui,
3172 5058 3304 5113 etc.;

1761 5130 1833 5184 ita
1864 5118 2166 5180 ut'maritus
2191 5122 2349 5173 etiam
2376 5122 2658 5188 aliquando
2677 5118 2948 5188 cotitessor
2975 5118 3149 5188 fuerit.

1832 5205 1856 5239 κ
1890 5195 2082 5247 llorum
2110 5192 2343 5243 omnium
2383 5184 2533 5241 simul
2579 5203 2696 5240 cum
2730 5186 2986 5255 Eugenio,
3019 5184 3227 5255 Murilla
3254 5197 3309 5236 et

1766 5264 2025 5322 Salutart‘,
2053 5259 2359 5311 memoriam
2389 5257 2654 5311 celebrant
2696 5254 3060 5326 martyrologia
3102 5257 3303 5326 vulgata

1762 5335 1851 5384 die
1881 5330 1945 5381 i5
1968 5321 2109 5381 Julii.
2140 5327 2401 5379 Murittatn
2425 5326 2621 5393 aliquot
2646 5327 2769 5378 item
2796 5321 3169 5391 martyrologia
3193 5321 3305 5373 sin-

1763 5401 1984 5467 gillatim
2018 5403 2310 5467 memorant
2335 5394 2421 5467 die
2446 5395 2514 5467 2i
2539 5394 2731 5467 Martii.

1830 5470 1852 5503 υ
1871 5468 2019 5519 Colb.
2045 5469 2063 5515 l
2091 5474 2143 5517 et
2166 5465 2331 5528 l’orL,
2358 5461 2739 5531 llclpidoforus.
2763 5458 2982 5514 Ortbod.
3006 5458 3100 5512 L0t
3116 5459 3307 5517 icitius.

1762 5537 2088 5604 bpidoj‘urus.
