3922 6390
451 332 548 386 25!

1712 314 2016 369 VICTORIS
2053 313 2088 363 ν
2100 312 2347 366 ιτεΝειε

3527 311 3630 363 Ξὸἐ

453 443 576 496 ralis
598 442 695 493 ista
721 439 967 494 violentia
993 446 1352 505 tyrannorum.
1376 431 1505 485 Nam
1525 428 1746 483 Vandali
1778 444 1827 495 με
1842 443 1874 479 o
1896 426 1995 478 hac
2021 429 2070 483 Α
2101 423 2342 488 impietas
2362 423 2549 477 Ariana
2571 438 2599 476 a
2619 423 2919 490 parentibus
2940 423 3074 476 illius
3101 422 3343 490 parvulus
3364 435 3630 488 separare,

456 549 510 582 re
540 531 731 598 ubique
759 536 908 583 erant
945 527 1064 578 dest
1085 525 1214 588 nati,
1241 534 1299 576 ut
1345 528 1675 574 ttanseuntes
1703 517 1882 570 itinera
1914 530 1998 566 sa-

455 619 753 670 cerdotibus
806 617 915 669 suis
942 615 1266 668 adducerent
1305 609 1641 678 jngulandos.
1674 605 1784 675 ῘΑΙ.
1823 604 1906 672 ac]
1931 605 2000 656 At

455 707 542 758 ubi
572 721 662 759 eos
699 705 898 756 fallacis
935 718 1085 770 aqua:
1126 700 1304 769 gladio
1345 699 1714 766 perculissent,
1747 693 1996 746 iudicium

454 797 532 847 eis
558 793 864 861 perditionis
890 793 1150 859 scriptura
1201 799 1334 841 teste
1365 785 1655 847 tradebant,
1688 799 1755 835 tte
1781 783 1904 835 alibi
1929 782 2000 833 si-

456 885 564 937 mili
596 875 836 936 viirlentia
859 880 1232 942 traherentur;
1261 877 1384 945 quia
1417 891 1519 928 non
1551 874 1738 928 licebat
1769 873 1878 925 sive
1900 887 1998 924 ne-

454 974 825 1040 gotiatoribus,
868 971 980 1023 sive
1009 970 1227 1036 privatis
1265 965 1456 1018 alicubi
1486 964 1740 1025 transire,
1783 961 1881 1014 nisi
1907 959 2001 1014 de-

457 1064 702 1130 scriptam
724 1060 1046 1114 clraracteris
1076 1055 1269 1109 indicio
1291 1069 1438 1107 suam
1461 1052 1636 1104 tuiseri
1657 1049 2000 1103 ostenderent

457 1162 697 1203 mortem.
717 1148 863 1212 Quod
888 1162 980 1214 per
993 1144 1364 1199 revelatiouem
1379 1155 1532 1194 servo
1552 1156 1648 1192 suo
1668 1138 1858 1193 Joanni
1875 1137 1998 1189 olim

458 1238 558 1304 jatn
577 1227 1152 1298 ostenderatChristus,
1174 1231 1263 1284 ubi
1284 1231 1439 1284 dicit:
1468 1229 1616 1282 Nulli
1633 1228 1792 1280 licebit
1807 1226 2000 1294 aliquid

459 1343 618 1378 (mare
642 1327 716 1377 τρι
741 1325 968 1388 vendere,
998 1323 1095 1374 nisi
1120 1321 1206 1388 qui
1234 1320 1459 1372 habuerit
1487 1319 1816 1370 characterem
1839 1316 2003 1368 bestia

459 1417 510 1468 in
532 1417 692 1485 fronte
714 1431 805 1466 suo
827 1425 873 1466 et
901 1414 951 1464 in
975 1428 1126 1463 manu
1156 1427 1248 1463 sua
1270 1411 1452 1477 (Apoc.
1478 1421 1591 1469 χιιι,
1618 1406 1705 1469 16,
1738 1407 1846 1472 17).
1867 1404 1998 1457 Nam

461 1512 514 1555 et
542 1503 771 1569 episcopi
795 1511 949 1569 atque
977 1499 1266 1568 presbyteri
1285 1499 1511 1558 illorum,
1530 1511 1647 1548 cunt
1677 1504 1996 1546 armatorum

461 1608 620 1646 manu
644 1593 911 1645 nocturnis
935 1591 1254 1658 temporibus
1266 1590 1408 1642 vicos
1420 1599 1472 1642 et
1487 1589 1672 1655 oppda
1688 1585 1998 1648 circuibant,

460 1694 512 1735 et
537 1682 612 1734 sic
640 1682 920 1748 deSpieatis
945 1681 1177 1746 postibus
1201 1679 1497 1747 januarum,
1528 1692 1714 1746 aquam
1745 1676 2003 1744 gladium—

2097 523 2154 567 ut
2184 522 2357 580 posset
2386 528 2478 581 per
2517 512 2721 580 pietatis
2756 513 2996 566 allectum
3043 514 3199 566 etiam
3241 513 3482 566 virtutem
3513 527 3631 578 pro-

2095 612 2334 657 sternere
2361 601 2676 670 genitorttm.
2715 602 3089 670 Disjunguntur
3113 617 3238 670 ergo
3268 616 3296 654 a
3328 600 3630 670 parentibus

2098 701 2279 744 tenera
2313 691 2529 758 pignora
2554 677 2798 744 ﬁliorum.
2829 692 3065 759 Cumque
3083 690 3242 744 vellet
3264 690 3535 744 Liberatus
3558 690 3632 743 la-

2096 794 2304 848 crymas
2345 781 2608 844 emittere,
2644 781 2954 834 auctoritate
2993 779 3172 834 uxoria
3216 778 3551 846 increpatur,
3579 788 3630 830 et

2099 869 2148 921 itt
2191 869 2303 935 ipso
2325 879 2497 921 meatu
2523 869 2694 922 exitus
2733 869 2813 922 sui
2844 869 2982 922 illtco
3011 870 3254 939 lacrynun
3283 869 3628 922 siccavemnt.

2098 957 2185 1009 Ait
2211 958 2350 1008 enim
2372 957 2422 1009 ei
2451 956 2680 1024 conjus:
2713 955 2806 1026 [al.
2837 955 2921 1026 Et]
2952 958 3028 1010 En
3064 967 3275 1026 propter
3295 958 3447 1020 lllios,
3479 957 3631 1010 Libe-

2098 1056 2230 1110 rale,
2256 1046 2549 1113 perditurus
2575 1061 2632 1100 es
2655 1047 2882 1100 animam
2914 1047 3094 1100 tuatui
3134 1048 3383 1114 Computa
3413 1061 3508 1101 eos
3529 1063 3630 1099 non

2099 1133 2258 1187 fuisse
2281 1145 2462 1196 natos;
2492 1149 2611 1186 nam
2655 1143 2710 1186 et
2747 1135 2888 1201 ipsos
2931 1134 3146 1186 omnino
3175 1133 3529 1187 vindicaturus
3553 1143 3633 1186 est

2097 1220 2355 1274 Christus.
2392 1220 2573 1274 Nonne
2601 1221 2746 1274 vides
2783 1235 2876 1274 eos
2913 1221 3229 1282 clamantes.
3277 1231 3332 1274 et
3374 1223 3630 1282 dicentes,

2097 1309 2380 1364 Christiani
2403 1311 2627 1364 sumus?
2650 1310 2755 1363 Sed
2779 1311 2891 1365 haec
2914 1311 3102 1362 mulier
3121 1310 3244 1378 quid
3278 1311 3327 1362 in
3351 1318 3636 1376 conspectu

2094 1399 2328 1468 judicum
2358 1399 2521 1467 egerit
2565 1399 2842 1452 tacendum
2870 1414 2972 1450 non
2998 1407 3098 1450 est.
3125 1398 3253 1450 Nam
3291 1413 3408 1451 cum
3447 1398 3561 1464 ipsa
3584 1407 3634 1450 et

2101 1490 2339 1553 maritus,
2364 1489 2484 1541 licet
2505 1503 2766 1552 seorsum,
2795 1488 3025 1541 carceris
3051 1487 3284 1540 custodia
3313 1476 3634 1547 tenerentur,

2101 1580 2170 1632 ita
2194 1589 2247 1631 ut
2260 1593 2318 1632 se
2336 1578 2541 1645 penitus
2559 1592 2661 1630 non
2685 1577 2944 1639 viderent,
2972 1577 3243 1629 mandatur
3267 1574 3644 1641 ntulieri,dici~

2103 1678 2289 1734 turque
2313 1667 2388 1721 illi
2415 1683 2430 1720 :
2461 1668 2615 1722 Solve
2638 1667 2746 1734 jam
2773 1665 3018 1719 duritiam
3055 1677 3216 1718 tuam.
3247 1665 3380 1719 Ecce
3409 1665 3490 1718 vir
3519 1673 3638 1718 tuus

461 1789 558 1837 que
580 1741 843 1840 gestantes
863 1741 1154 1824 animatum
1182 1741 1456 1838 praedones
1479 1741 1775 1820 intrabant:
1798 1775 1850 1817 et
1869 1778 2001 1830 quos
2032 1757 2078 1819 Β
2105 1757 2275 1823 paruit
2297 1755 2519 1823 imperio
2545 1757 2703 1825 regis,
2725 1766 2777 1809 et
2805 1765 2983 1840 noster
3009 1755 3174 1812 lactus
3189 1763 3268 1807 est
3288 1741 3636 1806 Christianus.

461 1860 598 1913 domi
653 1869 976 1926 repererant,
1025 1860 1158 1912 alios
1206 1857 1346 1911 forte
1393 1857 1446 1909 in
1477 1856 1684 1908 lectuls
1729 1862 2004 1922 sop0ratos

464 1949 630 2003 imbre
655 1950 806 2015 igneo
827 1958 984 2013 atque
1015 1947 1264 2000 fulmineo
1303 1952 1690 2012 respergentes,
1721 1942 2004 1995 daemonia-

462 2053 520 2090 αι
553 2038 928 2093 vociferatione
956 2035 1281 2088 Christianos
1305 2049 1430 2088 suos
1453 2033 1551 2102 ipsi
1586 2035 1781 2101 pariter
1807 2032 2006 2086 vocita-

465 2125 608 2187 bant,
640 2135 697 2178 ut
719 2136 740 2160 ⁸·
763 2126 939 2177 ludum
970 2125 1138 2192 potius
1158 2140 1265 2177 sua:
1288 2125 1570 2188 haereseos,
1600 2137 1752 2189 quant
1776 2123 2003 2187 aiiquam

464 2215 766 2283 religionem
810 2213 1171 2266 ostenderent.
1221 2214 1277 2266 ltt
1327 2227 1430 2282 quo
1472 2214 1643 2264 minus
1688 2225 1906 2279 capaces
1949 2219 2004 2264 et

466 2304 630 2371 ignari
681 2303 947 2366 impletum
990 2304 1040 2355 in
1083 2319 1140 2357 se
1189 2302 1489 2371 pollutionis
1537 2302 1864 2367 sacrilegium
1905 2299 1998 2370 [al.

466 2393 808 2462 imputabant]
850 2393 1137 2459 putabant:
1172 2393 1537 2460 prudentiores
1568 2407 1692 2444 vero
1721 2391 1848 2442 nihil
1881 2388 2003 2450 sibi,

465 2482 602 2550 quod
631 2484 928 2535 nolentibus
957 2493 1112 2549 atque
1157 2481 1542 2534 dormientibus
1590 2481 1846 2546 ingestum
1900 2489 2001 2545 est,

466 2572 652 2622 oin-sse
681 2569 1143 2636 gaudebztrtt.Natn
1165 2579 1218 2621 et
1241 2569 1391 2621 multi
1414 2567 1596 2619 eadem
1623 2569 1745 2617 hora
1775 2567 2006 2636 cinerem

469 2659 726 2724 rapitibus
752 2657 860 2708 suis
891 2656 1205 2720 injecerunt,
1242 2655 1330 2707 alii
1380 2669 1517 2718 ιεειι,
1550 2655 1627 2705 vel
1658 2654 1775 2720 quia
1815 2652 2004 2706 factum

471 2756 571 2806 est,
596 2744 770 2797 cilicio
800 2744 999 2812 lugubri
1025 2751 1294 2806 texerunt,
1322 2741 1561 2794 nonnulli
1587 2756 1738 2794 cauo
1767 2741 1926 2794 fetido
1950 2741 2006 2792 li-

473 2837 704 2899 nierum,
735 2843 792 2888 et
838 2834 1140 2886 liuttamiua
1189 2833 1450 2886 violenter
1499 2833 1736 2897 imposita
1785 2846 1878 2892 per
1925 2829 2008 2881 illa

473 2927 861 2988 consciderunt,
890 2932 1045 2990 atque
1083 2923 1134 2976 itt
1163 2923 1379 2976 latrinas
1413 2921 1675 2988 fetidaque
1707 2921 1820 2973 loca
1852 2935 2007 2973 manu

475 3017 593 3069 lidei
636 3016 984 3082 projecerunt.

2105 1846 2294 1910 Aitque
2324 1845 2446 1897 illa:
2481 1844 2696 1897 Videant
2729 1834 2986 1907 illutn,'et
3028 1841 3214 1902 faciam
3261 1856 3360 1909 ego
3382 1841 3520 1910 quod
3542 1855 3636 1892 vo-

2104 1933 2259 1988 luerit
2291 1933 2446 1988 Deus.
2481 1934 2677 1987 Educta
2705 1933 2863 2002 i'gitur
2890 1932 2957 1986 de
2975 1946 3208 1995 carcere,
3242 1932 3436 1986 invenit
3469 1947 3638 1985 virum

2102 2041 2255 2080 suum
2280 2033 2526 2089 stantem,
2552 2039 2672 2079 cum
2697 2024 2893 2093 ingenti
2926 2016 3282 2086 multitudine,
3312 2039 3407 2090 pro
3431 2024 3524 2094 [αι.
3550 2023 3641 2075 tri-

2102 2114 2303 2184 bunali]
2336 2115 2682 2169 tribunalibus
2711 2130 3006 2168 connexum
3027 2153 3045 2180 ,
3089 2124 3140 2169 et
3170 2129 3348 2167 verum
3377 2114 3644 2166 aestimans

2103 2206 2242 2273 quod
2273 2207 2536 2258 [iunxerant
2575 2204 2806 2268 inimici,
2837 2203 3029 2271 injecta
3059 2218 3216 2256 manu
3242 2202 3644 2270 apprehendens

2106 2309 2254 2345 oratu
2282 2295 2716 2345 vestimentorum
2744 2291 2858 2358 ejus
2878 2289 2982 2362 45
3009 2291 3204 2357 gutturi
3236 2289 3544 2357 proximam,
3570 2291 3640 2339 vi.

2103 2381 2350 2435 dentibus
2370 2381 2612 2434 omnibus
2628 2379 2915 2432 suﬂ‘ocabat
2933 2395 3073 2442 eum,
3090 2379 3270 2431 dicens
3291 2395 3306 2432 :
3325 2378 3562 2441 Perdite,
3585 2389 3638 2429 et

2104 2469 2345 2534 reprobo.
2377 2469 2559 2536 gratia:
2590 2469 2678 2521 Dei
2725 2477 2779 2521 et
2821 2467 3197 2521 misericordia:
3238 2467 3353 2534 ejus
3397 2465 3636 2533 indigne,

2105 2574 2266 2627 quare
2292 2558 2497 2611 voluisti
2529 2557 2592 2609 ad
2634 2557 2894 2609 modicum
2939 2555 3188 2622 gloriari,
3219 2564 3273 2607 et
3308 2555 3357 2607 in
3387 2563 3642 2607 aeternum

2109 2648 2321 2713 perire?
2359 2647 2491 2710 Quid
2525 2646 2617 2698 tibi
2667 2645 2901 2712 proderit
2930 2644 3148 2696 aurum?
3177 2642 3300 2711 quid
3327 2643 3644 2709 argentum?

2105 2736 2344 2804 Nunquid
2391 2735 2682 2787 liberabuut
2709 2744 2760 2785 te
2783 2733 2849 2786 de
2879 2732 3085 2785 camino
3109 2732 3405 2800 gehennae?
3435 2731 3571 2784 Dixit
3589 2741 3642 2783 et

2110 2824 2213 2876 alia
2240 2824 2421 2875 multa.
2445 2821 2538 2884 Cui
2571 2823 2787 2875 maritus
2813 2821 3109 2889 respondit:
3133 2820 3262 2886 Quid
3291 2821 3505 2888 pateris,
3531 2835 3643 2873 utu-

2109 2915 2244 2968 lier?
2266 2913 2387 2981 quid
2416 2913 2504 2965 tibi
2535 2911 2761 2977 videtur,
2807 2921 2897 2963 aut
2927 2910 3049 2977 quid
3083 2909 3220 2962 forte
3249 2910 3313 2962 de
3352 2925 3436 2961 nte
3463 2909 3644 2961 audire

2113 3007 2364 3074 potuisti?
2392 3005 2498 3074 Ego
2525 3005 2574 3057 itt
2599 3002 2810 3057 nomine
2848 3000 3041 3056 Christi
3067 3010 3091 3038 ο
3117 2999 3413 3051 Catholicus
3441 3009 3644 3066 perma-

545 3103 678 3155 XIV.
715 3101 983 3168 Egregium
1027 3101 1249 3151 mulieris
1280 3099 1485 3168 factum.
1523 3125 1589 3136 —
1616 3095 1642 3134 δ
1672 3095 1784 3149 Tali
1812 3095 2005 3148 violen-
2031 3092 2078 3156 C
2109 3112 2227 3156 ueo,
2263 3110 2358 3148 nec
2391 3097 2633 3147 amittere
2667 3103 2846 3161 potero
2871 3092 3148 3160 aliquando
3169 3089 3305 3158 quod
3337 3099 3509 3142 teneo.
3536 3086 3642 3156 [ΑΙ.

475 3193 568 3254 tia,
593 3190 741 3242 nobis
772 3189 1088 3249 videntibus,
1130 3189 1180 3240 in
1221 3187 1534 3253 Carthagine
1565 3186 1700 3238 illius
1737 3186 2005 3251 t‘ujttstiam

476 3278 686 3338 nobilis,
736 3289 990 3328 annorum
1045 3274 1255 3327 circiter
1298 3283 1522 3341 septem,
1571 3274 1719 3340 jussu
1752 3273 1942 3340 Cyr-ila:
1978 3287 2008 3324 a

477 3366 777 3432 parentibus
797 3371 1067 3429 separatus
1099 3370 1202 3426 est,
1233 3372 1399 3419 matre
1426 3362 1540 3414 sine
1567 3361 1876 3414 verecundia
1903 3375 2013 3410 ma-

478 3453 687 3515 tronali,
734 3451 920 3504 solutis
970 3449 1224 3509 crinibus,
1273 3458 1388 3514 post
1434 3457 1672 3510 raptores
1719 3457 1822 3500 tota
1885 3447 2012 3498 urbe

477 3548 741 3598 currente,
767 3537 1021 3589 inlatttulo
1049 3536 1304 3587 clamante
1333 3543 1389 3586 ut
1417 3544 1656 3602 paterat:
1687 3534 2015 3587 Christianus

481 3643 614 3689 sum,
647 3626 973 3680 Christianus
1001 3638 1139 3687 sum,
1173 3633 1194 3659 ε
1224 3623 1553 3675 Christianus
1575 3636 1711 3675 sum.
1744 3622 1864 3686 Cui,
1894 3621 2014 3673 Tri-

481 3718 695 3769 nitatem
719 3716 769 3767 iu
802 3715 880 3765 his
907 3713 1067 3765 ternis
1104 3710 1322 3762 vocibus
1351 3710 1725 3773 declarantem,
1773 3724 1832 3762 os
1861 3710 2014 3762 obtu-

485 3818 680 3867 rantes,
734 3805 992 3854 insontem
1047 3800 1315 3852 infantiam
1346 3801 1395 3852 in
1426 3814 1576 3853 suum
1631 3798 1884 3864 gurgitem
1921 3799 2011 3850 de-

484 3902 799 3947 tnerserunt.
829 3892 897 3943 lta
930 3893 994 3944 de
1024 3890 1142 3944 liiiis
1190 3890 1375 3944 medici
1406 3891 1720 3943 venerabilis
1741 3888 1764 3925 ἀ
1789 3889 2013 3943 Liberali

484 3989 676 4037 tactum
722 3998 840 4036 esse
871 3983 1136 4049 probatur.
1178 3983 1304 4036 Nam
1327 3997 1445 4036 cum
1472 3998 1535 4035 ex
1563 3983 1711 4049 jussu
1733 3987 1870 4052 regis
1897 3999 2013 4036 cum

486 4089 646 4127 uxore
671 4082 724 4126 et
750 4074 927 4125 liberis
952 4072 1015 4124 ad
1045 4072 1283 4124 exsilium
1307 4073 1439 4124 mitti
1459 4074 1750 4137 jnberetur,
1773 4073 2017 4140 cogitavit

554 4235 577 4260 σι
609 4226 728 4276 Mss.
771 4225 879 4278 fere
923 4239 1106 4275 omnes
1143 4233 1196 4277 et
1231 4226 1353 4276 editi
1392 4242 1405 4276 :
1439 4225 1632 4277 Ludum
1677 4245 1878 4288 prorsus
1919 4243 2022 4280 ερατ

485 4296 724 4344 haereseos
760 4295 914 4355 magis
954 4308 1134 4357 quam.
1175 4301 1275 4343 etc.
1317 4293 1499 4354 Cotnp.
1534 4302 1707 4344 tamen
1741 4297 1893 4347 habet
1934 4313 2022 4357 po-

483 4365 598 4413 lius.
643 4361 914 4412 Lorichius
933 4398 946 4421 ,
992 4357 1188 4410 Ludunt
1213 4361 1374 4424 potius
1411 4375 1510 4410 sua:
1540 4365 1775 4411 Itwreseos
1805 4379 2019 4428 aquam,

552 4444 654 4478 ant.
681 4437 781 4478 etc.

484 4446 796 4544 qugrilliiiliﬁ
825 4502 878 4544 et
904 4493 1066 4556 Port.,
1093 4492 1231 4545 Talis
1251 4494 1547 4548 violentia...
1571 4495 1870 4565 Carthagine
1890 4497 2023 4564 facta

487 4573 599 4610 est:
634 4561 812 4610 Filius.
846 4571 945 4610 etc.
1626 4583 1627 4586 π

487 4573 555 4614 est
580 4577 599 4612 .'
634 4571 812 4620 r'tltus,
846 4571 945 4614 etc.
1626 4583 1627 4586 ‘

485 4673 490 4677 .
562 4643 582 4667 ε
618 4630 752 4692 ραι..
785 4617 995 4691 Germ”
1036 4630 1242 4692 Comp..
1275 4629 1424 4682 Colh.
1459 4632 1508 4691 l,
1552 4630 1692 4683 Pori.
1714 4673 1727 4694 ,
1759 4640 1813 4685 et
1841 4633 2013 4696 Mart.,
2048 4617 2094 4674 D

492 4715 579 4761 per
604 4706 829 4748 sanctum
853 4698 1162 4765 Stephanum
1185 4697 1497 4750 Christianus
1521 4715 1647 4752 sum.
1673 4700 1832 4752 Nemo
1855 4702 2018 4753 nescit

488 4775 724 4822 sanctum
748 4766 1066 4831 Stephanum
1096 4777 1217 4818 tunc
1238 4767 1486 4832 temporis
1509 4766 1558 4818 in
1591 4767 1758 4821 Africa
1785 4771 2022 4820 celeber-

492 4849 678 4887 runum
710 4833 885 4898 fuisse,
919 4835 985 4883 ob
1025 4835 1267 4888 miracnfa
1297 4849 1412 4900 qua:
1438 4850 1528 4901 per
1556 4835 1666 4899 ejus
1694 4852 1868 4889 sacras
1898 4839 2020 4888 reli-

491 4905 640 4968 quias
679 4917 742 4952 ex
785 4901 1053 4956 Palu-stitia
1084 4904 1296 4964 allatas,
1321 4903 1558 4954 crebrius
1589 4905 1638 4954 iu
1665 4919 1724 4956 ea
1757 4906 2019 4968 provincia

493 4973 704 5022 liebattl.
735 4969 1048 5035 Augustinus
1073 4974 1137 5022 tle
1163 4971 1226 5022 iis
1253 4971 1443 5033 passim
1471 4972 1592 5035 agit,
1617 4973 1938 5037 pOtissitnum
1967 4975 2018 5025 in

494 5040 636 5091 lxbris
659 5041 721 5089 de
741 5037 960 5089 Civitate
980 5039 1086 5089 liei.
1106 5039 1232 5102 Quae
1247 5046 1418 5089 autem
1438 5048 1741 5104 sequuntur,
1759 5040 1870 5101 Cui,
1891 5051 2016 5104 etc.,

491 5124 554 5158 ex
586 5107 726 5158 l’ort.
753 5115 806 5157 et
828 5106 972 5156 tlolb.
998 5107 1014 5157 l
1048 5106 1448 5170 descripsimus;
1476 5108 1560 5158 alii
1583 5123 1703 5159 vero
1723 5123 1841 5161 cum
1865 5111 2019 5161 editis

492 5174 850 5226 tantummodo
880 5174 1091 5234 hair-ut,
1123 5175 1203 5223 cui
1231 5185 1275 5224 et
1298 5191 1351 5225 os
1374 5175 1673 5227 obturantes.
1768 5179 1775 5186 ’

561 5245 669 5310 88
697 5241 721 5276 ἀ
755 5242 915 5303 Hujus
942 5243 1314 5310 sanctitatque
1345 5242 1520 5310 uxoris
1548 5243 1687 5295 illius
1715 5253 1765 5296 et
1795 5243 2018 5297 ﬁliorum

496 5308 800 5362 memoriam
836 5310 1100 5379 celebrant
1134 5308 1424 5379 Galt-sinius
1453 5319 1504 5359 et
1533 5313 1728 5376 al-quot
1766 5323 2017 5379 martyru-

499 5380 628 5442 logia
652 5381 734 5428 die
752 5379 820 5431 9.5
835 5378 930 5430 Mat
944 5379 996 5429 tii
1015 5393 1026 5436 ;
1046 5392 1143 5442 qua
1166 5376 1247 5427 die
1263 5379 1329 5428 de
1349 5377 1411 5428 i-s
1425 5392 1626 5442 qucque
1642 5391 1797 5437 agunt
1819 5376 2022 5431 Bollan-

499 5446 654 5494 dizini.
681 5447 892 5497 Inferius
913 5456 1105 5505 autem,
1136 5443 1265 5495 Nam
1289 5461 1420 5504 cum,
1442 5455 1564 5506 etc.,
1593 5446 1740 5497 aliter
1768 5448 2021 5499 habentur

499 5512 549 5562 itt
573 5515 689 5564 cod.
721 5516 899 5577 (Iomp.
923 5532 937 5573 ;
971 5515 1078 5572 ubi,
1108 5512 1238 5562 Nam
1262 5527 1371 5561 cum
1387 5515 1623 5580 jussu.“
1653 5515 1883 5576 parvulos
1904 5532 2020 5566 suos

497 5580 628 5638 filios
655 5584 871 5643 separari
903 5599 998 5633 ltuit
1029 5596 1172 5643 pom:
1207 5589 1252 5631 et
1280 5595 1370 5645 per
1394 5582 1588 5643 pictatis
1612 5581 1840 5642 affectum
1869 5585 2019 5634 virtu-

2109 3186 2219 3256 uhi]
2249 3185 2395 3239 Tunc
2422 3185 2650 3237 hmretici
2677 3181 2932 3235 mendacii
2955 3183 3034 3234 sui
3069 3181 3288 3242 conscii,
3321 3189 3374 3232 et
3413 3179 3644 3240 detecti,

2109 3277 2362 3347 lallaciatn
2383 3291 2529 3326 suam
2558 3277 2796 3326 colorare
2823 3274 3037 3322 minime
3067 3277 3365 3334 potuerunt.

2180 3365 2294 3418 XV.
2325 3363 2641 3431 Coufessores
2667 3361 2720 3413 in
2748 3361 2952 3412 desertis
2969 3359 3170 3410 mattui.
3213 3386 3280 3396 —
3322 3357 3388 3408 Et
3413 3355 3529 3422 quia
3557 3369 3648 3407 su‘

2115 3453 2288 3520 perius
2311 3452 2378 3502 de
2395 3451 2641 3503 Violentia
2673 3448 3007 3501 immanitatis
3040 3461 3221 3498 eorum
3265 3446 3490 3498 breviter
3517 3444 3647 3498 dixi-

2117 3554 2260 3600 mus,
2293 3540 2424 3590 hant-
2450 3537 2656 3604 plurimi
2700 3545 2992 3589 metuentes
3011 3576 3026 3599 ,
3055 3537 3139 3589 alii
3172 3537 3223 3588 in
3244 3537 3532 3602 speluncis,
3561 3536 3647 3588 alii

2121 3629 2172 3680 in
2203 3627 2427 3680 desertis
2473 3626 2600 3678 locis
2629 3626 2724 3677 viri
2756 3625 2836 3677 vel
2867 3625 3069 3676 lentitu'e
3090 3665 3104 3686 ,
3146 3626 3288 3676 nullo
3317 3623 3414 3676 sibi
3443 3625 3650 3676 conscio

2119 3730 2237 3767 sese
2270 3713 2581 3767 claudebant
2612 3730 2625 3766 :
2658 3723 2710 3767 et
2750 3713 2974 3778 ibidem,
3007 3714 3142 3765 nulla
3173 3723 3507 3766 succurrente
3534 3726 3650 3765 sus-

2122 3805 2406 3857 tentzttioue
2431 3804 2688 3863 ciborum,
2719 3801 2854 3854 fame
2887 3804 2965 3853 vel
2999 3803 3187 3868 frigore
3209 3804 3349 3863 victi,
3373 3811 3652 3855 contr«tunt

2120 3904 2172 3946 et
2200 3892 2608 3946 contribulatum
2635 3892 2874 3959 spiritum
2903 3889 3215 3942 exhalabant
3237 3930 3250 3952 ,
3284 3887 3391 3959 [αι.
3423 3889 3545 3958 per]
3580 3908 3654 3942 tu-

2123 3994 2199 4036 ter
2226 3986 2336 4036 haec
2356 3967 2655 4034 alllictiouis
2681 3979 3028 4042 incouunoda,
3053 3979 3314 4031 invio‘atte
3335 3993 3510 4031 secum
3537 3979 3654 4031 lidei

2120 4073 2449 4124 securitatem
2493 4079 2781 4137 portantes.
2819 4069 2904 4123 Sic
2932 4071 3074 4121 enim
3121 4065 3138 4103 ί
3182 4067 3494 4119 Cresconius
3535 4083 3653 4135 pre-

2121 4237 2237 4288 tem,
2267 4237 2370 4280 etc.

2193 4304 2215 4329 ι·
2246 4293 2496 4345 (ὶειῑὴοιὶεἰ
2541 4306 2730 4362 nomen
2772 4308 2909 4346 verte
2954 4293 3071 4347 ﬁdei
3116 4295 3402 4349 cultoribus
3447 4311 3655 4362 semper

2122 4362 2426 4422 adhmsisse,
2457 4371 2637 4412 contra
2669 4361 2948 4412 nitentibus
2973 4362 3162 4414 {rustra
3191 4365 3447 4416 hmreticis
3471 4405 3482 4415 .
3519 4361 3656 4426 patet

2118 4445 2182 4480 ex
2216 4430 2372 4481 variis
2414 4437 2711 4479 Sanctorum
2756 4427 2997 4486 Patrum.
3040 4440 3195 4494 atque
3226 4430 3463 4481 Historia:
3491 4433 3657 4482 eccle-

2123 4496 2347 4548 siastica:
2374 4497 2686 4560 scriptorum
2713 4495 2868 4557 locis;
2897 4496 3160 4549 Lactantio
3190 4498 3276 4548 lib.
3305 4514 3374 4558 tv,
3406 4503 3519 4563 cap.
3551 4501 3652 4559 5t);

2125 4566 2411 4632 Augu~tino
2437 4566 2660 4629 passim;
2694 4565 2926 4632 Socrate,
2958 4565 3047 4632 qui
3074 4575 3126 4616 et
3165 4565 3483 4632 Ngvatianos
3507 4580 3537 4616 a
3566 4581 3654 4617 ca-

2121 4629 2326 4685 tholicis
2356 4632 2627 4693 di~cernit,
2656 4642 2758 4683 etc.
2792 4629 2854 4682 In
2885 4631 3144 4687 catholica:
3185 4630 3419 4684 Ecclesia:
3445 4635 3652 4700 gremio,

2122 4701 2289 4768 inquit
2311 4699 2624 4767 Augustinus
2644 4709 2824 4751 contra
2852 4701 3127 4766 epistolam
3153 4699 3575 4767 Manichmi,c.tp.
3599 4699 3652 4764 ι,

2120 4787 2196 4820 me
2222 4777 2349 4821 tenet
2371 4772 2534 4828 ipsum
2565 4784 2741 4820 nomen
2768 4770 3058 4828 catholicw,
3091 4771 3224 4835 quod
3251 4785 3350 4819 non
3375 4768 3479 4821 sine
3508 4785 3655 4821 causa

2121 4839 2247 4889 inter
2273 4839 2454 4888 multas
2483 4837 2691 4888 haereses
2717 4838 2788 4887 sic
2825 4848 2917 4887 tsta
2945 4835 3168 4888 Ecclesia
3193 4837 3436 4901 obtinuit,
3466 4848 3518 4889 ut
3543 4853 3655 4888 eum

2120 4922 2287 4957 omnes
2318 4906 2532 4956 heretici
2554 4921 2605 4955 se
2623 4905 2890 4956 catholicos
2915 4906 3013 4955 dici
3039 4907 3209 4966 velint,
3233 4907 3471 4969 quaerenti
3493 4916 3654 4957 tamen

2120 4976 2379 5041 peregrino
2406 4974 2578 5030 alicui,
2612 4974 2692 5023 ubi
2713 4972 2778 5041 ad
2803 4972 3096 5024 catholicam
3120 4980 3458 5035 conveniatur,
3489 4976 3656 5026 nullus

2122 5040 2463 5093 haereticorum
2509 5043 2580 5092 υτι
2622 5040 2873 5092 basilicam
2907 5057 3086 5100 suam,
3128 5043 3199 5092 vel
3239 5043 3440 5092 domum
3477 5053 3605 5094 aute
3638 5051 3656 5092 t

2121 5110 2392 5160 attendere.

2201 5175 2217 5211 ί
2251 5178 2380 5228 Ευιη
2403 5191 2522 5227 rum
2547 5190 2702 5237 supra
2737 5176 3007 5228 recensitis
3047 5185 3338 5228 memorant
3365 5188 3536 5228 vetera
3563 5176 3657 5226 alio

2127 5253 2268 5311 quot
2298 5243 2662 5311 ntartyrologia
2693 5246 2827 5307 apud
2856 5244 3217 5296 Bollantliauos
3245 5245 3330 5296 die
3356 5243 3425 5311 ‘25
3466 5246 3652 5300 Martii.

2126 5311 2224 5364 l’ro
2248 5310 2531 5362 Misentime
2553 5311 2694 5362 l’ort.
2722 5313 2872 5362 trahet
2898 5311 2948 5362 Μ
2955 5313 3210 5363 izentauaz.
3233 5312 3380 5365 (Iolb.
3404 5310 3456 5370 2,
3481 5312 3652 5373 Man,

2127 5378 2266 5443 Ful.,
2296 5389 2347 5430 et
2374 5379 2586 5441 Gertu.,
2621 5376 2917 5429 Mizeitanaz.
2951 5379 3100 5431 Colb.
3135 5381 3347 5442 tertius,
3380 5379 3653 5431 Mitetarmz.

2125 5446 2298 5507 Ul‘lil.,
2323 5447 2527 5497 Loriclt.
2555 5454 2607 5495 et
2641 5445 2793 5507 llr-IL,
2824 5447 3092 5498 Miritamo.
3131 5449 3200 5500 De
3238 5449 3444 5499 civitate
3483 5455 3654 5497 autem

2127 5513 2460 5573 Ziqueusiutn
2478 5513 2583 5576 jam
2605 5527 2758 5578 supra
2782 5529 2979 5579 egimus
3001 5515 3193 5580 (Supra
3221 5516 3318 5566 col.
3348 5515 3472 5574 207,
3507 5531 3557 5580 ur.
3583 5521 3652 5566 'i.

2124 5583 2379 5634 (lact-rrum
2410 5596 2534 5634 mss.
2566 5580 2730 5642 Port.,
2760 5581 2902 5634 Colb.
2934 5582 2983 5643 l.
3009 5579 3181 5639 lla-tu
3207 5583 3384 5636 Germ.
3432 5592 3483 5636 et
3516 5579 3651 5632 l"ul..
