3912 6416
231 335 339 392 253

1173 330 1261 384 DE
1300 322 1814 384 PERSECUTIONE
1857 322 2235 378 VANDALICA
2275 323 2401 378 LIB.
2446 322 2509 377 ν.

3352 323 3456 401 ast

228 449 411 517 abytcr
464 444 767 507 uisentium,
820 439 1052 496 civitatis
1104 440 1156 493 in
1211 438 1460 507 spelunca
1511 434 1789 505 Ziquensis
1818 438 1867 493 Α
1895 448 2155 503 nusquam
2200 433 2407 501 penitus
2447 434 2772 492 visebantur.
2801 438 2867 491 Et
2892 437 2979 517 ubi
3012 437 3147 491 forte
3187 438 3454 505 gramino-

229 540 427 593 ntootis
466 544 709 605 repertus
746 542 861 597 est,
896 540 1233 600 putrescente
1257 530 1365 597 jam
1389 528 1597 581 solutus
1627 524 1789 577 cada-

229 642 379 682 vete.

304 714 440 770 XVI.
475 716 543 771 Et
578 714 700 782 quia
740 711 806 764 de
838 722 1021 765 sancto
1064 707 1389 762 llabetdeuut
1434 703 1635 774 praelati
1680 702 1789 771 jam

228 820 453 872 sumus,
497 811 667 871 pergit
704 811 828 854 tunc
866 802 932 853 ad
971 798 1341 867 Carthaginem
1366 835 1382 859 ,
1412 795 1560 848 adite
1587 795 1793 847 censuit

232 894 493 946 nefarium
517 906 712 959 regem,
746 899 800 943 ut
820 887 1196 941 conscientiam
1218 900 1367 937 suam
1395 898 1551 952 quam
1582 896 1795 950 semper

233 982 549 1036 familiarem
572 990 597 1015 ι
629 976 901 1033 Trinitatis
930 974 1037 1044 ιαι.
1060 972 1270 1045 habuit]
1301 973 1559 1026 habuerat
1579 981 1633 1025 et
1657 970 1793 1023 ami-

232 1090 375 1138 cam,
405 1085 565 1128 etiam
593 1071 895 1143 hominibus
918 1073 1116 1123 faceret
1150 1068 1506 1121 manifestam.
1542 1063 1649 1117 Nec
1672 1076 1792 1115 eum

235 1167 470 1219 retinere
498 1164 663 1233 potuit
688 1163 950 1215 Antonius
980 1169 1199 1228 propter
1228 1154 1597 1213 verecundiam
1620 1168 1793 1207 suar‘.

232 1256 404 1310 Offert
446 1254 761 1321 impiissitno
791 1255 897 1319 regi
934 1250 1169 1304 libellum
1211 1248 1264 1301 in
1314 1249 1411 1300 hac
1451 1242 1795 1299 similitudine

238 1347 545 1399 verborum.
593 1344 731 1410 Quid
757 1357 937 1411 qmeso
961 1342 1070 1409 jam
1109 1355 1229 1394 cum
1263 1334 1512 1406 proiectis
1552 1332 1797 1388 habetis?

232 1434 377 1499 Quid
399 1448 519 1486 cum
550 1436 629 1487 eis
666 1447 797 1499 quos
825 1432 1013 1485 exsilio
1054 1429 1355 1497 relegastis,
1387 1424 1619 1493 quotidie
1642 1422 1797 1474 dimi-

234 1523 407 1578 catis?
438 1522 744 1577 Abstulistis
779 1519 1137 1581 substantias;
1167 1517 1438 1577 ecclesiis,
1472 1513 1633 1581 paria
1653 1549 1668 1575 ,
1699 1512 1797 1564 do-

235 1615 519 1682 mibusque
550 1612 818 1681 privastis.
844 1611 965 1663 Sola
996 1610 1170 1661 anima
1200 1606 1473 1663 remansit.
1496 1620 1651 1673 quam
1675 1617 1797 1671 cap-

242 1704 414 1757 tivare
458 1700 798 1756 contenditis.
828 1700 873 1752 υ
904 1698 1173 1766 tempora!
1210 1714 1243 1747 o
1283 1696 1488 1749 mores!
1521 1698 1798 1747 universus

1896 537 1989 577 sus
2018 538 2205 592 cespes
2250 524 2459 578 humida
2494 537 2619 579 tunc
2645 526 2697 578 in
2726 526 2862 580 valle
2904 514 3137 595 locatus,
3171 529 3453 597 pallentem

1896 614 2071 680 potius
2095 630 2272 685 quam
2315 615 2573 669 virentem
2626 617 2889 681 nascentis
2928 616 3035 671 feni
3065 629 3299 685 cmpetat
3330 634 3455 685 pro-

1896 706 2033 762 lerre
2060 706 2325 771 colorem,
2376 708 2515 761 illico
2559 723 2715 763 urens
2749 720 2801 761 et
2840 709 3021 777 igneus-
3053 710 3207 762 ﬂatus
3237 710 3449 773 aderat,

1897 805 2061 849 totum
2094 797 2345 851 torrendo
2372 799 2682 864 desiccans,
2728 800 2851 867 quia
2883 800 2983 871 [αι.
3012 800 3292 871 pulta-rea]
3340 802 3455 864 pul-

1897 889 2174 943 verulenta
2227 900 2512 959 tempestas
2538 890 2688 944 arido
2716 892 2814 944 sub
2845 907 2969 946 aere
2998 892 3297 961 decoqueus
3326 910 3455 945 eun-

1896 986 2002 1042 cta,
2030 994 2240 1031 omnem
2284 980 2626 1034 nebulaverat
2654 980 2848 1034 locum.
2891 982 3098 1034 Nullum
3127 992 3330 1049 gestum
3372 992 3453 1035 est

1897 1076 2134 1135 tempore
2156 1070 2245 1122 illo
2285 1071 2660 1123 commercium
2689 1086 2704 1122 :
2737 1072 2939 1124 nullum
2969 1082 3219 1139 cesptetn
3268 1084 3451 1135 terrae,

1892 1156 2132 1225 iuvencis
2163 1158 2524 1221 trahentibus,
2558 1159 2809 1213 scindens
2838 1166 2993 1213 vertit
3032 1172 3297 1222 arattum;
3330 1162 3451 1228 quia

1897 1262 1996 1301 nec
2024 1248 2190 1302 ϋονιοβ
2231 1250 2482 1302 suberant
2502 1288 2518 1313 ,
2565 1265 2661 1304 nec
2692 1249 2717 1287 δ
2749 1261 2914 1304 rastra
2945 1257 3158 1304 omnino
3187 1266 3451 1303 retttause-

1897 1348 2036 1392 rant.
2078 1340 2221 1394 Inter
2260 1341 2373 1394 lucc
2402 1344 2580 1395 omnia
2623 1353 2799 1394 autem
2830 1341 2997 1405 mala,
3052 1351 3107 1395 et
3136 1343 3452 1395 rusticorum

1897 1445 2087 1482 manus
2126 1431 2227 1481 alia
2274 1430 2579 1493 interierat,
2609 1442 2660 1485 ct
2689 1432 2913 1484 subinde
2939 1448 3057 1498 qua:
3086 1418 3218 1484 forte
3264 1445 3454 1498 super-

1896 1531 2043 1583 erat,
2082 1520 2189 1586 jam
2236 1522 2562 1585 sepulturam
2602 1522 2890 1589 quicrebat.
2933 1522 2999 1574 Et
3028 1520 3183 1590 quia,
3234 1531 3455 1586 urgente

1897 1608 2049 1660 famis
2072 1608 2428 1672 incommodo,
2462 1623 2633 1676 neque
2659 1612 2977 1663 commercia
2998 1651 3013 1675 ,
3047 1624 3098 1663 ut
3134 1610 3222 1661 fati
3248 1624 3451 1673 sumus,

1902 1713 1998 1765 pro
2028 1698 2442 1761 consuetudine,
2486 1713 2656 1765 neque
2680 1701 2886 1751 cultura
2921 1700 3241 1752 reddebatur
3279 1698 3454 1751 debita

236 1792 355 1845 bzec
381 1792 608 1845 mundus
642 1791 913 1857 intelligit,
940 1797 997 1841 et
1022 1788 1136 1856 ipse
1164 1784 1253 1853 qui
1284 1784 1615 1853 persequitur
1635 1782 1794 1836 videt.
1829 1772 1872 1829 Β
1902 1786 2087 1850 terris;
2118 1788 2365 1854 iuvenum
2389 1827 2403 1847 ,
2432 1803 2639 1851 senum,
2666 1789 3114 1850 adolescentium,
3144 1799 3300 1855 atque
3328 1791 3456 1841 allo.

232 1879 295 1932 Si
328 1881 461 1931 lldes
494 1878 686 1931 dicitur
717 1894 873 1943 quam
920 1877 1130 1939 tenetis,
1163 1875 1286 1943 quid
1318 1888 1459 1927 verae
1488 1873 1607 1925 tidei
1639 1887 1799 1925 mem-

235 1970 336 2023 bra
381 1970 545 2023 tantis
576 1966 1033 2037 persecutionihus
1076 1967 1316 2034 agitatis?
1338 1963 1473 2028 Quid
1504 1962 1652 2015 vobis
1678 1975 1796 2015 cuin

232 2058 433 2115 exsilio
453 2068 656 2122 nostro,
682 2057 805 2125 quid
836 2058 983 2109 vobis
1009 2071 1130 2107 cum
1161 2058 1341 2122 egenis
1368 2054 1421 2105 iit
1451 2054 1549 2107 hoc
1580 2052 1795 2116 smculo,

233 2163 468 2215 quorum
514 2156 596 2200 est
637 2148 741 2199 vita
769 2159 978 2213 semper
1008 2146 1060 2199 itt
1103 2144 1353 2196 Christo?
1390 2142 1569 2196 Liceat
1611 2143 1797 2194 saltem

232 2237 476 2307 gaudere
514 2240 784 2290 consentio
826 2236 1111 2289 bestiarum
1160 2233 1237 2288 eis
1279 2247 1412 2302 quos
1456 2231 1723 2299 ahjecistis
1769 2246 1800 2283 a

236 2332 375 2383 tacie
406 2332 643 2382 omnium
691 2327 1023 2395 populorum.
1060 2327 1189 2377 Dum
1237 2327 1440 2377 ιιωαει
1479 2324 1560 2376 his
1607 2322 1798 2376 similia

237 2420 478 2488 {mutiles
537 2419 627 2472 Dei
671 2420 921 2482 dixisset,
967 2417 1257 2471 sceleratus
1311 2424 1562 2484 tyrannus
1609 2415 1708 2467 hoc
1752 2412 1801 2467 ei

235 2510 526 2563 mandasse
580 2510 885 2578 perhibetur
914 2524 927 2559 :
965 2508 1107 2561 Vade
1147 2506 1212 2558 ad
1241 2506 1521 2573 episcopos
1553 2515 1798 2569 nostros,

233 2614 285 2655 et
314 2600 461 2669 quod
495 2600 586 2652 tibi
616 2599 845 2652 dixerint
867 2612 1108 2665 sequere,
1142 2597 1261 2664 quia
1291 2596 1387 2663 ipsi
1418 2595 1576 2661 hujus
1604 2594 1800 2646 reivltu-

235 2694 366 2744 bere
422 2700 716 2743 noscuntur
762 2703 857 2757 per
906 2688 1081 2740 omnia
1128 2695 1462 2755 potestatem.
1494 2686 1597 2739 Sed
1630 2700 1801 2753 neque

230 2779 527 2834 Antonium
557 2778 673 2832 haec
698 2791 784 2831 res
813 2777 880 2830 ab
910 2776 1113 2829 insania
1145 2777 1313 2844 potuit
1335 2790 1604 2841 revocare,
1628 2776 1803 2827 scien-

234 2883 339 2924 tetn
390 2872 561 2939 magis
601 2872 821 2938 imperio
862 2872 999 2937 regis
1026 2869 1094 2921 ob
1121 2869 1221 2923 hoc
1247 2868 1468 2921 multum
1501 2881 1656 2935 posse
1687 2866 1799 2933 pla-

230 2976 382 3016 cere.
417 2961 748 3017 llabetdeum
777 2976 903 3014 tero
928 2962 1207 3028 cpiscopus
1246 2962 1481 3027 gaudens
1507 2960 1645 3009 bono
1674 2972 1802 3010 cou-

214 3054 476 3107 -scientitc
502 3062 613 3105 sua:
644 3052 709 3103 ad
742 3055 914 3102 locum
938 3050 1112 3101 exsilii
1140 3051 1325 3101 tualuit
1355 3061 1610 3100 remeare.

303 3141 471 3196 λνιι.
506 3138 693 3193 Fames
733 3140 921 3191 valida.
966 3168 1037 3178 -—-
1073 3139 1144 3191 Ea
1187 3146 1496 3205 tempestate
1535 3136 1673 3187 facta
1720 3145 1801 3188 cst

233 3214 567 3287 incredibilis
593 3232 781 3294 fames,
808 3238 862 3283 et
886 3229 1049 3295 εωμίι
1072 3227 1303 3280 Africam
1332 3236 1492 3277 totam
1518 3239 1616 3277 una
1640 3222 1799 3291 depo-

234 3327 515 3393 pulatione
541 3334 774 3375 Vastare.
818 3320 999 3373 Nullus
1028 3330 1152 3371 tunc
1190 3318 1355 3369 adluit
1404 3314 1604 3379 imber,
1658 3312 1800 3366 nulla

235 3427 459 3480 prorsus
508 3420 653 3479 gutta
682 3410 751 3463 de
778 3408 916 3462 caelo
958 3407 1231 3476 proﬂuxit.
1282 3405 1387 3457 Nec
1433 3404 1660 3467 frustra,
1706 3402 1801 3455 sed

233 3519 361 3557 vero
405 3514 465 3557 et
508 3505 653 3570 justo
693 3501 891 3569 judicio
936 3498 1063 3566 Dei,
1110 3508 1167 3549 ttt
1204 3497 1329 3561 ubi,
1364 3493 1802 3564 persequentibus

232 3594 449 3645 Ariants
468 3631 485 3655 ,
515 3592 716 3644 (ωειυεί
746 3590 966 3674 gurgitis
994 3603 1130 3657 aqua
1174 3587 1276 3657 [αι.
1310 3598 1364 3639 et
1388 3584 1559 3655 ignis]
1590 3585 1724 3652 ignis
1751 3596 1804 3637 et

233 3684 519 3750 sulphuris
550 3680 826 3743 bulliebat,
864 3676 1201 3746 indulgentia:
1224 3676 1456 3730 ctelestis
1476 3713 1492 3738 ,
1521 3690 1638 3741 qua:
1659 3689 1801 3725 sem-

234 3788 325 3840 per
352 3790 383 3823 a
412 3773 643 3825 ﬂuenter
676 3770 892 3833 aderat,
939 3770 1112 3836 pluvia
1159 3777 1459 3833 negaretur.
1491 3764 1683 3816 Lurtda
1715 3778 1805 3817 re-

235 3872 514 3916 manserat
562 3871 716 3914 terra:
763 3859 926 3913 facies
970 3859 1163 3910 omnis.
1204 3856 1319 3909 Non
1362 3856 1481 3908 vitis
1536 3854 1805 3921 tegebatur

234 3961 421 4005 aestate
452 3949 753 4019 pampineis
775 3960 992 4017 opacata
1022 3945 1282 4012 virgultis,
1313 3959 1417 3997 non
1448 3950 1561 3995 sata
1590 3957 1803 4009 resper-

234 4058 287 4095 sa
332 4044 525 4093 vultus
566 4042 824 4103 cespitum
874 4036 1169 4087 viridabant
1214 4048 1228 4082 :
1276 4046 1381 4084 non
1432 4029 1547 4081 olea
1594 4043 1804 4095 semper

234 4132 415 4184 viridis
441 4168 460 4193 ,
496 4128 741 4194 foliisque
784 4136 979 4193 repleta
1013 4122 1118 4192 [aL
1164 4119 1413 4189 jucundi]
1438 4120 1683 4187 jucuudis
1711 4121 1805 4173 tle-

234 4236 373 4275 euris
395 4220 484 4272 sui
506 4229 817 4271 consuetum
850 4232 1056 4281 tegmen
1086 4214 1309 4266 habebat
1345 4227 1358 4263 :
1391 4226 1495 4263 nott
1530 4226 1801 4278 pomorum

236 4312 496 4377 virgulta,
552 4315 835 4358 tnarttante
889 4305 1106 4364 tellure,
1153 4317 1390 4369 gemmas
1448 4300 1803 4368 produxerant

237 4400 456 4461 ﬂorum,
513 4405 699 4464 postea
750 4396 979 4459 hut-tus,
1014 4402 1068 4445 ut
1106 4394 1369 4454 assolent,
1405 4390 1511 4463 [αι.
1543 4388 1797 4458 editurm]

238 4489 563 4541 reddituras.
596 4484 789 4537 Tristia
813 4488 961 4535 luere
984 4492 1221 4547 tetraque
1246 4483 1441 4545 omnia,
1471 4488 1525 4531 et
1556 4494 1647 4546 par
1678 4494 1797 4545 pes-

240 4580 456 4633 tilentia:
487 4577 671 4630 clades
700 4577 932 4627 Africam
958 4572 1267 4625 confuderat
1295 4587 1526 4624 ontnent.
1557 4569 1671 4621 Non
1704 4570 1798 4623 lto-

239 4671 500 4731 minibus,
552 4682 657 4719 nou
706 4667 956 4732 iumentis
989 4662 1334 4730 germinantis
1363 4662 1539 4715 herba:
1564 4662 1803 4713 ediderat

242 4763 394 4811 tellus
424 4760 653 4811 Omnino
680 4770 931 4807 Viroretn.
962 4757 1223 4806 Aruetant
1242 4753 1437 4805 dudum
1581 4766 1802 4804 curren-

242 4862 365 4905 ttmn
408 4852 614 4916 impetu
661 4845 915 4914 przt'cipiti
944 4846 1078 4897 alvei
1127 4844 1436 4904 ﬂuminum,
1470 4844 1800 4910 fontiumque

242 4942 538 5006 etis‘patttes
555 4938 885 5001 perennitate
902 4934 1169 4987 subtracta
1194 4934 1389 4999 pariter
1418 4931 1628 4984 sieo-itm
1649 4944 1804 4986 erant

244 5049 403 5085 vente.
450 5034 602 5083 chs
644 5037 696 5079 et
750 5028 909 5079 boves
962 5027 1225 5089 universi,
1274 5024 1489 5094 insuper
1528 5037 1581 5078 et
1612 5043 1803 5094 pecora

244 5127 429 5193 campi,
450 5125 724 5187 simulque
739 5122 919 5172 bestia:
937 5120 1215 5181 Silvarum,
1236 5120 1410 5174 inedia
1433 5135 1797 5190 cons-umente,

245 5324 505 5377 comedit.
524 5318 678 5372 Urth.
706 5325 756 5366 et
776 5314 1137 5376 Belf.,lt:tbent
1163 5313 1604 5382 Quizitanmmum
1626 5319 1803 5379 lectio,

249 5416 285 5449 st
308 5410 423 5445 vent
438 5400 541 5450 est,
561 5393 647 5439 hic
667 5390 933 5449 Qutzuaut
953 5384 1120 5444 Qutda
1133 5387 1453 5435 Mauritania:
1467 5392 1806 5439 waal'ICIISIS

247 5475 423 5515 emtas
453 5462 740 5513 indicatur,
776 5457 925 5518 cuius
959 5454 1053 5503 loci
1089 5452 1386 5517 episeopus,
1413 5454 1703 5506 Tiberianus
1726 5458 1805 5508 di-

247 5548 387 5592 ctus,
416 5527 655 5582 secundo
691 5531 804 5574 loco
836 5538 971 5592 inter
1015 5523 1165 5571 istius
1197 5525 1473 5585 prot'ittctu:
1500 5526 1794 5590 Upls‘tzopus,

250 5621 294 5655 to
319 5605 507 5655 Nuntia
536 5607 880 5650 tttcmOra'ur.
914 5591 983 5642 De
1010 5606 1107 5655 qua
1137 5594 1267 5644 urbe
1298 5593 1442 5660 plura
1476 5593 1691 5647 inferius
1716 5596 1802 5647 ob-

249 5678 569 5726 servabimus
603 5670 653 5719 iu
686 5664 823 5715 uotis
854 5663 915 5712 ad
946 5661 1214 5720 Notitiam,

1902 1877 2331 1945 lesceutnlarum,
2359 1893 2639 1947 puerorum
2654 1879 2736 1933 vel
2758 1881 3223 1947 etiamtpuellarum
3246 1879 3453 1947 agmina

1901 1967 2059 2019 simul
2107 1976 2160 2020 et
2201 1966 2386 2021 funera
2410 2007 2427 2033 ,
2457 1968 2545 2023 ubi
2576 1979 2851 2037 poterant,
2881 1970 3144 2039 quomodo
3174 1980 3454 2038 poterant,

1901 2058 2099 2124 passim
2139 2058 2589 2125 dilfuodebantur,
2634 2060 3022 2114 circumeuntes
3063 2062 3284 2129 oppida,
3312 2061 3457 2115 vicos

1903 2148 1983 2199 vel
2008 2148 2243 2215 singulas
2284 2154 2462 2202 urbes.
2494 2150 2749 2203 Conversi
2780 2149 2919 2202 enim
2946 2151 2995 2202 in
3026 2166 3206 2203 arcum
3235 2165 3453 2219 pravum

1899 2244 1955 2288 et
1986 2250 2289 2303 perversum
2321 2236 2505 2306 (Paul.
2556 2254 2763 2301 Lxxvtt,
2808 2240 2945 2306 57),
2988 2250 3142 2307 atque
3186 2240 3457 2293 irritante:

1902 2326 2066 2379 Demn
2097 2327 2161 2378 ad
2185 2341 2346 2394 aquas
2368 2327 2801 2381 contradiCtionis
2822 2330 2839 2397 (
2856 2327 2999 2382 Psal’.
3026 2344 3108 2392 εγ,
3136 2328 3249 2397 52),
3266 2331 3453 2380 famem

1902 2419 2237 2485 patiebantur
2263 2428 2319 2471 ut
2346 2434 2506 2472 canes
2550 2417 2729 2485 (Paul.
2764 2432 2919 2479 Lvnt,
2964 2421 3017 2486 7,
3057 2405 3189 2489 l5),
3244 2435 3348 2473 tlott
3399 2430 3456 2471 ut

1902 2510 2243 2563 comederent
2269 2524 2478 2577 panem,
2503 2508 2597 2563 sed
2621 2520 2673 2561 ut
2704 2509 2963 2562 infensam
2994 2510 3276 2573 sentirent,
3297 2524 3455 2577 quant

1904 2610 2247 2666 negaverant,
2272 2599 2607 2652 Trinitatem.
2635 2599 2739 2651 Alii
2768 2599 2942 2651 diffusi
2976 2615 3066 2666 per
3090 2613 3335 2668 campos,
3358 2598 3455 2652 abi

1902 2700 2107 2742 secreta
2157 2691 2408 2742 silvarum
2458 2691 2733 2758 petebant;
2765 2690 3005 2759 antiquas
3037 2692 3238 2743 radices
3266 2690 3455 2743 herba-

1902 2796 2017 2834 rum
2040 2821 2054 2843 ,
2100 2783 2180 2834 vel
2218 2782 2528 2850 quisquilias
2564 2781 2766 2848 aliquas
2791 2781 3444 2849 requirentes:Nonnulli,

1900 2887 2021 2925 eum
2045 2872 2204 2925 domo
2236 2883 2529 2925 niterentur
2550 2872 2749 2939 egredi,
2779 2870 2831 2923 in
2857 2873 2971 2936 ipso
2996 2872 3177 2922 limine
3204 2858 3455 2923 eorrueo-

1903 2972 2016 3025 tes,
2052 2965 2358 3016 catervatim
2407 2962 2547 3015 fante
2590 2962 2888 3014 debellattte
2935 2960 3225 3020 cadebant;
3281 2971 3457 3011 strnue

1908 3066 2038 3103 vero
2073 3052 2157 3103 vel
2202 3052 2404 3104 semita:
2432 3050 2776 3104 cadaveribus
2805 3052 3049 3117 repletae,
3098 3050 3456 3103 exhalantium

1905 3142 2073 3194 fetore
2102 3154 2426 3193 mortuorunt
2449 3180 2463 3203 ,
2502 3140 2803 3208 gradientes
2835 3141 2983 3193 vivos
3013 3141 3154 3191 omni
3200 3154 3261 3192 ex
3312 3148 3460 3206 patte

1904 3228 2181 3281 necabaut.
2212 3228 2317 3281 nec
2345 3229 2565 3280 deerant
2593 3227 2827 3294 quatidie
2858 3230 3053 3293 ubique
3080 3228 3459 3295 exspirantium

1904 3320 2109 3385 funera,
2142 3332 2192 3372 et
2224 3336 2325 3372 non
2350 3328 2464 3371 erat
2484 3319 2649 3373 virtus
2669 3357 2687 3383 ,
2718 3334 2837 3386 qua:
2868 3318 3223 3371 miserationis
3253 3321 3459 3385 impen-

1903 3412 2052 3463 deret
2095 3412 2439 3478 sepulturam.
2466 3408 2647 3476 Neque
2670 3408 2812 3461 enim
2852 3409 3185 3461 sufllciebaut
3208 3409 3273 3457 ad
3303 3402 3459 3473 s'epe-

1905 3502 2137 3555 liendum
2160 3504 2258 3554 vivi
2285 3540 2299 3564 ,
2327 3504 2463 3554 fatue
2484 3501 2821 3561 dominante,
2846 3510 2898 3552 et
2927 3499 3023 3567 ipsi
3053 3509 3167 3565 post
3192 3498 3458 3563 paululum
3528 3560 3533 3563 μ

1906 3590 2167 3645 morituri.
2212 3589 2507 3656 Cupiebant
2556 3589 2745 3657 singuli
2788 3589 3083 3641 libertatem
3131 3602 3280 3640 suam
3329 3589 3461 3639 ltili)-

1905 3696 2129 3748 ruutque
2159 3694 2377 3731 suorum
2408 3691 2677 3746 perpetua:
2707 3677 2947 3730 servituti
2973 3678 3211 3742 redigere
3232 3717 3246 3742 ,
3280 3688 3328 3728 et
3359 3692 3461 3728 oou

1905 3781 2151 3844 poterant
2198 3772 2456 3824 invenire.
2509 3773 2710 3822 Montes
2738 3779 2789 3820 et
2820 3768 2983 3820 colles
3005 3806 3019 3831 ,
3052 3767 3237 3834 platea:
3283 3764 3462 3818 citita-

1907 3874 2015 3914 tuttt
2039 3899 2054 3925 ,
2093 3864 2189 3913 via:
2216 3860 2297 3912 Vel
2326 3863 2530 3911 semita:
2554 3873 2714 3909 unum
2738 3856 2983 3909 omnibus
3006 3860 3241 3908 fecerant
3270 3855 3460 3920 ubique

1902 3954 2225 4016 sepulcrum,
2258 3949 2447 4014 quibus
2478 3947 2651 3998 inedia
2680 3944 2972 4011 depasccns
3016 3944 3364 4010 denegaverat
3390 3943 3462 3994 vi-

1903 4047 2066 4091 ctum.
2106 4038 2322 4088 \‘andah
2368 4045 2543 4088 autem
2578 4034 2705 4102 ipsi,
2748 4048 2879 4101 quos
2910 4044 2961 4086 et
2992 4037 3137 4108 prius
3168 4034 3460 4100 frequentia

1903 4129 2183 4181 multarum
2213 4124 2604 4193 provinciarum
2629 4124 2820 4191 spolia,
2844 4133 2895 4176 et
2923 4121 3091 4192 {Coll}.
3128 4123 3176 4185 l,
3206 4120 3461 4191 recentia]

1903 4220 2128 4273 retentio
2161 4217 2349 4269 Africa:
2374 4215 2543 4283 primo
2566 4215 2798 4269 fecerant
2820 4216 3029 4279 divites,
3062 4214 3258 4279 majore
3286 4214 3460 4278 inopia

1907 4310 2303 4377 torquebantur.
2338 4306 2399 4359 Et
2447 4317 2643 4373 quanto
2689 4307 2787 4359 ειὺί
2828 4304 3139 4357 videbantur
3178 4318 3454 4355 servorum

1905 4402 2207 4469 aggestione
2239 4398 2484 4464 superbi,
2533 4408 2677 4449 tanto
2718 4396 2941 4462 amplius
2976 4395 3289 4446 deliciebant
3324 4392 3459 4445 fame

1907 4499 2185 4558 torquente
2224 4490 2435 4542 defecti.
2481 4489 2665 4542 Nullus
2706 4488 2899 4553 liliutn,
2934 4487 3107 4539 nullus
3146 4502 3456 4553 cozt;ttgettt,

1906 4583 2079 4632 nullus
2124 4579 2390 4646 proprium
2441 4577 2611 4631 tenuit
2648 4592 2861 4629 servuut
2895 4594 2907 4629 :
2938 4576 3029 4626 sed
3073 4577 3253 4627 exiens
3301 4591 3460 4626 unus-

1906 4672 2157 4737 quisque,
2203 4684 2306 4720 non
2339 4668 2422 4719 ubi
2453 4668 2616 4720 voluit
2642 4667 2735 4719 sed
2784 4666 2868 4718 ubi
2910 4665 3099 4728 valuit,
3148 4677 3236 4719 aut
3284 4669 3458 4717 statim

1904 4762 2119 4824 defecit,
2138 4768 2225 4811 aut
2240 4774 2508 4827 nunquam
2526 4759 2742 4810 omnino
2764 4756 2971 4809 redivit.
2995 4756 3459 4825 Urgebaturettant

1909 4862 2030 4902 tunc
2056 4847 2234 4899 infelix
2265 4846 2543 4899 multitudo
2574 4846 2636 4897 ad
2669 4848 2835 4913 ipsam
2868 4844 3050 4897 urbem
3088 4847 3386 4911 Canhagiu-
3410 4861 3458 4895 tn

1909 4938 2237 5007 congregari.
2282 4937 2345 4989 Et
2386 4937 2509 4988 dum
2539 4936 2662 4989 illuc
2686 4934 2993 4988 catervatim
3026 4936 3195 4985 adhuc
3236 4942 3458 4984 anuuuta

1912 5033 2165 5084 cadavera
2195 5028 2543 5088 conﬂuerent,
2567 5025 2651 5078 ubi
2682 5039 2767 5075 rex
2800 5023 3187 5074 infeiemlarum
3216 5022 3459 5072 lllUllllllll

1913 5122 2041 5175 vidit
2071 5129 2291 5185 strages,
2317 5118 2436 5184 pelli
2463 5117 2590 5167 utbe
2611 5130 2794 5165 omnes
2827 5112 3154 5177 illicitjubet,
3184 5128 3246 5160 ue
3277 5120 3459 5159 conta-

1981 5324 2004 5349 α
2034 5312 2217 5377 Comp.
2249 5323 2297 5366 et
2326 5311 2519 5365 Rhen..
2553 5308 2791 5361 Trinitas.
2827 5307 3127 5368 Lorichius,
3163 5306 3373 5355 divinita
3396 5310 3462 5361 is,

1910 5386 1971 5438 Et
2003 5386 2130 5433 intra
2159 5397 2251 5447 pro
2280 5380 2626 5431 verecundiam
2646 5419 2659 5442 ,
2689 5379 2841 5430 Colb.
2875 5383 2891 5428 l
2930 5377 3081 5447 habet
3124 5377 3458 5431 iracundiam.

1977 5454 2002 5489 δ
2033 5453 2121 5505 Sit:
2146 5446 2345 5514 Optime
2376 5449 2489 5501 Ful.
2524 5452 2590 5500 Λι
2620 5450 2769 5499 uolb.
2814 5450 2831 5498 Ι
2865 5455 2918 5514 et
2953 5446 3103 5497 Urth.
3149 5459 3265 5495 cum
3314 5446 3464 5497 Lori«

1905 5523 2065 5583 chio,
2119 5531 2310 5571 aratra.
2358 5520 2507 5573 Col).
2554 5520 2719 5583 alter,
2765 5513 3055 5575 mendosa,
3103 5525 3279 5579 astra;
3330 5519 3417 5567 alii
3448 5556 3462 5582 ,

1904 5602 2068 5643 castra
2081 5627 2093 5640 .
