3922 6392
466 344 567 399 955

1725 332 2026 388 VICTORIS
2064 332 2361 387 VITENSIS

3622 82 3849 187 τῃ

3544 330 3648 386 9.56

467 456 554 518 gio
583 452 1247 519 deiicientiutu,‘commnne
1276 458 1484 516 pararet
1508 448 1665 500 etiam
1690 454 1716 482 ι
1746 444 1999 499 exercitui
2030 444 2082 502 Α
2110 444 2228 496 talia
2278 452 2651 497 tormentorum
2694 444 2923 506 invenit,
2961 445 3135 512 qualia
3183 460 3278 497 nec
3322 444 3434 511 ipse
3476 453 3498 481 ε
3541 442 3644 496 Με-

470 549 584 607 eius
614 544 928 609 sepulcrum.
957 541 1076 593 Suis
1105 555 1230 607 ergo
1256 539 1536 606 provinciis
1562 546 1615 591 et
1635 535 1877 589 domibus
1904 534 2003 585 sin-

474 635 623 700 gulos
666 636 881 698 imperat
922 630 1178 684 I'CVOCuI‘I.
1207 629 1312 682 Sed
1344 643 1440 681 nec
1469 636 1619 679 erant
1644 624 1730 692 qui
1773 630 2004 677 reverte-

475 732 670 785 rentur,
693 723 812 773 dum
837 722 1054 787 quisque
1076 718 1252 785 utique
1277 719 1597 784 sepulturam
1620 730 1765 765 suam
1792 714 1842 766 iit
1866 714 2007 766 vultu

478 820 725 874 portaret.
761 809 824 861 Et
852 808 1043 859 idcirco
1074 808 1207 859 forte
1237 805 1405 871 major
1435 804 1871 869 rcbaptizatorum
1893 816 2011 866 per-

473 899 600 950 ditio
630 900 789 964 potuit
822 897 1117 964 provenire,
1140 896 1259 962 quia
1281 894 1401 946 dum
1431 890 1750 958 promittitur
1770 890 1837 967 ab
1860 891 2009 942 Aria-

474 990 553 1040 nis
582 988 853 1053 praesentis
882 987 1167 1037 transactio
1194 986 1343 1046 vitaz,
1387 997 1484 1035 nec
1515 982 1640 1035 illud
1669 980 1913 1043 obvenit,
1958 988 2011 1031 et

475 1092 614 1127 mors
658 1090 881 1142 sequens
906 1076 1072 1141 prima
1111 1072 1392 1126 secundam
1427 1071 1693 1136 prawenit.
1725 1069 1780 1121 lu
1813 1079 2007 1121 tantum

474 1164 629 1229 igitur
657 1164 753 1213 sibi
786 1163 874 1214 det
888 1171 1064 1214 astans
1099 1160 1383 1213 vindicavit
1424 1158 1589 1211 fames
1610 1157 1927 1220 dominium,
1958 1166 2013 1209 ut

477 1252 588 1303 loca
620 1251 868 1303 nonnulla
911 1260 963 1302 et
1004 1247 1283 1301 admodum
1313 1247 1593 1313 populosa,
1628 1245 2010 1299 habitatoribus

474 1341 787 1403 exstinctis,
816 1340 920 1393 alto
965 1354 1103 1392 nunc
1142 1338 1381 1407 silentio,
1414 1336 1516 1406 47
1564 1336 1847 1405 parietibus
1886 1336 2012 1389 solis

475 1431 821 1491 exstantibus,
853 1428 1243 1496 conquiescant.

547 1518 727 1569 XVIII.
765 1506 1104 1569 Barbarorum
1148 1533 1327 1569 mores.
1356 1545 1422 1555 —
1452 1514 1555 1568 Sed
1603 1515 1725 1583 quid
1769 1528 1866 1580 ego
1903 1513 2009 1580 jam

476 1609 727 1660 immoror
763 1609 813 1659 in
858 1606 955 1659 hoc
996 1606 1132 1672 quod
1168 1608 1437 1670 explicare
1484 1621 1584 1657 non
1612 1604 1779 1670 queo?
1806 1603 1930 1654 Nam
1960 1610 2014 1655 et

475 1696 517 1745 si
544 1710 678 1746 nunc
704 1701 1067 1761 superessent,
1101 1692 1179 1745 vel
1209 1692 1285 1744 eis
1315 1692 1409 1745 lari
1440 1691 1505 1745 de
1534 1690 1726 1743 talibus
1756 1689 2007 1753 licuisset,

2110 534 2311 586 zentius
2357 534 2671 601 exquisivit?
2726 535 2999 588 Dimicavit
3036 538 3231 586 'cuntra
3292 533 3645 587 innocentiam

2109 625 2366 691 cup'ditas
2394 626 2605 688 luroris,
2637 634 2690 679 et
2714 623 2741 661 ά
2770 626 3003 679 avaritias
3030 624 3333 685 crudelitas,
3360 634 3417 675 ut
3458 633 3511 676 et
3536 625 3645 675 ani-

2110 729 2222 766 mos
2254 715 2523 781 perderet,
2545 722 2598 768 et
2623 714 2961 767 substantiam
2993 713 3325 781 harpagaret.
3352 710 3647 764 Si'collatio

2108 782 2521 867 desiderabatur,
2562 819 2723 870 quare
2760 804 2956 871 rapinze
2980 818 3157 857 rerum
3192 801 3503 864 alienarum,
3544 815 3645 851 non

2110 900 2311 943 tantum
2336 892 2683 955 sacerdotum,
2709 906 2893 945 verum
2924 892 3082 945 etiam
3108 889 3341 943 omnium
3365 889 3648 942 laieorum'!

2111 981 2211 1035 Sed
2262 982 2335 1033 illi
2378 982 2650 1047 exspoliati
2699 983 2852 1034 laetati
2902 991 3056 1047 sunt,
3098 988 3153 1036 et
3196 977 3429 1049 rapinam
3471 993 3643 1032 rerum

2109 1083 2320 1122 suarum
2343 1085 2460 1123 cum
2488 1071 2675 1138 gaudio
2699 1080 3062 1139 susceperunt.

2180 1156 2321 1211 XIX.
2365 1159 2517 1211 Adsit
2538 1158 2644 1225 jam
2677 1174 2855 1226 quasso
2879 1160 3050 1212 omnis
3078 1166 3225 1222 astas,
3268 1162 3441 1215 omnis
3468 1170 3642 1216 sexus.

2110 1249 2383 1317 omnisque
2413 1248 2661 1301 conditio.
2691 1249 2872 1312 Adsit,
2905 1248 3147 1313 obsecro,
3178 1248 3350 1301 omnis
3379 1246 3527 1300 turba
3557 1260 3648 1297 ca-

2112 1336 2287 1389 tltulici
2318 1336 2542 1390 nominis
2565 1353 2579 1388 :
2605 1352 2722 1405 qua:
2765 1338 2965 1405 gremio
3003 1343 3240 1389 materno
3272 1346 3383 1389 toto
3406 1337 3535 1388 orbe
3558 1350 3647 1402 ge-

2111 1433 2300 1488 stator,
2331 1440 2447 1493 quae
2472 1427 2581 1479 sola
2624 1440 2931 1492 germanum
2970 1424 3303 1479 commodare
3342 1423 3483 1477 novit
3521 1423 3647 1475 alle-

2110 1522 2283 1576 ctum,
2309 1530 2425 1581 quaa
2462 1514 2645 1569 didicit
2675 1530 2703 1567 a
2735 1515 2895 1569 Paulo
2922 1515 3172 1581 magistro
3211 1523 3265 1567 et
3301 1511 3647 1582 gaudentibus

2112 1605 2475 1667 collatari,‘et
2514 1619 2631 1656 cum
2676 1604 2970 1671 lugentibus
3011 1602 3290 1655 lamentari
3325 1600 3501 1672 (Rom.
3540 1614 3647 1663 xu,

2116 1696 2223 1761 15).
2255 1695 2579 1747 Conveniam
2611 1694 2764 1746 simul
2794 1694 2858 1747 ad
2888 1693 3099 1745 domum
3138 1690 3301 1744 nostri
3342 1689 3558 1752 doloris,
3596 1697 3647 1741 et

475 1794 528 1836 et
568 1785 816 1837 Tullianae
860 1784 1171 1850 eloquentia:
1211 1780 1397 1834 ﬂuvius
1443 1782 1759 1843 siccaretur,
1806 1788 1859 1829 et
1902 1778 2013 1830 εει.
2042 1773 2088 1830 Β
2119 1784 2327 1851 paribus
2354 1784 2519 1837 oculis
2554 1783 2827 1836 fundamus
2864 1782 3076 1835 ﬂumina
3116 1782 3495 1849 lacrymarum,
3529 1780 3647 1846 quia

476 1875 658 1926 lustius
686 1874 907 1937 elinguis
929 1871 1243 1924 omnimodis
1267 1878 1581 1923 remaneret.
1610 1868 1703 1929 Et,
1731 1876 1788 1918 ut
1812 1867 2011 1919 alienos

476 1960 716 2025 indignos
756 1960 833 2011 rei
867 1967 1021 2011 tantze
1049 1966 1393 2025 praeteream,
1431 1956 1474 2007 si
1515 1954 1852 2008 Cmsariensls
1892 1967 2010 2005 sur-

474 2060 615 2113 geret
650 2048 902 2099 Eusebius
931 2046 995 2097 ad
1032 2048 1128 2098 hoc
1154 2059 1285 2111 opus
1318 2045 1557 2113 idoneus,
1587 2054 1675 2095 aut
1701 2043 1815 2109 ejus
1845 2053 2011 2095 trans-

477 2136 607 2187 lator
630 2134 824 2188 Graeca:
854 2135 1135 2200 facundiaz,
1174 2132 1340 2202 [Lor.,
1368 2131 1685 2203 Latinumque]
1714 2132 2011 2199 Latinisque

477 2224 693 2274 tioribus
725 2222 937 2273 Ruﬁnus
966 2230 1217 2283 ornatus:
1251 2231 1303 2273 et
1344 2222 1463 2287 quid
1511 2223 1707 2273 multa?
1738 2236 1838 2272 non
1880 2222 2009 2272 Am-

477 2310 701 2369 Ιιτυεῑυς,
731 2324 833 2361 non
867 2309 1245 2376 Hieronymus;
1265 2322 1369 2367 nec.
1400 2309 1513 2373 ipse
1541 2317 1721 2361 noster
1748 2308 2010 2361 sufficeret

474 2396 808 2459 Angit-tinus.
844 2397 1019 2447 Audite
1052 2396 1175 2457 Inec,
1212 2411 1380 2447 omnes
1424 2405 1624 2464 gentes;
1665 2394 1869 2446 auribus
1898 2410 2011 2461 per-

472 2486 647 2551 cipite,
680 2500 846 2536 omnes
884 2486 967 2551 qui
992 2479 1227 2536 habitatis
1274 2487 1469 2548 urbem,
1515 2484 1695 2550 quique
1730 2484 2007 2550 terrigenae,

473 2582 518 2621 rt
568 2573 659 2633 ﬁlii
702 2576 985 2637 hominum,
1028 2573 1177 2623 simul
1227 2572 1279 2622 in
1332 2588 1485 2622 unum
1536 2570 1672 2622 dives
1724 2580 1769 2621 ει
1822 2588 2010 2640 pauper

475 2661 641 2728 (Ρδαι.
676 2676 863 2721 XLVIII,
891 2662 963 2727 ί).
994 2660 1234 2713 Nonnulli
1263 2662 1348 2727 qui
1387 2658 1637 2714 barbarus
1674 2661 1918 2729 diligitis,
1957 2674 2010 2715 et

475 2764 565 2799 eos
594 2750 642 2800 iu
680 2748 1165 2801 condemnationem
1194 2760 1420 2802 vestram
1453 2750 1731 2817 aliquando
1768 2751 2007 2813 laudatis,

474 2840 718 2891 discutite
748 2852 934 2890 nomen
954 2876 968 2900 ,
1008 2850 1059 2889 et
1106 2838 1249 2890 intell
1272 2840 1377 2905 gite
1418 2853 1613 2891 mores.
1644 2839 1882 2907 Nunquid
1910 2841 2010 2891 ιιιιο

477 2926 687 2993 proprio
730 2928 940 2978 nomine
987 2927 1199 2979 vocitari
1248 2936 1513 2993 poterant,
1565 2928 1664 2980 nisi
1701 2938 1758 2980 ttt
1802 2926 2009 2982 barbari

475 3015 806 3075 dicerentur;
836 3014 1120 3066 ferocitatis
1161 3002 1357 3081 utique,
1404 3016 1726 3081 crudelitatis
1755 3026 1807 3071 et
1843 3028 2009 3071 terro-

2110 1886 2284 1924 causze
2323 1881 2376 1924 et
2415 1870 2535 1924 lidei
2577 1878 2769 1925 nostra!
2798 1885 2958 1923 unum
2997 1880 3079 1924 est
3114 1870 3398 1936 negotium.
3439 1866 3647 1919 Nullum

2115 1964 2233 2015 volo
2260 1963 2324 2015 ad
2353 1962 2738 2016 condolendum
2771 1978 2974 2015 mecum
3005 1961 3306 2014 hmreticnm
3343 1959 3645 2022 convenire,

2072 2072 2077 2079 ο
2109 2053 2195 2118 qui
2223 2052 2355 2105 forte
2379 2052 2573 2105 addere
2593 2051 2914 2119 concupiscit
2937 2066 3093 2116 super
3115 2051 3347 2104 dolorem
3374 2051 3647 2103 Vulnerutn

2110 2156 2347 2193 meorum
2389 2139 2561 2210 (Psal.
2606 2156 2793 2205 vatn,
2842 2138 2965 2209 9.7),
2995 2150 3048 2193 et
3085 2139 3374 2207 gratulatur
3416 2138 3647 2205 quotidie

2110 2232 2259 2284 malis
2300 2233 2428 2285 meis
2475 2231 2649 2301 (Psal.
2690 2247 2864 2294 xxxrv,
2907 2230 3021 2297 26).
3062 2230 3223 2293 Nolo,
3259 2229 3381 2282 uolo
3422 2242 3520 2295 ego
3558 2243 3635 2282 ex-

2111 2329 2380 2381 traneum,
2419 2320 2511 2373 sed
2545 2323 2833 2374 fraternum
2870 2334 3051 2389 quaero
3085 2318 3365 2371 affectum:
3399 2317 3519 2369 nolo
3547 2316 3645 2369 ali-

2108 2423 2261 2474 quem
2311 2407 2533 2461 ﬁliorum
2580 2408 2904 2473 alienorum,
2948 2422 3166 2475 quorum
3196 2421 3257 2459 os
3299 2406 3528 2458 locutum
3567 2413 3645 2457 est

2112 2498 2420 2561 vanitatem,
2470 2506 2525 2551 et
2580 2497 2790 2551 dextera
2848 2512 3028 2550 eorum
3074 2496 3291 2550 dextera
3346 2493 3637 2562 iniquitatis

2112 2584 2278 2654 (Psul.
2316 2601 2503 2649 cauti,
2544 2585 2598 2654 8)
2633 2604 2644 2637 :
2696 2586 2815 2652 quia
2863 2585 2951 2638 lilii
3000 2584 3154 2638 alieni
3196 2598 3405 2649 semper
3443 2582 3643 2635 mentiti

2109 2686 2230 2727 sunt
2270 2676 2424 2737 mihi,
2463 2675 2551 2743 qui
2593 2677 3014 2727 inveteraverunt
3061 2681 3116 2726 et
3154 2669 3573 2724 claudicavrrunt
3615 2686 3643 2721 a

2109 2764 2308 2815 semitis
2350 2763 2457 2814 suis
2502 2762 2666 2831 (Psal.
2696 2776 2797 2814 xvu
2820 2800 2835 2825 ,
2865 2760 2977 2828 46).
3017 2760 3104 2813 Isti
3146 2760 3324 2812 dicunt
3355 2758 3480 2811 milii
3511 2772 3643 2823 quo-

2112 2850 2234 2903 titlie
2260 2866 2271 2901 :
2309 2848 2404 2902 Ubi
2429 2860 2500 2901 est
2531 2848 2663 2901 Deus
2700 2859 2814 2900 tuus
2846 2848 3009 2915 (Psal.
3040 2863 3125 2901 xu
3147 2888 3161 2911 ,
3192 2846 3285 2913 4)?
3311 2846 3433 2898 dum
3461 2845 3645 2907 afﬂigi-

2111 2947 2196 2991 tur
2218 2939 2435 3006 populus
2462 2940 2692 3004 pretioso
2712 2936 2842 3005 Agni
2862 2936 3111 3002 sanguine
3130 2942 3480 3001 comparatus.
3509 2932 3645 2984 Inter

2108 3040 2329 3094 quorum
2376 3026 2655 3094 opprobria
2702 3039 2801 3093 ego
2842 3024 2905 3077 ad
2954 3024 3155 3091 ﬂagella
3205 3031 3417 3089 paratus
3463 3019 3655 3089 (Paul.

476 3104 546 3153 ris
574 3102 879 3154 vocabulum
908 3102 1266 3168 pOSsitlcntes?
1296 3104 1435 3167 Quos
1460 3106 1873 3173 quantiscunque
1895 3121 2010 3158 mu-
2036 3103 2079 3163 C
2113 3128 2319 3176 xxxv",
2352 3113 2458 3179 18),
2491 3120 2702 3166 cantare
2730 3127 2831 3163 non
2860 3111 3056 3164 desisto
3087 3110 3305 3163 Domino
3332 3108 3643 3174 ﬂagellanti:

478 3193 692 3241 uer-tius
724 3191 933 3252 foveris,
973 3191 1384 3258 quantiscunque
1412 3194 1679 3246 delinieris
1705 3196 2004 3263 obsequiis?

476 3276 548 3327 illi
604 3278 739 3329 aliud
790 3279 1056 3339 nesciunt,
1110 3280 1208 3331 nisi
1256 3280 1489 3333 invidere
1538 3280 1562 3317 δ
1612 3284 1901 3334 liontanis:
1954 3291 2009 3335 et

476 3375 720 3431 quantum
750 3369 813 3417 ad
859 3381 1037 3418 eorum
1079 3370 1260 3418 attinet
1298 3371 1641 3433 voluntatem,
1675 3387 1884 3436 semper
1912 3387 2008 3423 cu-

480 3457 623 3520 piunt
657 3454 987 3520 splendorem
1016 3465 1069 3506 ct
1100 3470 1264 3521 genus
1294 3458 1509 3509 liomani
1541 3462 1766 3512 noutiuis
1791 3463 2009 3514 obnubi-

479 3541 607 3603 larc,
641 3557 736 3593 nec
768 3542 930 3593 ullttttt
964 3545 1314 3596 liomanurutn
1360 3547 1571 3596 omnino
1609 3547 1907 3600 desiderant
1937 3552 2009 3602 vi-

483 3643 623 3678 vere.
658 3629 722 3679 Et
752 3629 835 3678 ubi
866 3629 1033 3681 adhuc
1068 3642 1357 3684 noscuntur
1395 3649 1607 3699 parcere
1635 3636 1912 3702 subjectis.
1945 3640 2009 3691 ad

481 3716 725 3767 utendum
770 3718 995 3770 servitiis
1029 3720 1233 3773 illorum
1275 3733 1515 3787 parcunt;
1550 3739 1665 3776 naut
1707 3726 1903 3779 nullum
1933 3728 2011 3780 di-

481 3805 716 3855 lexetuut
753 3805 1033 3872 aliquando
1074 3807 1444 3863 Romanorum.
1474 3812 1527 3865 Si
1568 3813 1836 3880 disputare
1879 3821 2009 3871 nite—

482 3894 629 3944 IlﬂlUI‘
660 3895 928 3948 nobiscum
950 3897 1013 3949 de
1041 3898 1139 3951 lide
1169 3900 1382 3953 barbara
1418 3902 1683 3969 ferocitas,
1712 3917 1765 3958 et
1794 3906 2007 3962 lueresis

480 3984 671 4034 Ariaua
701 3984 1077 4039 rationabiliter
1101 3988 1406 4055 disputaret.
1435 3992 1535 4045 Sed
1572 3995 1778 4061 quando
1810 3996 1901 4065 (al.
1934 4008 2009 4050 te-

481 4069 611 4137 nuit]
644 4081 783 4124 tenet
813 4073 1098 4137 rationem,
1129 4092 1241 4141 qua:
1262 4093 1291 4129 a
1322 4078 1472 4133 Patre
1502 4081 1606 4133 Deo
1629 4082 1788 4135 Deum
1821 4084 2005 4138 Filium

479 4169 683 4222 separat
718 4160 1277 4226 SalvatoremiQuare
1307 4167 1439 4220 dolis
1481 4178 1534 4221 et
1573 4171 1849 4225 calumniis
1886 4188 2009 4241 cge-

480 4259 620 4303 rnnt,
650 4260 701 4298 et
729 4250 865 4300 velut
911 4252 1123 4315 spiritus
1154 4257 1499 4317 tempesmtis,
1543 4260 1765 4321 procella
1806 4262 1883 4311 sui
1922 4262 2005 4311 l'u-

481 4340 609 4387 toris
639 4346 800 4390 tntum
831 4344 1133 4394 subvertere
1173 4345 1478 4394 voluerunt?
1502 4344 1556 4396 Si
1591 4346 1873 4411 disputatio
1912 4364 2005 4401 ne-

2110 3205 2311 3257 Amuve
2341 3218 2369 3255 a
2407 3217 2491 3257 me
2522 3202 2720 3271 ﬂagella
2759 3210 2843 3253 tua
2875 3199 3053 3270 (Psal.
3085 3208 3282 3253 xxxvut
3304 3239 3318 3262 ,
3347 3199 3481 3265 ll),
3520 3200 3643 3264 quia

2111 3307 2209 3359 ego
2254 3291 2451 3355 defeci,
2499 3308 2599 3343 non
2649 3304 2676 3341 a
2723 3289 3023 3342 fortitudine
3071 3302 3253 3341 manus
3304 3298 3439 3351 tum,
3480 3286 3573 3340 sed
3616 3302 3644 3338 a

2111 3381 2478 3447 persecutione
2507 3378 2723 3439 haeresis
2751 3376 2980 3429 Arianae.
3011 3375 3300 3429 Adveniaut
3325 3375 3479 3443 igitur
3510 3389 3645 3426 nunc

2111 3482 2291 3519 omnes
2320 3468 2404 3533 qui
2436 3481 2637 3519 mecum
2666 3462 2898 3532 ang’ustze
2933 3464 3041 3532 48
3067 3464 3164 3516 via:
3192 3476 3410 3532 carpunt
3449 3464 3567 3528 iter,
3594 3472 3645 3514 et

2113 3566 2323 3621 propter
2358 3540 2522 3605 vrerba
2564 3553 2813 3605 labiorutn
2861 3552 2951 3604 Dei
2994 3551 3294 3604 custodiunt
3340 3553 3448 3602 vias
3489 3552 3647 3602 duras

2112 3643 2278 3708 (Psal.
2301 3658 2404 3705 xw,
2427 3640 2569 3702 4),et
2584 3643 2786 3694 videant
2804 3641 2845 3693 si
2866 3648 2946 3693 est
2964 3640 3133 3701 dolor,
3157 3640 3292 3691 sicut
3308 3641 3458 3691 dolor
3475 3655 3642 3689 incus.

2115 3730 2361 3793 Quoniam
2417 3730 2739 3781 vindemialus
2793 3743 2904 3779 sum
2962 3728 3011 3777 iu
3064 3726 3145 3778 die
3203 3727 3389 3793 furoris
3443 3726 3645 3776 Domini

2113 3819 2318 3887 (Tltren.
2350 3835 2397 3881 I,
2427 3821 2535 3885 12),
2582 3826 2881 3881 aperuerunt
2918 3833 3065 3886 super
3092 3832 3168 3867 me
3195 3832 3249 3868 os
3292 3832 3437 3867 suum
3476 3831 3645 3866 omnes

2110 3909 2295 3961 inimici
2326 3910 2450 3969 mei,
2481 3908 2798 3959 sibilaverunt
2826 3915 2873 3957 et
2897 3909 3199 3973 fremuerunt
3224 3904 3482 3966 dentibus;
3507 3904 3645 3955 diu-

2109 4006 2271 4049 runt:
2307 3997 2657 4048 Devorabimus
2698 4010 2823 4045 eain.
2860 3993 2935 4045 En
2979 3994 3075 4045 ista
3121 4003 3193 4044 est
3236 3994 3338 4043 dies
3367 4007 3516 4057 quam
3553 4007 3639 4043 ea:-

2107 4087 2483 4153 speclabamus:
2512 4086 2805 4147 invenimus,
2830 4082 3038 4136 vidntus
3066 4080 3275 4149 (Threu.
3298 4095 3351 4146 tt,
3381 4080 3485 4146 l6).
3507 4080 3642 4131 Ade—

2107 4186 2263 4235 stote,
2290 4177 2456 4240 angeli
2490 4176 2575 4227 Dei
2603 4174 2734 4235 mei,
2758 4176 2843 4240 qui
2874 4188 3137 4241 nunquam
3158 4173 3356 4226 deestis
3371 4173 3641 4225 constituti

2110 4265 2159 4315 in
2202 4263 2488 4314 ministerio
2530 4273 2723 4323 vestro,
2767 4271 2976 4327 propter
3018 4276 3108 4312 eos
3145 4262 3234 4327 qui
3274 4262 3636 4313 ltmredttatcm

2109 4349 2370 4417 capessuri
2418 4358 2532 4399 sunt
2590 4357 2799 4399 acterna:
2845 4347 3027 4397 saliuis
3074 4347 3267 4413 (Hebr.
3318 4363 3368 4410 ι,
3417 4348 3551 4421 1-4),
3588 4360 3640 4400 et

481 4428 701 4477 cessaria
743 4430 905 4480 fuerat
940 4431 1281 4498 episcopalis,
1313 4446 1474 4497 quare
1517 4436 1814 4499 suspendia,
1846 4452 2007 4503 quare
2033 4424 2085 4480 Β
2112 4443 2280 4493 videte
2309 4439 2532 4492 Africam
2564 4446 2753 4497 totam,
2783 4436 2972 4486 dudum
3005 4446 3260 4487 tantarum
3300 4437 3637 4489 ecclesiarum

482 4514 645 4575 ignes,
673 4529 831 4579 quare
868 4519 1068 4583 ungula:
1110 4520 1265 4571 simul
1308 4529 1359 4571 et
1395 4522 1615 4572 cruces?
1641 4524 1811 4587 Quare
1857 4528 2010 4577 Aria-

482 4618 664 4652 norum
709 4607 1003 4671 serpentina
1051 4611 1220 4673 proles
1262 4616 1442 4661 contra
1485 4610 1788 4667 innocentes
1818 4630 2007 4682 genera

550 4778 572 4803 ⁸
605 4768 873 4820 Loricbius
892 4809 905 4832 ,
941 4782 1132 4832 pararet
1154 4773 1301 4822 etiam
1331 4771 1463 4833 suis,
1490 4772 1582 4824 sibi
1607 4792 1797 4842 quoque
1834 4784 2002 4850 ορριιι.

484 4854 635 4888 ῐνιιηι.

550 4904 573 4939 ι)
610 4906 656 4955 [ἰ
680 4914 727 4980 st
758 4906 923 4981 varias
948 4904 1640 4983 barbarorumirruptiones,
1672 4928 1788 4967 cum
1816 4919 1867 4968 in
1901 4918 2007 4983 ple-

484 4973 905 5046 rquueintperii,
938 4975 1255 5046 potissimum
1291 4975 1663 5046 occidentalis,
1696 4973 2005 5046 provinciis,

484 5040 683 5109 Ικηιιιίπί
714 5040 863 5091 simul
895 5050 945 5092 et
989 5044 1182 5108 antiqui
1215 5042 1416 5108 populi,
1452 5058 1580 5109 quos
1622 5040 1741 5103 olm)
1789 5040 2005 5105 Romani

483 5108 908 5173 rubjugaverant,
942 5110 1181 5171 permixti
1214 5118 1420 5169 es~«-nt,
1454 5108 1563 5164 ntus
1595 5116 1804 5169 invaluit
1842 5131 1896 5171 ut
1923 5123 2004 5173 isti

486 5176 717 5238 Rontaui,
750 5177 833 5227 alii
864 5175 1075 5225 Barbari
1103 5179 1511 5242 appellarentur,
1547 5183 1610 5231 ita
1643 5194 1697 5237 ιη
1723 5188 1854 5238 nulla
1879 5189 2004 5239 llur-

485 5244 864 5315 barivocabnlo
896 5246 981 5315 ulli
1013 5245 1149 5315 irrog
1172 5256 1328 5296 .retur
1360 5246 1566 5312 injuria,
1599 5255 1733 5315 quod
1754 5270 2003 5307 ecum”-

485 5314 560 5359 riu
590 5310 768 5363 honori
815 5313 1071 5364 ducebant
1116 5313 1179 5373 ii,
1218 5314 1303 5377 qui
1353 5310 1628 5379 nunqttaur
1659 5320 2003 5374 ιζςιιηηιιοιιηιη

481 5380 603 5438 jugn
623 5381 831 5455 inerant
858 5381 1066 5455 subditi.
1104 5380 1246 5431 Unde
1279 5380 1651 5455 Tlteoduritus,
1675 5388 2010 5455 Ostrogothu-

488 5460 599 5520 ψη)
623 5446 671 5495 in
702 5449 842 5520 italia
874 5464 979 5504 ret.
1012 5450 1150 5520 lege:
1178 5464 1268 5513 pro
1296 5449 1533 5520 barbaris,
1569 5452 1617 5503 id
1642 5446 1718 5507 est
1746 5446 1857 5508 sua;
1882 5475 2007 5517 geu-

490 5514 553 5584 tis
582 5514 961 5587 linittinibus,et
987 5514 1081 5577 pro?
1107 5516 1360 5587 Romanis,
1384 5518 1609 5582 antiquis
1635 5524 1829 5575 sriliCet
1853 5514 2008 5578 Italia!

490 5580 689 5640 incolis,
723 5583 852 5632 tulit.
892 5586 1035 5635 l‘lura
1069 5602 1123 5637 ea
1153 5585 1216 5638 de
1257 5600 1311 5638 re
1343 5580 1575 5652 exetnpla
1617 5593 1735 5644 l'itle
1760 5594 1800 5644 si
1834 5606 2008 5647 vacat.

2109 4532 2287 4583 cuneis
2331 4529 2542 4589 fultam,
2585 4540 2721 4577 nunc
2756 4525 2821 4574 ab
2856 4523 3095 4575 omnibus
3130 4524 3453 4584 desolatam;
3488 4526 3642 4574 tantis

2110 4618 2380 4672 ordinibus
2424 4614 2750 4667 sacerdotum
2778 4620 3045 4672 ornatam,
3078 4612 3231 4661 modo
3271 4612 3535 4662 sedentem
3570 4609 3643 4661 vi-

2107 4781 2240 4847 apud
2270 4779 2585 4831 Hadrianum
2619 4775 2875 4847 Valesium
2908 4779 3038 4832 libro
3064 4797 3109 4833 Vl
3142 4781 3331 4833 [ierunt
3364 4782 3639 4835 Francica-

2110 4845 2223 4902 rum
2246 4849 2377 4919 circa
2402 4847 2656 4919 (medium,
2687 4855 2737 4919 et
2759 4845 2864 4909 jam
2894 4848 2959 4901 de
2985 4852 3079 4902 ltac
3104 4865 3160 4903 re
3198 4851 3387 4919 aliquid
3418 4853 3638 4904 dixmtus

2108 4932 2262 4982 Supra
2293 4914 2427 4985 (Col.
2459 4916 2577 4985 lilii,
2610 4929 2661 4985 tt.
2693 4914 2762 4979 οι).
2824 4933 2829 4938 ’

2182 4996 2204 5022 ε
2240 4981 2329 5036 llic
2362 4983 2455 5034 fuit
2482 4981 2868 5049 Tyrrhenorum
2898 4999 2985 5035 rex
3006 5023 3020 5047 ,
3060 4986 3125 5037 ob
3151 5000 3402 5038 summam
3434 4988 3482 5039 in
3514 4986 3639 5039 deos

2109 5064 2163 5107 et
2205 5052 2442 5103 homines
2490 5050 2801 5114 impietatem
2850 5050 3096 5104 famosus.
3140 5056 3263 5104 (lum
3295 5071 3419 5108 vero
3462 5075 3485 5103 ιι
3534 5058 3640 5105 suis

2113 5124 2288 5183 pulsus
2318 5136 2344 5171 e
2373 5134 2529 5184 regno
2562 5117 2769 5176 luisset.
2799 5118 2974 5170 Turno
3002 5122 3257 5174 adversus
3286 5124 3501 5175 Aineam
3534 5123 3640 5172 be:-

2112 5192 2213 5241 lum
2243 5188 2444 5254 gerenti
2469 5184 2685 5255 adhaesit
2705 5225 2729 5255 ,7
2750 5187 2798 5237 in
2823 5203 2925 5255 quo
2948 5190 3012 5239 ab
3039 5192 3221 5242 eodem
3245 5191 3409 5242 Aﬂnea
3440 5192 3531 5242 luit
3554 5206 3639 5240 oe-

2110 5252 2275 5318 cisus,
2309 5264 2363 5306 ttt
2393 5263 2567 5306 narrat
2596 5252 3110 5321 VirgilittsV/Eneidos
3150 5260 3280 5309 libro
3324 5275 3377 5311 ι.
3409 5260 3639 5310 Meminit

2110 5337 2161 5375 et
2194 5325 2386 5376 Plinius
2420 5323 2508 5373 lib.
2536 5336 2643 5382 xlv,
2670 5338 2785 5389 cap.
2817 5326 2901 5383 ll,
2936 5325 3167 5377 Mezentii
3201 5328 3419 5379 Etruriae
3444 5328 3577 5391 τηνεί,
3608 5343 3635 5375 a

2114 5393 2346 5443 Varrone
2387 5391 2655 5442 memorati
2680 5428 2693 5449 ,
2727 5407 2877 5456 quem
2922 5394 3119 5445 ltutuits
3150 5394 3397 5447 adversus
3426 5395 3636 5447 Latinos

2114 5462 2208 5511 sub
2233 5459 2332 5509 vini
2364 5458 2603 5509 mercede
2630 5460 2871 5510 auxilium
2903 5462 3082 5512 tulisse
3106 5463 3283 5513 rel‘ert.

2184 5526 2205 5560 ἀ
2232 5529 2314 5577 Sic
2343 5527 2560 5590 Conth
2588 5526 2693 5585 alii,
2717 5529 2921 5577 avaritia
2942 5529 3266 5579 crudelitatis.
3294 5527 3429 5581 ltletn
3451 5529 3630 5593 Comp.

2116 5610 2229 5647 cum
2264 5594 2521 5655 Loricbio,
2554 5609 2644 5657 pro
2672 5596 2965 5660 harpuguret
2993 5595 3143 5648 habet
3169 5598 3427 5661 arriperet.
