3912 6432
196 354 286 405 2)7

1136 348 1221 402 DE
1260 348 1767 404 PERSECUTIONE
1807 349 2183 404 VANDAUCA
2228 352 2350 405 LIB.
2400 353 2462 404 ν.

3291 354 3393 406 2.33

194 466 342 517 duam
369 471 423 515 et
466 460 746 528 ahjcetam.
778 469 803 497 ⁶ι
831 458 1139 514 Sacerdotes
1181 460 1294 527 ejus
1332 472 1385 514 et
1424 462 1658 514 seniores
1690 462 1738 513 iu
1769 465 1817 521 Α
1844 464 2099 516 cendcnte
2132 465 2181 515 in
2214 465 2360 516 vobis
2408 465 2647 529 Domino,
2681 476 2735 516 ut
2774 464 2893 532 equi
2936 464 3247 517 velocissimi
3278 482 3397 521 cur-

196 553 413 613 desuriis
454 552 584 604 locis
611 562 665 605 et
693 550 876 603 insulis
917 549 1221 602 defecerunt
1245 593 1259 616 ,
1302 550 1588 616 qumrendo
1638 552 1738 603 sibi

198 658 343 697 escas
365 643 430 695 ad
462 640 906 705 manducandum,
936 653 989 695 et
1018 657 1120 693 nou
1151 641 1425 694 inveniunt
1456 642 1669 709 (Thren.
1705 658 1739 704 t,

200 735 308 801 19).
340 732 681 785 Considerate
705 741 757 784 et
786 732 955 782 videte
986 732 1102 799 quia
1137 730 1260 783 Sion
1288 731 1475 782 civitas
1518 732 1605 782 Dei
1651 746 1743 780 no-

199 823 287 876 stri
322 824 455 875 laeta
484 829 566 874 est
599 819 745 881 vilis,
775 820 905 871 facta
936 818 1081 885 quasi
1112 818 1307 884 polluta
1347 820 1627 870 menstruis
1658 819 1737 869 iu-

200 926 278 965 ter
318 913 556 965 inimicos
592 925 714 962 suos
741 908 951 977 (Tlireii.
978 925 1023 972 t,
1064 909 1155 971 ll,
1194 909 1300 977 17).
1350 910 1554 962 Manum
1598 924 1743 960 suain

202 1002 342 1054 misit
374 1001 536 1052 hostis
565 998 629 1050 ad
656 1000 829 1049 omnia
874 998 1243 1049 desiderabilia
1286 998 1419 1065 ejus,
1453 999 1572 1062 quia
1620 997 1748 1048 vidit

201 1101 383 1159 gentes
434 1088 714 1151 invadere,
756 1096 809 1140 et
855 1088 1051 1154 ingredi
1102 1088 1229 1140 atria
1275 1103 1400 1151 sua,
1447 1090 1510 1139 de
1560 1087 1749 1153 quibus

203 1194 525 1247 prxceperas
552 1194 617 1231 ne
654 1179 927 1230 introirent
969 1180 1242 1231 ecclesiam
1285 1189 1424 1230 tuam
1460 1177 1669 1245 (Titi-en.
1701 1192 1743 1239 t,

207 1269 323 1337 11)).
358 1270 465 1320 Viae
502 1268 615 1335 ejus
660 1268 867 1334 lugent,
902 1283 966 1320 eo
1012 1268 1149 1335 quod
1187 1284 1341 1320 nemo
1382 1268 1655 1318 conveniat
1698 1268 1747 1317 in

202 1358 287 1412 die
319 1342 474 1412 l'esto.
508 1358 761 1425 Egressus
794 1366 876 1408 est
913 1372 941 1408 a
985 1356 1115 1409 facie
1158 1358 1270 1423 ejus
1299 1357 1473 1407 omnis
1502 1357 1659 1407 decor
1698 1364 1750 1407 et

202 1449 401 1503 delicia:
430 1448 642 1517 (Thren.
668 1465 713 1509 i,
737 1453 789 1509 4,
817 1448 870 1512 ϐ)
898 1467 908 1498 :
944 1448 1239 1499 didicerunt
1270 1449 1379 1497 vias
1405 1460 1617 1508 a~peras
1640 1460 1751 1495 am-

206 1540 387 1592 bulare
415 1539 643 1604 virgines
663 1537 796 1605 ejus,
827 1546 877 1587 et
905 1537 1119 1602 juvenes
1143 1536 1277 1602 ejus,
1312 1536 1360 1586 in
1390 1537 1522 1585 aulis
1546 1532 1752 1585 educati

207 1628 668 1689 monasteriorum,
695 1626 936 1677 abierunt
967 1642 1013 1677 in
1042 1626 1391 1689 captivitatem
1425 1625 1749 1687 Maurorum;

207 1720 327 1770 dum
354 1717 555 1783 lapides
578 1714 669 1786 [αι.
697 1713 885 1781 sancti]
910 1714 1190 1766 sanctuarii
1211 1713 1320 1777 ejus
1347 1713 1716 1781 disperguntur
1734 1755 1749 1780 ,

1842 553 2055 604 sitastis.
2080 553 2344 619 Praecipue
2364 562 2436 615 tu,
2457 553 2604 604 beate
2624 552 2795 616 Petre,
2817 570 2975 619 quare
2993 553 3117 606 siles
3139 564 3160 590 ο
3181 570 3273 620 pro
3286 555 3394 605 ovi-

1846 641 1941 692 bus
1961 650 2013 694 et
2028 643 2171 708 agnis
2191 658 2217 693 a
2242 643 2502 693 euminuni
2526 656 2712 707 magno
2728 642 2945 693 Domino
2966 658 3146 709 magna
3168 644 3254 695 tibi
3272 658 3397 695 cau-

1846 732 1946 781 tela
1981 742 2031 781 et
2056 731 2406 783 sollicitudine
2436 731 2810 782 commendatis
2834 730 3007 797 (Joan.
3031 747 3141 791 ut,
3165 734 3398 798 l5seq.)?

1845 818 1922 871 Tu
1951 828 2129 870 sancte
2154 818 2305 871 l’aule
2334 820 2564 889 gentium
2590 820 2855 885 magister,
2877 820 2963 885 qui
2990 820 3054 870 ab
3074 821 3395 873 llierusati‘m

1846 922 2010 971 usque
2036 908 2100 958 ad
2134 907 2394 975 Illyricum
2428 908 2716 972 praedicasti
2749 908 3083 973 Evangelium
3117 909 3395 976 Dei(l{om.

1848 1014 1939 1061 xv,
1961 1000 2067 1064 19),
2084 1014 2340 1065 cognosce
2360 998 2479 1066 quid
2497 998 2709 1049 Vandali
2733 998 2927 1051 faciunt
2952 1009 3003 1049 et
3020 999 3220 1058 Ariani,
3237 1013 3280 1049 ei
3308 999 3397 1049 lilii

1851 1088 1922 1139 tui
1953 1098 2166 1154 gi-nitmt
2194 1088 2418 1155 lugendo
2446 1087 2657 1153 captivi.
2690 1084 2713 1122 ι¹
2743 1088 2820 1139 Tit
2862 1087 2998 1139 Petri
3048 1102 3314 1153 germane,
3346 1096 3398 1138 et

1850 1193 1950 1230 n0ii
1985 1179 2033 1227 iii
2066 1176 2309 1242 paSsione
2337 1176 2535 1241 dispar,
2574 1176 2806 1243 gloriose
2836 1177 3064 1234 Andrca,
3099 1177 3183 1243 qui
3230 1176 3397 1227 inti-r-

1851 1265 2074 1333 pretaris
2103 1266 2286 1326 virilis,
2318 1267 2563 1341 quoniam
2597 1265 2816 1318 viriliter
2850 1268 3061 1317 certasti
3082 1309 3094 1331 ,
3121 1266 3394 1317 considera

1850 1359 2098 1422 gemitum
2128 1356 2359 1408 Africani
2393 1356 2597 1423 populi,
2630 1366 2679 1407 et
2712 1371 2813 1407 non
2845 1356 3116 1422 displiceat
3149 1357 3267 1417 tibi,
3301 1355 3392 1407 sed

1852 1444 2104 1496 interveni
2147 1460 2237 1509 pro
2276 1445 2424 1496 nobis
2467 1445 2529 1495 ad
2569 1444 2751 1496 Deum.
2794 1444 3136 1511 Universiquc
3181 1445 3397 1511 ingenii-

1852 1535 1982 1587 seite
2018 1535 2183 1586 saneti
2214 1536 2369 1587 simul
2403 1550 2495 1602 pro
2528 1535 2677 1587 nobis
2711 1544 2733 1571 ε
2772 1537 3012 1601 apostoli.
3074 1535 3178 1589 Sed
3208 1539 3402 1588 scimus

1853 1622 1971 1690 quia
2018 1624 2285 1691 indignum
2328 1635 2409 1676 est
2439 1624 2585 1675 vobis
2630 1640 2724 1690 pro
2767 1628 2915 1675 nobis
2946 1641 3129 1687 orare;
3158 1627 3273 1691 quia
3309 1626 3401 1677 ista

1855 1730 1971 1779 qua:
1992 1729 2155 1766 eveiie
2186 1725 2276 1766 uiit
2311 1714 2479 1773 nobis.
2511 1714 2699 1766 nonad
2734 1715 3116 1780 probationem,
3142 1716 3404 1777 quomodo

210 1824 309 1860 non
344 1815 543 1858 tantum
582 1807 631 1855 iu
669 1804 923 1868 capitibus
955 1804 1185 1855 omnium
1218 1804 1504 1868 platearum
1538 1802 1745 1873 (Thren.
1782 1797 1826 1855 Β
1851 1806 2065 1868 sanctis,
2096 1806 2184 1857 sed
2217 1805 2366 1857 malis
2398 1805 2599 1859 meritis
2629 1806 2880 1871 supplicia
2909 1805 3258 1857 debebantur.
3293 1805 3395 1857 Sed

212 1912 277 1961 iv,
304 1897 379 1960 1),
407 1892 499 1946 sed
522 1891 678 1945 etiam
704 1892 756 1942 in
787 1891 913 1952 locis
936 1892 1188 1958 squalidis
1218 1893 1569 1946 metallorum.
1595 1893 1760 1947 Dicite

214 1987 318 2038 Deo
347 1994 530 2036 nostro
552 1984 839 2048 suscepturi
860 1982 995 2049 ejus,
1013 1982 1263 2036 liabi-ntes
1290 1983 1528 2037 ﬁduciam
1555 1983 1759 2050 suppli-

210 2073 645 2140 candi,quoniain
673 2073 967 2135 tribulatur,
988 2082 1235 2125 etventer
1261 2074 1397 2125 illius
1426 2077 1663 2127 turbatus
1680 2085 1760 2129 est

211 2179 238 2215 a
262 2164 385 2216 ﬂetu
418 2160 760 2230 ejos(1‘liren.
796 2178 832 2223 ι.
859 2162 981 2231 20);
1014 2166 1133 2230 quia
1162 2164 1296 2216 sedit
1324 2166 1455 2217 inter
1480 2178 1679 2231 gentes.
1709 2176 1761 2219 et

211 2256 446 2321 requiem
461 2267 563 2303 non
579 2250 797 2313 invenit,
817 2266 912 2305 nec
925 2253 1101 2320 estqui
1116 2254 1414 2305 consoletur
1429 2254 1759 2323 eam(Thren.

212 2359 248 2407 i,
271 2345 324 2401 2.
352 2343 429 2409 5).
465 2341 714 2405 Qumsivit
735 2357 764 2392 a
785 2341 810 2377 δ
834 2342 1070 2394 Patribus
1091 2343 1318 2395 Orientis
1348 2344 1432 2409 qui
1464 2344 1615 2396 simul
1636 2359 1763 2396 con-

212 2439 530 2494 tristaielur,
555 2441 737 2493 etnon
766 2431 1284 2495 l'tiit;consolanlem,
1306 2443 1357 2483 et
1383 2448 1485 2485 non
1517 2434 1718 2485 invenit
1744 2448 1759 2485 :
1808 2420 1820 2432 ’

208 2526 329 2573 dum
358 2522 697 2574 nianducmet
717 2522 767 2574 in
787 2538 901 2574 esca
925 2536 1017 2573 sua
1038 2522 1123 2588 l'el,
1145 2523 1266 2595 etin
1285 2523 1368 2575 siti
1386 2538 1477 2575 sua
1498 2534 1763 2590 putaretur

205 2625 355 2667 aceto
390 2614 509 2677 (Ps.
544 2628 684 2670 Lvnt.
715 2613 805 2676 21,
841 2613 956 2677 32).),
997 2616 1171 2680 sponsi
1199 2623 1252 2666 et
1286 2616 1488 2667 Domitii
1534 2618 1613 2668 sui
1648 2632 1757 2681 pas-

208 2705 388 2754 siones
429 2703 707 2762 imitando,
740 2703 825 2768 qui
872 2703 1063 2754 idcirco
1106 2718 1290 2769 passus
1328 2712 1410 2757 est
1452 2721 1546 2772 pro
1576 2722 1665 2770 ea,
1710 2719 1762 2758 ut

202 2801 457 2856 sequatur
494 2790 709 2858 vestigia
737 2791 850 2858 ejus
879 2792 934 2859 (I
963 2790 1075 2845 Pet.
1106 2808 1163 2856 ti,
1185 2793 1297 2861 2l).

272 2878 392 2931 XX.
427 2879 620 2931 Auctor
644 2888 845 2933 sanctos
876 2880 1094 2935 invocat.
1126 2911 1196 2921 -—
1223 2883 1607 2950 Deprecamini,
1637 2901 1761 2937 san-

200 2968 422 3022 ctissimi
469 2969 804 3036 patriarcha,
841 2970 906 3023 de
948 2986 1169 3038 quorum
1205 2972 1369 3039 stirpe
1409 2976 1615 3042 generis
1643 2988 1761 3028 nata

200 3071 280 3113 cst
314 3076 437 3127 qute
468 3073 607 3111 nunc
651 3058 855 3111 laborat
903 3060 953 3112 in
989 3063 1164 3114 terris.
1201 3062 1382 3127 Orate,
1428 3064 1593 3116 sancti
1636 3080 1755 3131 pro-

202 3148 399 3213 phetas,
419 3158 802 3213 cognoscentes
822 3146 1066 3199 afﬂictam
1091 3164 1242 3216 quam
1265 3161 1417 3202 antea
1444 3154 1564 3202 vatii
1584 3152 1758 3204 inante

200 3240 469 3305 przeconio
515 3238 805 3291 cecinistis.
841 3238 1051 3302 Estotc,
1093 3240 1338 3305 apostoli,
1390 3242 1759 3305 suifragatores

199 3328 313 3396 ejus
342 3342 506 3396 quam
556 3334 615 3379 ut
641 3326 1013 3396 aggregaretis,
1058 3327 1362 3381 universum
1407 3328 1622 3394 orbem,
1675 3346 1759 3381 as-

262 3460 375 3528 89
398 3467 423 3493 ε·
444 3457 725 3528 llisverhis
738 3456 916 3528 Yictor
941 3455 1213 3528 episcopos
1233 3458 1661 3528 etpreslivteros,
1683 3460 1753 3510 uti

198 3526 427 3585 videtur.
458 3527 720 3592 designat.
744 3526 1042 3579 Sacerdotis
1066 3538 1253 3577 nomen
1283 3527 1604 3590 frequentius
1633 3530 1754 3579 oliui

197 3596 466 3663 episcopis
497 3610 653 3660 quam
685 3596 1006 3663 pie~hytcris
1031 3596 1376 3655 tribuebatur,
1404 3607 1457 3646 ut
1480 3598 1657 3649 videre
1679 3608 1757 3648 est

200 3662 249 3715 iii
281 3664 563 3715 Gliissario
583 3662 871 3729 (Langiano,
900 3675 948 3715 et
978 3665 1167 3730 passim
1189 3667 1323 3729 apud
1356 3675 1595 3717 aui-tores
1624 3670 1758 3717 auti-

197 3746 349 3798 quos.
382 3733 481 3786 Sic
507 3743 691 3784 auctor
720 3730 851 3784 Vitae
876 3734 1042 3784 sancti
1073 3732 1329 3799 Folgentii
1354 3744 1591 3786 sanetum
1619 3735 1756 3787 hunc

197 3804 363 3854 virum
397 3819 425 3852 ει
460 3800 661 3853 FauSto
691 3804 941 3867 episc0po
968 3802 1329 3867 presbyterum
1362 3803 1521 3855 luisse
1547 3805 1757 3855 ordina-

196 3878 306 3921 tum
341 3871 427 3921 his
451 3870 633 3921 verbis
659 3871 905 3937 exprimit
941 3886 954 3922 ε
1000 3869 1217 3933 Repente
1242 3887 1353 3920 eum
1379 3873 1610 3923 sacerdos
1641 3889 1758 3923 ron-

196 3952 352 3990 serrat
378 3940 747 4006 presbyterum.
776 3939 992 3998 Tamen,
1025 3948 1077 3989 et
1104 3939 1311 4003 quidem
1343 3940 1465 4000 ipsis
1498 3940 1760 4003 prioribus

198 4008 457 4059 Ecclesia:
489 4023 580 4059 stet
601 4009 733 4069 ulis,
762 4006 1051 4057 sacerdotis
1078 4021 1265 4057 nomen
1311 4008 1627 4070 presbyteris
1662 4008 1755 4056 tri-

196 4075 374 4126 huiuui
406 4089 491 4128 est
538 4077 589 4125 in
631 4074 833 4134 Africa,
862 4083 919 4124 nt
946 4074 1121 4123 videre
1152 4083 1232 4123 est
1260 4074 1393 4136 apud
1438 4072 1755 4138 Cyprianum

194 4145 415 4208 epi~tola
447 4144 544 4201 67,
576 4141 703 4191 alias
732 4142 817 4191 68.
865 4142 970 4190 lmo
1000 4140 1219 4203 Optatos
1259 4140 1347 4190 lib.
1380 4154 1393 4190 ι
1424 4140 1672 4191 diaciinos
1705 4140 1758 4192 iu

194 4214 332 4261 tertio
379 4209 669 4259 sacerdotio
712 4209 1003 4259 constitutos
1044 4208 1211 4259 dicit:
1249 4209 1521 4275 episeoliOs
1564 4211 1755 4275 primo,

194 4279 542 4346 presbyteros
583 4281 822 4346 secundo
880 4276 1143 4346 sacerdotii
1204 4277 1364 4345 gradu
1416 4280 1755 4331 concludens.

192 4346 321 4407 Quin
349 4344 399 4398 ei
445 4344 592 4411 apud
629 4346 800 4397 Afros.
835 4344 1080 4407 primates
1109 4344 1299 4410 saepius
1329 4349 1650 4400 vocabantur
1676 4364 1751 4399 ae-

192 4430 294 4473 na,
321 4416 471 4481 quod
507 4427 703 4466 nomen
748 4414 863 4465 aiis
898 4417 1055 4483 etiam
1091 4416 1352 4480 episcopis
1381 4432 1753 4483 nonnunquam

194 4485 532 4545 tribuebant,
572 4490 627 4533 nt
654 4484 721 4533 ob
752 4493 897 4535 e2vat
935 4481 1160 4547 Congius
1189 4485 1238 4536 in
1272 4483 1554 4537 Glossario.
1588 4481 1755 4539 Caste-

194 4566 302 4603 rum
330 4554 447 4604 liarc
483 4554 649 4605 verba
682 4564 735 4602 et
775 4554 1041 4615 sequentia
1082 4553 1190 4604 fere
1234 4555 1405 4605 omnia
1447 4571 1506 4606 ex
1536 4554 1757 4608 Thretiis

195 4635 282 4673 seu
321 4622 827 4675 Laiiientatiouilins
862 4622 1106 4674 Jereniiae
1154 4636 1357 4688 sumpta
1401 4634 1544 4674 sunt.

258 4690 287 4729 δ
315 4692 474 4745 Colb.
512 4696 530 4743 1
582 4700 637 4741 et
668 4689 845 4751 Mam,
888 4689 1130 4751 partibus.
1174 4692 1233 4741 Et
1274 4694 1509 4744 fortassis
1551 4691 1755 4744 melius.

195 4760 317 4811 Nam
343 4800 358 4821 ,
403 4772 460 4811 ut
506 4760 651 4812 infra
691 4758 926 4810 dicemus
956 4759 1006 4808 in
1036 4759 1428 4811 Commentario
1474 4762 1753 4822 historico,

196 4831 386 4892 saepius
412 4829 796 4894 imperatores,
829 4827 1156 4891 potis~imum
1188 4830 1435 4892 Orientis,
1474 4830 1697 4881 Alricum
1730 4844 1759 4881 e

170 4897 548 4948 'harbaroruin
583 4895 826 4945 manibus
854 4896 1056 4955 eripere
1082 4899 1253 4947 conati
1281 4907 1431 4958 sunt;
1461 4897 1551 4949 sed
1586 4902 1757 4949 ineas-

196 4977 305 5013 suiu
339 4978 515 5029 usque
558 4962 625 5013 ad
656 4961 931 5011 Justiniani
966 4971 1217 5029 tempora.
1270 4968 1544 5017 Alricanos
1583 4976 1755 5017 autem

195 5035 256 5082 ab
292 5032 570 5097 episcopis
611 5030 963 5082 Urientaéibus
1000 5035 1247 5083 auxilium
1284 5036 1585 5101 poposcisse
1630 5049 1759 5086 nus-

196 5116 341 5164 quam
378 5101 634 5162 legimus.

266 5179 287 5204 ε
317 5171 430 5219 Non
465 5181 670 5232 quippe
697 5167 869 5231 populi
902 5169 1101 5230 solum,
1128 5170 1219 5221 sed
1255 5180 1305 5223 et
1338 5170 1462 5237 ipsa:
1502 5185 1657 5236 nvos,
1705 5170 1759 5223 id

198 5246 271 5289 est
296 5239 636 5304 pepulortitn
658 5246 896 5304 pastores
932 5238 1065 5287 beati
1115 5240 1247 5290 I’etri
1280 5254 1418 5290 cura:
1466 5242 1761 5291 commissa:

199 5301 329 5357 soni.
370 5301 838 5370 ‘Ainbrosiusdih.
885 5317 913 5353 ι
953 5306 1005 5354 in
1034 5305 1257 5370 Lucam,
1310 5323 1451 5358 num.
1500 5308 1617 5366 176,
1653 5320 1761 5359 1195

202 5372 423 5425 lidelium
458 5372 684 5423 ordines
716 5368 870 5421 Petro
891 5368 1284 5425 commendatos
1328 5376 1487 5427 fuisse
1517 5384 1756 5437 testatur,

203 5446 361 5505 primo
390 5440 620 5508 quidem
650 5454 806 5503 agnos
829 5477 847 5501 ,
885 5442 1111 5491 secunda
1150 5444 1262 5493 vice
1283 5482 1295 5501 ,
1328 5444 1576 5503 oicnlas,
1608 5450 1760 5496 tertio

201 5514 418 5577 denique
446 5525 591 5561 oves.
621 5509 770 5559 Unde
799 5508 1080 5573 conjiciuat
1102 5513 1333 5561 nonnulli
1365 5513 1413 5562 in
1434 5522 1573 5562 testu
1602 5511 1762 5565 Joan-

204 5582 277 5631 nis
321 5595 412 5647 pru
459 5592 599 5647 (oce
628 5577 898 5647 πᾳοβάτια.
932 5593 1069 5647 qua:
1098 5586 1342 5647 secundo
1376 5582 1490 5631 loco
1541 5582 1758 5646 legitur,

205 5641 602 5712 oliiii'scripi‘urn
630 5641 790 5697 luisse
815 5646 1063 5716 πρὸβατα.
1094 5644 1214 5699 litt'c
1239 5656 1410 5699 tamen
1440 5641 1759 5701 18011υἰιιιΙΙο

1861 1902 1911 1947 et
1942 1908 2035 1961 pro
2065 1895 2215 1947 malis
2242 1906 2387 1946 orate
2416 1896 2519 1960 jam
2558 1893 2696 1952 ﬁliis.
2724 1895 2840 1960 quia
2871 1904 2923 1947 et
2960 1893 3199 1944 Christus
3236 1898 3403 1946 oravit

1862 1983 2018 2035 etiam
2052 1999 2145 2047 pro
2176 1984 2398 2035 inimicis
2424 1983 2617 2035 Juda-is
2641 1983 2788 2049 (Luc.
2817 1997 2939 2034 xxiii
2959 2022 2973 2045 ,
3000 1983 3109 2045 54).
3135 1981 3403 2034 Sufﬁciam

1861 2073 2190 2139 castigationi
2221 2089 2335 2137 qua:
2366 2075 2501 2135 jnste
2529 2073 2665 2122 illata
2705 2082 2825 2123 sunt
2863 2073 3029 2134 nobis,
3064 2086 3115 2123 et
3142 2074 3246 2138 jam
3273 2074 3405 2137 jam-

1860 2176 1962 2228 que
1987 2162 2408 2225 delinquentibus
2437 2163 2583 2213 veiiia
2617 2163 2937 2228 postuletur;
2971 2163 3273 2229 dicalurque
3304 2165 3405 2214 Λιι-

1859 2250 1974 2315 gclo
2018 2252 2322 2315 pertUliCllli
2352 2266 2364 2299 :
2399 2248 2630 2307 Sufficit.
2663 2252 2765 2315 jaiu
2799 2252 2983 2303 cohibe
3014 2267 3221 2303 manum
3266 2264 3403 2304 tuam

1862 2337 1911 2404 (Ι
1937 2337 2231 2400 Pandam,
2257 2338 2356 2401 15).
2388 2338 2513 2402 Quis
2544 2338 2745 2403 ignorat
2777 2341 2887 2392 hzec
2919 2341 3067 2392 nobis
3100 2344 3406 2405 probroruui

1863 2441 2157 2486 nostrorum
2194 2436 2390 2486 scelera
2422 2450 2751 2501 pl'OCUt‘aSSt',
2782 2436 3141 2488 oberrantibus
3180 2453 3208 2488 a
3258 2456 3406 2491 man-

1862 2524 1995 2575 datis
2026 2524 2150 2586 Dei,
2180 2534 2231 2577 ct
2259 2524 2310 2576 in
2345 2525 2459 2591 lege
2485 2525 2598 2589 ejus
2621 2524 2915 2577 nolentibus
2943 2528 3209 2579 ambulare
3238 2526 3403 2597 (I’sul.

1863 2628 2062 2674 Lsxvu,
2102 2614 2222 2679 l0)?
2263 2614 2364 2667 Sed
2416 2614 2657 2679 prostrati
2706 2630 2973 2681 rogamus,
3016 2626 3068 2667 ut
3110 2632 3211 2668 non
3259 2627 3410 2683 sper-‘

1865 2704 1998 2753 uatis
2043 2714 2244 2755 vestros
2292 2704 2511 2754 miseros
2559 2703 2577 2738 τ
2616 2714 2949 2768 peccatores,
3006 2718 3096 2769 per
3144 2721 3261 2756 Ctttl
3319 2707 3403 2770 qui

1864 2809 1955 2847 vos
2001 2794 2064 2846 ad
2112 2795 2453 2861 apostolicum
2506 2792 2613 2862 49
2656 2794 2862 2846 culmen
2910 2795 3148 2860 provexit
3188 2795 3407 2848 humiles

1866 2884 2171 2950 piscatores.

1936 2973 2073 3025 ΧΧΙ.
2106 2972 2293 3025 Tenuit
2321 2971 2755 3024 sceleratisdmus
2780 2972 3069 3025 llunericus
3091 2973 3405 3027 dominatio-

1864 3077 1981 3113 nem
2012 3062 2154 3127 regni
2196 3061 2344 3111 anuis
2374 3070 2600 3125 septem.
2637 3061 2904 3113 mensibus
2934 3066 3141 3127 decem,
3191 3069 3405 3118 merito-

1785 3128 1830 3187 Ο
1864 3166 1975 3201 rum
2006 3164 2215 3200 suorum
2250 3158 2273 3194 8
2307 3158 2527 3200 mortem
2572 3164 2963 3205 COliSllllliliﬂlls.
3022 3154 3148 3205 Nam
3181 3162 3409 3222 βαίνει..-

1861 3251 1973 3290 etiis
2010 3246 2059 3290 ct
2098 3237 2353 3288 ebulliens
2392 3238 2674 3301 vermibus,
2722 3256 2822 3291 non
2864 3258 3071 3308 corpus,
3113 3247 3203 3295 sed
3240 3256 3408 3311 partes

1861 3328 2099 3395 corporis
2142 3328 2256 3394 ejus
2309 3327 2547 3379 videntur
2592 3342 2708 3380 esse
2763 3334 2999 3394 sepultm.
3055 3330 3076 3366 δ
3133 3335 3276 3388 Sicut
3322 3339 3407 3390 ille

1861 3460 2039 3511 codice
2084 3474 2180 3509 ius.
2216 3457 2417 3521 nititur,
2448 3458 2633 3509 saltent
2663 3462 2871 3525 cognito
2895 3500 2907 3519 ,
2943 3470 2997 3512 ut
3033 3473 3171 3528 patet
3198 3474 3302 3516 tuin
3332 3483 3397 3518 ex

1864 3528 2093 3581 editione
2118 3528 2296 3593 Regia,
2325 3538 2430 3577 tulit
2463 3544 2524 3579 ex
2548 3530 2855 3581 Uriitiietisi.
2878 3532 3130 3583 (lu-terunt
3158 3545 3261 3585 tres
3290 3536 3406 3586 illos

1862 3599 2049 3671 gradus
2079 3597 2490 3671 interpretantur
2510 3598 2765 3671 nonnulli,
2800 3602 3045 3671 populos.
3075 3605 3409 3671 presliytoios

1860 3678 1912 3719 el
1942 3668 2235 3732 episcopos.
2259 3663 2551 3727 ldeoenitn,
2583 3679 2632 3717 ut
2652 3669 2716 3718 ait
2737 3663 3406 3725 ihide—tnAinbrosiusiiuiii.

1863 3735 1983 3795 175,
2010 3736 2126 3800 quia
2150 3734 2283 3786 soliis
2308 3735 2568 3801 proﬁtetur
2589 3752 2649 3787 ex
2669 3738 2913 3799 omnibus,
2946 3738 3151 3802 Petrus,
3186 3747 3409 3793 omnibus

1861 3809 2155 3875 antefertur.
2202 3803 2273 3875 De
2306 3819 2430 3875 cura
2468 3820 2697 3875 omnium
2732 3809 2883 3875 beato
2916 3808 3067 3859 l‘etro
3104 3816 3405 3875 (ευιιιηιίρετι,

1867 3872 2185 3943 plttraliabet
2204 3872 2599 3943 Bernardnslih.
2619 3888 2650 3923 tt
2673 3875 2735 3923 de
2750 3874 3330 3943 Consideratiiiiie,eap.
3353 3872 3403 3931 8.

1936 3938 1958 3974 ά
1987 3941 2109 3991 llaec
2139 3940 2291 3989 verba
2326 3955 2487 4003 usque
2512 3943 2573 3991 ad
2612 3944 2951 4005 universique,
2978 3946 3161 3995 deSunt
3194 3946 3244 3997 in
3278 3938 3403 3998 nhs.

1860 4006 2009 4058 Colb.
2045 4008 2091 4066 1,
2124 4008 2298 4068 lilart.,
2334 4005 2471 4066 Ful.,
2497 4008 2697 4067 Germ.,
2727 4017 2779 4059 et
2806 4010 2854 4058 iii
2878 4012 3033 4061 editis
3063 4016 3205 4073 Sur.,
3234 4014 3404 4072 Bald.,

1863 4072 2035 4142 Bign.,
2086 4073 2257 4142 0rth.,
2308 4084 2360 4124 et
2388 4075 2581 4142 lielliir.
2627 4074 2822 4126 Tamen
2851 4092 2970 4142 erga
3018 4072 3252 4132 sanctum
3302 4084 3408 4133 Ati-

1858 4140 2036 4192 dreaiu
2083 4140 2329 4207 singulari
2376 4141 2653 4193 devotione
2683 4140 3096 4197 ηπεςιος“1ιιίεεθ
3136 4150 3407 4203 Africanos

1860 4210 2257 4284 eolli_gi_pot_est
2306 4224 2373 4260 ex
2426 4211 2590 4263 veteri
2639 4212 2935 4284 calendario
2980 4216 3405 4284 Carthaginiensis

1864 4278 2133 4353 Ecclesiae,
2164 4278 2212 4329 in
2245 4293 2348 4343 quo
2374 4293 2437 4331 ex
2454 4282 2719 4353 apostolis
2746 4286 2888 4353 soliis
2918 4284 3144 4337 Andreas
3159 4278 3301 4353 {qui
3332 4289 3406 4340 ibi

1788 4379 1834 4437 υ
1861 4351 2117 4437 apostotus
2147 4357 2192 4399 et
2222 4359 2409 4427 martyr
2435 4348 2642 4437 dicitur,
2668 4365 2788 4437 cum
2817 4350 3032 4419 Jacobo,
3060 4348 3248 4420 prteter
3270 4356 3404 4411 forte

1860 4420 2214 4483 apostolorum
2247 4415 2528 4483 principes,
2560 4420 2876 4472 celebratur.

1932 4495 1953 4520 ο
1983 4487 2091 4538 Huc
2133 4485 2463 4554 referendum
2493 4489 2629 4554 quod
2662 4490 2727 4540 de
2754 4489 2890 4541 Afris
2934 4490 3087 4544 habet
3129 4493 3405 4547 Salvianus

1860 4554 1911 4605 in
1944 4554 2089 4608 libris
2115 4556 2180 4606 de
2212 4553 2602 4608 Gubernalione
2637 4556 2744 4619 Dei,
2778 4563 3101 4623 potissimum
3134 4563 3220 4613 liti.
3264 4580 3330 4615 vit
3355 4576 3408 4615 et

1860 4638 1968 4695 viii,
2006 4623 2087 4695 ubi
2113 4637 2293 4675 eorum
2320 4624 2788 4695 depravatissiinos
2812 4641 3015 4687 mores,
3035 4644 3095 4680 ac
3119 4634 3405 4695 praesertim

1863 4692 2121 4742 luxuriain
2142 4730 2154 4752 ,
2205 4693 2620 4757 spectaculorum
2650 4695 2971 4755 aviditatem,
3001 4692 3267 4748 hominum
3304 4702 3408 4751 Deo

1861 4773 2183 4833 sacratorum
2214 4770 2569 4833 contemptum
2594 4763 2813 4833 aliaque
2854 4764 2900 4813 id
2929 4778 3093 4829 genus
3118 4768 3260 4827 vitia,
3284 4769 3404 4833 qui-

1861 4828 1956 4880 bus
1988 4829 2053 4879 illi
2088 4828 2137 4900 in
2183 4842 2313 4900 sese
2346 4829 2483 4895 ipso~
2520 4830 2606 4881 Dei
2640 4828 3357 4886 vindictamcommoverunt
3389 4876 3403 4900 ,

1860 4900 2067 4965 egregie
2095 4897 2337 4965 desi'ribit
2372 4912 2433 4949 ac
2463 4900 2718 4965 deplorat.

1938 4964 1955 5000 ί
1992 4964 2289 5031 chendum
2320 4966 2452 5018 forte
2482 4964 2778 5031 precatam.
2814 4966 2977 5019 Porro
3001 4967 3147 5021 Colb.
3177 4985 3209 5022 t.
3237 4970 3405 5033 Port.,

1860 5032 2061 5094 Germ.,
2112 5033 2249 5097 Ful.,
2304 5044 2355 5086 et
2381 5036 2557 5088 Chilll.
2592 5038 2799 5094 habent,
2832 5049 3150 5102 peccatores,
3192 5032 3407 5091 utilium

1861 5116 1952 5167 pro
1974 5104 2113 5153 nobis
2136 5102 2395 5167 deprecari
2417 5104 2692 5171 dignemini
2720 5120 2799 5164 ουι
2830 5118 2940 5164 vos,
2964 5117 3065 5158 etc.
3440 5120 3445 5129 ‘

1933 5178 1957 5214 ι
1990 5171 2108 5221 Lor.
2171 5172 2322 5222 habet
2378 5185 2533 5223 "torte
2580 5181 2966 5225 consummatus.
3025 5175 3085 5226 Et
3136 5175 3264 5225 infra
3310 5177 3407 5228 soli

1863 5238 2069 5310 Comp.,
2111 5238 2285 5310 0rtlt.,
2314 5249 2367 5310 et
2398 5242 2668 5296 Lorichius
2700 5242 2890 5293 habent
2919 5247 3248 5310 putrefactus.
3298 5244 3409 5296 Cte-

1865 5307 1955 5375 ιριζὶ
1986 5320 2114 5375 mss.
2142 5317 2193 5357 et
2223 5308 2371 5371 editi,
2406 5310 2756 5375 putrefactum.

1935 5372 1960 5408 ¹ι
1995 5374 2138 5431 llunc
2173 5375 2339 5427 locum
2368 5372 2441 5429 sic
2464 5372 2562 5446 ope
2590 5378 2807 5430 Orthod.
2839 5387 2892 5430 et
2914 5378 3138 5430 Lorichii
3176 5380 3406 5431 restitui-

1863 5456 1995 5493 mus.
2036 5446 2085 5492 ln
2134 5452 2343 5513 ea‘teris
2368 5446 2538 5497 nullus
2579 5461 2765 5499 sensus
2806 5456 3037 5512 apparet.
3072 5448 3409 5513 Singulorum

1865 5522 2033 5561 tamen
2065 5512 2302 5584 codicum
2335 5514 2503 5565 lectio
2524 5531 2586 5584 es
2613 5526 2985 5577 repimseutare
3015 5512 3237 5577 liliet,iit
3265 5519 3409 5584 quis-

1863 5595 1962 5653 que
1990 5579 2144 5653 (inde
2174 5594 2229 5630 re
2261 5583 2419 5653 possit
2442 5583 2703 5653 judicium
2730 5585 2884 5653 leire,
2920 5594 2975 5653 ut
3003 5584 3101 5653 sibi
3134 5579 3407 5653 placuerit.

1864 5649 1969 5712 90
1998 5648 2262 5700 Editiones
2289 5650 2756 5711 lthenani,Cliilll.,
2785 5651 2902 5704 Sor.
2957 5652 3087 5714 Bign
3121 5648 3215 5718 ,'ct
3240 5655 3405 5717 Bald.,
