3922 6422
409 353 514 410 318

1377 347 1705 407 APPENDIX
1749 349 1835 402 AD
1877 344 2211 399 VICTOREM
2254 342 2609 397 VITENSEM.

3475 341 3578 399 516

484 464 529 517 1.
557 465 968 518 Auunsassttsts.
996 461 1304 518 Sirmondus
1342 461 1419 515 sic
1456 463 1649 515 habet:
1686 459 1941 511 Liberatus

2054 471 2071 506 s
2111 454 2319 506 Baluzio
2360 464 2676 507 memoratus
2717 453 2848 508 alius
2888 453 2954 507 sit
2996 468 3024 507 a
3062 451 3266 505 Iuliano
3307 469 3335 504 α
3364 453 3579 507 Marcel-

411 532 807 596 Ainudarsensis,
853 547 957 599 per.
999 533 1065 585 At
1101 531 1155 585 in
1193 530 1314 585 eod.
1345 545 1446 584 ms.
1487 528 1836 599 Laudunensi
1862 527 1941 578 sic

415 601 652 663 habetur,
684 594 941 651 Liberatus
985 601 1094 663 prb.
1126 599 1527 652 Amudarsensis.
1571 597 1626 648 In
1655 594 1942 663 Collatione

410 661 652 735 Carthag.
683 668 924 722 editionis
955 661 1181 720 biassoni
1227 666 1338 735 haec
1371 667 1610 730 leguntur
1646 678 1762 735 cap.
1801 661 1939 735 126ε

410 733 577 805 Huius
606 729 873 805 'episcopus
925 735 1132 805 Plenius
1177 729 1581 805 Auvidarsens's;
1628 731 1744 783 alize
1785 729 1938 805 edi_t.,

410 798 819 867 Amudarsensis;
847 819 997 870 quem
1032 804 1199 856 locum
1242 802 1478 853 Baluzius
1507 801 1581 853 sic
1613 798 1937 870 emendavit,

410 871 580 939 Majas
614 867 873 940 episcopus
896 871 1480 940 plebis‘Amudarsrnsis,
1522 868 1757 940 ejusdem
1798 867 1940 940 scili-

407 935 652 992 cet'urbis
679 935 793 1007 quae
827 935 912 993 hic
945 940 995 992 in
1025 937 1218 992 Notitia
1261 944 1595 991 memoratur.
1632 936 1695 986 Et
1730 935 1938 999 quidem

409 1016 530 1077 nota
564 1007 712 1077 142
747 1017 827 1062 est
865 1007 1250 1077 apnd_veteres
1293 1007 1606 1077 gmttdarsa,
1656 1017 1836 1071 quam,
1886 1011 1942 1054 ut

410 1075 548 1128 idem
567 1074 937 1130 Vir—eruditus
977 1075 1253 1138 observat,
1293 1074 1601 1126 Ptolemmus
1648 1079 1701 1122 et
1740 1081 1941 1123 veteres

407 1143 667 1197 ltiuerarii
709 1143 953 1197 Antonini
989 1143 1245 1195 editiones
1291 1141 1621 1193 Amurdasam
1659 1139 1939 1206 appellant.

406 1211 566 1266 Bertii
592 1212 754 1265 editio
776 1210 1026 1265 Antonini
1049 1209 1382 1263 Amudarsam
1407 1208 1582 1260 habet.

475 1281 529 1331 2.
563 1281 874 1333 Βίλκςυετυε
921 1281 1316 1331 Aruremeasts.
1363 1277 1452 1330 Sic
1502 1274 1671 1328 codex
1721 1282 1940 1338 uterque

407 1361 508 1400 ms.
534 1363 649 1402 cum
680 1349 853 1400 editis.
879 1348 928 1400 Is
951 1355 1121 1399 autem
1145 1346 1442 1398 Mansuetus
1465 1345 1573 1411 ipse
1595 1343 1798 1397 videtur
1823 1357 1941 1397 esse

409 1431 561 1482 quem
599 1417 774 1467 Victor
807 1416 1028 1466 Vitcnsis
1059 1414 1238 1482 laudat
1278 1414 1514 1482 libroiu,
1556 1426 1699 1482 num.
1734 1412 1801 1466 16
1828 1429 1842 1464 :
1874 1413 1940 1465 de

410 1479 513 1550 quo
536 1483 652 1536 vide
693 1493 866 1536 notam
889 1497 1043 1547 supra
1072 1482 1140 1535 95
1177 1479 1308 1551 (Col.
1335 1481 1457 1544 215,
1482 1479 1634 1551 ηδ).

480 1553 533 1604 5.
563 1552 1054 1604 διῑρτιιίυμιοιεκειε.
1074 1548 1285 1604 δὶοέόίιὶ
1306 1558 1359 1603 et
1377 1563 1502 1602 mss.
1529 1548 1940 1614 Septimuniciam

411 1628 668 1672 memorat
706 1621 995 1672 Antoninus
1023 1619 1073 1670 in
1116 1619 1403 1672 ltiuerario.
1432 1617 1494 1669 Et
1525 1617 1819 1670 [“errandus
1849 1618 1943 1668 ali-

408 1701 532 1754 quot
561 1691 720 1741 rel'ert
747 1687 952 1741 concilii
983 1685 1453 1755 Septimunicensis
1480 1701 1706 1739 canones
1736 1685 1787 1736 in
1817 1685 1941 1738 Bre-

408 1758 651 1810 viatione.

474 1824 526 1876 ι1.
562 1825 684 1877 Brm
704 1839 895 1877 FENSIS.
929 1823 1080 1875 Urbis
1112 1822 1265 1888 hujus
1289 1822 1442 1874 silum
1466 1819 1714 1872 discimus
1737 1833 1797 1872 ex
1821 1835 1934 1885 cap.

409 1893 476 1944 M
510 1893 634 1944 vus:
664 1894 828 1944 sancti
861 1892 1143 1956 Fulgentii,
1177 1891 1262 1940 ubi
1306 1889 1544 1941 laudatur
1573 1895 1941 1940 monasterium

419 1960 637 2021 Vicensi,
673 1974 792 2022 seu,
825 1971 880 2012 ut
910 1961 1100 2010 habent
1129 1959 1214 2009 alii
1242 1956 1472 2017 codices,
1501 1956 1742 2008 Juncensi
1770 1957 1942 2022 proxi-

407 2045 547 2079 mum
587 2029 739 2080 littori
758 2067 772 2092 ,
801 2025 1060 2094 Benefensi
1089 2036 1254 2076 autem
1291 2026 1506 2076 maxima
1536 2039 1595 2075 ea“
1623 2032 1764 2094 parte
1786 2025 1945 2094 conli-

407 2112 587 2163 gunm,
619 2097 668 2147 in
701 2095 837 2158 quod
868 2093 982 2147 seée
1017 2095 1316 2161 Fulgenzius
1347 2094 1570 2159 recepit,
1593 2093 1744 2163 quod
1772 2093 1838 2145 ibi
1871 2093 1943 2144 ri-

447 2165 515 2214 iiti
556 2164 794 2230 propositi
823 2163 1087 2227 d..ciplina
1124 2168 1326 2229 ant‘qu:
1359 2161 1944 2230 servaretur._iConci|io

454 2228 842 2284 abarsussitano
890 2228 1269 2283 Donatistarum
1318 2230 1625 2296 subscripsit
1669 2228 1942 2282 Guntasius

411 2297 701 2364 Benefeniis
737 2300 1016 2367 episcopus.
1040 2297 1313 2352 Collationi
1349 2306 1520 2367 autem
1549 2297 1792 2367 Cartliag.
1823 2313 1940 2364 cap.

415 2367 516 2420 155
556 2367 720 2421 adfuit
759 2365 1067 2420 Emilianus
1097 2372 1352 2433 episcopus
1389 2366 1625 2418 Ecclesia:
1662 2365 1947 2432 Benefensis

409 2436 718 2500 catholicus,
745 2452 808 2489 eo
838 2437 951 2502 ipso
978 2436 1060 2489 die
1085 2451 1188 2503 quo
1225 2433 1563 2503 Maximianus
1595 2433 1949 2503 illius_adver-

409 2505 576 2556 sarius
605 2500 886 2557 defunctus
911 2513 989 2558 est
1011 2541 1026 2568 ,
1055 2500 1115 2554 ut
1142 2502 1331 2556 ibidem
1359 2511 1413 2554 et
1445 2517 1560 2568 cap.
1596 2500 1695 2554 198
1735 2500 1947 2554 Donati-

407 2581 504 2627 stze
533 2572 876 2624 allirmarunt.

489 2641 540 2692 5.
574 2643 906 2692 Ancuscasw.
931 2638 1178 2703 Ejusdem
1209 2636 1310 2691 loci
1336 2636 1611 2704 episcopus
1639 2634 1730 2689 fuit
1757 2652 1817 2689 ex
1847 2637 1951 2689 Do-

410 2707 716 2761 natistarum
765 2715 904 2760 secta
953 2707 1174 2759 Donatus
1220 2708 1476 2772 episcOpus
1525 2706 1851 2766 Ancusensis,
1894 2706 1946 2758 in

412 2775 700 2829 Collatioue
729 2776 968 2842 Carthag.
993 2789 1109 2841 cap.
1136 2775 1239 2828 208
1270 2781 1608 2833 memoratus,
1631 2788 1784 2840 quem
1804 2789 1947 2842 reuin-

414 2845 535 2922 dent
579 2846 832 2922 Donatum
862 2841 979 2922 esSe
1012 2852 1156 2922 putat
1185 2843 1422 2922 Baluzius
1451 2842 1538 2922 qui
1570 2854 1685 2922 cap.
1719 2841 1819 2921 128
1844 2842 1949 2922 Gu-

413 2913 535 2964 dudi
565 2913 780 2982 episc0pi
798 2915 1083 2982 Aniusensis
1109 2927 1198 2964 seu
1225 2910 1508 2982 anime/isis
1536 2910 1868 2982 adversarius
1895 2912 1946 2965 in

414 2983 635 3048 vulgatis
664 2978 974 3034 ediIiOuibus
999 2981 1206 3034 dicitur.
1241 2979 1372 3033 Uine
1402 2981 1513 3048 ipse
1543 2991 1636 3046 pro
1661 2978 1949 3033 Aniusensis

415 3050 651 3114 reposuit
672 3051 985 3101 Ancnsensis.

434 2232 446 2246 ε

2043 524 2204 584 Ιίαηα,
2233 525 2316 584 qui
2353 523 2486 584 apud
2517 523 2830 589 Cyprianum
2862 531 2914 574 et
2942 524 3280 588 Augustinum
3321 537 3577 589 memora-

2044 602 2146 653 tur,
2184 590 2332 659 143
2363 601 2417 642 ut
2459 588 2682 642 diximus
2730 604 2847 644 unta
2889 590 2960 652 52¹
3013 593 3061 643 in
3094 590 3358 659 Numidas.
3401 588 3580 659 Nemi.

2041 657 2610 712 dicas—bia'rcellianam
2643 668 2693 711 et
2737 659 3067 713 Mascliauam
3115 658 3350 710 eamdem
3395 657 3578 710 urbem

2043 727 2217 779 luisse.
2257 726 2385 778 Nam
2416 727 2468 778 in
2499 727 2782 780 Collatione
2810 727 3107 793 (Iariliagin.
3137 741 3251 784 cap.
3289 726 3387 778 135
3422 725 3575 778 Lucio

2042 797 2135 847 dus
2163 797 2419 862 episcopus
2453 797 2604 859 plebis
2634 795 3060 848 Marceltianensis
3095 805 3140 846 et
3178 793 3473 852 anitcnsis.
3505 797 3577 845 ait

2041 865 2176 929 apud
2207 878 2264 915 se
2301 864 2610 916 catholicam
2653 866 2901 915 unitatem
2933 863 3146 924 haberi,
3187 871 3239 913 et
3285 873 3488 924 tamen,
3522 872 3577 912 ut

2041 945 2165 982 mox
2212 931 2543 992 dicebamus,
2585 931 2854 984 Plutianus
2898 933 3155 998 episcOpus
3197 929 3578 982 Masclianensis

2041 999 2306 1052 Donatista
2342 1013 2458 1063 cap.
2485 999 2588 1052 208
2616 1000 2923 1064 comparuit.
2959 1001 3151 1051 Errore
3179 999 3300 1051 item
3336 999 3572 1049 librario.

2041 1083 2153 1120 rum
2184 1067 2473 1129 Numidius,
2497 1068 2585 1132 qui
2623 1071 2673 1120 in
2701 1069 2924 1121 concilio
2953 1067 3196 1133 Carthag.
3224 1067 3319 1116 sub
3348 1066 3576 1118 Gencth-

2041 1135 2112 1188 lio
2151 1143 2491 1200 memoratur,
2526 1135 2938 1188 Masclianitauns
2983 1136 3271 1201 appellatus
3316 1144 3395 1185 est
3435 1143 3577 1188 tomo

2041 1203 2083 1256 ll
2110 1203 2312 1257 Concil.
2341 1203 2469 1255 edit.
2497 1204 2682 1267 Labb.,
2706 1207 2808 1257 col.
2842 1205 3007 1266 116ος
3043 1219 3158 1255 nam
3187 1203 3272 1254 ille
3300 1203 3578 1269 episcopus

2039 1271 2140 1325 fuit
2171 1270 2552 1339 Massylitanus,
2577 1282 2632 1326 ut
2661 1287 2721 1326 ex
2745 1274 2978 1340 ejusdem
3004 1271 3128 1323 tomi
3152 1270 3462 1340 appentlice,
3488 1270 3575 1340 ubi

2039 1337 2324 1393 concilium
2358 1341 2492 1392 istud
2538 1355 2602 1394 ex
2642 1337 3046 1393 codﬁVaticanO
3087 1347 3380 1392 correctum
3420 1337 3578 1392 habe«

2042 1417 2146 1474 tur,
2184 1419 2236 1461 et
2275 1422 2338 1461 ex
2377 1410 2546 1474 capite
2572 1417 2758 1463 octavo
2797 1409 2992 1462 codicis
3030 1421 3288 1459 canonqu
3330 1406 3576 1459 Ecclesia

2040 1475 2293 1529 Africanae
2320 1485 2478 1543 patet.

2111 1544 2194 1598 10.
2225 1541 2653 1598 εεέειιιληρκςιε.
2685 1544 2772 1598 Sic
2801 1542 2922 1595 editi
2955 1541 3106 1594 simul
3135 1550 3190 1596 et
3216 1555 3340 1594 mss.

2109 1611 2198 1666 11.
2231 1612 2506 1666 ΝΑκεκιις.
2538 1611 2729 1664 Naram
2757 1610 3322 1664 memoratAutoninus
3347 1610 3397 1661 in
3422 1609 3578 1663 Itine-

2041 1681 2196 1731 rario.
2217 1680 2564 1732 Etlanuarius
2575 1683 2834 1745 episcopus
2851 1679 3090 1732 Nnrensis
3113 1696 3171 1731 ex
3189 1679 3574 1731 Donatistarqu

2043 1757 2185 1800 secta
2214 1747 2444 1800 interluit
2472 1749 2745 1800 Collationi
2776 1748 3018 1812 Carthag.
3051 1763 3166 1812 cap.
3203 1746 3326 1799 206.

2115 1817 2199 1868 12.
2226 1816 2651 1868 Βιοοηιλκρηειε.
2678 1818 2832 1870 Urbis
2860 1817 3011 1880 hujus
3031 1831 3215 1868 nomen
3236 1817 3384 1867 unica
3405 1815 3576 1868 littera

2043 1883 2194 1954 aliter
2222 1885 2466 1954 scribitur
2495 1887 2543 1936 in
2574 1886 2823 1954 synodica
2856 1885 3061 1937 Patrum
3097 1886 3479 1954 Byzaccnorum
3509 1884 3572 1935 ad

2043 1952 2436 2004 Constantinum
2465 1952 2825 2020 imperatorem
2847 1964 3023 2006 contra
3055 1952 3436 2012 Monothelitas.
3459 1967 3577 2018 qua:

2043 2023 2258 2074 recitata
2288 2030 2366 2073 est
2394 2030 2445 2074 et
2479 2024 2758 2090 approbata
2789 2023 2837 2074 in
2868 2023 3087 2074 concilio
3109 2021 3445 2090 Lateraneusi
3476 2020 3579 2090 sub

2041 2099 2222 2142 sancto
2243 2090 2459 2142 Martino
2475 2088 2676 2143 actione
2697 2105 2788 2143 seu
2811 2092 3090 2143 secretario
3105 2091 3160 2153 2,
3183 2088 3263 2141 cui
3288 2091 3422 2139 inter
3443 2088 3575 2138 alios

2042 2159 2343 2224 subscripsit
2363 2157 2663 2211 Paschasius
2675 2160 3013 2211 misericordia
3027 2157 3115 2208 Dei
3130 2159 3385 2224 episcopus
3395 2165 3578 2206 sancta:

2042 2225 2280 2278 Ecclesia!
2311 2226 2696 2279 Detorianensis.

2115 2294 2197 2346 15.
2237 2293 2619 2346 Τληειτλκυε.
2673 2294 3043 2346 Tanibaiensem
3087 2291 3327 2343 civitatem
3377 2305 3578 2343 memo-

2044 2371 2126 2414 rat
2153 2362 2330 2413 Victor
2352 2360 2577 2413 Vitensis
2605 2361 2694 2414 lib.
2731 2379 2779 2425 v,
2804 2379 2945 2414 num.
2969 2363 3021 2418 5.
3066 2361 3258 2428 Martyr
3301 2360 3577 2412 Secundin-

2045 2445 2136 2480 nns
2173 2446 2204 2480 a
2237 2428 2498 2482 Thambeis
2537 2429 2698 2482 adfuit
2742 2432 2963 2483 concilio
2987 2429 3230 2495 Carthag.
3271 2428 3576 2482 sub'sancto

2043 2496 2305 2565 Cypriano
2332 2514 2473 2550 num.
2501 2498 2586 2562 80,
2617 2500 2765 2566 cujus
2785 2499 3132 2565 objectionetn
3158 2497 3313 2549 Solvit
3334 2497 3577 2566 Augusti-

2047 2563 2143 2633 nus
2172 2567 2302 2618 libro
2329 2582 2396 2618 vu
2425 2568 2487 2618 de
2514 2563 2773 2633 llaptisino
2798 2563 2975 2620 contra
3004 2567 3317 2624 Donatistas.
3340 2579 3455 2630 cap.
3485 2563 3573 2618 41.

2045 2632 2293 2687 Gemelius
2319 2632 2632 2700 episcopus’a
2664 2636 2888 2689 Tambeis
2915 2651 3030 2689 cum
3057 2635 3263 2687 caeteris
3294 2633 3577 2686 Donatistae

2047 2711 2204 2754 seetse
2235 2704 2492 2768 episcotiis
2525 2705 2832 2768 subscripsit
2876 2705 3099 2757 concilio
3126 2702 3576 2755 Cabarsussitauo.

2049 2770 2279 2837 Denique
2304 2774 2352 2822 in
2385 2772 2670 2823 (Zoltatione
2699 2773 3089 2838 Carthaginiensi
3120 2773 3288 2835 capite
3314 2770 3410 2822 198
3441 2769 3576 2821 Fast-

2047 2841 2204 2892 stinus
2245 2839 2366 2891 item
2399 2839 2682 2901 Donatista,
2708 2842 2962 2905 episcOpus
2992 2839 3318 2891 Tambeiensis
3361 2852 3576 2903 compa-

2048 2907 2152 2960 ruit
2186 2923 2198 2958 :
2226 2909 2312 2974 qui
2337 2907 2379 2959 is
2404 2909 2512 2973 ipse
2542 2908 2719 2972 prociil
2744 2910 2898 2960 dubio
2927 2920 3006 2961 est
3033 2910 3119 2972 qui
3142 2922 3258 2972 cap.
3287 2906 3382 2957 128
3413 2905 3578 2967 δορα-

2049 2977 2136 3028 tris
2165 2973 2382 3044 episcopi
2411 2977 2564 3042 plebis
2605 2976 2646 3028 Τ
2651 2976 2943 3030 umbalensis
2970 2976 3208 3029 catholici
3251 2973 3580 3044 adversarius

2049 3042 2358 3112 appellatur.
2404 3047 2532 3097 llinc
2578 3044 2647 3097 ibi
2695 3047 2928 3098 eruditus
2966 3046 3203 3098 Baluzius
3243 3042 3580 3096 Tambaiensis

486 3109 536 3169 6.
571 3117 928 3170 thotrs‘uus.
977 3119 1022 3169 Is
1060 3125 1140 3170 est
1182 3118 1316 3171 forte
1357 3116 1444 3183 qui
1491 3115 1541 3167 in
1586 3116 1705 3169 cod.
1750 3115 1944 3169 llalleri
1973 3109 2019 3171 C
2050 3109 2294 3183 restituit.

418 3185 765 3238 Meditlitanus
791 3186 997 3238 dicitur.
1023 3186 1073 3237 In
1104 3185 1394 3252 Collatione
1423 3185 1664 3247 Cartliag.
1697 3200 1812 3252 cap.
1841 3185 1945 3238 208

419 3255 554 3306 inter
584 3253 878 3306 Doiialistas
916 3263 1219 3307 recensetur
1251 3251 1493 3306 Liberalis
1520 3251 1780 3320 episcopus
1811 3253 1950 3304 Mili-

420 3323 635 3386 diensis;
664 3337 757 3388 pro
785 3338 889 3388 quo
930 3325 1219 3388 suspicatur
1247 3322 1486 3374 Baluzius
1524 3321 1797 3388 legendum
1831 3336 1951 3373 esse

422 3389 753 3441 Mididiensis.
787 3391 874 3444 Sic
903 3399 955 3441 et
993 3391 1045 3442 in
1077 3391 1188 3442 Vita
1218 3391 1382 3441 sancti
1411 3389 1666 3452 Fulgentii
1707 3403 1819 3452 cap.
1853 3388 1947 3451 12,

422 3459 506 3508 ubi
549 3459 602 3508 iu
632 3457 784 3510 editis
827 3467 1142 3510 memoratur
1181 3457 1352 3508 civitas
1387 3456 1556 3516 Ididi,
1601 3463 1778 3506 mouet
1814 3456 1953 3506 idem

425 3524 502 3575 vir
540 3525 773 3576 eruditus
808 3525 860 3577 in
903 3528 1114 3588 antiquo
1150 3524 1267 3576 cod.
1300 3538 1396 3574 ms.
1439 3521 1740 3574 Colbertino
1779 3521 1952 3574 haberi

429 3591 630 3642 Mididi.
673 3591 835 3644 Porro
876 3592 928 3643 in
967 3592 1258 3644 Collatione
1287 3590 1682 3651 Carthaginensi
1717 3603 1828 3655 cap.
1859 3589 1958 3642 H9.

425 3666 741 3712 nti-moratur
781 3659 1084 3712 Serenianus
1137 3662 1393 3726 episcopus
1446 3658 1756 3721 Miditensis,
1799 3673 1952 3725 quem

429 3728 668 3780 fortassis
724 3727 954 3779 nonnulli
1009 3728 1107 3779 huc
1157 3727 1395 3780 revocari
1445 3740 1600 3792 posse
1645 3729 1954 3779 censebunt.

427 3795 729 3848 Pertinebat
748 3798 886 3848 enim
915 3795 1011 3849 i:te
1035 3796 1097 3846 ad
1124 3797 1442 3863 Byzacenam
1468 3795 1808 3860 provinciam.
1832 3795 1959 3847 Nam

426 3880 544 3917 eum
572 3878 689 3917 sese
720 3864 912 3917 habere
947 3863 1242 3916 catholicam
1271 3865 1518 3916 unitatem
1549 3864 1808 3929 professus
1836 3863 1959 3916 fuis-

428 3941 538 3994 set,
585 3932 885 4001 Peregrinus
938 3933 1211 4002 Sufetnuus
1257 3931 1531 4002 episcopus
1572 3931 1836 4002 Donatista
1885 3934 1966 3985 in—

428 3999 723 4054 terlocutus
760 4011 839 4055 est
877 4017 891 4054 :
943 3999 1294 4069 Presbyterum
1338 4000 1444 4052 illic
1494 4000 1648 4052 habeo
1685 3999 1962 4063 Victorem;

428 4069 646 4122 diwcesis
670 4087 790 4138 imea
817 4079 908 4122 est.
937 4069 1168 4123 Sufetam
1197 4077 1368 4122 autem
1398 4083 1461 4138 ex
1504 4069 1764 4138 Byzacena
1805 4069 1965 4122 fuisse

433 4151 585 4190 nemo
603 4137 817 4190 inliciari
837 4147 1026 4204 potest,
1041 4137 1555 4203 memoraturqnippe
1570 4138 1700 4189 intra
1715 4153 1859 4189 num.
1873 4138 1962 4188 21.

500 4205 552 4256 7.
582 4205 1018 4257 Tunncaaccusus.
1066 4205 1239 4256 Codex
1290 4205 1515 4266 llalleri,
1557 4204 1962 4256 Tubolbacensis.

435 4269 618 4323 Nostra
658 4271 812 4323 lectio
842 4273 1028 4335 potior.
1064 4271 1271 4322 Etenim
1301 4270 1352 4320 in
1392 4270 1683 4323 Collatione
1721 4269 1962 4333 Carthag.

436 4352 551 4402 cap.
582 4337 679 4404 12b
722 4346 1039 4388 memoratur
1081 4336 1354 4387 Ianuarius
1397 4337 1654 4404 episc0pus
1681 4337 1969 4388 catholicus

439 4405 594 4472 plebis
606 4471 609 4472 ν
622 4403 1030 4472 Tubulbacensis.

513 4473 565 4524 8.
601 4471 1124 4533 VADENTINIANENSIS,
1154 4485 1244 4523 seu
1284 4470 1731 4523 Valentinianensis
1767 4469 1970 4522 Etenim

441 4540 677 4607 epistola:
703 4540 967 4607 synodica:
989 4539 1192 4609 concilii
1223 4541 1472 4609 Byzaceni
1496 4541 1558 4592 ad
1579 4539 1972 4609 Constantinum

442 4617 730 4676 augustum
751 4646 766 4669 ,
795 4623 909 4671 qua:
938 4609 990 4661 in
1019 4608 1240 4661 concilio
1267 4607 1623 4661 'Lateranensi
1662 4607 1759 4660 sub
1793 4618 1974 4660 sancto

442 4677 667 4730 Martino
713 4676 916 4727 ac.ione
961 4691 1052 4728 seu
1099 4680 1380 4728 secretario
1423 4677 1456 4728 2
1499 4678 1630 4728 lecta
1681 4676 1804 4734 fuit,
1844 4678 1975 4728 inter

443 4745 576 4796 alios
601 4743 1172 4812 subscripsibultimus
1195 4745 1498 4798 Rodibaldus
1533 4746 1694 4812 gratia
1733 4743 1825 4795 Dei
1863 4745 1975 4810 epi-

443 4829 616 4880 swpus
661 4822 842 4862 sancta:
885 4809 1118 4865 Ecclesia:
1163 4809 1632 4867 Valentinianensis.
1681 4811 1734 4864 In
1788 4813 1967 4864 codice

447 4879 641 4934 llalleri
673 4891 986 4930 memoratur
1010 4881 1280 4945 episcopus
1310 4881 1676 4933 Vadaciuiensis
1702 4882 1753 4932 iu
1778 4881 1964 4947 Africa.

510 4950 562 5002 9.
597 4948 1013 5016 lllsscuariausis.
1037 4947 1212 5000 Codex
1246 4948 1462 5010 Halleri,
1490 4951 1533 5002 si
1565 4952 1695 5002 bene
1723 4950 1846 5016 legit
1872 4949 1968 5002 0r-

447 5019 621 5081 tellus,
651 5016 806 5068 habet
834 5014 1212 5070 Masdianensis.
1252 5016 1550 5070 blasclianas
1581 5014 1836 5071 memorat
1862 5020 1968 5068 An-

448 5089 657 5139 toninus
687 5088 736 5136 in
783 5083 1068 5134 ltiuerario.
1111 5083 1382 5137 Collatioiii
1424 5085 1667 5151 Carthag.
1708 5100 1825 5151 cap.
1863 5083 1967 5137 208

449 5155 676 5208 interluit
697 5151 965 5203 Plutianus
989 5152 1242 5217 epismpus
1276 5151 1650 5205 Masclianensis
1680 5154 1965 5218 Donatista,

449 5223 500 5274 in
530 5236 680 5286 quem
717 5222 884 5272 loeum
920 5218 1162 5271 observat
1201 5219 1436 5272 eruditus
1466 5221 1707 5272 Baluzius
1745 5223 1969 5274 concilio

449 5290 692 5355 Carthag.
736 5289 833 5340 sub
878 5296 1057 5339 sancto
1099 5286 1540 5355 Cyprianolinter
1585 5291 1966 5354 rebaptizanles

453 5354 677 5409 adfuisse
713 5355 970 5407 lulianum
1013 5370 1043 5404 a
1084 5354 1392 5407 Masclianis.
1419 5355 1521 5407 Sed
1560 5355 1694 5408 hunc
1734 5359 1966 5408 invenire

456 5437 558 5491 non
582 5424 746 5491 licuit
790 5425 838 5475 in
868 5423 1042 5486 editis,
1074 5439 1168 5475 nec
1205 5437 1334 5491 eum
1367 5433 1617 5474 memorat
1655 5424 1970 5491 Augustinus

456 5490 507 5541 in
544 5489 685 5542 libris
715 5494 780 5544 de
810 5493 1069 5557 Baptismo
1104 5501 1282 5542 contra
1326 5490 1638 5552 Donatistae,
1685 5489 1755 5543 iu'
1784 5493 1970 5557 quibus

457 5558 738 5608 antistitum
782 5562 866 5621 qui
912 5560 1132 5611 concilio
1162 5560 1242 5611 isti
1283 5558 1625 5609 interfuerunt
1653 5559 1971 5619 obiectiones

459 5624 752 5691 singillatim
781 5627 985 5680 refellit.
1016 5627 1077 5680 Et
1115 5628 1333 5690 quidem
1353 5625 1501 5678 fallor
1529 5625 1572 5678 si
1606 5625 1838 5680 Julianus
1873 5627 1970 5680 istc

1997 4435 2045 4494 Ι)

2119 3183 2203 3234 11.
2254 3182 2436 3234 Larus
2484 3181 2830 3235 NEPTITANUS.
2874 3182 2969 3234 llic
2999 3189 3079 3233 est
3117 3179 3340 3232 celebris
3381 3186 3579 3245 martyr

2050 3265 2203 3317 quem
2233 3250 2406 3302 laudat
2436 3249 2609 3302 Victor
2638 3251 2864 3302 Vitensis
2893 3252 3023 3301 libro
3052 3265 3117 3310 u,
3144 3245 3485 3317 numero_l§_;
3515 3246 3581 3297 de

2051 3313 2152 3384 quo
2175 3317 2316 3382 plura
2334 3317 2559 3369 diximus
2583 3327 2702 3368 uota
2726 3319 2791 3370 98
2807 3317 3003 3382 (Supra
3021 3317 3114 3366 τοι.
3132 3315 3253 3373 217,
3269 3329 3320 3365 n.
3340 3314 3405 3382 ο).
3424 3313 3583 3384 Nepte

2052 3382 2119 3434 ab
2144 3398 2404 3452 anonymo
2425 3384 2749 3436 Ravennensi
2774 3392 3088 3436 memoratur
3113 3383 3244 3434 libro
3266 3398 3340 3444 ιιι,
3357 3399 3504 3436 num.
3527 3382 3580 3436 5.

2058 3452 2238 3504 Eidem
2267 3466 2391 3503 vero
2415 3453 2524 3502 ttrhi
2549 3452 2816 3517 pra-luisse
2835 3453 3128 3518 suspicatur
3150 3453 3188 3504 Β
3204 3453 3390 3504 iluzius
3410 3452 3583 3517 Quod-
3598 3472 3617 3485 -

2057 3519 2308 3587 tiultdeum
2347 3521 2632 3586 episc0pum
2673 3519 3008 3574 Nebbitanum
3032 3561 3044 3578 ,
3082 3522 3167 3587 qui
3211 3520 3261 3570 in
3300 3521 3586 3572 Collatione

2057 3585 2450 3709 Carthaginiensi
2479 3585 2645 3654 capite
2678 3587 2771 3640 197
2804 3589 2937 3641 inter
2971 3585 3264 3640 Donatistas
3294 3590 3586 3642 recensitos

2083 3667 2172 3706 uit.

2083 3667 2172 3706 υιι.

2132 3722 2214 3775 15.
2241 3722 2572 3776 ϐηετρεκειε.
2618 3723 2791 3777 Codex
2843 3723 3067 3783 llalleri,
3099 3722 3370 3775 Custensis.
3411 3723 3584 3783 Editi,

2063 3789 2359 3845 Castrensis.
2387 3791 2683 3844 Lectionem
2707 3794 2824 3843 cod.
2853 3807 2951 3845 ms.
2980 3791 3335 3844 Lauduneusis
3364 3794 3588 3844 retinere

2060 3863 2227 3914 visum
2253 3868 2353 3920 est.
2383 3861 2503 3914 dum
2533 3860 2764 3913 mutandi
2789 3860 2918 3911 ratio
2941 3867 3196 3926 suppetat.
3228 3857 3402 3911 Castra
3432 3860 3589 3912 habe-

2063 3939 2147 3982 tur
2177 3930 2227 3981 in
2256 3929 2463 3984 Tabulis
2493 3927 2927 3997 Pentingerianis.
2957 3929 3047 3982 sed
3078 3937 3222 3997 extra
3247 3928 3586 3997 Byzaeenam.

2134 3998 2216 4051 16.
2242 3998 2529 4051 Ριλιιιλκυε
2549 3994 2969 4052 Βυιείιλκεκδιε.
3003 3997 3138 4051 Edizi
3169 3994 3355 4049 habent
3382 3994 3598 4048 Flauina

2063 4081 2158 4135 mis
2183 4065 2576 4135 Bubelianensis,
2607 4083 2667 4120 ex
2696 4068 2902 4135 quibus,
2927 4066 3002 4119 uti
3038 4065 3260 4130 videtur,
3282 4067 3437 4119 iudex
3465 4078 3589 4130 ope-

2066 4133 2211 4186 ribus
2247 4137 2408 4185 sancti
2442 4133 2684 4201 Cypriani
2716 4133 2977 4201 'praeiixus
3007 4144 3262 4186 memorat
3299 4135 3588 4196 Bubeliam;

2065 4215 2219 4265 quam
2261 4201 2415 4252 habet
2443 4217 2648 4268 quoque
2678 4201 2902 4254 Ortelius
2932 4217 2993 4254 ex
3027 4202 3218 4254 llalleri
3259 4203 3456 4256 codice.
3488 4201 3590 4254 Btt-

2069 4268 2224 4318 li.lam
2250 4268 2492 4332 oppidum
2523 4271 2709 4321 Africa:
2740 4269 3001 4322 interioris
3027 4271 3162 4322 idem
3188 4280 3368 4324 auctor
3395 4285 3590 4323 memo-

2070 4344 2149 4402 rat
2176 4349 2206 4386 a
2233 4333 2473 4402 Oornelio
2501 4335 2658 4402 Balbo
2687 4347 3034 4402 expugnatum
3057 4375 3074 4397 ,
3119 4339 3265 4402 cujus
3304 4339 3377 4389 rei
3405 4346 3587 4390 testem

2071 4401 2244 4451 laudat
2289 4401 2530 4454 Plinium.
2581 4401 2646 4454 At
2698 4401 2894 4460 Plinius
2934 4403 3066 4454 libro
3100 4420 3150 4460 v.
3181 4401 3294 4469 cap.
3344 4404 3409 4465 5,
3460 4406 3591 4456 inter

2071 4469 2257 4532 oppida
2279 4483 2497 4534 quorum
2523 4470 2795 4521 simulacra
2818 4471 3090 4522 Cornelius
3121 4471 3310 4524 Balbus
3333 4470 3384 4524 in
3407 4472 3590 4522 trium-

2073 4540 2235 4602 phum
2265 4537 2427 4599 duxit,
2454 4536 2696 4589 Bulubam
2719 4547 2957 4591 recenset
2984 4546 3036 4589 et
3061 4538 3298 4589 Bnbeium
3325 4539 3590 4589 nationem.

2144 4605 2227 4658 17.
2274 4605 2630 4658 Tneoziranus
2661 4645 2676 4669 ,
2724 4620 2816 4657 seu
2873 4605 3230 4658 Theuditanus.
3301 4604 3592 4658 Familiaris

2073 4673 2265 4737 quippe
2292 4683 2435 4734 erat,
2467 4682 2522 4725 ut
2555 4675 2661 4740 jam
2692 4673 3102 4736 observavimus,
3133 4673 3267 4741 apud
3315 4673 3470 4726 Al‘ros
3510 4673 3591 4741 Iit-

2075 4749 2296 4808 tt-rarum
2327 4756 2356 4790 ι
2394 4749 2446 4793 et
2473 4743 2506 4793 ά
2557 4745 2882 4805 permutatio.
2929 4742 3122 4794 Plinius
3171 4740 3259 4795 lib.
3309 4757 3359 4807 ν,
3387 4756 3502 4808 cap.
3530 4740 3591 4804 1,

2073 4807 2209 4860 iulcr
2227 4809 2325 4860 alia
2351 4809 2534 4874 oppida
2552 4809 2711 4860 libera
2736 4808 3021 4862 Tlieudense
3043 4820 3313 4864 memorat.
3333 4807 3591 4864 Caeterum

2074 4875 2234 4930 codex
2263 4875 2450 4929 llaEIeri
2482 4877 2638 4928 habet
2660 4877 2996 4929 Ztensitunus.

2143 4944 2228 4997 18.
2253 4943 2549 4997 Sennmbus
2567 4943 2852 4997 Purtsnsrs.
2872 4944 3028 5005 Editi,
3050 4945 3353 4999 Servandus.
3377 4947 3448 5000 De
3468 4948 3592 5000 urbe

2074 5012 2300 5081 Putiensi
2327 5012 2469 5081 plura
2491 5013 2650 5063 habes
2681 5026 2854 5081 supra,
2880 5028 2997 5079 pag.
3024 5015 3120 5065 122
3142 5009 3273 5081 (Col.
3298 5016 3422 5076 297,
3446 5031 3590 5068 num.

2074 5081 2182 5145 l7),
2198 5080 2280 5130 ubi
2303 5081 2367 5133 de
2380 5078 2660 5132 Gaudentio
2675 5077 2898 5132 Putiensi
2921 5077 3052 5133 inter
3069 5077 3313 5135 Numidas
3336 5097 3479 5135 num.
3505 5085 3589 5134 17.

2072 5150 2138 5202 lis
2158 5147 2290 5219 adde
2309 5147 2444 5219 apud
2474 5161 2784 5219 anonymqu
2804 5148 3196 5219 Ravennensem
3221 5151 3371 5219 1M
3399 5153 3490 5202 lib.
3517 5166 3590 5209 III,

2072 5233 2193 5270 num
2205 5255 2218 5269 .
2236 5217 2286 5269 5.
2303 5214 2481 5274 Putea.
2499 5226 2550 5267 et
2566 5213 2642 5266 Ad
2664 5213 2816 5268 Puten
2832 5218 2966 5269 inter
2982 5213 3414 5271 Αῐνίωιιειξοῖνῖῑη
3424 5229 3501 5270 tes
3515 5233 3593 5270 re-

2072 5287 2290 5338 censeri.
2319 5284 2526 5336 Puteam
2552 5295 2784 5336 recenset
2812 5285 3117 5337 Ptolcmzeus
3145 5290 3276 5337 inter
3307 5288 3459 5340 urbes
3479 5298 3592 5351 qua:

2065 5357 2154 5405 sub
2194 5354 2458 5404 Adrumeto
2499 5353 2793 5406 constitutae
2822 5361 3003 5416 erant,
3045 5353 3261 5420 proinde
3299 5354 3399 5407 huc
3439 5368 3590 5404 revo-

2067 5422 2308 5474 Caudam.

2138 5490 2222 5541 19.
2253 5488 2696 5555 Tuscsuoreans.
2728 5487 2856 5555 Huic
2876 5487 2994 5539 loco
3023 5487 3226 5555 przefuit
3256 5487 3458 5539 Milicus
3483 5487 3590 5552 epi-

2070 5573 2263 5624 scopus,
2286 5555 2438 5620 plebis
2454 5551 2846 5624 [aganiutrnsig‘
2865 5555 2998 5624 inter
3009 5551 3294 5607 callioliCiis
3314 5551 3589 5613 antiSIitcs,

2074 5627 2124 5678 in
2148 5621 2435 5678 (tollatione
2468 5621 2644 5676 Cartb.
2675 5637 2788 5687 cap.
2827 5622 2927 5676 126
2949 5632 3283 5677 memoratus.
3317 5628 3482 5685 Quam
3504 5635 3592 5676 ur-
