3912 6404
0 96 80 382 Ι1
270 324 552 378 RUINAR'l

0 433 212 490 “roropius
238 432 380 485 libro
402 435 639 496 laudato,
663 433 1466 500 Carthaginemproﬁciscuntur,
1500 440 1550 494 Α

7 519 61 548 ειη
85 502 272 565 propius
297 503 651 558 exploraturi.
687 501 756 552 lbi
783 501 1025 553 collocuti
1051 515 1168 552 cum
1185 502 1476 567 Bonifacto,

15 573 75 617 s-is
93 571 232 619 etiam
261 568 619 624 frautlulentis
650 569 774 623 ΑΞιῆ
813 569 1029 629 litteris,
1065 583 1228 635 reque
1256 572 1332 621 ttti
1362 581 1479 622 erat

0 639 148 686 mnino
171 649 464 703 comperta,
514 639 768 690 citissime
806 637 856 689 in
889 637 1085 688 Italiam
1116 646 1475 698 revertuntur,

9 708 222 776 niversam
245 721 425 776 rerum
446 707 667 776 seriem,
715 719 884 776 quove
922 705 1143 776 artiﬁcio
1191 706 1476 776 subornata

0 785 107 821 δ-ιτειι
142 773 230 824 ista
264 773 530 838 proditio,
579 773 822 839 Augustas
865 777 1023 838 atque
1067 773 1224 824 etiam
1271 775 1478 826 cteteris

0 840 180 892 iOl'lllttCti
206 843 526 894 necessariis
558 842 795 893 relaturi.
837 840 1022 894 Omnia
1047 840 1172 892 Etii
1205 839 1476 894 fraudibus

5 911 210 972 mugisse
239 920 363 960 tunc
394 913 642 974 primum
669 910 922 962 intellexit
950 908 1197 970 Placidia,
1225 908 1374 975 cujus
1401 920 1477 961 ta-

22 992 66 1024 rt)
91 990 197 1027 cum
223 979 516 1039 potentiam
542 977 936 1039 reformidaret,
980 977 1197 1044 ejusque
1221 991 1352 1041 Opus
1383 977 1477 1028 lta.

8 1054 86 1094 cret
129 1045 378 1097 industria
437 1045 502 1098 ad
550 1045 918 1098 sustentandas
947 1045 1150 1112 imperii
1193 1045 1480 1099 vacillantis

17 1128 96 1172 res,
127 1114 310 1164 tactum
333 1113 711 1166 dissimulavit.
740 1113 842 1166 Sed
869 1115 1009 1166 omni
1039 1113 1244 1180 negotio
1273 1113 1479 1165 comitis

0 1180 180 1230 ionilacii
203 1182 396 1232 amicis
429 1182 714 1242 declarato,
741 1196 839 1235 eos
854 1182 1116 1235 obtestata
1141 1189 1222 1233 est
1249 1191 1305 1233 ut
1333 1182 1482 1233 Boni-

1 1251 123 1298 u_~iuin
167 1249 217 1299 in
256 1249 606 1314 imperatoris
633 1250 786 1304 tidem
817 1262 869 1302 et
893 1249 1200 1316 obsequium
1231 1265 1480 1303 revocare

5 1317 380 1393 todisommbus
411 1327 758 1383 conarentur,
787 1331 904 1370 sess
942 1319 1109 1393 ipsam
1151 1318 1293 1393 gravi
1338 1319 1476 1393 jure-

4 1386 155 1436 trando
211 1385 559 1451 obstringens
619 1399 881 1452 nunquam
932 1384 980 1440 ei
1038 1401 1133 1452 pro
1185 1384 1479 1439 defectione

5 1454 244 1504 r-ci'uram.
279 1454 346 1506 Et
365 1454 605 1521 quidem,
637 1455 686 1506 ni
718 1455 888 1518 fallor,
941 1455 1042 1506 ltuc
1064 1455 1296 1505 revocari
1324 1454 1479 1506 debet

0 1521 83 1570 Larii
125 1522 326 1574 t-ontitis
375 1527 433 1574 in
465 1523 691 1575 Africam
734 1522 1015 1582 adventus;
1063 1523 1146 1573 cui
1191 1522 1478 1587 gratulatur

3 1599 147 1640 .uctus
192 1592 520 1652 Augustinus
557 1590 774 1655 epistola
816 1591 920 1640 229
967 1588 1106 1656 quod
1157 1588 1207 1639 in
1247 1588 1478 1640 Africam

1 1673 128 1710 uetus
169 1657 320 1710 fuerit
367 1659 540 1724 pacis.
587 1657 784 1724 absque
830 1671 1024 1722 pugna,
1079 1665 1168 1707 aut
1209 1657 1476 1723 sanguinis

1 1727 208 1813 lit-Slflllff',
237 1725 586 1778 concilianda:
606 1739 782 1802 causa.
950 1725 1088 1804 enim
1125 1735 1366 1792 pugnant,
1401 1725 1479 1813 in:
1512 1756 1556 1813 Β

0 1795 54 1842 nil
73 1794 130 1844 ad
155 1795 297 1845 illum
322 1803 542 1845 sanctus
561 1796 797 1857 antistes,
815 1795 855 1844 si
878 1795 993 1858 boni
1020 1803 1153 1854 sunt,
1181 1808 1372 1858 pacem,
1394 1795 1479 1844 sed

0 1877 36 1908 εν
61 1865 340 1925 sanguinem
375 1863 535 1931 205
553 1871 812 1927 quierunt;
843 1869 896 1931 tu
926 1872 1090 1912 autem
1113 1861 1480 1931 necujusquam

0 1932 141 1980 hortis
165 1929 478 1990 quereretur
503 1929 690 1981 nussus
710 1946 778 1982 es.
816 1930 921 1983 Nec
951 1944 1043 1995 spe
1081 1943 1173 1980 sua
1209 1929 1484 1981 frustratus

0 2009 28 2044 ει
49 1997 256 2056 vatius;
283 2013 430 2059 nam,
451 1998 524 2048 uti
552 1999 884 2064 prosequitur
910 1997 1212 2062 Proc0pius,
1238 2008 1290 2048 et
1309 2013 1482 2048 rerum

0 2076 193 2115 εει-σταίη
221 2067 398 2118 series
420 2068 549 2116 satis
575 2068 778 2129 probat,
805 2067 1051 2133 Augustte
1088 2067 1223 2116 amic
1245 2081 1481 2130 trumq-=e

1 2135 174 2184 -ectbus
202 2135 390 2186 libenti
416 2136 593 2185 animo
620 2136 788 2199 paruit
834 2134 1132 2186 Bonifacius
1152 2173 1166 2191 .
1207 2134 1483 2199 statimque

3 2205 199 2254 .rictatis
217 2217 342 2254 cum
370 2202 613 2256 Barbari:
643 2203 780 2254 inita:
811 2202 1109 2268 poenitentia
1133 2201 1340 2261 ductus,
1383 2217 1480 2266 qua

0 2273 194 2332 icilius,
246 2286 352 2337 qna
389 2271 662 2335 promissis
688 2285 780 2323 eos
809 2271 1178 2336 interpellavit,
1225 2279 1277 2321 ut
1313 2271 1363 2320 itt
1397 2270 1483 2321 Hi-

0 2338 139 2387 ;uuias
163 2349 581 2392 reverterentur.
606 2339 753 2402 Quod
777 2355 895 2392 cum
925 2339 995 2391 illi
1018 2339 1186 2390 facere
1215 2337 1484 2404 przctructe

0 2416 312 2463 r'teclarefll.
339 2407 481 2458 bello
509 2417 697 2474 aperto
725 2407 1029 2460 dimicatum
1056 2415 1155 2458 est.
1189 2410 1256 2457 At
1284 2421 1400 2457 cuin
1431 2409 1480 2457 iit

0 2490 14 2521 )
41 2474 236 2526 lttmif.tc
263 2489 328 2526 us
354 2489 535 2527 comes
557 2476 712 2528 simul
753 2491 870 2526 cum
909 2478 1106 2540 Aspare
1133 2474 1476 2526 Orientalium

5 2544 197 2602 tplal’llnl
227 2542 370 2594 duce
394 2545 560 2595 rictus
586 2556 740 2609 atque
771 2546 973 2606 iugatas
1016 2555 1044 2590 a
1076 2541 1308 2594 barbaris
1338 2542 1482 2600 luis-

0 2624 42 2670 rt,
95 2621 198 2663 tota
243 2625 390 2678 pene
436 2611 614 2664 Africa
673 2615 725 2664 in
769 2610 1115 2663 Vaudalorum
1172 2618 1481 2678 potestatem

0 2691 158 2731 etenit.

16 2750 58 2797 8.
101 2747 225 2800 Rem
273 2762 440 2814 porro
481 2747 635 2815 plane
675 2747 1033 2801 admirabilem
1091 2761 1170 2800 ea-
1200 2747 1482 2801 occasione

5 2818 222 2880 ςιιιεεὶςςε.
261 2817 552 2880 Marciano,
581 2818 680 2884 qui-
701 2818 1194 2884 posteaimperator
1216 2816 1331 2879 fuit,
1363 2832 1482 2868 nar-

0 2897 18 2930 ις
48 2885 348 2952 Procopius,
373 2901 529 2954 quam
554 2886 636 2938 hic
658 2886 854 2939 referre
879 2885 1024 2940 libet.
1059 2885 1105 2939 ls
1133 2895 1242 2954 tum
1261 2884 1482 2954 ,Asparis

0 2957 273 3013 JHICSIlCUS,
303 2953 424 3006 cum
447 2955 565 3006 altis
589 2956 766 3007 multis
797 2955 1148 3007 Romanorum
1172 2968 1201 3005 a
1233 2953 1481 3005 Vandalis

0 3024 190 3082 ipraetio
213 3034 403 3086 captus
426 3022 614 3074 fuerat.
645 3021 770 3073 Cum
794 3037 918 3074 vero
939 3023 1159 3086 quadam
1186 3021 1271 3073 die
1291 3023 1480 3073 subdiu

0 3079 73 3137 Ilt-r
97 3091 230 3139 alios
257 3079 503 3152 captivos
528 3090 778 3141 dormiret
815 3079 1132 3148 Marcianus,
1168 3089 1481 3141 Gensericus
1509 3079 1552 3139 C

19 3167 58 3205 ιιι
85 3157 316 3220 aquilam
339 3157 438 3208 alis
477 3158 711 3210 extensis
736 3172 892 3222 super
913 3171 1030 3209 eum
1059 3157 1385 3219 volitantem,
1416 3172 1479 3209 ne

9 3243 15 3266 ι
51 3236 172 3276 testu
219 3229 551 3278 t‘ervescente
596 3225 791 3291 aliquid
827 3231 1093 3292 pateretur
1141 3225 1474 3276 incommodi.

2 3294 304 3358 vitiligenter
336 3309 619 3362 perpensa,
643 3291 866 3360 conjccit
895 3291 1144 3345 barbarus
1164 3292 1477 3344 Marcianum

9 3364 210 3422 :juaudo
257 3361 351 3415 adi
388 3361 592 3429 imperii
637 3366 803 3415 fasces
850 3373 1254 3428 perventurum;
1318 3377 1480 3427 quare

2 3445 57 3476 llll
84 3432 93 3478 Ι
120 3433 304 3482 b-rutu
354 3434 502 3485 abire
549 3433 788 3498 permisit
825 3431 1167 3497 jurejurando
1195 3431 1477 3498 obligatum

2 3514 194 3561 inquam
236 3515 296 3553 se
338 3503 592 3553 adversus
626 3501 971 3552 Vantlalorum
995 3511 1200 3565 gentem
1231 3502 1482 3551 militatu-

2 3581 56 3613 ιιιι
107 3569 275 3628 tmte,
313 3569 478 3636 inquit
511 3571 647 3622 idem
672 3580 873 3630 auctor,
907 3570 995 3621 ille
1013 3567 1292 3619 Theodosio
1314 3579 1482 3630 postea

8 3647 124 3684 artua
149 3640 216 3686 ad
239 3638 510 3703 imperium
533 3647 809 3704 provectus,
828 3640 1065 3706 optimum
1082 3651 1131 3686 se
1147 3645 1324 3687 ccetera
1345 3654 1481 3703 prm-

5 3719 85 3758 ,λέπη
119 3709 384 3764 ριωειιιὶι;
411 3717 463 3756 at
489 3721 569 3756 res
590 3707 774 3769 Africa
799 3709 965 3772 quales
992 3708 1239 3756 invenerat
1266 3706 1478 3770 reliquit.

2 3775 181 3824 .;:'ttlt'|||
215 3774 489 3825 historiam
515 3775 674 3825 liabet
705 3774 955 3840 Etagrius
981 3773 1321 3825 scholasticus
1350 3776 1481 3825 libro

19 3840 243 3892 lilalul’lil’.
277 3843 818 3907 ecclesiasticasmap.
851 3840 910 3904 ι,
942 3843 1031 3893 sed
1062 3855 1215 3904 quam
1255 3857 1316 3892 ex
1352 3841 1479 3893 Pro-

2 3923 84 3966 ’μω
121 3911 187 3962 de
221 3913 425 3973 cnpsit.
469 3910 782 3961 Marcianum
808 3919 1002 3969 tamen,
1036 3919 1089 3958 ut
1132 3909 1477 3972 imperatorem

11 3978 151 4036 abas,
182 3988 508 4028 commntum
537 3975 786 4027 adversus
820 3975 1078 4026 Vandalos
1106 3974 1170 4023 ad
1202 3976 1392 4026 bellum
1423 3989 1479 4026 se

4 4058 143 4092 lisse
182 4053 454 4094 asseverat
480 4043 786 4093 Theodoius
820 4042 1006 4093 Lector
1038 4042 1126 4092 lib.
1164 4056 1200 4101 t,
1231 4056 1348 4092 cunt
1380 4045 1480 4092 sci-

4 4129 6 4132 ·
44 4121 139 4160 lea
192 4113 464 4163 didicisset
506 4124 621 4174 quae
650 4110 962 4160 Gensericus
1003 4112 1297 4177 ιηθχοίίιὶο
1338 4112 1478 4162 urbis

16 4195 113 4225 -ttl.L'
145 4183 396 4229 adversus
423 4182 679 4244 Augustas
702 4186 1023 4244 patrarerat;
1055 4192 1110 4230 re
1144 4189 1314 4231 tamen
1346 4180 1478 4233 tnle-

4 4263 20 4290 ει
52 4265 74 4293 e
107 4246 234 4296 vivis
263 4247 510 4299 ωερε-ῆι.

14 4321 58 4361 1t.
85 4315 148 4364 At
177 4315 518 4377 Genst-rlcus,
537 4312 712 4380 fugato
738 4312 1199 4379 Bonifacio,more
1228 4314 1470 4368 barbaro-

12 4399 58 4455 :tt
78 4385 290 4434 VlCtUl’ia
322 4385 570 4455 abutens,
597 4391 781 4435 cuncta
812 4385 987 4455 simul.
1021 4398 1167 4436 sacra
1198 4385 1399 4436 setltcet
1428 4397 1474 4436 el
1509 4400 1556 4455 υ

9 4451 181 4509 “lana,
235 4469 283 4503 ttt
328 4453 588 4504 Africanis
629 4453 906 4518 provinciis
945 4453 1276 4515 devastubat;
1327 4455 1478 4517 idque

4 4531 76 4567 ltLl
109 4537 225 4570 cum
253 4525 559 4578 atrocitate.
593 4532 647 4570 ut
674 4529 731 4572 et
755 4525 847 4582 ipsi
879 4521 1086 4572 barbari
1125 4522 1188 4572 ad
1217 4522 1478 4572 crudelius

17 4605 88 4635 ..ιιι
124 4591 297 4640 innata
332 4605 513 4643 eorum
544 4591 717 4641 feritas
749 4590 962 4652 soleret,
994 4605 1110 4640 cuni
1145 4589 1282 4640 Afris
1322 4604 1477 4654 agen-

15 4672 55 4702 tu
78 4698 89 4714 ,
122 4662 322 4709 occulti
352 4660 575 4726 quadam
619 4657 665 4707 vi
695 4671 812 4708 sese
836 4659 1128 4726 stimulatos
1168 4658 1474 4709 faterentur.

27 4736 238 4776 testatur
266 4725 544 4778 Salvianus
585 4725 716 4777 libro
749 4740 816 4775 vn
846 4727 911 4776 de
952 4725 1336 4778 Gubernatione
1364 4727 1471 4778 Dei.

17 4807 39 4833 ιι
73 4795 235 4853 utique
257 4796 466 4844 (uelutis
499 4810 694 4851 minus,
724 4795 917 4860 ittqttit,
950 4809 1060 4858 quat
1085 4809 1186 4853 eos,
1221 4793 1476 4846 Vattdalos

7 4874 63 4902 ιιι·
87 4869 158 4915 et,
186 4862 250 4908 ad
281 4860 548 4925 punienda
572 4861 909 4915 Hispanorum
935 4863 1129 4928 ﬂagitia
1155 4862 1276 4910 illuc
1315 4875 1478 4913 trare-

7 4939 34 4976 ι,
65 4937 103 4971 ει
129 4944 204 4996 unt
231 4931 296 4974 ad
326 4933 615 4978 vastandam
645 4930 863 4996 Africam
895 4931 1103 4979 transire
1129 4929 1346 4996 cogebat.
1373 4929 1482 4995 Ipsi

7 5009 148 5054 atque
181 4995 466 5058 [Itebantur
512 5015 605 5047 non
645 4991 788 5047 suu'm
819 5013 923 5048 esse
957 5000 1086 5063 quod
1120 4991 1367 5062 luderent,
1399 4991 1479 5064 agi

25 5081 58 5104 -ιε
91 5081 140 5109 ,κιν
169 5065 504 5133 divinojussu
529 5080 585 5113 ac
615 5067 888 5132 perurgeri.
927 5066 1001 5118 Ex
1027 5082 1126 5132 quo
1152 5065 1360 5133 intelligi
1391 5083 1480 5129 po-

15 5142 25 5174 :
55 5141 233 5188 guttula
266 5133 364 5179 sint
403 5132 535 5200 mala
565 5144 760 5192 nostra,
794 5136 858 5181 ad
885 5132 1480 5200 quos-vastandosfatque

9 5201 228 5247 triti/uias
255 5200 326 5247 ire
346 5199 539 5246 barbari
576 5199 936 5262 compelluntur
964 5205 1120 5252 inviti.
1145 5201 1282 5254 Idetu
1311 5199 1478 5253 innuit

6 5268 221 5317 mandes
253 5267 320 5316 de
363 5270 517 5317 rebus
546 5266 737 5317 Geticis
763 5283 878 5332 cap.
911 5267 997 5335 3'5,
1022 5271 1254 5322 εει-ἰὺυιιε
1280 5268 1474 5321 Gizeri-

17 5357 76 5380 ιιι
116 5336 162 5384 in
195 5337 370 5386 Alnos
403 5337 469 5383 ad
506 5335 842 5398 divinitatem,
873 5347 925 5388 ut
948 5337 1126 5400 fertur,
1158 5350 1356 5400 accepta
1386 5354 1474 5402 po-

15 5415 105 5449 latr
134 5407 238 5464 diu,
274 5417 527 5468 regnasse.
565 5402 702 5472 ldettt
727 5411 918 5472 auctor
937 5406 1204 5457 Genserici
1239 5408 1472 5472 corporis

17 5485 166 5521 lutum
199 5470 648 5537 moresque.-ttittti
677 5479 728 5521 et
752 5471 1013 5536 ingenium
1040 5476 1247 5538 egregie
1277 5470 1473 5538 repue-

11 5554 110 5590 ntal
145 5543 253 5593 loco
293 5542 533 5598 laudato,
573 5540 718 5604 cujus
750 5541 904 5596 verba
937 5542 1036 5593 huc
1068 5540 1301 5607 proferre
1325 5543 1473 5608 jute-

31 5661 36 5665 .
84 5627 244 5672 neque
292 5610 434 5664 cnitu
483 5608 720 5670 cuiquam
764 5610 1018 5674 ingratum
1065 5611 1179 5664 fore
1225 5612 1468 5665 existimo

270 324 596 379 RUINARTI
641 325 703 380 ΙΝ
747 324 1098 380 HISTORIAM
1141 320 1420 380 PERSEC.
1465 326 1753 380 VANDAL.
1794 325 2312 384 COMMENTARIUS
2351 327 2763 382 HISTORICUS.

3019 333 3120 386 570

1583 431 1807 485 hominis
1834 441 1962 488 adeo
1989 433 2175 487 famosi
2211 431 2275 488 im
2296 450 2482 501 tgtnem
2510 451 2644 489 veris
2673 452 2735 488 ac
2764 435 2945 490 nativi-
2979 442 3120 492 colo-

1579 503 1722 553 ribus
1767 503 2027 568 depictam
2076 506 2327 568 aspicere.
2385 504 2538 566 Erat,
2594 504 2794 571 inquit,
2838 504 3122 560 Gizerirltus

1581 571 1924 622 Romanorum
1945 572 2087 622 clade
2106 572 2157 622 in
2201 571 2333 624 Urbe
2359 573 2663 630 notissimus,
2699 583 2894 624 statura
2924 579 3119 629 medio-

1578 641 1755 700 cr.'s,et
1784 641 1895 707 equi
1917 655 2036 690 casu
2059 641 2366 702 claudicans,
2388 641 2552 691 animo
2583 641 2883 707 profundus,
2899 659 3123 695 sermone

1575 721 1741 774 rarus,
1775 705 1991 759 luxuria:
2011 717 2348 773 contemptor;
2374 710 2449 759 ira
2468 705 2716 770 turbidus,
2741 708 2952 761 habendi
2981 719 3123 774 cupi-

1576 773 1689 835 dus,
1726 774 1794 824 ad
1821 773 2168 827 sollicitandas
2205 786 2374 842 gentes
2411 777 2900 836 providentissimus,
2934 773 3123 832 semina

1576 843 1945 910 contentionum
1972 845 2176 910 jacere,
2207 846 2324 895 odia
2351 845 2554 895 miscere
2589 856 2812 907 paratus.
2867 845 3118 900 Ettmtlem

1577 907 1768 960 ldatius
1804 907 2226 976 atqtte'lsidorus
2265 911 2393 966 locis
2425 913 2664 976 superius
2703 928 2732 965 a
2763 928 2846 965 me
2878 914 3118 976 laudatis,

1537 1019 1543 1025 .
1576 991 1637 1027 es
1665 976 1766 1042 [ide
1789 979 2034 1030 catholica
2061 988 2340 1043 apostatam
2363 979 2591 1044 effectum
2615 983 2666 1030 in
2691 982 2928 1033 Arianam
2957 992 3122 1035 trans-

1576 1045 1691 1095 iisse
1721 1047 2000 1108 perﬁdiam,
2039 1059 2090 1097 ut
2121 1045 2401 1112 aliquorum
2420 1050 2595 1099 relatio
2617 1049 2780 1110 habet,
2804 1051 3117 1112 oh-ervant:

1577 1112 1714 1178 quod
1745 1128 1814 1164 an
1857 1113 1927 1166 sit
1947 1130 2152 1178 verum,
2182 1116 2413 1168 divinare
2434 1132 2535 1168 non
2564 1116 2699 1170 licet.
2731 1118 2886 1168 Certe
2918 1119 3124 1170 Vanda-

1578 1180 1592 1253 l
1633 1195 1657 1232 s
1686 1180 1872 1234 haeresi
1903 1183 2142 1253 Arianae,
2183 1198 2336 1253 quam
2378 1199 2406 1235 a
2433 1184 2617 1237 Gothis
2646 1185 2981 1253 popularibus
3010 1189 3122 1240 suis

1579 1251 1888 1321 hauserunt,
1937 1251 2320 1321 addictissimus
2367 1253 2527 1305 fuisse
2579 1251 2660 1305 ex‘
2702 1252 2957 1318 ProcOpio
3011 1256 3113 1321 jam

1578 1331 1735 1381 supra
1759 1317 1988 1371 diximus
2001 1337 2014 1392 _:
2035 1319 2116 1371 cui
2132 1320 2404 1375 Salvianus
2425 1321 2640 1389 passim,
2658 1321 2849 1388 aliique
2861 1317 3122 1392 206w-

1579 1395 1756 1438 ctores
1779 1388 2129 1441 consentiunt.

1648 1454 1734 1506 10.
1774 1454 2023 1518 Quisnam
2061 1472 2186 1508 vero
2231 1464 2353 1508 tunc
2397 1455 2555 1511 fuerit
2599 1456 2791 1510 Africa:
2831 1467 2996 1512 status
3021 1500 3034 1521 ,
3058 1474 3119 1513 ett

1579 1519 1817 1594 Possidio
1843 1522 2269 1594 discendumest,
2303 1525 2489 1594 inAVita
2508 1527 2672 1578 sancti
2692 1527 2985 1594 Augustini,
3011 1519 3121 1582 sua:

1579 1589 1759 1662 patriis
1804 1588 2125 1662 calamitates
2156 1592 2236 1644 his
2264 1592 2435 1644 verbis
2472 1588 2980 1662 deplorante'capite'
3003 1597 3069 1651 28
3105 1615 3116 1649 :

1581 1656 1782 1726 Divina,
1812 1658 1999 1722 inquit,
2020 1661 2270 1712 voluntate
2294 1669 2340 1711 et
2361 1656 2599 1724 potestate
2622 1664 2842 1726 provenit
2865 1656 2918 1715 ut
2944 1680 3124 1717 manus

1579 1724 1766 1792 ingens.
1801 1726 2004 1777 diversis
2051 1727 2159 1778 telis
2182 1736 2376 1778 armata
2402 1739 2446 1780 et
2468 1729 2607 1780 bellis
2624 1724 2905 1781 exercitata
2939 1733 3120 1785 imma-

1581 1796 1718 1844 nium
1744 1793 1958 1859 gentt'um
1998 1793 2340 1847 Vandalorum
2365 1804 2412 1848 et
2457 1798 2758 1860 Alanorum,
2804 1801 3122 1852 commixtam

1581 1877 1746 1913 secum
1781 1862 1963 1913 habens
1991 1861 2265 1932 Gothorum
2304 1875 2495 1930 gentem
2518 1909 2532 1930 ,
2564 1867 2871 1932 aliarumque
2898 1867 3120 1919 diversa-

1582 1945 1694 1980 rum
1722 1945 1978 1998 personas,
2003 1947 2063 1982 ex
2094 1931 2138 1982 Η
2149 1933 2354 1998 ispaniaz
2381 1933 2600 1997 partibus
2627 1931 2968 1986 transmarinis
2989 1975 3002 1997 ,
3029 1953 3122 1987 na-

1582 1999 1943 2071 vibus_fl{ricw
1970 2000 2252 2071 inﬂuxisset
2299 2011 2346 2054 et
2383 2003 2638 2066 irruisset,
2677 2003 2997 2071 universaque
3036 2022 3120 2066 per

1583 2065 1690 2115 loca
1723 2063 2162 2129 Mauritaniarum,
2205 2071 2353 2120 etiam
2387 2071 2451 2120 ad
2485 2063 2844 2122 alias'nostras
2872 2063 3119 2124 transiens

1584 2135 1862 2196 provincias
1887 2144 1933 2184 et
1958 2137 2200 2202 regiones,
2223 2139 2357 2188 omni
2383 2139 2584 2190 saeviens
2605 2139 2892 2190 crudelitate
2908 2149 2955 2191 et
2983 2147 3120 2192 atr'o-

1583 2203 1748 2258 citate,
1780 2211 1957 2251 cuncta
1981 2219 2090 2273 qua:
2116 2205 2273 2273 potuit
2294 2208 2666 2273 exspoliatione,
2689 2208 2927 2267 cordibus,
2956 2209 3118 2260 direr-

1581 2273 1759 2340 sisque
1770 2271 2056 2340 tormentis,
2097 2272 2340 2340 incendiis
2372 2271 2582 2340 altisque
2606 2276 3047 2327 innumerabilibus
3074 2288 3122 2328 et
3150 2290 3153 2293 '

1581 2337 1803 2411 infandis
1820 2337 1970 2411 malis
1981 2337 2287 2411 depopulata
2300 2349 2410 2411 est;
2431 2337 2746 2411 nullisexui,
2773 2344 2896 2397 nulli
2914 2361 3121 2411 parcens

1581 2406 1848 2477 wta-ti,_nec
1874 2406 1995 2472 ipsis
2027 2405 2471 2460 Deisacerdotibus
2499 2410 2574 2460 vel
2602 2410 2861 2474 ministris,
2890 2405 2977 2461 nec
3000 2414 3124 2477 ipsis

1583 2474 1910 2544 ecclesiarum.
1934 2477 2261 2544 ornamentis,
2293 2491 2380 2527 seu
2408 2479 2744 2528 instrumentis
2771 2478 2846 2528 vel
2870 2474 3116 2544 arcti/ictis.

1583 2541 1650 2593 Et
1693 2543 1848 2608 paulo
1892 2543 2153 2596 inferius:
2192 2544 2401 2597 Videbat
2442 2547 2528 2597 ille
2570 2546 2716 2596 ltomo
2745 2545 2877 2610 Dei,
2909 2541 3120 2600 sanctus

1583 2611 1930 2681 Augustinus,
1962 2614 2178 2664 civitates
2205 2614 2398 2665 excidio
2428 2613 2676 2679 perditas,
2704 2615 2981 2681 pariterque
3008 2631 3120 2668 cum

1581 2679 2056 2748 (adiﬁciisvillarum
2068 2681 2388 2746 habitatores,
2405 2682 2532 2736 alios
2550 2679 2721 2734 hostili
2733 2679 3115 2748 neceestinctos,

1582 2749 1710 2799 alios
1745 2746 1988 2814 e/fugatos
2025 2758 2172 2816 atque
2209 2750 2486 2813 dispersos;
2524 2752 2754 2803 ecclesias
2784 2746 3120 2804 sacerdotibus

1583 2831 1642 2866 ac
1670 2815 1910 2887 ministris
1936 2815 2216 2887 destitutas,
2256 2817 2581 2886 Virginesque
2603 2835 2801 2887 sacras,
2834 2830 2876 2870 et
2902 2837 3120 2887 quosque

1583 2885 1886 2954 continentes
1910 2883 2089 2952 ubique
2127 2883 2428 2954 dissipatos;
2452 2883 2566 2950 et'in
2591 2886 2670 2938 his
2711 2889 2836 2938 alios
2865 2883 3118 2939 tormentis

1583 2953 1848 3031 defecisse,
1865 3021 1875 3031 Ι
1884 2955 2014 3029 alios
2039 2954 2209 3031 gladio
2228 2953 2547 3031 interemptos
2572 2969 2692 3031 esse,
2722 2956 2854 3031 alios
2956 2957 3116 3031 capti-

1581 3022 1731 3072 vitate
1755 3021 1948 3089 perdita
1967 3021 2118 3070 animi
2139 3031 2183 3072 et
2195 3023 2417 3089 corporis
2442 3024 2719 3089 integritate
2743 3039 2800 3073 ac
2819 3023 2956 3088 ﬁdei,
2980 3024 3114 3074 malo

1585 3103 1718 3158 more
1743 3103 1804 3158 ac
1831 3088 1956 3158 duro
1978 3089 2193 3158 hostibus
2219 3088 2497 3152 deservire;
2520 3088 2727 3158 hymnos
2755 3091 2843 3142 Dei
2872 3103 2916 3142 et
2945 3095 3116 3143 laudes

1583 3157 1646 3227 de
1672 3156 1890 3227 ecclesiis
1918 3156 2203 3227 deperisse;
2231 3158 2447 3223 aediﬁcia
2465 3156 2782 3212 ecclesiarum
2811 3162 3119 3227 quampluri-

1581 3225 1672 3274 ntis
1700 3223 1820 3294 locis
1849 3225 2040 3294 ignibus
2066 3236 2392 3288 concremata,
2419 3227 2660 3278 solemnia
2684 3243 2792 3294 qua:
2816 3223 2916 3280 Deo
2941 3223 3117 3280 deben-

1582 3301 1662 3360 tur
1677 3292 1738 3342 de
1757 3292 1969 3358 propriis
1988 3292 2110 3344 locis
2123 3295 2331 3346 dessisse
2346 3294 2613 3360 sacriﬁcia,
2626 3292 2934 3346 sacramenta
2950 3299 3116 3347 divina

1581 3359 1656 3411 vel
1686 3375 1783 3430 non
1813 3361 1997 3430 quatri,
2026 3363 2100 3411 vel
2120 3363 2358 3425 qud’renti
2383 3362 2468 3430 qui
2479 3359 2651 3412 tradat
2679 3363 2950 3429 ttonfacile
2976 3380 3116 3430 repe-

1582 3431 1698 3489 riri;
1722 3429 1773 3480 in
1806 3429 1942 3492 ipsas
1973 3431 2214 3498 montium
2244 3429 2399 3481 silvas
2418 3439 2465 3481 et
2481 3446 2712 3482 cavernas
2757 3429 3038 3498 petrarum,
3069 3442 3114 3482 et

1581 3499 1842 3560 speluncas
1878 3497 2218 3567 confugientes
2241 3539 2254 3561 ,
2295 3499 2372 3550 vel
2423 3499 2488 3550 ad
2533 3497 2763 3565 quasque
2799 3501 3111 3566 munitiones,

1581 3567 1706 3617 aliis
1729 3567 1880 3632 fuisse
1901 3576 2227 3636 expugnatos,
2255 3577 2300 3619 et
2325 3567 2626 3633 interfectos,
2649 3570 2774 3619 alios
2795 3568 2861 3618 ita
2891 3583 3114 3620 necessa-

1582 3637 1668 3686 riis
1691 3636 2037 3686 sustentaculis
2059 3637 2273 3687 evolutos
2293 3645 2442 3703 atque
2460 3638 2696 3704 privatos,
2724 3645 2776 3688 ut
2798 3637 2930 3704 fame
2942 3647 3117 3688 conta-

1584 3707 1827 3755 bescerent
1847 3742 1860 3764 ,
1891 3706 2120 3770 ipsosque
2139 3704 2457 3755 ecclesiarum
2500 3707 2788 3770 praepositos
2821 3716 2864 3756 et
2893 3707 3117 3770 clericos,

1582 3774 1664 3838 qui
1696 3774 1822 3838 forte
1853 3771 1940 3822 Dei
1964 3772 2199 3839 beneﬁcio
2229 3772 2303 3824 vel
2324 3788 2408 3825 eos
2436 3788 2532 3824 non
2569 3773 2905 3836 incurrerunt,
2937 3776 3010 3825 vel
3035 3776 3117 3825 in-

1581 3848 1827 3890 currentes
1843 3852 2116 3902 evaserant,
2135 3841 2278 3892 rebus
2305 3843 2528 3892 omnibus
2542 3843 2837 3907 exspolitttos
2855 3851 2998 3906 atque
3023 3859 3115 3893 nu-

1579 3907 1747 3968 datos,
1761 3909 2098 3972 egentissimos
2119 3909 2526 3963 mendicaremec
2546 3911 2614 3959 eis
2638 3911 2860 3960 erunibus
2872 3912 2936 3961 ad
2950 3914 3118 3960 omnia

1578 3974 1752 4039 quibus
1776 3975 2016 4042 [ulrciendi
2046 3984 2204 4025 essent
2229 3976 2472 4026 subveniri
2505 3991 2646 4041 posse
2666 3990 2684 4025 .'
2713 3978 2794 4025 vix
2823 3987 2916 4026 tres
2943 3993 3116 4042 super-

1577 4043 1713 4091 stites
1747 4056 1808 4090 ex
1842 4041 2283 4110 innumerabilibus
2322 4043 2570 4110 ecclesias,
2616 4043 2707 4092 hoc
2743 4051 2814 4093 est
2852 4041 3116 4110 Carthagi-

1581 4123 1799 4170 nensem,
1843 4107 2214 4171 llipponensem
2237 4119 2282 4160 et
2308 4109 2596 4171 Cirtenscm,
2623 4126 2730 4176 qua:
2761 4110 2851 4162 Dei
2883 4107 3116 4177 beneﬁcio

1577 4179 1754 4228 excisa
1776 4192 1874 4227 non
1895 4187 2029 4237 sunt,
2051 4187 2094 4228 et
2116 4193 2286 4229 earum
2311 4189 2596 4240 permanent
2619 4180 2854 4236 civitates,
2879 4189 2922 4229 et
2950 4182 3114 4231 divino

1578 4256 1622 4298 ct
1646 4249 1859 4296 humano
1890 4246 2030 4308 [ultre
2066 4247 2329 4312 praesidio;
2357 4248 2468 4297 licet
2499 4257 2606 4313 post
2642 4249 2747 4313 ejus
2777 4249 2964 4298 obitum
2999 4255 3115 4303 urhs

1585 4314 1917 4379 Hipponensis
1947 4315 2120 4366 incolis
2150 4316 2382 4366 destituta
2411 4316 2468 4366 ab
2502 4315 2721 4366 hostibus
2745 4317 2890 4382 fuerit
2916 4333 3117 4369 concre-

1587 4395 1735 4434 muta.
1768 4383 1885 4434 llaec
1915 4384 1998 4436 ille
2029 4384 2094 4437 de
2120 4384 2467 4436 Vandalorum
2502 4386 2790 4449 invasione,
2815 4389 2899 4452 qui
2924 4385 3117 4451 lltppo-

1589 4468 1726 4516 ncm,
1748 4454 1816 4503 uti
1843 4454 1994 4517 paulo
2017 4451 2228 4505 inferius
2248 4451 3114 4520 llal'l‘al,qllalllﬂl‘tieCltllﬂlt‘llSllllll

1584 4536 1625 4580 si
1648 4522 1752 4570 alio
1778 4520 2044 4571 obsessam
2075 4529 2369 4584 tenuerunt,
2387 4521 2629 4571 defuncto
2653 4524 2935 4584 Augustino
2964 4524 3116 4571 tet-tiu

1585 4589 1817 4650 ejusdem
1848 4588 2135 4638 obsidionis
2162 4595 2358 4648 mense,
2387 4587 2681 4638 Theodosio
2720 4603 2809 4638 xm
2845 4598 2896 4639 et
2933 4587 3115 4638 Valen-

1587 4657 1780 4705 tiniano
1833 4668 1887 4704 Ill
1935 4655 2232 4705 consulibus
2255 4695 2269 4718 ,
2301 4655 2349 4704 id
2381 4664 2460 4706 est
2498 4669 2633 4705 anno
2661 4669 2778 4706 tera:
2809 4657 3115 4707 Christiana:

1582 4721 1705 4783 430,
1737 4723 1821 4773 die
1862 4738 1888 4771 v
1923 4720 2168 4772 kalendas
2195 4721 2536 4787 Septembris,
2565 4736 2683 4774 cum
2714 4737 2876 4776 annos
2905 4725 3116 4777 vixisset

1583 4791 1648 4842 75
1680 4804 1886 4841 menses
1914 4790 1944 4838 9
1969 4790 2080 4840 dies
2111 4788 2196 4843 15.

1653 4859 1733 4909 Η.
1760 4858 2016 4918 Caeterum
2048 4857 2180 4909 hanc
2206 4856 2463 4911 Africanae
2480 4856 2709 4925 regionis
2734 4858 2936 4910 cladem
2958 4873 3115 4912 accu-

1581 4938 1689 4978 rate
1729 4939 1789 4976 ac
1827 4927 2029 4976 sincere
2055 4940 2080 4975 a
2115 4926 2349 4994 Possidio
2382 4926 2541 4979 fuisse
2569 4927 2882 4994 descriptam
2925 4931 3116 4980 contir-

1581 4997 1709 5047 tnari
1742 5002 1910 5059 potest
1928 5008 1990 5044 es
2013 4994 2252 5063 Capreoli
2281 4993 2706 5062 Carthagiuettsis
2733 4998 2979 5047 antistitis
3009 5001 3115 5063 epi-

1580 5065 1710 5113 stula
1726 5064 2050 5132 excusatoria
2068 5064 2130 5113 ad
2151 5062 2427 5129 Ephesius:
2444 5065 2625 5132 synodi
2643 5066 2900 5130 generalis
2914 5065 3024 5114 Patr
3037 5062 3114 5123 vs,

1581 5147 1676 5195 qua
1703 5147 1794 5181 nec
1820 5131 2009 5199 ipsum,
2035 5144 2131 5182 nec
2153 5148 2215 5182 ex
2246 5131 2502 5183 Africanis
2527 5136 2784 5199 epi~copis
2805 5147 3114 5197 quemquam

1579 5201 1642 5250 ad
1682 5214 1794 5249 eam
1839 5197 2094 5265 synodum
2127 5213 2403 5254 occurrere
2435 5201 2662 5264 pctuisse
2707 5197 2966 5252 asseterat
2991 5239 3003 5257 ,
3049 5201 3114 5251 ob

1580 5266 1926 5319 ntiseirimum
1979 5268 2137 5319 totius
2183 5269 2371 5320 Africae
2414 5277 2631 5329 statum,
2679 5281 2794 5318 cum
2838 5267 3112 5332 nequitletu

1580 5339 1712 5388 intra
1741 5331 1930 5386 Africae
1959 5335 2171 5398 limites,
2199 5347 2254 5388 ut
2283 5353 2341 5389 ea
2372 5338 2437 5388 de
2469 5352 2524 5387 re
2547 5345 2851 5396 tractarent,
2883 5336 2930 5384 in
2958 5350 3112 5386 unum

1577 5419 1603 5456 c
1627 5403 1855 5456 invenire
1875 5405 1999 5468 ipsis
2019 5404 2266 5457 licuisset.
2295 5405 2486 5466 Omnis,
2514 5404 2698 5470 inquit,
2719 5404 2811 5452 hac
2832 5409 3114 5468 tempestate

1576 5476 1664 5523 vite
1694 5473 1858 5522 aditus
1896 5471 2166 5538 pra'clusutt
2192 5483 2281 5523 est.
2313 5473 2504 5523 Etenim
2525 5472 2682 5534 e/fusa
2712 5472 2922 5520 hostium
2948 5471 3112 5522 multi-

1576 5543 1711 5604 tudo,
1737 5553 1782 5590 et
1811 5542 1983 5606 ingens
2003 5539 2186 5606 ubique
2210 5543 2570 5604 provinciarum
2590 5541 2814 5600 vastatio,
2844 5554 2953 5602 qum
2981 5539 3114 5590 inca.

1575 5613 1633 5663 lis
1667 5610 1841 5663 vartiut
1872 5610 2147 5680 distinctis,
2176 5614 2354 5675 partim
2390 5610 2437 5660 in
2469 5610 2632 5676 fugam
2665 5607 2808 5672 actis,
2838 5608 3112 5660 absolutam
