3912 6440
60 405 139 459 5T5

372 397 694 453 RUINARTI
734 403 799 463 IN
837 398 1198 460 HISTORIAM
1240 396 1513 452 PERSEC.
1554 393 1849 449 VANDAL.
1888 393 2413 450 COMMENTARHIS
2453 392 2872 449 ntsrontcus.

3102 389 3198 440 574

60 509 347 578 σορκίσῑίοτεξ
374 508 474 578 sibi»
487 510 701 578 faceret,
731 508 781 578 in
808 509 1046 560 Arianam
1067 507 1329 576 perﬁdiam
1350 511 1563 560 transire
1596 513 1636 566 Α
1669 506 2147 578 instructissimum,
2180 506 2451 578 catholicis
2473 516 2657 578 contra
2694 504 2912 578 Arianos
2942 503 3201 568 proponit.

60 576 274 641 prircepit.
307 576 408 628 Sed
436 576 513 627 illi
536 577 627 627 hoc
652 576 847 642 facinus
881 577 1275 628 constantissime
1316 593 1561 637 respueno

59 662 126 703 tu,
158 644 357 695 excitato
380 646 434 694 in
482 644 846 695 rabidissimam
888 644 1017 696 iram
1058 646 1290 707 barbaro,
1343 646 1560 709 primum

60 713 319 778 proscripti,
360 712 616 763 deindein
642 711 874 771 exsilium
919 714 1037 772 acti,
1084 722 1190 763 tum
1236 713 1558 764 atrocissimis

59 782 280 843 suppliciis
320 782 613 843 excruciati,
642 780 708 831 ad
748 787 1046 842 postremum
1086 781 1293 832 diversis
1324 782 1561 832 mortibus

56 848 297 914 intuentpti
346 848 537 899 illustri
573 848 810 915 martyrio
862 848 1157 899 mirabiliter
1201 850 1557 909 occubuerunt.

55 918 396 982 Hissubjungit
418 917 556 967 idem
588 914 766 967 auctet
788 914 987 967 Paulilli
1016 917 1157 981 pueri
1181 917 1421 969 catholici
1444 930 1561 968 cer-

57 996 221 1040 tamen,
243 985 325 1051 qui
349 985 532 1037 maluit
555 997 617 1035 ex
640 983 810 1035 aulico
835 983 1091 1037 ditissimo
1116 984 1217 1035 vile
1240 1000 1333 1048 pro
1362 983 1573 1037 Christi

57 1051 238 1103 nomine
264 1050 574 1117 mancipium
604 1050 736 1113 fieri,
767 1066 919 1115 quam
950 1052 1158 1117 eiurare
1186 1051 1301 1103 ﬁdei
1333 1052 1558 1104 catholi-

53 1136 113 1171 (ιω
137 1120 523 1187 professionettt.
577 1118 713 1171 Puer
739 1130 923 1187 autem,
951 1120 1138 1185 inquit,
1164 1118 1419 1171 Paulillus
1470 1136 1564 1171 n0—

53 1186 180 1250 ntinc,
229 1192 379 1253 frater
432 1186 737 1254 Eutychiani
773 1197 818 1239 et
861 1186 1146 1249 Paschasii,
1203 1204 1293 1251 pro
1313 1188 1560 1255 elegantia

53 1258 203 1320 {orm
224 1266 365 1321 atque
412 1256 596 1325 ingenii
640 1256 910 1325 admodum
958 1256 1061 1325 regi
1099 1266 1328 1325 acceptus
1352 1297 1367 1319 ,
1391 1272 1504 1307 cum
1528 1272 1560 1307 a

54 1325 327 1389 professione
345 1323 497 1389 atque
516 1340 684 1375 arnore
714 1323 970 1376 catholica:
991 1323 1109 1389 ﬁdei
1136 1324 1285 1375 nullis
1310 1326 1455 1374 minis
1476 1326 1563 1375 de-

54 1393 217 1441 turbari
235 1403 411 1455 posset,
431 1392 642 1457 fustibus
663 1392 748 1443 diu
760 1406 935 1453 cwsus,
950 1401 994 1443 et
1018 1393 1085 1442 ad
1109 1392 1330 1456 inﬁmam
1348 1394 1559 1443 servitu-

52 1470 130 1510 tem
151 1461 407 1513 damnatus
428 1468 503 1512 est
522 1476 540 1512 :
562 1461 692 1521 ideo,
722 1468 774 1511 ut
801 1469 1027 1528 apparet,
1050 1476 1151 1511 non
1179 1464 1483 1527 interfectus,
1502 1476 1562 1512 ne

54 1531 103 1578 de
114 1538 325 1597 superata
337 1530 531 1581 mnia
544 1529 682 1593 impii
698 1530 827 1597 regis
846 1531 993 1580 etiam
1005 1538 1125 1580 artas
1142 1529 1227 1578 illa
1240 1528 1556 1595 gloriaretur.

107 1595 152 1647 6.
171 1596 355 1649 Horum
379 1607 683 1651 sanctorum
716 1595 1017 1649 memoriam
1041 1597 1305 1647 celebrant
1326 1604 1558 1647 veterum

51 1662 181 1715 simul
208 1675 259 1717 et
278 1668 628 1719 recentiorum
658 1665 1144 1732 martyrologiorttm
1165 1665 1467 1727 scriptores,
1494 1679 1558 1715 ex

51 1734 219 1797 quibus
246 1734 357 1784 Ado
389 1734 563 1786 locum
610 1733 851 1796 Prosperi
889 1733 1142 1797 integrum
1188 1732 1560 1798 martyrologio

50 1815 131 1895 2‘1”
144 1800 368 1895 ἐῖῗεἮίξ
392 1802 626 1895 ’ΞΒῘῘΞΞῨ
667 1800 1557 1895 EESYEERT’EBTL053°“?
1588 1837 1636 1895 B

50 1869 91 1917 in
141 1869 369 1921 Romano
412 1884 622 1936 quoque
672 1869 1039 1935 Martyrologio
1100 1868 1289 1920 factum
1341 1880 1442 1921 est.
1492 1869 1559 1920 At

52 1936 289 1989 Usuardus
316 1937 488 1990 solum
510 1952 570 1990 ea
600 1936 778 1989 retulit
798 1952 911 2004 quae
929 1936 992 1989 ad
1010 1949 1233 2004 quatuor
1261 1938 1463 2004 priores
1481 1946 1562 1988 at-

50 2012 227 2066 tinent,
256 2005 383 2057 nihil
428 2006 494 2059 de
536 2006 752 2058 Paulillo
798 2019 1248 2070 commemorans,
1282 2010 1418 2057 sicut
1464 2020 1560 2059 nec

47 2070 228 2135 Florus,
259 2077 308 2125 in
349 2078 502 2136 cujus
541 2073 914 2141 martyrologio
958 2072 1112 2141 iidem
1155 2074 1320 2125 sancti
1365 2074 1559 2133 pariter

46 2150 381 2201 recensentur,
411 2143 504 2194 sed
535 2143 619 2195 die
657 2140 998 2202 praecedenti.
1033 2140 1105 2192 lbi
1134 2142 1315 2204 etiam,
1346 2144 1481 2193 sicut
1504 2152 1561 2196 et

46 2209 87 2259 in
125 2210 386 2262 Canisiana
434 2210 679 2276 Prosperi
724 2207 968 2261 Chronici
1015 2208 1265 2271 editione,
1295 2209 1381 2275 qui
1422 2210 1558 2263 inter

46 2278 166 2339 ipsos
192 2290 408 2345 quartus
433 2280 531 2330 sub
558 2278 767 2331 nomine
794 2276 1095 2346 Eutycbiani
1126 2289 1442 2340 recensetur,
1468 2292 1558 2343 ap-

48 2346 245 2415 pellatur
266 2346 563 2415 Eutychus.
597 2346 909 2399 Eorumdem
937 2346 1127 2415 Christi
1162 2356 1444 2415 martyrum
1465 2348 1560 2415 rfe-

44 2413 299 2466 ειίνὶιηιεηι
321 2456 336 2477 ,
369 2413 535 2467 veluti
563 2429 774 2469 suorum
821 2414 1135 2478 concivium,
1168 2414 1434 2466 celebrant
1464 2414 1555 2466 lli-

45 2483 219 2544 spania:
246 2485 559 2549 scriptores.
594 2484 657 2535 Et
687 2483 871 2535 merito
900 2482 1131 2547 quidem.
1164 2483 1266 2535 Eos
1293 2484 1431 2534 enim
1464 2484 1555 2536 lli-

45 2563 214 2611 triarios
264 2550 446 2613 fuisse,
494 2553 573 2604 vel
629 2566 692 2603 ex
742 2551 981 2617 Prosperi
1037 2551 1152 2602 loco
1199 2566 1354 2616 quem
1402 2566 1556 2616 supra

42 2618 396 2681 descripsimus
419 2627 642 2671 i-onstat.
675 2618 823 2670 Plura
857 2633 961 2681 prae
988 2618 1193 2669 czrteris
1220 2621 1376 2670 habet
1404 2620 1469 2670 de
1494 2620 1557 2671 iis

42 2684 279 2753 Tantayus
298 2689 513 2764 Sata‘zar
546 2686 992 2764 ίξι-ηέρτιγΐυξηῆἱο
1018 2685 1315 2764 Hispanico,
1349 2687 1555 2763 ulti_eoo

43 2768 137 2804 rum
162 2763 269 2805 acti
298 2754 366 2806 ad
397 2756 537 2808 diem
565 2756 630 2807 15
656 2754 959 2807 Novembris
986 2768 1051 2806 ex
1076 2755 1233 2805 variis
1260 2754 1558 2807 auctoribus

41 2826 422 2875 consarcinavtt.
455 2824 589 2889 Quin
617 2831 671 2875 et
706 2824 769 2874 ibi
816 2821 1133 2890 epitaphium
1162 2837 1341 2874 eorum
1385 2826 1557 2887 sepul-

41 2904 134 2950 cro,
166 2892 234 2942 uti
275 2892 465 2957 refert,
515 2892 821 2957 inscriptum
862 2891 1067 2954 laudat,
1098 2892 1147 2943 in
1175 2905 1279 2959 quo
1305 2892 1557 2944 Arcadius

41 2958 73 3009 Τ
76 2959 210 3022 oleti,
232 2962 411 3013 caeteri
441 2962 771 3015 Salmanticai
794 2960 898 3013 uati
919 2961 1182 3023 dicuntur,
1208 2970 1559 3027 vocanturque

40 3037 301 3097 martyrum
328 3030 625 3083 Vandalicas
643 3030 1019 3095 persecutionis
1036 3027 1087 3079 in
1110 3029 1281 3081 Africa
1303 3029 1555 3094 primitiae.

42 3096 348 3149 Postremum
379 3101 518 3150 hunc
566 3099 768 3149 titulum
812 3101 888 3150 eis
914 3111 1030 3150 esse
1058 3098 1307 3158 debitmn,
1342 3112 1401 3147 ex
1446 3099 1557 3162 epi-

1667 586 1719 625 ut
1752 575 1944 627 exinde
1966 577 2089 639 quid
2126 576 2486 626 haereticorum
2529 576 2948 626 cavillationibus
2993 583 3204 639 respon-

1664 642 1845 705 deant,
1871 638 2077 695 haurir'e
2099 644 2316 707 possint,
2347 658 2463 693 cum
2482 642 2547 693 ab
2575 644 2635 693 iis
2671 643 2960 705 impeteren
2990 638 3205 707 urilnto

1666 704 1973 763 Varimadus
2008 704 2257 763 diaconus
2308 711 2561 768 Ariantts.
2608 704 2859 760 adversus
2888 722 3040 772 quem
3073 704 3204 755 liber

1664 779 1762 832 iste
1784 783 2009 846 scriptus
2035 789 2140 845 est,
2167 796 2266 830 non
2299 780 2430 830 alius
2457 778 2659 831 videtur
2686 792 2822 839 esse,
2857 780 2927 827 uti
2964 774 3198 846 suspica.

1664 859 1747 898 tur
1778 842 2086 899 Sirn'iondus
2128 842 2177 899 in
2225 846 2533 913 prmfatione
2578 847 2641 897 ad
2684 846 2930 903 omtsrula
2972 842 3202 913 quinque

1662 915 1954 981 dogmatica
1984 908 2240 980 superius
2259 915 2487 973 laudata,
2518 930 2670 981 quam
2705 913 2993 965 Marivadns
3020 908 3197 962 diaco-

1663 999 1782 1044 nus,
1811 998 1988 1046 quem,
2018 992 2147 1034 teste
2169 986 2392 1048 ipsomet
2419 982 2620 1035 Victore.
2648 982 2839 1034 Vitensi
2873 982 2960 1032 lib.
2984 995 3018 1041 ι,
3051 991 3195 1048 num.

1666 1051 1749 1113 16,
1797 1052 1965 1103 adhuc
1988 1046 2215 1119 vivente
2245 1052 2531 1103 Gense‘rico
2564 1051 2853 1119 Hunericus
2882 1046 3201 1119 singulariter

1662 1119 1956 1170 honorabat.
1985 1118 2144 1169 Porro
2174 1121 2404 1181 ejusdem
2436 1121 2610 1181 operis
2638 1114 2902 1169 auctorem
2943 1116 3064 1168 facit
3104 1113 3198 1164 Pc-

1662 1196 1769 1238 trus
1800 1187 2109 1240 Franciscus
2136 1186 2428 1239 Chiffletius
2469 1187 2709 1249 Vigilium
2741 1187 3059 1250 Tapsensem
3088 1184 3199 1247 epi-

1661 1268 1907 1319 scopum,
1938 1257 1987 1307 in
2028 1256 2279 1321 OpttSClllo
2304 1256 2336 1306 '2
2378 1255 2443 1307 de
2478 1254 2725 1307 Vindiciis
2768 1254 2920 1314 huius
2965 1252 3194 1303 Africani

1662 1323 1895 1386 episcopi
1941 1322 2425 1385 elucultratinnum,
2453 1323 2593 1389 quod
2642 1325 2797 1374 etiam
2845 1322 2941 1373 hoc
2986 1321 3198 1371 nomine

1661 1391 1823 1443 edidit
1846 1393 1894 1443 in
1924 1392 2083 1444 libros
2108 1402 2212 1443 tres
2240 1392 2594 1444 distributum.
2622 1390 2722 1443 Sed
2756 1391 3079 1455 refragantur
3108 1402 3197 1435 co-

1661 1460 1805 1510 dices
1847 1476 1993 1522 m~s.,
2022 1462 2130 1526 qui,
2176 1463 2392 1525 ipSomet
2427 1470 2702 1513 attestan'e
2728 1459 3015 1520 Cliillletio,
3055 1455 3193 1507 idem

1662 1541 1793 1589 Opus
1826 1528 1986 1578 ldatio
2032 1530 2279 1593 episcopo
2323 1530 2574 1581 tribuunt.
2624 1528 2865 1581 Cbiflletii
2896 1526 3195 1589 opinionem

1663 1595 1929 1661 impugnat
1977 1596 2037 1648 V.
2074 1596 2133 1647 C.
2165 1598 2359 1658 Josepb
2403 1597 2694 1649 Antelmins
2733 1598 2781 1647 in
2831 1596 3196 1648 dissertatiotze

1660 1678 1816 1727 quam
1849 1679 2014 1728 nuper
2045 1664 2203 1715 edidit
2233 1664 2298 1716 de
2321 1666 2543 1732 symboli
2574 1665 2913 1716 Athanasiani
2953 1672 3191 1732 auctore,

1661 1740 1789 1783 sect.
1814 1732 1865 1782 2.
1901 1731 2087 1783 Verum
2114 1734 2209 1783 etsi
2244 1731 2544 1797 persuasum
2576 1734 2724 1784 nobis
2747 1733 2814 1784 sit
2840 1732 3055 1784 ldatinm
3088 1731 3195 1793 epi—

1662 1814 1873 1869 scopum
1900 1800 2052 1865 hujus
2073 1802 2246 1864 operis
2272 1810 2559 1863 amtorem,
2590 1814 2912 1869 nequaquam
2942 1814 3059 1869 esse
3081 1799 3192 1869 ldaf

1664 1868 1787 1919 tium
1816 1867 2043 1921 Clarium
2072 1872 2372 1935 episcopum
2421 1870 2739 1934 Hispanum,
2778 1867 2873 1933 qui
2913 1867 3191 1921 Theodosii

1660 1936 1829 2003 Magni
1862 1938 2177 1999 temporibus
2196 1941 2262 1989 ob
2288 1947 2584 1990 accusatum
2610 1937 2988 1989 Priscillianum
3022 1936 3192 1987 lucre-

1661 2008 1817 2057 ticum
1858 2007 2081 2058 celebris
2109 2006 2219 2069 fuit,
2252 2017 2306 2057 ut
2338 2008 2569 2073 plerique
2598 2021 2659 2058 ex
2694 2006 3067 2059 recentioribus
3095 2019 3189 2055 no-

1660 2076 1858 2125 minum
1883 2075 2219 2127 similitudine
2241 2075 2440 2140 decepti
2464 2075 2698 2127 arbitrati
2721 2084 2871 2136 sunt;
2899 2090 2999 2125 non
3022 2083 3191 2124 t-meu

1659 2140 1879 2210 inliciari
1923 2158 2196 2204 possumus
2241 2144 2410 2210 ipsum
2441 2144 2589 2195 alteri
2623 2143 2805 2207 ldatio,
2840 2143 3191 2210 Lemiczesri-

1658 2209 1778 2261 licet
1803 2211 1857 2278 in
1886 2210 2127 2263 Callaecia
2159 2213 2423 2278 episcopo,
2452 2212 2641 2265 ascribi
2668 2227 2840 2277 posse,
2873 2226 3024 2275 quem
3055 2209 3191 2263 Gen-

1656 2277 1813 2329 serici
1858 2281 2178 2343 temporibus
2230 2277 2469 2333 floruisse
2512 2292 2747 2341 constat,
2804 2295 2920 2331 cum
2980 2278 3192 2331 Vandali

1660 2346 1908 2413 Hispania
1931 2348 2106 2397 relicta
2129 2349 2179 2398 in
2204 2348 2429 2400 Africam
2462 2350 2885 2400 transfretaruut.
2906 2349 2965 2400 Et
2983 2348 3190 2413 quidem

1659 2412 1885 2480 ipsemet
1929 2415 1981 2465 in
2010 2416 2289 2476 Chronico,
2336 2418 2470 2472 quod
2502 2418 2565 2467 ad
2601 2418 2811 2468 tertium
2846 2412 3009 2482 usque
3038 2416 3193 2483 214.

1660 2483 2279 2559 ἱιηρθηιιογὶεθΑηιιιεηύί
2303 2499 2491 2535 annum
2522 2485 2784 2559 perduim,
2816 2485 3072 2559 se_r_ebus
3098 2500 3188 2549 ge-

1658 2553 1752 2603 stis
1783 2567 1896 2617 quaa
1942 2552 2116 2604 narrat
2143 2564 2453 2621 praesentem
2484 2561 2539 2605 ut
2578 2553 2855 2620 plurimum
2882 2552 3039 2605 fuisse
3066 2566 3191 2618 pas—

1656 2622 1753 2671 sim
1782 2627 2021 2673 testatur.

1727 2689 1777 2740 8.
1802 2688 1965 2740 Paulo
1997 2698 2112 2753 post
2150 2689 2285 2741 istud
2320 2698 2543 2756 tempus,
2574 2704 2690 2741 cum
2747 2689 2944 2742 scilicet
2972 2688 3187 2740 Cartha-

1656 2755 1828 2823 ginem
1847 2757 1951 2820 jam
1967 2758 2283 2809 Gensericus
2303 2755 2596 2816 invaSisset,
2615 2756 2842 2810 Cerealis
2858 2759 2926 2809 Ca
2962 2758 3191 2810 tellensis

1657 2825 1934 2891 episcopus
1955 2823 2142 2875 librum
2172 2826 2421 2879 adversus
2446 2827 2780 2878 Maximinum
2815 2827 3019 2878 Ariuna:
3035 2836 3191 2877 secta:

1657 2894 1959 2959 episcopum
1987 2893 2317 2959 conscripsit,
2349 2895 2436 2960 qui
2465 2904 2637 2946 exstat
2666 2894 2716 2945 in
2753 2894 3067 2946 Bibliotheca
3098 2894 3191 2945 Pa-

1660 2972 1817 3023 trum,
1846 2962 2227 3027 laudaturquea
2258 2960 2525 3015 Gennadio
2550 2977 2665 3026 cap.
2686 2963 2770 3013 66.
2799 2962 2934 3012 Idem
2962 2962 3191 3014 Cerealis

1659 3030 1710 3083 in
1740 3030 1930 3083 Notitia
1960 3030 2200 3082 Africana
2232 3032 2537 3083 reccttsetur‘
2562 3031 2697 3082 inter
2739 3030 3057 3081 Mauritaniae
3081 3028 3191 3080 Cm-

1660 3099 1909 3152 sariensis
1937 3102 2233 3164 episcopos,
2264 3099 2353 3164 qui
2380 3097 2619 3150 lluuerici
2642 3098 2777 3162 regis
2804 3100 3047 3149 mandato
3066 3095 3190 3149 Cat-

37 3164 153 3215 stola
176 3165 428 3244 llonorati
457 3166 894 3244 én'lnll'illi-‘qual'n
912 3180 1067 3244 supra
1087 3167 1238 3244 213
1262 3166 1551 3244 retulimus,
1583 3165 1626 3224 C
1660 3167 1923 3244 thaginem
1942 3176 2298 3244 convenerunt
2322 3183 2414 3235 pro
2432 3167 2693 3244 reddenda
2716 3166 2829 3244 fidei
2844 3182 2953 3244 suae
2968 3166 3188 3242 ratione,

40 3246 174 3283 nemo
204 3243 379 3297 potest
409 3233 651 3286 inliciari.
696 3233 766 3284 Ibi
792 3235 928 3284 enim
973 3231 1249 3283 Amantium
1277 3231 1352 3284 sic
1381 3232 1554 3284 llono-

38 3311 162 3353 ratus
192 3302 478 3367 alloquitur
508 3316 655 3357 nutu.
693 3300 756 3353 5:
794 3300 1013 3369 Signifer
1040 3316 1088 3351 es
1128 3301 1332 3360 Christi,
1375 3302 1424 3351 in
1453 3302 1558 3351 acie

40 3370 205 3429 primus
244 3372 496 3427 ambulas.
542 3370 598 3422 Si
628 3382 679 3421 tu
709 3369 975 3433 cecideris,
1030 3370 1089 3419 ab
1134 3370 1350 3419 aliorum
1406 3379 1559 3419 morte

40 3453 122 3488 non
148 3440 242 3491 eris
293 3441 557 3501 immunis,
602 3449 705 3491 etc.
752 3438 853 3491 Sed
894 3451 1009 3504 qnm
1039 3438 1289 3504 praeterea
1330 3435 1396 3487 de
1444 3440 1559 3489 istis

40 3508 332 3575 martyribus
360 3524 425 3561 ex
457 3506 836 3560 recentioribus
867 3515 1043 3558 narrat
1071 3507 1204 3556 idem
1237 3517 1437 3568 auctor,
1468 3521 1557 3559 ne-

38 3588 109 3625 tno
130 3576 277 3629 facile
302 3577 548 3629 admittet
572 3576 767 3643 absque
791 3575 965 3643 aliquo
987 3577 1116 3626 vade
1139 3575 1378 3626 certioris
1420 3575 1557 3626 lidci.

93 3642 137 3693 7.
155 3645 420 3697 Caeterum
435 3646 598 3697 multo
614 3644 786 3709 plures
801 3642 894 3696 hac
911 3652 1219 3709 tempestate
1241 3650 1495 3706 martyres
1507 3652 1562 3696 et

38 3710 351 3767 confessor-es
374 3729 471 3778 pro
492 3712 679 3766 Christi
710 3712 988 3765 asserenda
1012 3712 1281 3763 divinitate
1308 3713 1357 3762 in
1389 3710 1559 3764 Africa

38 3782 221 3833 decerte
243 3798 315 3834 nte
342 3792 590 3835 auctores
619 3782 808 3833 laudati
843 3782 1083 3840 innuunt,
1110 3780 1344 3846 quamvis
1374 3794 1561 3843 pauco-

38 3864 133 3899 rum
161 3851 498 3904 solummodo
532 3851 740 3902 nomina
780 3850 1053 3901 brevitatis
1073 3849 1243 3899 studio
1284 3864 1563 3901 recensue-

38 3918 146 3969 iint.
164 3919 266 3972 Nec
287 3920 449 3972 etiam
476 3918 687 3971 defuere
705 3918 1017 3970 sanctissimi
1046 3917 1313 3981 praesules,
1338 3919 1421 3980 qui
1445 3931 1560 3969 sese

38 3987 182 4053 veluti
222 4003 405 4040 muros
448 4001 616 4039 mreos
647 4002 742 4053 pro
788 3988 977 4038 domus
1026 3985 1229 4036 Domini
1260 3984 1561 4035 defensione

38 4052 208 4106 Censet
226 4056 288 4106 ici
313 4055 596 4107 conatibus
625 4052 975 4119 opponerent:
1009 4067 1073 4104 ex
1101 4064 1318 4116 quorum
1344 4064 1561 4100 numero

35 4122 213 4185 aliquot
243 4122 421 4173 laudat
449 4121 749 4173 Gennadius
777 4123 826 4169 in
856 4122 1091 4179 catalom
1121 4121 1433 4181 scriptorum
1474 4132 1562 4169 ec-

36 4189 434 4241 ciesiaticorum
482 4189 589 4254 qui,
632 4198 845 4254 accepto
891 4189 1112 4248 calamo,
1146 4186 1260 4237 ﬁdei
1291 4186 1561 4237 catholica;

40 4256 293 4307 veritatem
318 4266 508 4309 contra
546 4257 766 4306 Arianos
787 4256 995 4321 scriptis
1028 4256 1234 4321 egregie
1266 4270 1558 4321 propugna-

38 4335 159 4377 runt.
189 4324 434 4377 Celebris
483 4324 617 4376 inter
646 4324 776 4376 alios
825 4324 919 4375 fuit
966 4322 1141 4375 Victor
1187 4324 1461 4375 Cartenure
1510 4325 1559 4375 in

40 4392 333 4445 Mauritania
350 4394 649 4459 episeopus,
672 4392 756 4459 qui
788 4391 973 4444 librum
1003 4407 1029 4441 a
1057 4406 1114 4445 se
1134 4391 1383 4444 adversus
1413 4392 1561 4445 Aria-

38 4475 119 4512 ttos
140 4461 330 4513 editum
366 4464 580 4528 ipsimct
610 4465 716 4523 regi
747 4460 1033 4514 Genserico
1062 4461 1235 4513 offerri
1258 4467 1475 4521 curavit,
1505 4471 1558 4512 ut

35 4544 83 4579 se
121 4531 365 4584 didicisse
408 4540 629 4585 testatur
660 4529 958 4582 Gennadius
986 4546 1104 4596 cap.
1143 4531 1204 4579 Π
1234 4545 1293 4581 cx
1325 4532 1556 4593 ejtlStIt-m

36 4597 139 4666 libri
165 4600 400 4666 prologo.
434 4600 511 4652 De
535 4600 632 4650 hoc
654 4599 770 4652 vide
796 4613 951 4665 supra
979 4614 1093 4666 pag.
1128 4598 1225 4650 169
1254 4597 1435 4663 (Nobis
1457 4606 1552 4649 col.

34 4664 143 4727 540,
166 4664 453 4735 'numf50).
478 4667 551 4719 Ad
584 4666 718 4735 idem
740 4664 945 4733 quoque
970 4664 1146 4730 procul
1174 4668 1330 4717 dubio
1356 4674 1561 4730 tempus
1582 4674 1608 4728 ᾖ

35 4740 253 4788 revocari
275 4734 435 4789 debet
453 4734 762 4788 breviarium
778 4736 896 4787 fidei
914 4736 1165 4786 adversus
1181 4738 1392 4786 eosdem
1411 4735 1560 4786 Aria-

36 4808 505 4872 nosconscriptutn,
522 4806 658 4871 quod
686 4818 801 4856 cum
823 4804 939 4855 aliis
962 4815 1182 4869 quatuor
1207 4812 1441 4854 vetet-unt
1470 4817 1557 4853 au-

34 4878 220 4941 ctorum
238 4874 513 4937 opusculis
526 4872 925 4941 edidttJacobus
937 4872 1242 4941 Strmondus
1255 4873 1426 4941 anno__l
1439 4872 1557 4923 630.

38 4935 422 5006 utquidvmjam
441 4955 594 5004 supra
612 4940 1004 4993 observavimus
1027 4942 1075 4990 in
1092 4949 1205 4989 nota
1219 4940 1285 4990 ‘20
1302 4941 1362 4989 ad
1378 4939 1554 4991 Victo-

37 5016 135 5076 rem
162 5003 426 5076 theuscm
447 5010 644 5074 (Supra
666 5009 764 5060 col.
782 5010 901 5073 188,
924 5024 977 5059 rt.
995 5008 1064 5076 ε),
1084 5008 1446 5076 Sebastianum
1463 5022 1553 5059 co-

36 5072 200 5142 mitem
219 5090 245 5122 a
262 5072 562 5126 Genserico'
577 5077 907 5142 sollicitatum
934 5085 989 5128 ut
1016 5072 1230 5142 patriam
1250 5075 1551 5141 religionem

33 5139 319 5210 abnegaret,
335 5157 398 5195 ex
418 5142 519 5192 isto
535 5145 702 5194 brevia
713 5149 788 5197 rio
802 5134 1186 5210 responsionem
1204 5134 1440 5194 hausisse
1454 5158 1553 5210 qua

36 5209 229 5273 tyranni
245 5210 657 5277 Conatusirritos
671 5210 806 5262 fecit.
828 5209 1010 5265 Iisdem
1031 5215 1349 5277 temporibus
1364 5212 1558 5273 prodiit

36 5278 80 5346 i_u
119 5277 282 5329 lucem
306 5276 461 5327 Liber
491 5291 584 5346 seu
614 5276 892 5346 Declaratio
915 5276 1218 5346 quorumque
1245 5282 1464 5330 locorum
1491 5281 1554 5331 de

36 5343 265 5396 Trinitate
293 5360 473 5395 contra
523 5342 848 5396 Varimudum
878 5342 1077 5399 Artena:
1101 5342 1245 5400 secta:
1269 5349 1554 5411 diaconum,

34 5413 372 5479 quodquide
400 5427 533 5477 opus
563 5412 755 5463 editum
794 5422 873 5466 est
896 5415 944 5465 in
978 5416 1293 5468 Bibliotheca
1324 5415 1559 5480 Patrum,

38 5484 112 5533 ubi
142 5486 298 5550 ipsius
327 5489 513 5534 auctor
536 5481 585 5550 in
612 5480 911 5550 praefatione
938 5484 1080 5547 operi
1105 5488 1315 5548 prmtixa
1341 5497 1398 5534 se
1426 5485 1562 5549 apud

37 5548 289 5618 beapolim
333 5548 637 5615 Campaniai
685 5550 865 5602 utbem
911 5552 1247 5603 constitutum
1290 5548 1564 5617 scripsisse

39 5630 242 5673 testatur
270 5634 333 5672 eo
366 5630 605 5685 tempore
630 5632 727 5683 quo
771 5618 942 5669 Ariani
988 5620 1049 5670 de
1087 5621 1365 5682 inﬁdelium
1395 5636 1562 5685 regum

42 5690 370 5750 gloriabantur
403 5689 634 5757 superbia
648 5701 669 5739 ’τ
687 5700 837 5747 quem
864 5688 1072 5746 librum,
1107 5688 1261 5742 veluti
1280 5701 1560 5742 at‘tttartum

1589 4502 1637 4560 D

1659 3235 1724 3286 de
1749 3249 2028 3303 quosupra
2049 3236 2278 3303 diximus
2293 3252 2408 3303 ρης.
2432 3237 2546 3289 179.
2572 3236 2770 3287 Floruit
2788 3243 2835 3286 in
2852 3236 3189 3299 eademprovi

1657 3305 1735 3354 cia
1750 3302 2011 3354 Voconius
2034 3302 2223 3354 Castell
2243 3302 2506 3366 inus,seu,
2534 3314 2589 3356 ut
2615 3304 2767 3355 habet
2789 3313 3022 3354 nostrum
3040 3315 3191 3353 Velus

1659 3370 2254 3437 exemplar,Castultanw
2267 3372 2587 3423 Mauritaniae
2604 3372 3191 3435 urbisepiscopus,cuius

1660 3441 1802 3491 varia
1825 3439 2071 3499 opuscula
2089 3451 2323 3491 recenset
2338 3439 2633 3491 Gennadius
2651 3454 2765 3503 cap.
2791 3438 2873 3491 78.
2895 3438 3017 3489 Vide
3035 3452 3188 3503 supra

1656 3508 1761 3561 Col.
1787 3506 2318 3574 175(Nobiscol.543,
2343 3523 2479 3557 num.
2506 3506 2614 3572 ‘75).
2637 3507 2866 3573 Denique
2888 3506 3064 3574 grandi
3082 3507 3187 3567 apio

1659 3577 2011 3629 nionecelebris
2038 3575 2170 3641 apud
2190 3576 2426 3627 eumdem
2453 3587 2740 3638 auctorem,
2756 3592 2868 3641 cap.
2891 3576 2978 3636 75,
3000 3575 3189 3626 dicitur

1659 3647 1932 3709 Asclepios
1958 3644 2079 3697 Afer
2107 3646 2156 3695 in
2186 3646 2406 3697 docendo
2438 3662 2496 3697 rx
2525 3653 2761 3711 tempore,
2792 3645 2877 3711 qui
2920 3646 3075 3696 etiam
3102 3644 3191 3694 ad-

1657 3730 1843 3766 versus
1869 3714 2092 3779 Arianos
2118 3714 2247 3765 sicut
2277 3722 2329 3764 et
2350 3724 2528 3767 contra
2560 3714 2853 3764 Donatistas
2877 3714 3033 3763 multa
3063 3713 3192 3763 scri-

1661 3783 1827 3849 psisse
1859 3792 2198 3833 memoratur.
2222 3779 2321 3832 Sed
2350 3782 2486 3833 illius
2508 3781 2645 3834 sedis
2674 3796 2863 3833 nomen
2896 3784 3036 3833 varie
3067 3781 3190 3830 varii

1660 3851 1871 3904 codices
1916 3850 2169 3907 scribunt,
2206 3850 2271 3900 ita
2306 3857 2476 3901 tamen
2516 3860 2570 3901 ut
2605 3851 2773 3901 nullus
2800 3866 2827 3901 a
2859 3851 3194 3913 corruptione

1662 3922 1893 3972 videatur
1940 3918 2199 3971 immunis.
2233 3918 2367 3969 Editi
2418 3919 2636 3981 habent,
2688 3918 2945 3983 Asclepius
2997 3919 3115 3983 Afer
3142 3918 3194 3968 in

1660 3986 1929 4051 Bagaiensi
1960 3989 2209 4054 territorio
2256 3988 2346 4036 rici
2376 4003 2471 4037 non
2515 3987 2720 4054 grandis
2765 3990 3059 4053 episcopus;
3102 4000 3192 4035 no-

1660 4066 1826 4104 Strtlm
1856 4068 1980 4105 vero
2008 4052 2258 4103 Gennadii
2284 4052 2548 4117 exemplar
2574 4052 2977 4105 vetustissimum
3021 4054 3194 4110 habet,

1659 4122 1713 4172 in
1734 4119 1979 4172 Gabaensi
2008 4122 2256 4187 territorio
2294 4119 2693 4187 Vicinwgrantis,
2720 4131 2855 4181 etc.;
2884 4122 2981 4171 alia
3014 4135 3189 4182 manu,

1660 4204 1765 4241 non
1797 4198 1969 4241 tamen
1998 4186 2129 4240 adeo
2172 4188 2407 4255 antiqua,
2464 4189 2635 4241 Vicine
2682 4190 2910 4239 civitatis.
2963 4190 3193 4240 Priorem

1661 4266 1834 4311 tamen
1884 4258 2154 4308 lectionem
2182 4257 2453 4307 confirmat
2485 4258 2647 4309 codex
2699 4256 3104 4319 Fiscamnensis,
3142 4269 3195 4309 ut

1662 4329 1863 4379 monuit
1886 4340 1967 4378 me
1998 4336 2173 4377 noster
2195 4326 2415 4376 domnus
2443 4323 2750 4377 Guillclmus
2773 4323 3030 4386 Fillastre,
3048 4328 3129 4377 ubi
3147 4328 3197 4378 in

1666 4394 1935 4464 Navigensi
1949 4395 2197 4445 territorio
2223 4393 2587 4457 Vicinigrandis
2601 4395 2861 4464 episcopus
2873 4394 3075 4446 dicitur.
3096 4396 3195 4446 llo-

1664 4463 1840 4517 noritis
1861 4477 1974 4529 cap.
1992 4464 2057 4515 72
2071 4465 2311 4515 eumdem
2330 4465 2633 4528 simpliciter
2654 4465 2703 4514 in
2724 4463 2923 4515 Baiensi
2948 4464 3196 4513 territorio

1665 4534 1947 4598 episcopum
1961 4532 2202 4596 appellat.
2223 4531 2504 4595 thuidem
2527 4532 2607 4581 hic
2621 4532 2751 4582 forte
2776 4547 2959 4583 nomen
2980 4530 3195 4596 alicujus

1665 4601 1763 4651 vici
1780 4601 2099 4665 designatur.
2118 4598 2399 4663 Episc0pos
2417 4600 2551 4649 enim
2574 4602 2625 4648 in
2654 4599 2783 4649 ritlis
2812 4608 2855 4648 et
2879 4602 2927 4648 in
2947 4599 3194 4665 fundis,et

1664 4682 1751 4735 per
1777 4663 1921 4735 agros
1944 4666 1995 4717 in
2018 4665 2193 4735 Africa
2224 4664 2383 4735 fuisse
2411 4680 2564 4717 nemo
2595 4666 2786 4735 nescit,
2809 4666 2945 4732 quod
2978 4681 3038 4718 ex
3074 4663 3193 4716 Col-

1624 4782 1629 4788 .
1665 4732 1859 4788 latione
1888 4733 2283 4794 Carthaginensi
2317 4747 2432 4798 Cap.
2476 4735 2564 4785 181
2603 4734 2655 4785 et
2700 4732 2816 4797 182,
2854 4736 3071 4801 aliisque
3104 4751 3195 4786 ve-

1667 4802 1817 4855 tustis
1862 4801 2210 4854 monumentis
2256 4802 2453 4866 absque
2502 4817 2686 4867 magno
2733 4803 2941 4868 negotio
2992 4806 3196 4867 probari

1669 4881 1857 4935 passet.
1891 4870 1992 4923 Sed
2021 4870 2097 4921 his
2127 4869 2319 4922 diutius
2346 4872 2607 4923 immorari
2640 4886 2741 4923 non
2774 4881 2943 4925 vacat.
2968 4873 3197 4924 Cmteros

1668 4953 1791 4991 vero
1808 4949 2046 5003 auctores
2069 4939 2152 5003 qui
2177 4939 2614 5002 subsequentibus
2640 4940 2954 5005 temporibus
2974 4940 3200 4991 floruere

1660 5007 2024 5073 praetermitto,
2073 5011 2206 5059 inter
2235 5022 2365 5074 quos
2410 5010 2597 5061 enituit
2649 5011 2974 5073 potissimum
3018 5010 3197 5059 beatus

1659 5075 1988 5143 Fulgentius,
2015 5076 2081 5127 de
2106 5090 2209 5141 quo
2240 5077 2382 5141 plura
2406 5092 2503 5127 suo
2533 5078 2646 5129 loco
2663 5076 2849 5128 dicturi
2879 5091 3078 5129 sumus.

2261 5165 2480 5219 CAPUT
2515 5167 2549 5216 V

1725 5252 2017 5307 Gensericus
2045 5263 2188 5320 capta
2220 5255 2521 5323 Carthagine
2551 5256 2599 5304 in
2630 5254 2787 5321 ipsius
2820 5255 2944 5304 cives
2972 5263 3124 5303 sa'vtt.

1738 5346 1787 5397 1.
1819 5343 2154 5408 Gensericus,
2188 5344 2251 5397 de
2280 5347 2427 5410 cujus
2460 5344 2557 5396 fide
2583 5345 2648 5394 ob
2680 5358 2855 5409 pacem
2900 5358 3197 5393 sarramen~

1669 5422 1741 5478 to,
1771 5417 1845 5465 uti
1876 5412 2117 5473 diximus,
2143 5414 2523 5472 confirmatam,
2553 5426 2768 5464 securus
2798 5411 3067 5462 videbatur
3106 5414 3195 5461 imo

1670 5490 1895 5549 perator,
1927 5478 2108 5530 videns
2130 5479 2381 5532 Romanis
2402 5482 2502 5533 alio
2524 5480 2768 5549 detentis,
2787 5493 2873 5530 cas
2906 5480 3059 5529 urbes
3085 5494 3199 5545 quas

1667 5548 1766 5603 Sibi
1796 5549 1891 5614 ipsi
1922 5561 2022 5599 non
2055 5550 2326 5613 parebant,
2358 5565 2415 5601 se
2440 5548 2575 5601 hami
2607 5562 2791 5611 magi-0
2826 5551 3032 5611 negotio
3059 5549 3199 5597 int-a-

1668 5633 1867 5671 surum.
1903 5618 2175 5681 repentino
2199 5618 2390 5681 impetu
2416 5620 2778 5682 Carthaginem
2802 5615 3203 5675 advolaus,eam

1668 5703 1761 5740 suo
1791 5684 2258 5754 subiecttimperio,
2293 5702 2452 5749 ratus,
2485 5700 2632 5752 Capta
2658 5686 2817 5737 totius
2846 5682 3033 5738 Africa:
3066 5688 3195 5737 ttrbo
