3926 6470
359 381 448 438 531

514 489 517 492 ’
951 485 1169 540 CAPUT
1210 485 1291 538 Vl.

361 581 648 634 (ἔριδα-ἕσας
682 581 888 628 “imam
921 572 1130 692 inpadcilt,
1174 575 1432 643 variasque
1468 575 1660 644 imperii
1684 575 1885 640 provin-

939 658 1038 692 cias
1103 653 1304 692 evastat.

939 658 1038 694 etas
1069 653 1304 694 devastat.

429 759 475 809 ι.
507 753 636 806 Cum
679 749 990 804 Gensericus
1029 761 1176 813 capta
1207 749 1511 817 Carthagine
1558 752 1683 804 nihil
1715 753 1812 806 sibi
1838 756 1886 808 in

363 824 530 879 Africa
578 821 909 872 metuendum
952 833 1069 870 esse
1112 819 1290 881 sciret,
1339 821 1568 876 Siciliam
1615 836 1888 882 aggressus

362 901 459 956 est,
488 892 646 957 idque
674 889 854 940 eodem
885 900 1159 957 annoque
1197 886 1562 957 Carthaginem
1606 890 1912 954 invaserat,

365 970 419 1014 ut
443 954 626 1013 scribit
653 965 835 1009 auctor
855 955 1095 1007 Cbronici
1136 954 1427 1017 Paschalis“;
1477 956 1567 1008 sed
1599 973 1713 1010 eam
1757 959 1890 1010 irru-

366 1030 591 1095 ptionem
619 1040 735 1077 cum
764 1023 949 1086 ldatio,
969 1092 977 1095 _
995 1021 1252 1095 Prospero
1279 1032 1330 1074 et
1371 1023 1702 1089 Cassiodoro,
1752 1041 1889 1078 anno

368 1092 600 1166 sequenti
633 1095 801 1166 potius
837 1092 1244 1166 consignandam
1276 1105 1392 1143 esse
1416 1105 1631 1166 censent
1655 1096 1747 1166 viri
1773 1111 1890 1146 ern-

365 1160 476 1222 diti.
510 1161 868 1215 Valentiniano
893 1160 1093 1212 scilicet
1118 1161 1348 1225 Augusto
1370 1175 1401 1211 v
1421 1169 1473 1212 et
1501 1163 1741 1216 Anatolio
1769 1177 1890 1214 con.

365 1234 584 1293 solibus,
630 1230 680 1282 id
707 1238 790 1281 est
812 1243 948 1279 anno
971 1227 1198 1292 vulgaris
1225 1242 1343 1279 terte
1374 1227 1491 1280 UO.
1525 1229 1647 1282 "me
1674 1239 1752 1284 est
1776 1245 1892 1294 pro-

367 1302 449 1355 cul
479 1299 638 1352 dubio
665 1297 845 1362 patria:
883 1311 991 1347 sua:
1016 1297 1306 1357 calamitas,
1348 1311 1502 1362 quam
1551 1298 1892 1350 Paschasinus

370 1367 717 1432 Lilybaetanus
745 1366 797 1416 in
827 1363 1001 1416 Sicilia
1031 1367 1302 1429 cpiscopus
1329 1364 1566 1430 deplorat
1595 1368 1645 1418 in
1674 1367 1889 1432 epismla

368 1440 434 1491 ad
451 1432 679 1490 Leonem
703 1434 943 1499 Magnum
974 1432 1292 1497 pontificem,
1321 1432 1372 1483 in
1400 1447 1498 1496 qua
1528 1435 1810 1486 nuditatem
1841 1443 1893 1486 et

369 1507 497 1559 a‘ias
524 1516 805 1563 mrumnas,
837 1501 1150 1552 amarissima
1175 1501 1456 1563 captivitate
1478 1503 1704 1566 faciente,
1733 1517 1790 1553 se
1817 1505 1894 1554 in-

369 1576 598 1628 currisse
621 1573 974 1638 conqueritur.
1003 1570 1063 1620 Et
1085 1567 1290 1638 quidem
1321 1581 1524 1633 gravem
1554 1567 1712 1638 fuisse
1741 1571 1889 1622 istam

369 1643 561 1696 Sicilia
607 1636 953 1692 calamitatem
988 1652 1052 1689 ex
1095 1636 1209 1687 aliis
1235 1650 1441 1702 quoque
1477 1637 1775 1689 auctoribus
1802 1638 1890 1703 qui

368 1725 428 1762 ea
455 1709 520 1762 de
547 1722 603 1760 re
628 1709 968 1772 scripserunt,
1018 1704 1186 1769 colligi
1222 1713 1408 1772 potest.
1441 1703 1680 1757 Testitur
1706 1707 1892 1771 quippe

374 1779 604 1831 Isidorus
648 1777 699 1827 in
743 1771 886 1826 brevi
937 1772 1281 1824 Vandalornm
1327 1771 1568 1831 llistoria,
1617 1788 1719 1825 :rra
1767 1773 1890 1839 467,

369 1843 732 1902 Censericum,
760 1843 959 1906 direpta
981 1842 1119 1892 omni
1158 1841 1353 1902 Sicilia,
1383 1842 1536 1893 etiam
1564 1842 1893 1902 Panormum,

371 1915 530 1967 totius
559 1910 740 1962 insula:
767 1917 939 1974 caput.
967 1908 1236 1960 obsidione
1266 1909 1511 1961 cinxisse.
1543 1911 1593 1961 ld
1620 1925 1743 1962 vero
1767 1911 1898 1961 hau-

372 1984 438 2034 sit
463 1995 524 2033 es
561 1978 704 2030 ldatii
747 1976 974 2042 episcopi
996 1975 1276 2037 Chronico,
1302 1977 1386 2042 qui
1413 1993 1623 2044 gravem
1655 1993 1712 2030 ea
1743 1993 1897 2030 occa-

369 2050 518 2101 sione
564 2045 980 2112 persecutionem
1017 2045 1268 2096 adversus
1305 2045 1589 2096 catholicos
1622 2046 1672 2096 in
1715 2047 1896 2099 eadem

373 2116 634 2197 provincia
674 2130 702 2164 a
730 2114 973 2197 barbaro.
994 2124 1452 2197 regecom‘motam
1481 2112 1660 2197 fuisse
1677 2116 1896 2197 'seribit,

375 2179 651 2250 instigante
690 2182 892 2250 scilicet
931 2180 1211 2250 Maximino
1239 2179 1450 2250 Arianae
1477 2190 1632 2232 sectae
1675 2180 1894 2248 fantore,

373 2247 603 2319 quodab
646 2249 952 2319 orthodoxis
980 2247 1295 2319 antistitibus
1338 2249 1489 2319 paulo
1514 2259 1676 2319 antea
1718 2247 1899 2319 fuisset

374 2316 770 2374 condemnatus.
817 2317 932 2370 Haec
971 2325 1092 2368 sunt
1123 2316 1264 2368 ldatii
1286 2318 1445 2368 verba
1470 2334 1480 2364 :
1502 2316 1780 2368 Gaiserirus
1811 2318 1898 2370 Si-

371 2389 544 2441 ciliam
568 2388 907 2454 depraedatus,
940 2382 1243 2454 Panormunt
1282 2386 1367 2435 diu
1399 2385 1581 2454 obsedit
1607 2401 1622 2436 :
1646 2389 1728 2454 qui
1759 2384 1901 2436 dam-

375 2457 480 2507 nati
505 2472 538 2506 ts
565 2451 818 2506 caiholicis
835 2455 1077 2520 episcopis
1105 2451 1332 2513 Maximi,
1356 2457 1488 2516 apud
1510 2451 1735 2505 Ciciliam
1762 2454 1902 2505 Aria-

376 2539 555 2576 norum
575 2525 730 2592 222
753 2523 921 2582 ducit,
963 2526 1222 2572 adversum
1254 2520 1519 2592 catholicos
1565 2524 1902 2587 prmcipitatur

377 2589 730 2653 instinctufit
761 2606 844 2642 eos
881 2605 1076 2658 quoquo
1123 2599 1266 2655 pacto
1305 2589 1356 2639 in
1397 2591 1691 2651 impietatem
1714 2601 1904 2658 cogeret

381 2661 614 2711 Arionem
640 2673 658 2709 :
688 2657 938 2708 nonnullis
966 2658 1345 2719 declinantibus,
1389 2657 1630 2722 aliquanti
1667 2660 1902 2709 durantes

378 2727 428 2778 in
445 2726 691 2778 catholica
710 2726 809 2792 ﬁde
827 2739 1222 2776 consumntavere
1245 2726 1552 2792 martyrium.
1580 2725 1706 2777 Eam
1733 2736 1901 2788 tamen

381 2791 721 2860 provinciam,
769 2793 900 2844 sicut
927 2803 978 2844 et
1010 2792 1232 2852 Brittios,
1276 2791 1612 2845 Gensericum
1657 2794 1904 2847 invadere

381 2859 642 2930 nunquam
684 2860 913 2930 potuisse
959 2869 1180 2930 tesmtur
1202 2859 1556 2930 Theodericus
1585 2877 1674 2914 rex
1702 2862 1901 2914 Gotho—

381 2928 522 2990 rum,
561 2929 695 2996 apud
721 2929 1088 2981 Cassiodorum
1133 2928 1267 2996 lib.t
1315 2929 1613 2992 Variarum,
1657 2932 1808 2996 epist.
1850 2933 1900 2996 ιι,

381 2998 517 3067 quod
539 2995 628 3067 eas
655 2996 1008 3067 Cassiodorus
1029 3009 1155 3047 avus
1180 2995 1381 3067 fortiter
1401 3007 1592 3050 tutatus
1623 2995 1822 3067 l'niSsi-t.

448 3068 503 3118 Ξ.
527 3066 689 3120 Totus
728 3068 897 3131 itaque
927 3065 1043 3116 huic
1072 3065 1389 3132 expeditioni
1419 3067 1746 3118 incumbebat
1767 3066 1904 3119 Gen-

712 369 1022 430 RUINARTI
1063 373 1125 427 ΙΝ
1164 372 1524 428 HISTORIAM
1564 371 1846 428 PERSEC.
1890 372 1903 405 ‘

2005 371 2178 424 ΨΜ...
2218 370 2743 428 COMMENTARIUS
2785 371 3198 429 HISTORICUS.

3424 377 3526 431 389

1911 494 1956 544 Α
1984 491 2036 536 in
2066 488 2360 556 Orientales
2407 491 2698 553 provinmas
2743 490 3088 551 lrrnptlonem
3131 489 3340 556 pr0prio
3379 498 3524 541 nintu

1989 555 2275 620 susceperit
2307 555 2479 618 Attila,
2506 565 2594 606 ant
2618 566 2758 607 certe
2784 570 2809 605 a
2830 555 3133 618 Genserico,
3164 558 3274 609 viro
3295 559 3526 607 callidis-

1989 621 2142 682 simo,
2193 623 2256 674 ad
2301 624 2348 674 id
2393 623 2545 675 fuerit
2591 625 2804 689 pecunia
2848 625 3143 689 instigatns,
3197 635 3253 676 ut
3286 626 3521 678 nonnulli

1991 690 2193 750 volunt,
2219 691 2471 743 incertum
2501 701 2598 742 est.

2057 759 2109 810 4.
2143 757 2400 811 Cancrum
2445 758 2833 810 Valentinianus
2871 759 3010 810 omni
3056 773 3147 824 spe
3194 759 3526 826 Carthaginis

1990 825 2209 894 imperio
2254 827 2572 878 vindicandae
2622 827 2928 885 frustratus,
2975 833 3131 878 tertio
3178 839 3452 894 postqnant
3495 846 3522 880 a

1994 893 2239 946 Vandalis
2281 903 2429 958 capta
2473 895 2639 947 fuerat
2687 910 2845 960 anno,
2895 895 3143 948 DiOscoro
3187 906 3239 948 et
3287 893 3523 950 Eudoxio

1990 963 2308 1024 consulibus,
2342 963 2389 1014 id
2419 972 2497 1016 est
2538 979 2672 1015 anno
2703 964 2825 1024 “‘2,
2866 978 3044 1026 pacem
3086 979 3200 1014 cum
3234 963 3521 1016 Genserico

1991 1034 2278 1098 renovavit,
2309 1032 2499 1098 Africa,
2531 1031 2602 1083 uti
2636 1031 2792 1083 refert
2823 1031 3061 1096 Prosper,
3094 1044 3137 1084 et
3166 1047 3281 1084 cum
3311 1049 3373 1084 eo
3397 1034 3521 1085 (Ias—

1989 1097 2252 1168 siodorus,
2294 1097 2362 1152 et
2386 1100 2492 1158 alii,
2536 1101 2681 1151 certis
2708 1101 2883 1162 spatiis
2912 1101 3038 1150 inter
3067 1109 3321 1168 utrumque
3342 1101 3525 1161 dit-ira,

1994 1166 2760 1232 Byzacenam.’l‘ripo!itanam,
2808 1177 2858 1220 et
2899 1168 3217 1232 provinciam
3243 1166 3369 1234 ‘qu
3411 1184 3528 1233 pro-

1991 1235 2280 1287 censularis
2308 1236 2595 1292 dicebatur.
2623 1235 2856 1287 barbaris
2879 1236 3070 1287 dimisit
3100 1239 3397 1298 imperator,
3446 1251 3529 1287 re-

1994 1302 2148 1353 tentis
2178 1303 2477 1355 Mauritania
2510 1315 2727 1368 utraque
2758 1305 3063 1356 Cmsariensi
3096 1305 3290 1356 scilicet
3319 1315 3372 1357 et
3400 1304 3529 1357 Siti-

1991 1369 2144 1438 fensi,
2194 1370 2454 1432 Numidia,
2507 1382 2560 1424 et
2604 1383 2665 1424 ea
2723 1372 2933 1438 regione
2984 1388 3098 1438 quze
3161 1374 3349 1426 veteris
3403 1374 3527 1423 olim

1995 1437 2311 1507 Mauritaniae,
2333 1454 2461 1507 pars
2501 1449 2612 1491 erat
2643 1437 2819 1502 postea
2864 1442 2962 1493 sob
2989 1437 3275 1507 Tingitana:
3320 1442 3530 1492 nomine

1992 1505 2218 1574 cognita,
2255 1506 2344 1558 sed
2373 1522 2488 1574 quae
2511 1509 2572 1557 ad
2606 1507 2970 1570 Hispaniarum
3003 1505 3268 1561 dioecesim
3300 1510 3529 1574 pertine-

1995 1572 2097 1623 bat.
2132 1572 2614 1640 Nuniidi:epartetn
2647 1574 2825 1638 adjicit
2861 1576 3033 1627 Victor
3066 1572 3460 1630 Vitciisislibro
3485 1592 3522 1638 t,

1994 1643 2214 1709 numJ,
2267 1642 2349 1693 ubi
2382 1643 2720 1709 Byzacenam,
2773 1643 3133 1702 Abaritanam,
3180 1654 3334 1704 atque
3373 1645 3532 1696 Cctu-

1995 1708 2136 1770 liam,
2174 1718 2225 1761 et
2259 1708 2455 1774 partem
2488 1710 2739 1761 Numidia
2763 1710 3099 1761 Gensericum
3130 1713 3283 1778 223
3313 1713 3410 1763 sibi
3442 1729 3527 1764 re-

2000 1790 2234 1829 servasse
2279 1779 2489 1840 scribit,
2547 1778 2664 1828 data
2722 1779 2970 1828 exercitui
3027 1781 3382 1844 proconsulari
3436 1794 3529 1831 seu

2003 1844 2304 1913 Zeugitan‘a,
2326 1845 2556 1902 Crateras.
2585 1847 2770 1911 inquit,
2795 1847 3068 1913 provinciis
3090 1846 3201 1897 licet
3228 1848 3526 1897 extet-mina-

2001 1922 2073 1964 tas
2105 1912 2452 1964 Valentiniano
2477 1913 2639 1964 adhuc
2677 1912 2981 1980 defendente.
3027 1913 3117 1966 ilic
3144 1929 3299 1979 porro
3339 1913 3388 1964 in
3421 1928 3529 1965 nic—

2001 1983 2216 2032 moriam
2235 1996 2480 2034 revocare
2502 1982 2645 2047 juvat
2665 1980 2870 2042 Leonis,
2889 1983 3041 2034 rebus
3063 1983 3220 2047 gestis
3244 1983 3356 2048 plus
3376 1998 3528 2045 quam

2000 2050 2210 2100 nomine
2236 2049 2423 2114 Magni,
2465 2050 2680 2101 Romani
2727 2049 3002 2116 pontificis.
3053 2064 3146 2115 pro
3176 2050 3404 2101 Beelesia
3440 2050 3529 2102 Dei

1998 2116 2102 2185 sibi
2124 2117 2401 2170 Commissa
2434 2132 2688 2168 summam
2733 2118 3159 2182 sollicitudinem,
3208 2118 3293 2185 qui
3339 2120 3532 2169 veritus

2001 2197 2065 2253 ne
2094 2184 2227 2253 inter
2257 2194 2424 2253 tantos
2457 2186 2710 2253 bellorum
2736 2187 3004 2247 tumultus,
3032 2184 3534 2253 quibus-agitabatur

1999 2251 2198 2310 Africa,
2223 2251 2597 2320 ecclesiastica
2614 2254 2902 2317 disciplina!
2927 2251 3070 2320 vigor
3093 2253 3298 2319 aliquod
3321 2254 3534 2317 dispen-

2000 2319 2138 2370 dium
2176 2329 2457 2384 pateretnr,
2494 2319 2634 2384 pacis
2662 2322 2898 2381 obtentu,
2930 2319 3083 2385 quam
3118 2324 3251 2373 inter
3298 2324 3524 2384 impera-

2002 2395 2166 2438 torem
2207 2395 2258 2438 et
2281 2386 2616 2439 Gensericum
2653 2389 3010 2439 confirmatam
3050 2389 3205 2440 fuisse
3249 2403 3364 2440 mox
3395 2390 3536 2440 dice-

2004 2454 2200 2515 bamus,
2221 2465 2559 2520 opportunam
2585 2469 2701 2506 esse
2723 2457 3267 2507 censuitoccasionem
3297 2457 3533 2507 mittendi

2011 2522 2062 2574 in
2093 2527 2216 2573 istas
2246 2523 2484 2590 regiones
2511 2523 2683 2590 legati,
2734 2525 2817 2588 qtti
2849 2523 2959 2574 vice
2988 2538 3078 2575 sua
3112 2525 3264 2576 rebus
3293 2524 3534 2574 omnibus

2005 2592 2321 2658 provideret.
2363 2590 2642 2642 Potentiam
2670 2593 2976 2655 episcopum,
3004 2591 3067 2642 ad
3098 2591 3145 2642 id
3175 2607 3303 2656 opus
3326 2609 3349 2640 τι
3386 2592 3535 2640 beato

2005 2660 2247 2724 pontifice
2276 2662 2493 2710 electum
2536 2660 2713 2718 fuisse,
2765 2659 2995 2724 atquein
3035 2659 3260 2711 Africam
3293 2660 3534 2709 transmi—

1997 2727 2136 2780 sisse
2178 2727 2423 2779 discimus
2463 2743 2524 2780 ex
2572 2728 2730 2794 ipsius
2777 2727 2994 2793 epistola
3025 2728 3086 2779 ad
3129 2731 3404 2793 episcOpos
3446 2742 3536 2792 per

2003 2795 2358 2846 Mauritaniam
2389 2795 2763 2847 Cmsztrieusem
2795 2797 3103 2846 constitutos
3143 2797 3290 2855 data,
3340 2809 3455 2860 qua:
3485 2796 3535 2846 in

2007 2863 2263 2929 prioribus
2291 2863 2607 2915 editionibus
2633 2864 2817 2914 ordine
2848 2864 2934 2928 87,
2972 2865 3018 2915 in
3045 2863 3384 2926 Quesncliana
3415 2877 3538 2913 vero

2003 2932 2230 2982 editione
2270 2933 2498 2982 omnium
2544 2932 2701 2996 prima
2745 2940 2841 2982 est.
2895 2932 2944 2982 In
2977 2946 3034 2981 ea
3062 2934 3182 2981 vero
3212 2931 3428 2992 epistola
3460 2944 3534 2980 re-

2006 2999 2280 3064 prehendit
2318 2999 2739 3064 vigilantissimus
2785 3000 3017 3060 pontifex
3062 2998 3383 3049 Mauritania:
3429 2998 3536 3062 epi—

2003 3081 2212 3127 sconos,
2263 3068 2397 3131 quod
2443 3068 2522 3116 vel
2569 3067 2634 3117 ob
2685 3075 2961 3131 temporum
3006 3066 3422 3133 perturbationes,
3449 3074 3538 3116 ant

379 3137 598 3204 sericus,
625 3134 874 3204 Siciliam,
903 3133 1063 3199 inquit
1087 3133 1312 3204 Prosper
1335 3136 1384 3186 in
1409 3133 1689 3192 Chronico,
1714 3143 1767 3185 et
1791 3144 1905 3198 post
1932 3143 1976 3204 C
2006 3133 2322 3204 ambientium
2343 3135 2822 3204 _p_rtrsumptiones,_
2847 3131 3115 3204 aut‘certe
3158 3135 3225 3204 ob
3269 3131 3536 3204 popuiares

381 3218 500 3256 eum
549 3201 909 3278 Cassiodorus,
951 3201 1171 3278 graviter
1198 3203 1474 3278 Iaﬁligensn
1504 3217 1623 3278 cum
1675 3211 1901 3278 emptum

382 3286 533 3338 opus,
563 3270 742 3322 audito
766 3270 1051 3338 Sebastiani
1080 3269 1282 3320 comitis
1323 3269 1374 3320 itt
1407 3270 1632 3321 Africam
1660 3270 1904 3332 adtentu,

383 3337 696 3403 interrupit:
726 3339 920 3391 veritus
947 3337 1134 3404 quippe
1177 3352 1242 3390 ne
1267 3347 1436 3390 tantus
1466 3341 1541 3389 vir
1565 3339 1662 3390 sibi
1705 3339 1906 3392 abst-nti

383 3407 551 3473 aliqua
583 3408 786 3473 negotia
816 3406 1117 3468 incesseret,
1143 3408 1314 3456 statim
1344 3405 1704 3473 Carthaginem
1732 3407 1906 3460 rediit.

385 3472 575 3542 Verum
605 3472 728 3526 nihil
773 3473 910 3525 aliud
942 3473 1278 3526 Sebastianus
1307 3488 1459 3540 quam
1490 3472 1640 3528 saluti
1686 3478 1910 3542 propria:

382 3541 656 3610 consulere
685 3543 800 3610 fuga
828 3543 1108 3602 qumrebat.
1153 3542 1242 3594 llic
1267 3544 1405 3594 enim
1463 3554 1582 3608 post
1637 3541 1906 3610 Bonifacii,

383 3607 533 3673 cujus
563 3609 720 3659 tiliam
746 3607 1005 3671 iduxerat,
1050 3619 1292 3668 mortem.
1335 3607 1519 3663 socero
1540 3625 1634 3663 suo
1662 3607 1909 3664 substitu;

385 3686 490 3738 tos,
528 3677 680 3738 paulo
709 3686 823 3744 post
847 3674 991 3728 ὶειὶο
1016 3673 1183 3727 locum
1212 3677 1398 3729 cedere
1427 3688 1635 3730 ceactns
1663 3681 1850 3742 fuerat,
1881 3696 1908 3732 a

384 3757 487 3808 quo
508 3747 679 3812 statim
705 3759 735 3797 e
759 3744 977 3809 palatio,
1019 3753 1074 3795 ut
1106 3744 1296 3796 Idalius
1317 3747 1515 3806 scribit,
1538 3750 1781 3812 expulsus
1809 3758 1905 3800 est.

387 3811 586 3882 lii.~psis
615 3813 802 3866 deinde
827 3813 894 3865 ali
917 3823 1021 3882 juot
1045 3815 1194 3866 annis
1215 3816 1354 3864 exsul
1374 3825 1417 3864 et
1439 3811 1695 3882 profugus,
1726 3818 1908 3867 eodem

387 3881 549 3950 ldatio
577 3890 726 3943 teste,
745 3883 819 3950 ad
836 3881 1075 3949 palatium
1095 3882 1309 3950 ()tjentis
1338 3881 1603 3950 navigavit,
1623 3883 1911 3945 exindeque

386 3947 540 4000 simili
572 3951 772 4002 fortuna
803 3947 1026 4012 fugatus,
1057 3951 1120 3999 ad
1139 3947 1520 4007 Thcodoridein,
1544 3952 1615 3998 sic
1636 3951 1720 4000 ille
1738 3950 1902 3998 Theo-

388 4019 620 4068 dnrtcum
641 4017 902 4082 appellat.
927 4017 1212 4082 Gothorum
1241 4030 1410 4079 regem
1433 4015 1687 4079 confugit;
1717 4030 1776 4064 ac
1800 4028 1911 4082 Iane

388 4087 506 4135 deus
540 4087 589 4136 in
619 4081 838 4136 Africam
869 4084 931 4133 ad
967 4081 1220 4134 Vandalos
1242 4082 1518 4144 transiens,
1553 4095 1668 4145 post
1698 4081 1907 4145 aliquod

389 4150 636 4215 temporis
663 4149 1011 4208 intervallum,
1039 4147 1273 4200 conlictis
1302 4149 1549 4200 adversus
1569 4163 1684 4199 eum
1712 4152 1908 4200 calum-

391 4218 506 4277 niis,
536 4217 800 4270 Genserici
826 4218 974 4280 jussu
1013 4217 1145 4281 apud
1175 4215 1535 4278 Carthaginem
1580 4218 1780 4270 occisus
1809 4228 1907 4269 est.

388 4290 513 4350 Quae
537 4299 710 4336 omnia
751 4285 909 4336 variis
935 4284 986 4336 in
1017 4283 1143 4335 locis
1188 4284 1252 4334 ab
1279 4283 1438 4335 ldatio
1483 4296 1911 4348 commemorata,

392 4367 494 4409 uno
517 4353 736 4406 articulo
761 4352 1088 4404 Marcellinus
1111 4367 1287 4403 comes
1321 4354 1599 4419 concludit,
1629 4355 1690 4405 ad
1719 4370 1911 4406 annum

392 4419 510 4474 ιδδ.
541 4421 762 4486 Prosper
801 4435 922 4472 vero
962 4420 1073 4486 ejus
1112 4435 1175 4473 ex
1220 4421 1459 4486 Hispania
1489 4421 1538 4472 in
1575 4424 1796 4474 Africam
1825 4423 1913 4473 ad-

2008 3204 2244 3252 tumultus
2273 3201 2676 3266 indulgentiores
2707 3200 2846 3261 facti,
2876 3200 3115 3267 indignos
3145 3202 3336 3263 aliquot
3359 3201 3420 3251 ad
3448 3215 3536 3263 pa-

2006 3269 2200 3321 storale
2241 3269 2497 3336 fastigium
2539 3270 2857 3332 evexissent;
2901 3284 3028 3336 quos
3053 3283 3112 3320 es
3157 3269 3337 3320 ordine
3379 3267 3536 3328 dejici

2008 3338 2296 3402 imperavit,
2322 3346 2520 3388 servata
2551 3346 2721 3388 tamen
2748 3351 2805 3387 ea
2840 3339 3195 3389 moderatione
3224 3351 3375 3403 quant
3405 3345 3535 3386 tem-

2008 3406 2152 3473 poris
2177 3404 2493 3457 acerbissimi
2533 3406 2812 3473 necessitas
2841 3405 3097 3470 exigebat.
3153 3405 3356 3473 Ibidem
3395 3417 3532 3473 pne-

2008 3471 2184 3526 scribit
2209 3473 2329 3538 quid
2360 3473 2634 3542 [amulabus
2661 3472 2749 3524 Dei
2779 3490 2884 3533 qua:
2910 3475 3232 3542 integritatem
3259 3472 3461 3537 pudoris
3484 3471 3536 3521 in

2009 3543 2325 3608 Oppressione
2353 3542 2605 3592 barbarica
2645 3542 2986 3607 perdiderant,
3038 3544 3328 3593 faciendum
3375 3551 3534 3592 esset.

2053 3610 2242 3662 oncilio
2268 3608 2700 3669 Chalcedonensi,
2747 3612 2879 3674 quod
2911 3611 3130 3663 durante
3165 3608 3261 3661 hac
3291 3609 3540 3672 tranquil-

2011 3679 2152 3730 litate
2174 3689 2352 3730 contra
2380 3679 2715 3744 Eutychctem
2742 3679 2969 3730 habitum
2993 3687 3073 3731 est
3101 3691 3238 3729 anno
3259 3677 3380 3736 451,
3413 3692 3540 3725 non-

2011 3746 2137 3798 nulli
2167 3761 2231 3797 ex
2262 3747 2513 3799 Africanis
2551 3746 2808 3810 episcopis
2848 3747 3141 3798 adfuerunt.
3177 3747 3247 3796 Ex
3299 3745 3379 3794 his
3414 3745 3538 3803 duo,

2010 3815 2206 3866 scilicet
2259 3814 2550 3865 Valerianus
2595 3813 2954 3873 Bassianensis,
2998 3822 3050 3866 et
3093 3813 3223 3863 alter
3267 3811 3541 3861 Bassianus

2011 3883 2181 3946 Afros,
2222 3881 2577 3946 subscripsere
2612 3882 2814 3931 actione
2848 3882 2928 3933 l6.
2957 3881 3067 3931 iam
3100 3887 3250 3931 antea
3280 3882 3484 3928 actione
3508 3877 3539 3927 6

2011 3951 2280 4014 memorati
2307 3952 2506 3997 fuerant
2533 3947 2761 3997 Aurelius
2805 3951 3060 4014 epist-aptis
3089 3948 3464 4008 Adrumetinus,
3493 3951 3536 3993 ct

2011 4013 2329 4064 Rusticianus
2348 4016 2604 4079 episwpus
2629 4017 2914 4073 Africanus.

2079 4081 2128 4133 5.
2172 4080 2511 4144 ftespiiati:itit
2560 4083 2730 4144 itaque
2771 4082 3028 4144 paululum
3069 4081 3117 4132 in
3147 4081 3304 4132 altera
3345 4079 3534 4132 Africae

2011 4161 2155 4215 parte
2179 4163 2314 4200 Verte
2337 4148 2454 4199 fidei
2483 4149 2728 4200 cultores.
2755 4149 2840 4214 qui
2867 4149 2961 4200 sub
2988 4149 3327 4201 Valentiniani
3349 4148 3542 4198 ditione

2011 4226 2386 4271 remanserant.
2412 4217 2473 4267 At
2496 4218 2580 4282 qui
2615 4215 2878 4268 Geuserici
2915 4217 3251 4280 subjacebant
3292 4217 3539 4281 imperio,

2013 4295 2240 4337 extrema
2267 4300 2483 4351 qumque
2524 4290 2871 4352 patiebantur,
2904 4295 2959 4336 nt
2986 4287 3068 4336 vix
3099 4285 3305 4350 quidem
3339 4286 3399 4336 iis
3432 4295 3544 4334 tuto

2013 4357 2254 4419 respirare
2293 4356 2488 4415 liceret,
2513 4363 2568 4403 ut
2598 4352 2761 4404 fusius
2789 4363 2962 4405 narrat
2997 4353 3168 4405 Victor
3197 4352 3422 4405 Vitensis
3450 4354 3538 4403 lib.

2021 4439 2070 4484 t,
2102 4438 2242 4474 num.
2272 4423 2321 4474 7.
2362 4422 2471 4474 Non
2501 4423 2669 4472 tninns
2695 4423 2743 4472 in
2775 4436 2894 4472 suos
2929 4423 3095 4472 Steviit
3121 4432 3396 4486 tyrannus,
3426 4435 3540 4470 cum

393 4469 773 4543 istisistis},
794 4469 1203 4554 uastissimis.
1221 4469 1917 4554 inagis;satagit};ago
1946 4469 1991 4525 D
2017 4469 2293 4556 spissis
2312 4469 2585 4557 satis};
2604 4469 2784 4540 ego.
2803 4469 3359 4540 ὗῖιὲεζιὶιζίιίξωιέιὸέ
3385 4469 3542 4537 inisse

394 4558 719 4623 potissimum
751 4565 828 4609 est
859 4571 1060 4608 summa
1105 4557 1218 4622 t‘jilS
1258 4557 1306 4608 in
1342 4558 1693 4610 conservanda
1735 4562 1914 4609 ortho-

391 4631 540 4678 doxa
570 4626 686 4678 fidei
718 4627 939 4692 puritate
973 4627 1284 4684 constantia,
1317 4625 1380 4678 de
1415 4642 1512 4689 qua
1547 4627 1719 4679 Victor
1745 4627 1919 4678 Viteno

395 4695 468 4746 sis
492 4695 578 4745 lib.
608 4709 641 4754 ι,
670 4709 810 4743 num.
838 4695 900 4752 6;
933 4696 1066 4744 unde
1093 4695 1416 4744 occasionem
1447 4705 1775 4755 sumpserunt
1800 4711 1918 4747 non-

399 4762 524 4813 nulli
554 4765 713 4824 ij:sins
742 4776 928 4811 nomen
951 4762 1000 4812 in
1029 4762 1170 4811 fastis
1194 4762 1917 4822 ecclesiasticisjnscribendi,

395 4841 446 4878 ut
463 4829 685 4880 disimus
717 4845 748 4880 η
765 4828 961 4879 11013²Ο
977 4829 1038 4879 ad
1063 4828 1626 4892 Victorcm(Supracot.
1647 4832 1827 4893 l88,n.
1849 4833 1915 4896 ο).

464 4897 516 4947 3.
545 4898 674 4947 Cum
704 4907 874 4947 autent
906 4898 1015 4947 haec
1046 4898 1095 4946 in
1126 4896 1292 4948 Africa
1323 4906 1374 4947 et
1399 4896 1568 4948 Sicilia
1592 4909 1911 4962 gererentur,

396 4963 718 5030 Theodosius
754 4966 1030 5029 Angustus,
1056 4975 1352 5027 comparata
1379 4965 1572 5030 ingenti
1609 4967 1796 5029 classe,
1826 4972 1917 5019 atl-

397 5043 578 5083 versus
609 5029 867 5081 Vandalos
895 5032 1086 5082 bellum
1120 5033 1301 5094 llt0\il,
1333 5038 1422 5082 sed
1443 5029 1646 5083 infelici
1670 5035 1830 5094 exitu,
1862 5045 1919 5086 nt

400 5099 621 5161 Prosper
644 5099 797 5149 refert
819 5101 880 5149 ad
908 5113 1100 5166 annum
1125 5100 1247 5159 Mi,
1283 5115 1384 5166 quo
1405 5099 1571 5166 Cyrus
1589 5105 1916 5155 consulatum

397 5171 627 5231 gerebat.
671 5165 949 5235 Ariobinda
982 5181 1166 5232 nempe
1197 5177 1246 5217 ct
1280 5165 1364 5217 alii
1397 5165 1573 5226 duces,
1603 5183 1730 5234 quos
1757 5171 1917 5235 impe-

400 5244 539 5302 rator
567 5234 721 5302 classi
753 5236 1075 5302 pra-[cet-rat,
1120 5238 1367 5300 negotium
1395 5235 1556 5302 lougis
1595 5234 1917 5288 cunctationi-

400 5305 488 5352 bus
507 5301 810 5365 differentes,
858 5300 1046 5353 Sicilia:
1067 5305 1219 5369 magis
1253 5305 1389 5354 oneri
1418 5300 1563 5368 quam
1586 5303 1764 5368 Africa:
1790 5322 1914 5370 pra:-

399 5371 525 5420 sidio
554 5370 768 5436 fuerunt.
812 5370 944 5432 Quin
977 5379 1029 5422 et
1065 5385 1179 5422 cum
1211 5384 1345 5420 anno
1379 5374 1642 5434 sequenti,
1672 5371 1916 5424 [)mscoro

399 5440 594 5506 scilicet
615 5445 666 5506 et
697 5436 929 5506 Eudoxio
948 5439 1268 5499 consulibus,
1311 5439 1474 5506 llnnni
1500 5441 1594 5489 sub
1618 5440 1772 5488 Attila
1798 5454 1917 5506 iege

404 5509 453 5556 in
477 5504 748 5557 Thraciam
774 5513 827 5557 et
858 5505 1109 5573 Illyricum
1136 5505 1370 5568 ingressi,
1403 5509 1494 5556 has
1517 5507 1802 5571 provincias
1828 5504 1919 5560 de-

407 5576 797 5638 popularentur,
828 5573 1150 5625 Theodosius
1193 5578 1473 5624 exercitum
1515 5588 1756 5625 revocare
1797 5591 1917 5626 coa-

404 5657 514 5695 ctus
542 5652 621 5697 est
643 5653 793 5702 quem
829 5642 877 5692 in
910 5642 1161 5696 Vandalus
1191 5643 1468 5695 direxera'.
1505 5645 1580 5694 ,ιιι
1615 5657 1736 5696 vero
1769 5643 1917 5699 istaut

2023 4561 2376 4611 intellexisset.
2411 4559 2546 4615 lmo,
2581 4567 2634 4606 ut
2673 4557 2889 4606 aliorum
2941 4557 3249 4620 prmvcnirt-t
3291 4563 3540 4614 conatus,

2020 4643 2149 4694 quos
2173 4628 2235 4678 ad
2267 4627 2398 4677 idem
2425 4623 2738 4694 audendum,
2768 4623 2881 4694 data
2906 4625 3196 4694 occasione,
3227 4637 3416 4687 pronos
3436 4625 3544 4674 fore

2019 4691 2390 4760 suspicabatur,
2438 4693 2685 4756 plurimos
2711 4691 2886 4760 rvariis
2920 4692 3184 4755 suppliciis
3216 4702 3427 4760 vexatos
3468 4694 3543 4739 in-

2023 4759 2187 4815 teritnt
2210 4761 2379 4826 jussit.
2407 4761 2462 4809 Et
2491 4769 2590 4806 tam
2617 4759 2802 4817 multis,
2828 4760 2990 4825 inquit
3019 4761 3239 4826 Prosper
3260 4759 3321 4810 ad
3351 4774 3542 4810 :tununt

2019 4831 2142 4889 442,
2173 4845 2274 4894 quo
2295 4827 2487 4879 consult
2509 4840 2533 4874 s
2562 4827 3005 4896 crantDitscorus
3027 4838 3078 4896 et
3106 4828 3388 4890 Endnxins,
3417 4831 3543 4896 regis

2020 4892 2235 4964 suspicio
2273 4896 2420 4946 exitio
2449 4896 2561 4958 fuit,
2591 4906 2641 4943 ut
2666 4892 2758 4944 luic
2779 4896 2853 4945 sui
2881 4912 3000 4946 cura
3029 4895 3142 4962 plus
3171 4899 3347 4948 virium
3368 4892 3545 4962 perde-

2018 4976 2087 5017 ret
2116 4979 2260 5032 quam
2286 4966 2326 5032 si
2360 4964 2484 5012 belio
2513 4975 2842 5025 superaretur.

2088 5031 2140 5086 6.
2181 5031 2349 5082 Valnit
2401 5039 2569 5099 tamen
2614 5032 2804 5098 aliquid
2858 5032 2994 5098 apud
3043 5048 3216 5099 regem
3266 5034 3540 5086 barbarum

2023 5099 2362 5152 Valentiniani
2387 5098 2597 5168 Augusti
2630 5115 2661 5150 n
2686 5117 2839 5159 unen.
2869 5117 2970 5166 quo
3000 5098 3182 5166 nempe
3213 5103 3536 5168 supplicante,

2021 5178 2075 5221 ιιι
2098 5170 2320 5230 loquitur
2355 5167 2526 5218 \ictor
2558 5167 2779 5219 Vitensis
2819 5171 2909 5220 lib.
2941 5184 2988 5230 ι,
3022 5185 3163 5219 nunt.
3196 5171 3249 5229 8,
3275 5167 3544 5233 Carthagi-

2020 5238 2158 5286 nensi
2187 5233 2420 5285 Ecclesia!
2454 5247 2560 5301 post
2591 5237 2793 5303 longum
2816 5239 3063 5288 silentium
3087 5237 3402 5287 desolationis
3434 5239 3539 5299 cpi-

2017 5319 2217 5365 erpunt
2266 5304 2485 5352 Ordinari
2534 5313 2782 5371 tyrannus
2833 5307 3091 5371 pcrmisit,
3144 5305 3293 5353 annis
3345 5304 3540 5355 scilicet

2018 5373 2224 5423 circiter
2267 5373 2511 5422 tredecim
2546 5385 2813 5438 postquam
2840 5373 3224 5438 Quodvultdeus
3254 5374 3366 5420 navi
3393 5381 3538 5422 vetn-

2018 5450 2110 5491 sta:
2154 5440 2421 5505 impositus
2466 5442 2513 5490 in
2563 5443 2799 5492 exsilium
2835 5444 3008 5505 pulsus
3051 5441 3232 5490 fuerat.
3284 5438 3358 5488 Ad
3411 5441 3543 5492 hanc

2019 5509 2318 5574 dignitatem
2347 5519 2559 5560 evectus
2595 5521 2674 5559 est
2706 5511 3028 5574 Deogratias,
3063 5509 3137 5557 vir
3161 5508 3540 5570 sanctissimus,

2021 5579 2167 5640 Cujus
2187 5577 2418 5641 egregias
2450 5577 2694 5635 virtutes,
2727 5589 2774 5628 et
2808 5578 3130 5643 putissimutn
3159 5589 3415 5637 summam
3455 5580 3542 5626 ad-

2021 5658 2200 5698 versus
2227 5657 2316 5696 eos
2341 5645 2425 5711 qui
2457 5659 2517 5699 es
2558 5646 2684 5698 urbe
2717 5641 2874 5697 amna
2906 5645 2954 5697 in
2989 5641 3211 5696 Afrietm
3240 5645 3429 5702 captivi
3456 5647 3543 5697 do-
