3994 6474
256 393 317 443 ιτ.
1437 365 1793 423 EPISTOLE
1829 363 1915 416 ET
1950 359 2291 415 DECRETA.
3450 347 3513 399 tt

979 654 1862 804 GELASII
1962 645 2593 782 PAPXE
2699 640 2780 773 Ι

778 955 1725 1090 EPISTOL/E
1815 944 2029 1069 ET
2118 934 3021 1064 DECRETA.

706 1265 733 1295 ⁸
762 1251 1095 1309 EPISTULA
1139 1245 1369 1302 PRIMA.

545 1382 750 1427 GELASII
789 1380 931 1419 ΡΔΡᾸΞ
975 1378 989 1416 1
1030 1378 1096 1416 Αἰ)
1136 1372 1536 1414 EUPHEMIANUM.

249 1486 444 1545 Scribit
473 1482 725 1536 neminem
750 1479 819 1531 ad
858 1476 991 1530 sedis
1029 1473 1323 1543 apostolicae
1355 1467 1757 1545 communionem
1783 1478 1837 1544 se

322 1535 471 1625 posse
494 1535 771 1625 admittere
798 1549 884 1616 qui
923 1535 1094 1597 Acacii
1137 1557 1315 1625 nomen
1348 1556 1448 1625 non
1494 1535 1834 1625 damnaverit.

325 1608 499 1695 rQuare
532 1638 646 1674 eum
683 1608 911 1695 [tor-tatur
950 1623 1005 1666 ut
1036 1608 1839 1695 quemadmodum.Eutyc/te‘tcm

322 1677 644 1762 Qiiquosque
680 1688 963 1752 ltwreticos,
1005 1677 1076 1736 sic
1118 1697 1316 1751 quoque
1343 1679 1585 1731 Acacium
1623 1677 1841 1727 anathe-

324 1766 550 1818 matizet.

328 1874 685 1930 Dilectissimo
711 1870 739 1907 δ
769 1868 917 1923 fratri
951 1869 966 1898 ¹
1000 1862 1366 1934 Euphemiano
1397 1860 1659 1915 Gelasius.

320 1966 481 2035 Quod
512 1965 666 2032 plene
694 1960 959 2029 cupimus,
1010 1966 1171 2025 atque
1200 1956 1409 2007 sincera
1437 1950 1559 2005 ﬁdei
1602 1962 1843 2003 commu-

259 2058 541 2124 nionisque
571 2051 850 2105 catholica:
881 2046 1335 2115 redintegratione
1378 2041 1602 2106 ﬁrmari,
1654 2038 1849 2093 asserit

260 2158 350 2201 tua
381 2145 617 2208 dilectio,
662 2139 803 2211 quod
833 2139 988 2192 alteri
1021 2137 1169 2190 solus
1199 2148 1306 2190 non
1335 2130 1569 2187 sufﬁciat
1608 2130 1847 2196 auditus,

264 2237 367 2292 nisi
401 2252 493 2305 per
525 2236 726 2287 litteras
754 2228 1074 2299 spectaverit
1101 2226 1507 2297 signiﬁcantiam
1549 2238 1849 2293 provocan-

264 2337 371 2384 tem
406 2337 430 2365 ο
462 2325 529 2379 de
560 2326 640 2377 his
663 2337 780 2393 qua:
806 2320 947 2375 circa
986 2334 1084 2373 nos
1108 2316 1439 2387 dispensatio
1478 2314 1655 2369 divina
1688 2311 1851 2382 perﬁ-

266 2418 359 2482 cit,
384 2425 443 2469 ut
471 2416 549 2467 sic
572 2414 624 2467 in
647 2409 896 2466 secundis
916 2410 1087 2462 vicem
1111 2404 1444 2462 salutationis
1461 2402 1849 2471 impenderem.

268 2508 385 2562 Non
408 2505 735 2559 arbitramur
757 2500 839 2555 vel
860 2498 1203 2553 dilectionem
1228 2506 1393 2561 tuam,
1418 2494 1502 2548 vel
1523 2493 1753 2561 aliquem
1776 2492 1854 2546 sic

1866 1240 1915 1298 Α
1945 1232 2229 1285 haereticos
2276 1229 2557 1281 damnatos
2604 1225 2705 1279 dici
2751 1224 3003 1278 Acacium
3051 1231 3105 1277 et
3142 1222 3378 1275 Petrum.
3425 1222 3532 1278 Cur

1940 1324 2012 1375 ιι.
2046 1319 2221 1389 Quod]
2252 1319 2293 1371 si
2328 1318 2404 1370 fas
2437 1331 2542 1370 non
2578 1325 2683 1380 est,
2723 1314 3080 1383 praesentibus
3108 1313 3297 1366 saltem
3330 1313 3521 1367 litteris

1940 1409 2347 1477 ctilloquamur?
2371 1408 2503 1474 Quia
2530 1407 2688 1460 aliter
2712 1406 3044 1473 appellamus
3071 1404 3352 1457 dominicm
3370 1420 3525 1457 tuen-

1940 1521 2015 1559 sa:
2046 1504 2352 1571 participes,
2404 1502 2561 1553 aliter
2607 1500 2697 1568 qui
2738 1499 2787 1551 in
2818 1502 2937 1563 ejus
2968 1497 3245 1550 nobiscum
3275 1497 3533 1551 societate

1942 1594 2265 1649 dissentiunt
2310 1609 2321 1642 :
2371 1591 2491 1657 quia
2539 1590 2653 1656 ipse
2712 1588 2968 1640 Dominus
3018 1586 3125 1638 alio
3174 1584 3330 1638 motio
3374 1588 3533 1637 verba

1945 1684 2194 1746 faciebat,
2223 1696 2252 1734 a
2282 1695 2379 1734 sua
2413 1678 2790 1748 praedicatione
2820 1678 3101 1740 discretis;
3126 1678 3233 1728 alio
3260 1676 3539 1743 discipulis

1946 1775 2097 1845 regni
2124 1773 2363 1827 coelestis
2394 1779 2603 1825 secreta
2635 1768 2923 1839 pandebat.
2970 1768 3371 1834 Consequenter
3400 1780 3535 1834 qua

1946 1883 2050 1934 que
2079 1863 2307 1933 apostoli
2337 1878 2440 1917 non
2472 1862 2543 1915 ita
2573 1876 2603 1915 a
2632 1875 2731 1914 suo
2761 1860 2985 1928 collegio
3030 1858 3311 1927 separatis,
3344 1872 3535 1925 quem-

1948 1962 2234 2016 admodum
2265 1958 2387 2013 ﬁdei
2409 1957 2741 2020 domesticis,
2775 1954 3222 2019 consortibusque
3248 1953 3540 2021 loqueban-

1953 2065 2059 2109 tur.
2111 2051 2217 2106 Sed
2270 2051 2345 2103 ait
2397 2048 2615 2103 dilectio
2668 2056 2779 2110 tua,
2840 2056 3044 2099 tantum
3092 2045 3229 2097 circa
3288 2057 3374 2096 me
3423 2057 3543 2096 sese

1951 2143 2193 2197 caritatis
2249 2138 2525 2202 habuisse,
2588 2144 2647 2189 ut
2700 2151 2804 2189 non
2858 2135 3029 2187 solum
3085 2134 3151 2186 ad
3204 2132 3543 2187 scribendum

1952 2233 2117 2288 fueris
2146 2238 2453 2296 contentus,
2496 2228 2587 2281 sed
2620 2226 2811 2279 affatus
2857 2225 3062 2278 audire.
3105 2223 3301 2291 Legisti
3333 2235 3545 2278 sentcn-

1956 2324 2126 2378 tiam:
2154 2320 2313 2373 Fides
2343 2335 2408 2373 ex
2435 2320 2639 2379 auditu,
2669 2317 2875 2369 auditus
2904 2325 3074 2367 autem
3103 2300 3199 2381 perv
3218 2314 3421 2367 verbum
3450 2312 3547 2367 Dei

1958 2410 2138 2483 (Rom.
2170 2412 2259 2478 tt);
2312 2406 2441 2462 illud
2491 2407 2699 2460 scilicet
2744 2405 2987 2461 verbum.
3035 2404 3174 2473 quod
3223 2403 3550 2458 confessioni

1959 2504 2100 2561 beati
2126 2500 2355 2570 apostoli
2389 2500 2531 2554 Petri
2562 2507 2744 2568 portas
2790 2497 2984 2551 inferni
3038 2510 3311 2564 nunquam
3346 2510 3551 2563 prceva-

270 2596 372 2650 hoc
389 2606 606 2677 sperans
631 2588 886 2658 patuisse.
912 2596 968 2640 υι
998 2591 1208 2653 putaret
1232 2582 1457 2677 n08._V_e|
1476 2578 1852 2677 ξιιίίιυειηνῖειη
1887 2610 1935 2670 Β
1962 2595 2149 2651 lituras
2180 2607 2301 2647 esse
2327 2591 2571 2661 promisit
2602 2590 2817 2657 (Matth.
2847 2588 2977 2657 XVI).
3034 2590 3211 2655 Atque
3242 2586 3361 2641 ideo
3390 2586 3551 2639 ratio-

270 2685 551 2755 potiorem,
571 2672 691 2749 quae
704 2687 827 2735 sunt
841 2686 987 2743 gesta
1005 2677 1317 2737 referentes,
1333 2672 1584 2727 debuisse
1599 2684 1857 2738 respOnsa

1979 2684 2218 2741 nobiliter
2248 2680 2590 2745 existimasti,
2622 2681 2743 2749 quia
2773 2679 2944 2733 ﬁdelis
2973 2678 3113 2733 Deus
3145 2678 3197 2731 in
3221 2675 3398 2730 verbis
3421 2675 3553 2737 suis,

272 2773 599 2846 promereri;
632 2771 753 2841 quia
778 2768 937 2822 nimis
954 2766 1284 2835 judicaretur
1304 2778 1582 2832 arrogans,
1599 2762 1644 2815 si
1665 2761 1733 2815 de
1758 2762 1860 2829 pri-

272 2882 357 2922 ma
388 2865 519 2922 sede
549 2864 727 2919 taliter
755 2862 1136 2916 existimasset.
1169 2856 1323 2925 Quod
1357 2856 1425 2924 si,
1460 2865 1517 2909 ut
1542 2855 1709 2923 magis
1745 2854 1861 2923 opi-

279 2972 491 3022 namur,
538 2954 687 3024 quasi
726 2952 908 3016 sociis,
942 2951 1134 3020 quibus
1156 2962 1389 3018 praeesse
1410 2946 1610 3001 Christi
1641 2958 1864 3000 munere

276 3049 580 3116 delegatum
624 3052 727 3107 est,
780 3041 1125 3111 apostolicam
1174 3038 1360 3093 sedem
1404 3036 1707 3093 institutum
1760 3034 1863 3089 sibi

277 3141 486 3195 noviter
534 3135 868 3190 sacerdotem
923 3130 1291 3202 prmeuntibus
1338 3129 1640 3199 oportuisse
1684 3126 1866 3181 dixisti

276 3229 469 3285 litteris
514 3227 771 3282 indicare.
821 3223 946 3278 Fuit
985 3222 1257 3293 quondam
1305 3220 1671 3276 ecclesiastica
1715 3227 1868 3273 vetus

278 3319 393 3375 haec
420 3316 602 3387 regula
632 3313 771 3382 apud
800 3321 980 3381 patres
1024 3320 1272 3376 nostros,
1320 3309 1516 3379 quibus
1562 3326 1663 3361 una
1690 3309 1872 3363 catho-

278 3410 380 3467 lica
416 3406 811 3479 apostolicaque
838 3402 1146 3457 communio
1190 3401 1259 3455 ab
1302 3402 1448 3455 omni
1495 3400 1872 3471 praevaricato-

280 3520 399 3559 rum
442 3502 611 3556 libera
658 3496 953 3569 pollutione
996 3495 1299 3549 constabat.
1351 3492 1503 3549 Nunc
1538 3504 1715 3549 autem
1751 3507 1871 3546 eum

280 3596 599 3652 societatem
653 3589 905 3658 prmferre
954 3586 1150 3640 malitis
1196 3596 1507 3640 extraneam
1536 3624 1553 3647 ,
1602 3600 1760 3655 quam
1805 3586 1873 3639 ad

282 3687 426 3745 beati
452 3683 595 3739 Petri
629 3696 816 3751 purum
858 3679 1033 3733 redire
1082 3678 1452 3747 illibatumque
1500 3679 1872 3732 consortium:

286 3775 555 3844 Quomodo
584 3770 901 3825 cantabimus
936 3769 1193 3820 canticum
1225 3767 1429 3820 Domini
1460 3769 1511 3820 in
1541 3778 1677 3820 terra
1705 3768 1875 3820 aliena

285 3867 462 3941 (Pint.
516 3864 774 3932 cum)?
822 3860 1103 3928 Quomodo
1149 3859 1515 3928 dispositionis
1566 3862 1875 3929 apostolica:

1967 2791 2071 2831 non
2104 2775 2208 2829 nisi
2254 2772 2455 2836 aliquid
2488 2772 2593 2825 tale
2642 2771 2977 2839 promisisset
3022 2769 3322 2834 instituere,
3375 2780 3555 2819 veram

1965 2867 2272 2939 sponsionis
2304 2880 2419 2921 suae
2449 2864 2859 2933 promissionem
2894 2863 3159 2930 it'npleret.
3209 2861 3294 2914 Ait
3326 2860 3558 2926 denique

1970 2967 2056 3013 tua
2085 2955 2329 3021 dilectio,
2356 2968 2453 3009 nos
2475 2954 2672 3008 divina:
2703 2953 3054 3022 providentiae
3076 2952 3269 3021 gratia,
3298 2953 3435 3020 quod
3467 2950 3559 3005 ille

1970 3048 2374 3110 monstraverit,
2425 3051 2733 3098 sanctarum
2780 3043 3129 3097 ecclesiarum
3166 3057 3269 3095 non
3305 3042 3559 3095 deserere

1970 3137 2273 3201 caritatem,
2323 3135 2445 3204 quia
2479 3149 2563 3187 me
2602 3134 2655 3186 in
2684 3135 2973 3201 pontificali
3006 3134 3135 3187 sede
3172 3133 3425 3187 locaverit
3453 3148 3559 3186 non

1973 3227 2324 3295 indigentem,
2355 3224 2497 3278 sicut
2521 3224 2616 3287 ait,
2649 3223 2863 3288 doceri;
2905 3222 2999 3277 sed
3038 3223 3404 3277 intendentem
3446 3238 3564 3275 om-

1974 3317 2058 3371 nia
2091 3314 2397 3369 necessaria
2422 3313 2486 3366 ad
2504 3313 2853 3367 ecclesiastici
2882 3313 3125 3380 col-poris
3148 3314 3431 3367 unitatem.
3452 3312 3563 3381 Ego

1974 3408 2188 3478 quidem
2234 3419 2352 3462 sum
2381 3407 2619 3461 omnium
2653 3405 2932 3459 hominum
2976 3404 3251 3469 minimus,
3295 3406 3427 3459 satis
3466 3404 3566 3458 im-

1976 3503 2201 3558 meritus
2228 3502 2293 3554 ad
2325 3510 2485 3554 tanta:
2522 3499 2666 3553 scdis
2693 3498 2949 3564 ofﬁcium,
2999 3498 3098 3551 nisi
3147 3498 3285 3567 quod
3335 3512 3567 3566 superna

1977 3596 2144 3666 gratia
2178 3608 2392 3662 semper
2420 3601 2673 3661 operatur
2705 3606 2895 3660 magna
2919 3590 2989 3645 de
3021 3590 3225 3659 parvis.
3259 3589 3396 3655 Quid
3424 3590 3566 3643 enim

1980 3688 2045 3742 de
2074 3701 2161 3741 me
2191 3686 2419 3741 sentiam
2452 3700 2572 3738 cum
2596 3684 2699 3739 hoc
2726 3683 2841 3751 ipse
2864 3682 2930 3737 de
2958 3697 3017 3737 se
3050 3683 3305 3752 magister
3331 3684 3569 3752 gentium

1981 3787 2229 3842 testetur,
2281 3779 2369 3848 qui
2400 3792 2458 3832 se
2486 3778 2731 3831 uitimum
2769 3784 2825 3830 et
2854 3792 2957 3830 non
2990 3777 3206 3845 dignum
3238 3778 3413 3831 vocati
3445 3791 3571 3843 apo-

1986 3873 2178 3925 stolum
2232 3870 2508 3932 profitetur
2541 3866 2594 3937 (I
2627 3866 2746 3921 Cor.
2783 3868 2915 3935 xv)?
2962 3868 3368 3930 Verumtamen,
3422 3877 3473 3920 ut
3506 3868 3573 3919 ad

286 3961 506 4027 antiqua
532 3956 733 4011 foedera
765 3952 1101 4023 prtebeamus
1147 3952 1451 4005 hominibus
1482 3953 1871 4006 communimtis

1985 3960 2289 4016 dilectionis
2318 3970 2427 4011 tum
2457 3957 2620 4011 verba
2666 3956 2971 4018 redeamus,
3023 3955 3068 4010 si
3116 3956 3381 4009 veraciter
3427 3970 3575 4009 asse—

286 4047 598 4105 extranere?
647 4042 1108 4112 Quemadmodum
1152 4041 1303 4095 vobis
1348 4042 1741 4096 ordinationem
1783 4059 1874 4097 re-

288 4139 597 4196 nuntiatura
624 4144 729 4201 est,
762 4135 848 4189 cui
879 4142 1061 4187 vestro
1086 4133 1246 4187 etiam
1280 4133 1587 4187 testimonio
1615 4136 1635 4163 '
1665 4134 1879 4189 lucreti-

289 4245 385 4285 cos
408 4229 690 4284 damnatos
712 4224 1067 4295 prmponitis?
1097 4224 1246 4279 Dicet
1272 4224 1492 4278 forsitan
1523 4234 1608 4278 tua
1640 4226 1877 4295 dilectio,

368 4378 392 4405 α
425 4366 551 4422 "me
582 4372 665 4419 est
702 4361 933 4417 secunda
978 4359 1200 4429 epistola
1253 4359 1482 4423 Gelasii,
1529 4364 1874 4431 responsoria

292 4440 440 4495 imus
462 4452 566 4507 qua
594 4432 917 4507 Ευριιεωίμε
936 4431 1571 4507 potistantinopolitanus
1598 4434 1881 4505 episcopus

287 4500 730 4564 communionem
770 4500 1089 4574 catholicam
1129 4500 1227 4574 sibi
1278 4512 1520 4574 negatam
1561 4500 1881 4574 extorquere

298 4579 495 4633 frustra
524 4585 748 4629 conatus
776 4581 881 4629 est.
926 4570 1257 4642 Eupliemius
1284 4570 1636 4625 orthodoxam
1665 4570 1880 4642 quidem

297 4649 461 4703 ﬁdem
506 4643 886 4713 proﬁtebatur;
932 4642 1039 4713 sed
1068 4638 1191 4709 quia
1233 4655 1428 4713 nomen
1468 4642 1649 4713 Acacii
1681 4638 1886 4710 praede-

295 4709 533 4775 cessori}
562 4714 642 4768 sui
673 4713 741 4767 ab
758 4709 997 4766 Ecclesia
1012 4710 1247 4763 Romana
1274 4709 1509 4782 damnati
1540 4726 1570 4764 e
1593 4709 1882 4782 diptychis,

298 4794 461 4854 prout
505 4784 655 4839 Felix
705 4797 837 4854 papa
886 4789 1204 4854 monuerat_,
1258 4780 1484 4854 necdum
1532 4780 1885 4849 expunaerat,

298 4847 582 4911 catholica:
621 4847 872 4910 Ecclesia:
921 4847 1301 4903 communione
1345 4847 1769 4919 indignus—erat.
1819 4854 1889 4909 Ut

304 4924 580 4981 Gelasium
657 4924 709 4991 in
776 4921 955 4994 locum
1021 4919 1240 4994 Felicis
1277 4920 1622 4994 subrogatum
1683 4927 1891 4994 accepit

307 4989 833 5061 Euphemiu3,more
853 4989 1114 5061 majorum
1137 4989 1355 5059 scripsit
1371 4990 1585 5061 quidem
1609 4989 1891 5058 epis;olam

306 5059 431 5119 ﬁdei
462 5077 573 5117 suae
603 5059 1017 5120 confessoriam,
1053 5067 1111 5112 ut
1140 5059 1645 5114 contmunicatorias
1688 5064 1894 5118 litteras

306 5136 655 5202 impetraret;
695 5133 789 5185 sed
822 5128 1066 5202 Gelasins
1114 5129 1346 5202 reddidit
1396 5140 1600 5202 tantum
1646 5131 1741 5193 illi,
1776 5149 1895 5201 qua:

307 5200 417 5260 non
456 5212 651 5264 exstat,
695 5200 976 5267 epistolam
1026 5201 1580 5263 communicatoriam,
1618 5217 1719 5269 qua
1769 5200 1891 5258 eum

1985 4059 2140 4104 cutus
2182 4062 2240 4101 es
2272 4048 2389 4100 haec
2420 4044 2676 4099 divinitus
2715 4045 2846 4097 mihi
2898 4044 3063 4098 fuisse
3108 4043 3325 4106 collata,
3375 4058 3492 4112 qua:
3522 4051 3577 4096 ct

1988 4143 2230 4215 profecto
2259 4154 2595 4211 quaecunque
2626 4148 2750 4192 sunt
2787 4138 2948 4202 bona,
3002 4137 3139 4190 dona
3173 4147 3296 4190 sunt
3328 4137 3420 4190 Dei
3447 4154 3458 4187 :
3484 4152 3573 4190 se-

1992 4249 2157 4303 quere
2188 4248 2315 4301 ergo
2343 4231 2676 4285 hortamenta
2711 4244 2815 4283 non
2858 4229 3143 4297 indigentis
3175 4228 3379 4294 doceri,
3410 4239 3461 4280 et
3492 4243 3577 4281 se-

1987 4369 2227 4423 dedisset
2264 4370 2468 4422 litteras
2510 4367 2752 4435 ejusdem
2788 4364 3088 4434 argumenti
3126 4381 3247 4419 cum
3286 4366 3578 4436 prioribus,

1989 4440 2225 4508 pontifex
2262 4439 2427 4507 priori
2460 4442 2741 4491 sententia:
2768 4447 2821 4491 et
2851 4439 3094 4496 epistula:
3119 4437 3410 4501 ittttzercns,
3443 4440 3581 4491 hanc

1989 4509 2279 4564 secundant
2313 4508 2377 4562 ad
2410 4508 2659 4562 eumdem
2683 4508 3037 4573 Euphemium
3062 4508 3347 4572 epistolam
3381 4510 3581 4561 reseri-

1992 4580 2097 4649 psit
2133 4595 2274 4633 anno
2305 4578 2646 4649 pontiﬁcatus
2684 4579 2767 4649 sui
2803 4578 3017 4649 primo:
3047 4586 3262 4643 poterat
3295 4579 3438 4649 enim
3477 4595 3583 4649 uno

1990 4647 2289 4717 eodemque
2319 4648 2491 4714 spatio
2528 4647 2771 4719 bimestri
2808 4648 3135 4719 Euphemius
3167 4648 3402 4719 unale.
3432 4648 3582 4719 suas]

1990 4721 2193 4772 litteras
2225 4718 2689 4785 Constantinopoli
2736 4718 2961 4770 Romam
2998 4717 3245 4783 misisse‘,
3278 4717 3334 4771 ei
3363 4717 3585 4781 responl

1992 4790 2165 4842 serias
2205 4804 2422 4841 suarum
2464 4788 2589 4839 inde
2630 4788 2863 4841 vicissim
2896 4793 3183 4854 recepisse.
3214 4791 3340 4842 Ssv.
3388 4790 3586 4843 limus.

2064 4857 2092 4897 δ
2135 4858 2249 4912 Non
2298 4858 2649 4911 exhorruisse
2694 4858 3027 4911 orthodoxos
3074 4858 3345 4913 interdum
3396 4874 3591 4913 vocare

1996 4928 2187 4983 fratres
2220 4929 2556 4981 Cltri5tianos
2599 4928 2760 4981 etiam
2811 4944 2840 4980 a
2887 4933 3266 4983 communione
3320 4936 3591 4989 extorres.

1998 4999 2099 5051 hoc
2136 4999 2364 5065 aliisque
2407 4998 2647 5064 pluribus
2693 4997 2956 5064 excitiplis
2988 4998 3349 5053 demonstrari
3381 5008 3590 5067 potest:

1998 5070 2315 5136 c-unpagine
2356 5071 2500 5121 enim
2543 5068 2792 5120 humanm
2831 5075 3037 5119 natura:
3072 5076 3129 5121 et
3166 5070 3397 5122 nominis
3442 5072 3595 5121 Chri-

1999 5139 2185 5203 stiani,
2232 5138 2360 5191 licet
2402 5152 2507 5208 non
2551 5136 2675 5190 ﬁdei
2710 5137 3067 5208 orthodoxm,
3102 5153 3277 5208 neque
3315 5138 3595 5192 catholicae

2003 5208 2406 5275 coajunctione,
2457 5206 2722 5275 ejusmodi
2772 5206 3513 5276 nomenclatura'aliquando
3564 5222 3595 5261 a

308 5274 589 5329 admonuit
611 5287 671 5326 se
699 5270 891 5324 frustra
920 5275 988 5324 de
1016 5269 1303 5322 obtinenda
1333 5269 1583 5345 Ecclesiae
1604 5276 1892 5345 catholicae
1922 5271 1976 5331 Ι)
2006 5269 2251 5333 Patribus
2273 5269 2467 5330 usitata
2486 5269 2777 5345 reperitur.
2806 5277 3064 5331 Baronius
3086 5269 3595 5343 an.492,'num.io.

309 5346 689 5401 communione
717 5354 875 5407 agere
903 5348 1186 5407 antequam
1228 5352 1423 5393 nomen
1455 5342 1634 5393 Acacii
1667 5356 1698 5396 e
1726 5344 1896 5398 sacris

309 5414 508 5464 tabulis
534 5410 817 5464 abstulerit
837 5408 1153 5464 penitusque
1180 5410 1426 5463 eraserit.
1450 5409 1565 5464 Oua
1588 5414 1892 5464 occasione-

308 5414 508 5471 tabulis
534 5410 817 5466 abstulerit
837 5409 1153 5477 penitusque
1180 5410 1426 5463 eraserit.
1450 5409 1565 5475 Qua
1588 5414 1893 5479 occasione,

309 5499 435 5541 cum
470 5480 801 5553 Euphemius
840 5478 945 5533 alia
980 5479 1270 5549 legatione,
1315 5479 1448 5534 alias
1490 5480 1557 5535 ad
1590 5482 1895 5549 pontiﬁcem

388 5620 407 5651 ι
446 5617 593 5673 Alias
618 5614 901 5687 Euphcmio
929 5614 1182 5687 episcopo,
1205 5614 1799 5687 Constantinopolitano,
1829 5619 1901 5676 de

357 5704 426 5745 tiu
456 5685 796 5743 Marcellinus
822 5698 1005 5740 comes
1044 5686 1096 5739 in
1136 5685 1416 5751 chronica,
1464 5685 1747 5743 Liberatus
1774 5702 1898 5751 cap.

359 5758 411 5815 8.
440 5757 613 5828 Evagr
662 5756 700 5813 ι.
734 5756 791 5825 ὅ,
821 5769 943 5825 cap.
972 5754 1065 5812 23.
1094 5752 1384 5827 Nicephor.
1408 5754 1502 5813 lib.
1533 5756 1622 5823 i6,
1654 5772 1773 5830 cap.
1807 5752 1900 5816 l9.

2005 5348 2136 5404 Sev.
2182 5348 2378 5401 limus.

2100 5417 2187 5472 cld
2216 5425 2319 5481 est,
2348 5415 2580 5490 reddens
2604 5416 2894 5490 certiorem
2929 5430 3074 5484 eum,
3113 5417 3203 5490 qui
3234 5424 3361 5472 ante
3400 5416 3599 5474 litteris

2007 5498 2410 5556 provocaverat.
2444 5487 2577 5543 Ssv.
2609 5487 2813 5542 Battus.
3118 5492 3123 5499 '

2078 5625 2099 5653 ⁸
2124 5620 2381 5678 Scholion
2408 5636 2511 5677 ms.
2535 5621 2590 5677 in
2612 5622 2737 5678 cod.
2761 5622 2987 5687 Bellov.’,
3021 5622 3304 5680 ercticoa
3326 5624 3599 5680 deamata:

2006 5692 2128 5749 dicit
2160 5692 2401 5748 Acacium
2425 5703 2475 5747 et
2503 5691 2740 5749 Petrum.
2770 5692 3035 5750 litabunt.
