3994 6410
475 408 541 462 I5
1805 374 2070 434 CELASII
2109 371 2310 429 ΡΑνῶ
2347 371 2368 426 1
3638 343 3703 403 i8

471 512 697 570 cundum
726 519 1006 578 supernam
1027 501 1430 572 dispositionem
1454 493 1703 548 universa
1724 494 2020 552 cunctaque
2049 488 2099 544 Λ
2127 483 2420 539 debemus:
2444 481 2496 535 in
2523 479 2638 534 hare
2661 479 2886 548 abrupta
2927 473 3118 530 deduci
3145 485 3243 527 nec
3272 480 3573 540 possumus,
3601 473 3703 518 nec

471 577 939 670 inspicientisquat
960 594 1026 649 ad
1058 587 1412 647 Ecclesiarutn
1441 577 1706 654 pertinent
1748 577 2022 636 unitatem,

467 699 523 746 et
551 667 810 744 adversus
837 667 1100 740 diabolum
1129 670 1563 734 conturbatorem
1591 684 1729 725 verre
1768 667 1913 736 pacis
1943 672 2026 719 at-

469 792 575 844 que
603 771 889 843 compagis,
920 777 977 823 ut
1001 767 1196 822 asscris
1226 764 1435 818 fortiter
1462 756 1776 816 resistentis.
1814 754 1871 809 Si
1898 767 2029 822 ergo

471 869 540 921 de
568 883 654 921 me
684 868 780 920 ista
811 860 1137 934 pronuntias,
1177 864 1271 910 aut
1310 851 1558 911 sectanda
1589 849 1680 904 tibi
1706 857 1828 902 sunt
1857 861 1973 915 quzr
1997 857 2029 898 a

469 956 703 1018 Christo,
737 961 792 1005 nt
822 949 1085 1019 perhibes,
1113 945 1394 1001 constituta
1422 947 1576 1004 sunt;
1626 948 1715 992 aut
1758 938 1928 1006 palam
1956 941 2028 996 te,

471 1047 610 1117 quod
636 1044 797 1109 absit,
815 1041 1008 1098 Christi
1033 1035 1472 1110 dispositionibus
1487 1031 1711 1089 obviare
1739 1025 2027 1098 depromis,

469 1143 561 1188 aut
585 1134 651 1188 ad
679 1131 885 1188 veniam
915 1129 1012 1202 [αι.
1037 1123 1244 1195 venam]
1286 1123 1504 1178 luxuriae
1533 1120 1600 1176 dc
1629 1133 1714 1174 me
1742 1128 2030 1186 cognosce-

469 1225 545 1279 ris
572 1225 672 1280 ista
693 1223 918 1291 jactare.
959 1219 1063 1276 Sed
1102 1223 1491 1284 consequenter
1531 1208 1796 1276 annectis,
1836 1206 2034 1262 conde-

469 1313 818 1370 scendibiiem
842 1325 929 1367 me
944 1318 996 1364 et
1011 1308 1207 1375 optima
1231 1303 1579 1374 dispositione
1605 1312 1855 1356 revocare
1877 1310 2035 1367 posse

468 1402 831 1459 concordiam.
862 1397 1110 1462 Proinde,
1137 1395 1386 1466 quoniam
1415 1401 1519 1447 tsto
1543 1389 1708 1445 verbo
1735 1387 2036 1456 lreqncnler

472 1492 702 1556 utimini,
730 1488 853 1561 quid
876 1487 976 1543 sibi
1003 1485 1151 1554 velit,
1181 1483 1480 1553 explorent.
1532 1479 1744 1547 Optima
1774 1475 1916 1530 enim
1945 1474 2034 1529 illa

471 1593 555 1640 est
576 1581 824 1639 Ecclesiae
848 1576 1127 1634 catholica:
1144 1583 1303 1645 atque
1327 1568 1632 1642 apostolica:
1652 1565 1950 1636 dispositio,
1968 1563 2035 1618 ad

470 1674 692 1732 meliora
726 1668 1056 1743 proliciendo
1077 1662 1525 1726 condescendere,
1557 1673 1662 1714 non
1690 1657 1758 1712 ad
1787 1656 2034 1711 inferiora

471 1760 846 1819 descendendo
855 1754 1109 1816 deiicere.
1122 1756 1251 1812 Cum
1271 1761 1447 1810 autem
1463 1750 1594 1805 dicis
1605 1746 2034 1809 condescendere

2131 574 2408 640 debemus,
2439 571 2551 643 qui,
2596 578 2881 640 prarstaute
2909 567 3019 623 Deo
3047 574 3256 628 nostro,
3306 561 3567 617 sinceram
3600 569 3699 624 pu-

2134 679 2354 732 ramque
2380 672 2614 734 paterna:
2643 660 2943 716 traditionis
2973 658 3129 712 iidem
3165 652 3704 715 communionemque

2131 755 2387 819 retinere,
2413 763 2470 809 et
2496 752 2562 807 ab
2588 752 2730 806 omni
2766 749 3236 819 praevaricatorum
3280 741 3596 809 contagione
3622 736 3704 791 di-

2132 828 2382 909 scretam,
2425 845 2586 900 etiam
2617 841 2878 897 intentato
2911 839 3148 909 periculo
3180 833 3386 899 mortis,
3431 840 3701 899 optamus,

2133 939 2391 1007 eligentes
2415 935 2481 1005 (si
2506 934 2632 990 velit
2653 933 2812 1000 Deus)
2851 931 3104 1000 quaelibet
3146 928 3235 983 illa
3265 923 3491 995 perpeti.
3542 935 3703 990 qnam

2133 1041 2322 1082 causas
2349 1023 2582 1081 incidere
2606 1021 2963 1077 damnationis
3002 1029 3236 1073 aeternae.
3267 1016 3420 1079 Date,
3463 1013 3705 1080 inquam,

2132 1117 2366 1182 veniam,
2413 1115 2461 1170 si
2487 1123 2661 1168 tamen
2703 1126 2826 1169 cum
2856 1124 2952 1166 vos
2981 1117 3199 1177 propter
3224 1119 3460 1160 amorem
3489 1101 3709 1172 cujusli-

2133 1206 2223 1263 bet
2253 1203 2477 1259 hominis
2498 1203 2587 1258 vel
2611 1201 2857 1257 timorem
2890 1200 3004 1255 hac
3032 1198 3261 1253 libenter
3287 1194 3582 1258 incurritis,
3610 1206 3710 1247 nos

2135 1308 2352 1364 propter
2379 1306 2616 1349 amorem
2641 1291 2735 1348 Dei
2757 1300 2811 1347 et
2839 1291 3085 1349 timorem
3128 1291 3386 1359 gehenna:
3416 1284 3538 1338 talia
3567 1283 3714 1339 refu-

2136 1395 2328 1440 tamus.
2373 1383 2482 1440 Nec
2507 1398 2602 1437 vos
2626 1381 2881 1444 credatis,
2925 1377 3311 1435 dissimulando
3335 1388 3523 1431 causas
3545 1380 3715 1442 atque

2135 1489 2413 1547 personas,
2444 1474 2726 1543 cujuslibet
2751 1462 2999 1527 amicitiis
3026 1484 3186 1543 posse
3204 1469 3495 1538 subrepere
3513 1466 3540 1519 ἵ
3583 1463 3715 1535 quia

2135 1579 2308 1637 neque
2341 1575 2436 1620 vos
2461 1565 2533 1619 ita
2563 1563 2786 1620 subtiles
2830 1564 2980 1628 estis,
3030 1559 3124 1630 qui
3152 1573 3258 1615 non
3294 1557 3512 1628 possitis
3555 1554 3719 1611 inleio

2135 1657 2343 1728 ligi:et
2393 1669 2510 1718 nos,
2559 1661 2851 1725 przestante
2891 1645 3004 1708 Deo
3046 1658 3267 1716 nostro,
3313 1661 3421 1703 non
3465 1645 3719 1715 reperitis

2135 1748 2396 1802 incautos.
2437 1744 2627 1800 Nonne
2668 1741 2849 1798 missis
2875 1741 2979 1796 huc
3020 1753 3163 1809 smpc
3191 1737 3386 1794 litteris
3414 1735 3718 1800 indicastis,

473 1813 1100 1912 nos'debc'rewvob—iscum,
1119 1844 1330 1900 interim
1344 1841 1456 1912 jam
1469 1852 1568 1894 vos
1584 1834 2032 1900 autdescendcre,
2065 1813 2113 1874 Β
2136 1849 2259 1891 cum
2287 1833 2494 1889 caeteris
2522 1832 2792 1904 haereticis.
2812 1844 2909 1885 vos
2940 1828 3221 1897 Eutychen
3251 1839 3464 1896 quoque
3493 1838 3720 1890 respue-

471 1952 562 2000 aut
589 1939 928 1998 descendisse
948 1935 1276 1992 monstratis.
1298 1929 1472 1996 Unde,
1486 1941 1690 2000 quaeso,
1707 1926 1791 1982 vel
1811 1940 1917 1996 quo
1936 1925 2037 1978 is'a

470 2030 752 2089 descensio
778 2028 898 2084 est?
941 2025 1134 2097 Utique
1160 2039 1228 2099 ex
1269 2019 1532 2092 superiori
1568 2018 1797 2087 quodam
1828 2015 1944 2071 loco
1969 2012 2038 2069 ad

470 2122 724 2178 inferiora
751 2131 974 2189 quaeque
1000 2113 1266 2185 deposito,
1288 2125 1319 2165 a
1339 2109 1599 2165 catholica
1628 2104 1724 2179 iul.
1752 2106 2035 2175 depositio.

470 2215 517 2269 Δ
543 2207 824 2281 catholica]
868 2205 1264 2278 apostolicaque
1307 2199 1684 2257 communione
1728 2195 1794 2251 ad
1827 2194 2038 2250 hteretio

469 2315 586 2358 cam
608 2300 1025 2365 damnatumque
1053 2294 1327 2365 prolapsos
1354 2305 1450 2345 vos
1487 2287 1702 2354 videtis,
1750 2286 2034 2358 cognosci-

469 2393 562 2460 tis,
583 2406 690 2448 non
715 2389 918 2460 negatis
942 2404 957 2441 :
990 2393 1042 2443 et
1072 2399 1179 2441 non
1216 2383 1390 2437 solum
1416 2395 1514 2436 vos
1552 2382 1606 2434 in
1635 2378 1833 2433 inlimis
1857 2379 2039 2448 jacere

470 2483 719 2547 delectat,
741 2481 836 2538 sed
869 2477 1027 2536 etiam
1055 2477 1111 2532 in
1159 2475 1435 2545 superiore
1462 2480 1743 2528 manentes
1769 2471 1897 2526 sede
1923 2470 2037 2524 vui-

471 2574 540 2629 tis
564 2571 785 2642 impelli.
809 2566 1249 2625 Condeseendere
1280 2577 1378 2619 nos
1404 2562 1678 2617 vobiscum
1706 2561 1942 2616 invitatis
1965 2559 2033 2614 ad

469 2665 575 2721 ima
598 2663 668 2719 de
695 2659 942 2727 summis,
983 2671 1083 2714 nos
1119 2654 1476 2712 coascendere
1500 2667 1598 2708 vos
1641 2651 1916 2707 nobiscum
1940 2665 2050 2718 reo,

469 2768 656 2825 gamus
688 2751 753 2807 ad
802 2762 1006 2805 summa
1047 2746 1118 2803 de
1148 2745 1290 2800 imis.
1319 2744 1467 2799 Nune
1496 2742 1655 2812 igitur
1681 2740 1782 2796 sub
1808 2753 2037 2810 conspe-

470 2856 557 2904 ctu
585 2846 727 2902 illius
766 2842 997 2900 excelsae
1028 2839 1248 2912 iustitia:
1281 2837 1482 2907 indicet
1523 2850 1692 2907 genus
1719 2833 2032 2900 humanum,

470 2937 590 3009 quis
628 2944 866 2990 nostrum
902 2930 1095 2988 debeat
1134 2929 1288 2984 alteri
1329 2927 1568 2984 obedire.
1600 2927 1618 2958 ⁸
1663 2926 1744 2980 An
1773 2924 1930 2992 dicis,
1978 2934 2038 2981 ut

470 3036 665 3082 caetera
710 3037 850 3079 nunc
894 3019 1156 3084 omittam,
1201 3017 1482 3073 descendit
1514 3014 1771 3071 Dominus
1815 3014 1929 3085 ipse
1953 3014 2036 3076 ,de

472 3114 647 3173 cosio?
673 3112 958 3171 Descendit
997 3111 1173 3181 plane,
1214 3107 1308 3164 sed
1347 3116 1406 3163 nt
1445 3107 1720 3162 hominem
1757 3105 1827 3159 ab
1850 3119 2038 3161 errore

2139 1928 2237 1983 re?
2263 1925 2372 1981 Hoc
2393 1925 2438 1980 si
2463 1937 2650 1980 verum
2676 1932 2779 1988 est,
2811 1929 2902 1976 aut
2939 1934 3033 1975 eos
3058 1918 3148 1989 qui
3174 1918 3718 1973 communicaverunt

2141 2014 2452 2087 Eutychetis
2489 2011 2890 2069 successoribus
2930 2012 3135 2080 pariter
3161 2007 3427 2074 abdicato,
3465 2017 3558 2062 aut
3582 2007 3724 2062 alio-

2139 2124 2256 2164 rum
2277 2122 2490 2176 quoque
2506 2104 2878 2161 haereticorum
2894 2101 3299 2158 successoribus
3319 2098 3724 2155 communican-

2137 2208 2239 2264 tes,
2268 2196 2549 2252 admittite.
2583 2194 2691 2251 Sed
2724 2192 2982 2259 Acacius,
3028 2191 3227 2261 inquis,
3273 2189 3405 2246 nihil
3435 2197 3621 2243 contra
3657 2189 3726 2242 ii-

2137 2289 2281 2354 dem,
2328 2289 2468 2344 sicut
2499 2285 2791 2358 Eutyches,
2817 2291 2872 2338 et
2898 2296 3179 2338 successor
3207 2281 3344 2351 ejus,
3380 2279 3574 2350 legitur
3601 2276 3724 2333 ubi-

2137 2393 2346 2447 cunque
2369 2378 2599 2443 uixisse;
2628 2375 2780 2445 quasi
2815 2389 2921 2429 non
2952 2374 3027 2428 sit
3052 2371 3312 2438 deterius,
3339 2377 3394 2426 et
3418 2384 3526 2424 non
3557 2368 3722 2436 igno-

2137 2483 2287 2524 rasse
2329 2468 2606 2524 veritatem
2656 2475 2710 2522 et
2757 2453 2936 2520 tamen
3001 2462 3428 2518 communicasse
3471 2458 3725 2515 veritatis

2138 2558 2385 2615 inimicis.
2417 2558 2474 2614 Si
2499 2559 2668 2624 enim,
2716 2570 2836 2612 cum
2868 2555 3060 2626 aliquis
3087 2561 3234 2610 recte
3276 2554 3491 2623 sapiens
3520 2552 3588 2606 de
3615 2550 3726 2606 ﬁde

2136 2640 2397 2704 caiholica
2419 2649 2773 2703 communicet
2789 2645 2898 2701 illis
2923 2643 3213 2709 hareticis,
3236 2643 3378 2698 inter
3392 2655 3528 2712 quos
3549 2640 3724 2711 Euty-

2134 2736 2348 2792 chetem
2380 2735 2652 2804 posuistis,
2684 2734 2770 2791 vel
2813 2734 3216 2790 successoribus
3243 2746 3453 2796 eorum,
3496 2745 3602 2785 non
3634 2739 3723 2785 est

2137 2828 2218 2883 fas
2249 2842 2345 2883 eos
2380 2828 2520 2882 inter
2543 2827 2927 2882 catholicorum
2959 2824 3145 2880 altaria
3173 2825 3453 2879 nominare
3482 2839 3498 2877 :
3528 2822 3602 2877 ita
3631 2835 3725 2875 cro

2137 2935 2275 2990 gone
2303 2920 2446 2974 illius
2467 2918 2784 2990 Eutychetis
2810 2917 3215 2973 successoribus
3242 2912 3721 2977 communicando,

2137 3009 2298 3067 simili
2345 3020 2491 3065 sorte
2542 3018 2756 3065 tenetur
2798 3005 3108 3064 obnoxius?
3159 3006 3236 3062 De
3281 3004 3473 3060 talibus
3514 3004 3722 3072 quippe

2141 3100 2521 3157 convenienter
2557 3097 2787 3154 dicitur:
2814 3096 3134 3151 Descendunt
3173 3094 3227 3148 in
3251 3095 3512 3164 infernum
3548 3094 3728 3148 eiseis-

472 3168 972 3273 ιίῖὲὲέιὲιξήὸιιυι
995 3168 1112 3271 ejus
1141 3168 1455 3255 misceretur
1480 3197 1678 3253 errori.
1704 3195 1891 3252 Nonne
1924 3197 2040 3266 ipse
2066 3168 2113 3230 ο
2143 3200 2216 3247 tes
2258 3188 2428 3261 (Paul.
2474 3186 2609 3260 Liv),
2661 3189 2752 3260 qui
2796 3187 2922 3243 dum
2971 3186 3059 3241 ilia
3103 3194 3211 3241 vita
3251 3201 3354 3257 qua
3380 3186 3560 3257 justus
3598 3186 3726 3240 sisit

470 3295 789 3368 pmmonuit
816 3302 872 3348 ut
892 3291 1062 3364 quiin
1093 3297 1233 3345 tecto
1253 3287 1632 3355 consisterent,
1673 3299 1780 3341 non
1808 3284 2039 3340 descen-

473 3388 683 3452 derent,
711 3397 809 3441 nec
826 3381 892 3438 de
906 3396 968 3437 ea
988 3395 1104 3452 qua:
1129 3377 1183 3436 in
1211 3377 1371 3434 domo
1392 3376 1637 3432 videntur
1658 3390 1778 3431 esse
1802 3373 2035 3432 tollenda

473 3475 686 3548 (Uouit.
719 3471 902 3544 xxiv)?
930 3469 1119 3528 Nonne
1145 3483 1245 3540 pro
1269 3467 1518 3523 omnibus
1537 3465 1821 3536 Apestoius
1840 3464 1892 3536 (ι
1912 3463 2034 3522 Cor.

481 3579 552 3619 xv
575 3563 597 3638 )
624 3565 818 3622 clamat
843 3573 1003 3629 unus,
1043 3559 1136 3630 qui
1167 3557 1284 3628 plus
1306 3554 1556 3612 omnibus
1597 3553 1885 3619 laboravit,
1915 3567 2039 3608 cunt

475 3656 544 3715 de
565 3655 802 3712 Custodia
828 3650 1072 3707 veritatis
1098 3657 1364 3719 ageretur,
1407 3647 1598 3716 quibus
1626 3659 1727 3701 nec
1752 3645 1820 3700 ad
1851 3644 2038 3700 horam

475 3747 732 3804 cessimus
773 3740 1120 3812 subiectionis
1158 3740 1326 3810 gratia
1347 3778 1362 3802 ,
1411 3745 1471 3791 ut
1516 3735 1717 3792 veritas
1765 3733 2040 3804 Evangelii

474 3839 814 3907 permaneret
847 3828 988 3903 apud
1011 3829 1142 3885 vos?
1175 3826 1375 3882 Videtis
1414 3824 1688 3882 cmlestem
1726 3823 2038 3893 magistrum

475 3921 902 3980 condcscendere
945 3916 1120 3974 noxiis
1160 3914 1531 3972 recusantem?
1559 3913 1842 3985 Postremo
1879 3911 2042 3967 facia-

477 4025 599 4067 mus
625 4009 856 4079 aiiquem
870 4005 1168 4070 corruisse,
1189 4004 1254 4056 ad
1274 4017 1430 4070 quem
1462 4000 1842 4068 benignissime
1863 3999 2041 4054 subic-

2138 3281 2315 3349 (Rom.
2351 3281 2418 3347 ι),
2467 3293 2592 3334 vera
2617 3287 2778 3349 atque
2805 3277 3066 3333 catholica
3093 3285 3351 3346 putantur
3377 3276 3583 3341 vivere,
3629 3290 3724 3332 re-

2137 3379 2299 3440 pente
2323 3379 2414 3424 aut
2444 3370 2496 3424 in
2523 3383 2690 3440 prona
2720 3366 3017 3436 pravitatis,
3066 3375 3158 3422 aut
3188 3366 3244 3423 in
3274 3365 3542 3425 hareticte
3568 3380 3723 3422 com-

2138 3457 2406 3516 munionis
2432 3457 2645 3514 inferna
2672 3465 2916 3529 vergunt.
2969 3455 3109 3512 Ecce
3136 3455 3320 3526 qnalcs
3344 3455 3561 3511 Christo
3585 3456 3726 3512 dici-

2139 3549 2208 3604 tis
2231 3563 2354 3605 esse
2395 3546 2810 3619 prcponendos,
2858 3559 2980 3602 cum
3030 3545 3119 3601 ille
3147 3560 3245 3601 nec
3275 3545 3479 3599 animas
3508 3557 3727 3600 nostras

2140 3636 2354 3694 sibimet
2381 3637 2654 3707 praecipiat
2698 3633 2972 3707 anteponi.
3023 3634 3135 3690 imo
3180 3645 3235 3690 et
3277 3633 3452 3689 adhuc
3477 3631 3727 3703 quaeritis

2142 3729 2356 3799 quando
2418 3727 2580 3782 fuerit
2623 3725 2910 3781 damnatus
2954 3725 3178 3799 Aeacius
3203 3764 3220 3792 ,
3276 3723 3428 3795 quasi
3485 3736 3723 3789 revera,

2139 3798 2349 3874 etiamsi
2375 3832 2500 3872 eum
2540 3816 2718 3873 nullus
2759 3823 2886 3871 ante
2938 3798 3268 3879 damnasset,
3316 3828 3426 3871 non
3472 3814 3727 3871 debuerit

2139 3905 2458 3962 orthodoxa:
2503 3915 2559 3962 ct
2583 3905 2894 3975 apostolica:
2921 3905 3312 3962 communionis
3333 3943 3351 3969 ,
3397 3903 3554 3974 cujus
3580 3917 3726 3973 pra:-

2141 3999 2406 4053 varicator
2431 3997 2634 4053 exstitit
2662 4007 2717 4053 et
2744 3996 3014 4064 desertor,
3042 3993 3454 4064 participatione
3478 3993 3722 4058 secludi;

479 4101 712 4158 vandum
757 4097 1024 4166 paululum
1055 4093 1317 4164 quispiam
1361 4090 1491 4145 velit
1533 4087 1749 4144 inﬂecti.
1797 4087 1960 4158 Ergo,
1987 4096 2046 4142 ut
2143 4089 2284 4146 sicut
2322 4087 2482 4142 etiam
2510 4087 2732 4158 quilibet
2756 4086 2849 4156 qui
2896 4087 3054 4140 fuerit
3079 4095 3203 4140 ante
3236 4082 3558 4148 catholicus,
3607 4085 3728 4138 cui-

481 4187 932 4260 erigatnrjacens,
979 4184 1320 4239 miserantem
1363 4179 1614 4234 convenit
1640 4179 1906 4246 inclinari,
1936 4193 2042 4234 non
2143 4190 2352 4250 cunque
2395 4177 2588 4234 haeresi
2634 4177 3070 4242 communicaris,
3133 4177 3328 4231 merito
3372 4173 3644 4244 iudicatur
3691 4192 3728 4230 a

480 4290 538 4335 ut
562 4275 894 4348 cum_codem
920 4271 1279 4343 pracipitetur
1303 4269 1356 4324 in
1389 4267 1616 4323 foveam.
1655 4266 1818 4337 igitur
1842 4281 1935 4336 per
1961 4267 2045 4322 lit-
2142 4277 2325 4324 nostra
2364 4268 2620 4324 societate
2665 4266 3047 4332 removendus;
3100 4276 3192 4320 aut
3240 4265 3295 4319 in
3324 4263 3415 4319 tali
3443 4274 3590 4319 sorte
3614 4265 3725 4317 de-

479 4379 621 4424 teras
638 4381 768 4437 quas
789 4379 882 4436 per
901 4362 1200 4417 Sinclitium
1224 4360 1499 4414 diaconem
1516 4356 1843 4422 destinastis,
1868 4356 1936 4412 de
1958 4357 2044 4414 his
2142 4359 2375 4425 functus,
2404 4358 2545 4413 inter
2572 4356 2958 4414 catholicorum
2989 4357 3204 4410 nomina
3236 4355 3540 4410 nullatenus
3565 4370 3724 4411 com-

481 4474 614 4530 quos
653 4454 957 4525 baplila'ii.
1003 4465 1136 4520 quos
1175 4450 1441 4504 οῖ’(ῑίητινὶι
1479 4447 1728 4511 Matius.
1775 4447 2038 4515 maiorum
2070 4516 2115 4530 __
2142 4454 2338 4524 putari.
2384 4451 2643 4508 Miramur
2671 4460 2846 4505 tamen
2876 4449 3144 4519 quomodo
3183 4449 3283 4504 ista
3313 4447 3587 4518 profertis.
3619 4448 3731 4505 hoc

483 4551 767 4607 traditione
806 4544 1103 4602 coniectam
1144 4549 1199 4596 et
1224 4555 1428 4600 veram.
1479 4539 1742 4608 praecipue
1783 4538 2044 4607 religiosa
2070 4516 2121 4576 Ῐ)
2147 4516 2306 4602 estet
2347 4543 2607 4615 synodum
2647 4516 3138 4598 Chalcedonensem
3173 4555 3269 4594 νοε
3312 4516 3583 4608 ius-cipe",
3625 4556 3730 4610 pro

481 4636 1127 4703 sollicitudioicongruam
1153 4629 1452 4700 praebemus
1473 4628 1590 4683 sine
1609 4627 1920 4684 difﬁcultate
1942 4642 2049 4684 mea
2150 4633 2255 4689 ﬁde
2284 4633 2542 4688 catholica
2572 4631 2960 4702 proﬁteamini;
3009 4639 3064 4685 et
3105 4644 3199 4685 eos
3241 4645 3378 4700 quos
3425 4633 3728 4697 damnavit,

483 4735 730 4788 diuinam.
759 4729 874 4795 Quo
894 4739 993 4780 nos
1021 4724 1180 4778 vultis
1201 4721 1338 4776 ultra
1360 4719 1716 4779 descendere?
1737 4720 1875 4786 Quid
1899 4730 2044 4778 lace-
2152 4726 2464 4780 sectantium
2515 4723 3017 4787 communicatores,
3067 4735 3173 4775 non
3204 4722 3598 4790 particulariter
3633 4737 3732 4790 ge-

485 4825 584 4878 tis?
608 4821 738 4886 Quid
767 4814 1192 4874 verecundamini
1212 4813 1388 4866 verbis
1414 4811 1714 4880 exprimere
1731 4811 1871 4881 quod
1886 4810 2051 4866 corde
2155 4815 2507 4880 ueralitvrque
2531 4815 2725 4883 putetis
2754 4813 2916 4867 luisse
2945 4811 3244 4866 damnatos.
3296 4811 3575 4866 Ostendite
3595 4825 3731 4880 ergo

484 4911 740 4984 gestatis?
769 4909 883 4977 ipsa
913 4921 1010 4961 vos
1036 4905 1222 4960 saltem
1256 4900 1594 4967 verecundia,
1635 4901 1774 4970 quod
1806 4915 2052 4955 nonnun-
2154 4919 2274 4975 qua:
2312 4904 2546 4972 synodus
2587 4901 2642 4956 in
2686 4905 3006 4969 unaquaque
3049 4901 3238 4954 haeresi
3285 4915 3405 4954 cum
3449 4901 3731 4955 erroribus

482 5017 636 5070 quam
667 5000 744 5064 ίίί,
775 4996 955 5051 debuit
982 5007 1342 5048 οοπιηιοηετεο
1376 4995 1455 5046 Αίι
1485 4991 1727 5054 fumium.
1750 5000 1807 5044 ιιι
1833 4989 2045 5045 δίετϐιὶ·
2150 4993 3240 5050 successoreseorumhiscommuuicantes
3255 4991 3518 5060 simulque
3532 5006 3730 5049 omnes

483 5107 665 5145 eorum
692 5088 1169 5153 damnatorumque
1207 5092 1259 5136 ει
1288 5081 1368 5135 bis
1398 5081 1482 5136 Vel
1509 5095 1691 5135 eorum
1719 5081 2042 5135 Successori-
2149 5099 2255 5139 non
2282 5084 2495 5138 damnet
2526 5092 2577 5138 (ι
2606 5081 2915 5150 complices.
2945 5082 3128 5149 itaque
3155 5080 3245 5134 ille
3273 5091 3449 5136 vester
3471 5082 3730 5152 Aeacius,

485 5188 582 5236 bus
612 5175 1108 5234 connuunicantium
1139 5174 1350 5228 nomina
1378 5172 1773 5227 consentiamus
1802 5171 2045 5227 admitti?
2148 5177 2236 5245 qui
2283 5174 2622 5245 Eutychianis
2664 5172 2932 5227 haereticis
2994 5170 3294 5225 drteslabili
3345 5174 3732 5227 communione

487 5274 598 5327 iloc
637 5286 742 5325 non
771 5277 854 5324 est
891 5266 1319 5322 condescendere
1347 5262 1411 5316 ad
1461 5262 1900 5327 subveniendum,
1951 5262 2044 5316 sed

487 5364 759 5418 evidenter
803 5360 855 5413 in
900 5357 1102 5411 inferna
1146 5355 1400 5423 demergi.
1472 5353 1697 5415 Parcite,
1747 5367 1946 5422 qum-sn,
1991 5367 2042 5408 et

490 5457 638 5510 nobis
664 5465 716 5509 ct
741 5453 908 5506 vobis.
939 5450 1086 5516 Quod
1117 5449 1160 5502 si
1189 5462 1366 5501 curam
1396 5446 1557 5500 vestri
1580 5446 1712 5500 adeo
1744 5459 1846 5499 non
1877 5446 2041 5502 habe-

493 5547 579 5601 tis.
609 5549 727 5600 date
757 5544 960 5598 veniam
992 5540 1160 5594 nobis.
1211 5538 1397 5592 Dolere
1427 5548 1480 5591 ct
1512 5538 1641 5593 ilcrc
1674 5551 1955 5608 possumus
1992 5547 2044 5593 et

563 5727 576 5753 ³
622 5726 776 5776 Forte
803 5720 1018 5784 rectius,
1063 5717 1122 5768 At
1153 5716 1296 5768 dicis.
1331 5712 1584 5769 iisunum.

2152 5267 2318 5319 iactus
2346 5274 2427 5318 cst
2469 5265 2750 5333 particeps,
2800 5263 2867 5317 ab
2896 5262 3080 5317 eadem
3126 5262 3330 5331 synodo
3369 5265 3485 5316 sine
3518 5263 3730 5319 dubita.

2153 5356 2294 5409 tione
2323 5354 2600 5406 damnatus
2631 5363 2734 5415 est,
2767 5368 2885 5422 qua:
2926 5361 2975 5405 et
3010 5351 3278 5422 Eutychen
3308 5348 3733 5424 Dioscoruittqtic

2150 5462 2269 5503 cum
2293 5446 2688 5501 successoribus
2719 5460 2906 5499 eorum
2940 5443 3123 5513 hisque
3155 5446 3614 5500 communicantes
3643 5462 3734 5517 sy.

2153 5537 2346 5593 nodico
2387 5545 2564 5590 tenore
2593 5537 2891 5605 prostravit.
