3994 6456
245 435 304 487 f'i’
1438 423 1794 481 EPISTULA)
1839 424 1924 478 ΕΤ
1966 424 2299 479 υιςριιῐςϊΑ.
3470 426 3527 479 U

308 548 397 601 Sic
426 555 682 612 sequaces
711 554 923 611 quoque
952 552 1161 605 eorum,
1202 537 1541 593 Timotheum
1572 536 1817 591 Petrum-
1847 537 1899 596 Α
1927 549 2111 604 preces
2127 535 2381 604 deposco,
2399 550 2516 605 qua:
2531 549 2624 603 per
2646 543 2720 588 tot
2738 548 2908 587 annos
2928 533 2995 588 ab
3019 532 3123 587 illis
3143 533 3386 587 Patribus
3403 540 3523 606 glo-

235 656 341 708 qtte
364 638 523 709 sitnili
556 634 868 690 definitione
909 631 1125 701 dejecit.
1180 629 1411 684 Proinde
1441 630 1486 683 si
1535 644 1595 683 ea
1621 644 1739 698 qttte
1770 628 1822 681 in

235 730 444 799 synodo
474 725 900 781 Chalcedonensi
944 740 1041 793 pro
1086 723 1190 777 fide
1220 731 1275 776 et
1318 722 1699 776 communione
1728 736 1821 775 ca-

235 821 432 872 tholica
467 818 583 887 lege
611 816 903 884 apostolica
944 813 1164 868 definita
1208 824 1356 880 sunt,
1405 828 1537 867 vere
1567 821 1823 880 certeque

230 911 538 975 sectamini,
570 909 708 963 sicut
736 918 913 961 vestra
958 906 1289 977 professione
1336 905 1615 975 multiplici
1648 905 1823 957 conti-

235 1011 429 1064 netur;
479 1011 570 1053 aut
599 1013 940 1053 successores
977 1000 1045 1052 ab
1077 998 1164 1052 illa
1211 997 1417 1066 synodo
1446 997 1821 1051 damnatorum

235 1090 429 1159 hisque
454 1090 910 1143 communicantes
934 1089 1179 1158 abjicite;
1207 1098 1319 1154 aut,
1352 1089 1395 1143 si
1425 1089 1557 1142 istos
1586 1089 1826 1141 admitti-

234 1183 325 1247 tis,
369 1196 431 1234 ea
461 1196 579 1249 qua:
611 1182 662 1234 in
697 1182 783 1234 illa
827 1180 1037 1250 synodo
1081 1195 1177 1250 pro
1211 1180 1316 1235 fide
1361 1189 1418 1236 et
1442 1180 1821 1235 communione

233 1272 495 1327 catholica
528 1284 580 1327 et
606 1272 895 1341 apostolica
926 1281 1049 1326 sunt
1080 1282 1316 1343 peracta,
1359 1287 1464 1326 non
1489 1273 1659 1326 solum
1689 1272 1823 1325 falso

236 1378 333 1416 vos
384 1366 619 1417 retinere
672 1362 1043 1432 perpenditis,
1095 1362 1191 1418 sed
1238 1363 1456 1431 insuper
1499 1362 1821 1417 labefactare

233 1454 524 1518 conamini,
558 1464 612 1508 et
642 1455 693 1507 in
719 1453 1110 1523 Eutycltianant
1144 1453 1392 1508 ltznresim
1420 1455 1537 1508 sine
1569 1464 1823 1507 retracta-

234 1546 382 1599 tione
414 1545 671 1612 rcciditis,
698 1546 996 1615 meritoque
1024 1561 1053 1599 a
1075 1544 1352 1600 catholicis
1382 1543 1679 1614 probamini
1705 1558 1824 1597 t-sse

234 1637 437 1692 vitandi
467 1653 479 1688 :
505 1638 625 1705 quia
658 1646 714 1691 ut
747 1636 903 1691 talem
948 1635 1307 1705 pestilentiam
1354 1646 1613 1704 perpetuo
1642 1649 1825 1704 posse-

235 1744 357 1783 mus;
386 1729 639 1793 evadere,
686 1742 747 1781 ea
777 1742 897 1796 qua:
946 1735 1133 1782 contra
1181 1727 1348 1794 ipsam
1394 1726 1462 1779 ab
1500 1741 1562 1778 ca
1594 1741 1820 1794 cnngrc-

235 1823 451 1888 gatinne
475 1829 784 1874 Sanctorum
818 1818 1034 1872 Patrum
1065 1820 1355 1872 salubriter
1396 1817 1610 1872 decreta
1642 1818 1824 1887 legun-

1931 630 2106 695 t'io~is,
2140 628 2342 683 illibata
2374 628 2683 697 intactaque
2710 636 2923 681 serrata
2953 639 3057 683 est.
3082 626 3211 681 Haec
3230 628 3371 681 enim
3412 638 3518 696 est,

1928 722 2065 776 sicut
2100 721 2211 789 ipse
2240 722 2392 783 dicis,
2440 734 2598 787 quam
2636 720 2774 773 Deus
2797 729 2980 773 tto~ter
3008 718 3076 773 de
3106 719 3357 773 omnibus
3387 718 3523 775 bene

1928 811 2181 873 futuram,
2207 821 2259 865 ct
2281 810 2574 864 secundum
2600 823 2749 862 suam
2775 808 3056 863 veritatem
3080 819 3133 863 ct
3159 809 3396 879 regulam
3425 824 3524 878 gu-

1927 901 2283 965 bernandum,
2326 910 2380 955 et.
2416 914 2510 968 pr.t
2530 902 2672 954 scius
2716 910 2841 954 ante
2882 900 3179 967 c0ttStituit,
3214 912 3268 955 et
3298 901 3526 971 singulis

1926 992 2229 1062 quibusque
2260 992 2591 1060 temporibus
2628 1005 2722 1044 sua
2752 991 3105 1059 dispositione
3136 993 3527 1047 convenienter

1926 1086 2145 1152 aptavit.
2183 1083 2306 1136 [hcc
2334 1090 2417 1136 est
2446 1082 2692 1135 voluntas
2727 1082 2840 1147 Dei,
2868 1082 3021 1150 cujus
3056 1091 3109 1135 tu
3140 1083 3337 1149 ingeris
3368 1097 3523 1135 men-

1929 1176 2149 1237 tionem,
2199 1187 2356 1241 quant
2397 1186 2498 1240 ego
2539 1187 2754 1241 quoque
2784 1188 2879 1241 pro
2919 1188 3039 1227 meo
3079 1172 3316 1237 modulo,
3363 1188 3523 1241 quem

1931 1267 2187 1339 Dominus
2219 1267 2421 1320 donare
2466 1266 2746 1335 dignatur,
2799 1266 2956 1334 Cupio
3002 1280 3222 1334 prorsus
3271 1264 3524 1332 implere,

1930 1370 1985 1414 ut
2029 1374 2132 1414 non
2176 1374 2302 1414 reus
2346 1358 2415 1414 de
2461 1358 2618 1427 hujus
2664 1357 2847 1412 taleiti
2893 1357 3129 1413 caelestis
3169 1356 3525 1411 diminutione

1928 1452 2169 1520 reperiar
2199 1469 2212 1504 :
2245 1450 2340 1506 sed
2372 1451 2423 1504 in
2455 1450 2557 1505 hoc
2590 1450 2788 1505 talento
2833 1449 2996 1519 (sicut
3028 1449 3141 1519 ipse
3178 1464 3393 1519 quoque
3425 1465 3522 1503 nos

1927 1543 2205 1612 admonet)
2238 1542 2626 1597 incrementum
2657 1540 2855 1595 Christi
2885 1542 3052 1609 gratia
3090 1540 3304 1607 postulo
3335 1553 3526 1593 come-

1928 1634 2040 1701 qui,
2075 1642 2128 1686 et
2158 1631 2357 1685 nu‘ilum
2393 1646 2611 1700 prorsus
2655 1631 2895 1686 incidere
2926 1631 3332 1685 detrimentum.
3387 1629 3523 1683 lliur:

1928 1732 2011 1779 est
2040 1724 2193 1793 quod
2211 1724 2476 1792 prioribus
2511 1723 2816 1779 dilectionis
2850 1733 2951 1778 tuae
2992 1722 3205 1786 litteris,
3249 1722 3387 1777 sicut
3434 1730 3520 1776 tua

1928 1831 2141 1886 quoque
2171 1815 2706 1885 paginadesignavit,
2739 1830 2835 1883 pro
2878 1804 3059 1868 vestra
3105 1814 3308 1881 sumpsi
3350 1812 3525 1867 salute

236 1920 344 1974 tur,
380 1910 685 1965 nullatenus
717 1907 1031 1974 rnutilanda,
1064 1924 1171 1963 non
1214 1909 1384 1963 solum
1417 1908 1559 1962 sedis
1610 1919 1821 1979 aposto-
1857 1901 1902 1959 B
1934 1908 2226 1973 tristitiam,
2257 1906 2344 1960 tibi
2381 1908 2618 1975 comperi
2656 1906 2798 1976 quod
2841 1916 2958 1960 erat
3009 1905 3160 1958 vobis
3189 1905 3437 1970 noxium,
3470 1914 3525 1959 et

238 2002 356 2057 lica:
388 2003 665 2071 praesules,
713 2002 806 2057 sed
840 2002 999 2056 etiam
1031 2003 1382 2058 Orientalium
1430 2004 1708 2071 regionum
1739 2019 1819 2058 ca-

238 2091 423 2146 tltolici
453 2106 711 2146 censuere
738 2092 1037 2160 pontifices.
1083 2096 1165 2147 An
1210 2092 1424 2146 Petrum
1457 2092 1633 2146 dicitis
1664 2093 1827 2148 fuisse

238 2193 542 2254 purgatum,
586 2184 670 2238 cui
714 2183 1135 2237 communicavit
1166 2183 1424 2237 Aeacius?
1469 2183 1618 2238 Vcris
1645 2199 1825 2239 aSSer-

240 2276 475 2329 tionibus
502 2275 742 2340 edocete,
772 2275 873 2328 hoc
893 2274 1181 2339 ostendite,
1207 2273 1308 2329 hoc
1336 2274 1576 2343 probate,
1632 2276 1825 2344 quibus

238 2370 330 2423 ille
369 2367 566 2432 modis,
610 2367 802 2436 quibus
854 2368 943 2421 ille
984 2368 1181 2438 regulis
1216 2369 1282 2422 ab
1311 2369 1639 2438 Eutychiana
1672 2368 1827 2422 fuerit

237 2458 577 2529 professione
622 2458 701 2513 vel
752 2460 1130 2513 communione
1162 2457 1449 2512 mundatus
1483 2474 1497 2512 :
1540 2467 1595 2512 ut
1624 2473 1743 2512 cum
1774 2458 1826 2513 id

238 2551 588 2605 nihilominus
613 2550 845 2605 evidenti
877 2564 1056 2605 rerum
1080 2550 1333 2605 claruerit
1367 2551 1827 2605 demonstratione

236 2644 564 2708 convictum,
596 2643 769 2712 palam
810 2651 1104 2711 aperteque
1150 2643 1367 2711 possitis
1397 2642 1701 2711 advertere,
1735 2650 1827 2697 aut

237 2749 335 2787 γωδ
362 2734 560 2788 debere
590 2733 784 2788 cedere
815 2734 1047 2801 veritati,
1080 2745 1171 2787 aut
1201 2734 1465 2787 adversus
1496 2733 1631 2786 hanc
1655 2734 1827 2787 mani-

236 2822 372 2877 festa
402 2822 745 2877 dimicatione
771 2824 1080 2893 confligere.
1130 2824 1238 2878 Nec
1268 2824 1416 2878 vobis
1452 2824 1823 2891 blaniliamini,

235 2916 360 2977 quia
390 2911 545 2967 fidem
590 2914 910 2966 catholicam
965 2914 1291 2981 profitemini
1320 2928 1415 2969 vos
1444 2924 1650 2978 tenere,
1703 2917 1826 2985 quia

234 3002 549 3072 Eutychetis
596 3017 788 3055 nomen
831 3004 1128 3065 ademistis,
1180 3005 1300 3072 quia
1349 3020 1409 3057 ea
1444 3007 1603 3058 veluti
1634 3007 1827 3073 prmdi-

233 3109 361 3149 care
395 3094 700 3157 videamini,
736 3110 854 3163 quat
883 3096 1180 3149 orthodoxa
1228 3097 1540 3165 prmdicavit
1594 3098 1826 3168 antiqui-

237 3195 339 3240 tas.
364 3185 572 3240 Clamat
601 3186 742 3239 enint
772 3187 923 3239 nobis
950 3187 1036 3240 illa
1066 3190 1370 3256 evangeliea
1399 3192 1688 3244 sententia:
1724 3193 1824 3245 Aut

1933 1999 2073 2069 quod
2103 2014 2244 2053 veras
2273 1999 2385 2067 paci
2413 1998 2741 2052 contrarium
2768 1997 2966 2067 reperi.
3001 1996 3358 2051 Contristatur
3379 1997 3521 2051 enim

1932 2090 2221 2158 Apostolus
2252 2086 2338 2157 (II
2364 2088 2479 2143 Cor.
2502 2088 2594 2157 vn)
2624 2087 2691 2143 de
2717 2101 2903 2143 errore
2933 2088 3284 2152 deviantium,
3306 2097 3357 2141 et
3390 2087 3525 2139 licti-

1931 2184 2058 2235 tiam
2108 2181 2298 2250 recipit
2328 2181 2395 2237 de
2438 2181 2643 2236 eisdem
2688 2196 2782 2236 sua
2814 2181 3197 2250 prtcdieatione
3240 2180 3521 2233 correctis.

1930 2272 1987 2328 Si
2015 2281 2195 2328 autem
2228 2283 2311 2326 tua
2344 2272 2559 2339 caritas,
2588 2282 2643 2326 ut
2672 2272 2826 2338 dixit,
2859 2273 3042 2327 nescio
3071 2287 3298 2341 quorum
3330 2286 3522 2325 neces-

1929 2365 2087 2419 sitate
2112 2364 2513 2433 constringitur,
2537 2364 2678 2433 quod
2707 2368 2860 2433 (pace
2883 2373 2968 2417 tua
2992 2363 3243 2434 dixerim)
3270 2364 3523 2418 sacerdos

1931 2473 2027 2529 pro
2065 2460 2292 2514 veritate
2336 2460 2633 2528 promenda
2675 2473 2777 2514 nec
2822 2459 2998 2514 facere
3043 2458 3265 2513 deberet
3304 2460 3525 2512 omnino

1930 2565 2030 2606 nec
2064 2550 2276 2615 dicere;
2319 2550 2559 2619 ignoscat
2602 2550 2756 2605 nobis
2796 2550 3102 2606 hominibus
3144 2549 3521 2617 timidissimis,

1929 2644 1974 2697 si
2006 2651 2310 2697 coarctante
2340 2657 2437 2697 nos
2467 2641 2691 2697 terribili
2720 2651 2771 2697 et
2800 2642 2966 2696 divini
2999 2642 3183 2710 judicii
3212 2640 3399 2709 grandi
3430 2656 3525 2697 ne-

1929 2735 2181 2790 cessitate
2206 2735 2642 2804 constringimur,
2666 2738 2804 2788 sicut
2826 2734 3225 2803 qualescunque
3250 2733 3523 2787 ministros

1930 2828 2125 2884 Christi
2158 2829 2332 2892 decet,
2367 2830 2381 2860 ‘
2409 2842 2507 2883 nos
2546 2829 2752 2883 animas
2782 2837 2995 2881 nostras
3028 2841 3228 2895 ponere.
3258 2842 3353 2893 pro
3382 2825 3519 2880 veri.

1929 2931 2038 2977 tate
2062 2922 2365 2986 salvandas,
2394 2936 2551 2991 quam
2579 2936 2671 2976 eas
2703 2920 2897 2975 lucrari
2930 2919 3067 2975 velle
3099 2918 3336 2973 veritatis
3366 2916 3518 2971 dimi-

1930 3016 2151 3067 notione
2174 3012 2494 3082 perdendus,
2520 3020 2578 3067 ut
2607 3028 2710 3067 non
2733 3013 2929 3079 dicam,
2958 3021 3144 3069 contra
3172 3011 3329 3065 fidem
3360 3009 3514 3063 libiti.

1930 3104 2213 3171 cujuslibet
2243 3104 2590 3158 abdicandas.
2635 3105 2751 3157 Istae
2784 3105 2914 3158 mihi
2963 3112 3089 3158 sunt
3120 3090 3275 3173 (quas
3304 3100 3523 3156 dilectio

1930 3202 2016 3247 tua
2061 3194 2423 3263 commendat)
2471 3204 2634 3248 certae
2666 3193 2785 3249 fidei
2817 3204 3087 3263 perpetuae
3133 3208 3253 3247 cum
3286 3206 3371 3260 co,
3404 3190 3523 3260 qui-

236 3278 390 3348 facite
417 3276 649 3332 arborem
673 3279 876 3344 bonam,
904 3289 951 3332 et
980 3280 1176 3347 fructus
1198 3283 1308 3346 eius
1339 3282 1527 3347 bonos;
1554 3293 1640 3335 aut
1667 3287 1823 3354 facile
1848 3268 1893 3330 Ο
1926 3302 2135 3357 cunque
2171 3287 2417 3351 voluerit,
2448 3287 2499 3341 in
2534 3285 2733 3341 Christi
2767 3288 3062 3341 visceribus
3098 3286 3370 3338 amicitia).
3424 3282 3522 3337 Hic

231 3370 467 3421 arborem
496 3368 687 3421 malam
710 3379 756 3423 et
785 3375 982 3438 [ructus
1001 3375 1111 3438 ejus
1142 3374 1303 3425 malos
1325 3389 1343 3425 :
1365 3390 1395 3426 a
1418 3375 1663 3443 fructibus
1686 3379 1820 3431 enim

230 3460 385 3513 arbor
424 3460 744 3528 cognoscitur
792 3460 1005 3531 (Matth.
1054 3463 1198 3532 xn):
1249 3464 1296 3516 id
1338 3474 1439 3529 est,
1490 3466 1531 3519 si
1580 3481 1726 3530 voce,
1773 3470 1817 3523 si

232 3551 362 3616 fide,
402 3551 446 3604 si
484 3550 815 3619 professione
845 3552 1106 3607 catholica
1154 3564 1207 3608 et
1251 3557 1545 3624 apostolica
1591 3558 1819 3613 ﬁdeliter

230 3643 602 3710 veraciterque
629 3643 955 3711 gloriamini,
1006 3644 1159 3712 hujus
1191 3655 1243 3698 et
1273 3648 1705 3702 communionem
1736 3665 1817 3704 rc-

230 3735 416 3805 cipite.
464 3734 520 3789 Si
572 3750 696 3788 vero
724 3734 1119 3802 hatretieorum,
1172 3738 1379 3792 scilicet
1422 3739 1815 3805 damnatorum,

231 3830 314 3881 vel
350 3827 430 3880 his
462 3834 554 3880 aut
594 3829 995 3882 successoribus
1047 3834 1231 3883 e’orutn
1282 3832 1813 3899 communicandum,

229 3920 540 3974 communio
566 3921 711 3973 vobis
742 3920 937 3988 placet,
961 3922 1084 3990 quid
1109 3923 1296 3977 statis?
1346 3923 1469 3991 quid
1502 3926 1817 3994 circumspi-

227 4012 387 4066 citis?
434 4012 667 4066 simulet
694 4027 879 4067 eorum
912 4022 1098 4080 aperte
1140 4014 1545 4083 manifestisque,
1596 4016 1816 4069 remotis

228 4104 542 4167 obstaculis,
588 4101 780 4173 dogma
810 4102 1102 4159 defendite.
1142 4105 1277 4171 Quid
1310 4109 1451 4159 enim
1480 4106 1660 4174 juvat?
1709 4108 1815 4161 imo

228 4206 284 4250 et
316 4196 444 4248 satis
471 4206 679 4263 gravat,
732 4196 887 4249 dictis
918 4196 1153 4263 polliceri
1182 4197 1325 4266 quod
1373 4198 1527 4252 factis
1570 4210 1813 4267 negatur,

227 4296 289 4341 ut
313 4302 417 4340 non
447 4287 619 4341 solum
657 4287 767 4356 ipsa
799 4302 893 4356 per
923 4302 982 4341 se
1012 4288 1233 4342 liceresis
1264 4290 1619 4359 Eutycltiana,
1654 4307 1812 4361 quant

227 4378 302 4431 sit
324 4376 527 4431 funesta
540 4376 844 4433 Christiano
866 4390 1224 4449 sacramento,
1252 4381 1469 4449 possitis
1496 4397 1810 4451 agnoscere,

226 4468 325 4524 sed
355 4478 547 4537 quanta
577 4478 631 4525 et
659 4484 818 4539 quam
850 4469 1029 4539 gravia
1060 4472 1283 4526 liceresis
1310 4471 1410 4526 iSta
1435 4474 1485 4526 in
1517 4473 1596 4527 sui
1624 4474 1815 4530 delini-

226 4565 377 4615 tione
406 4561 695 4616 contineat.
745 4563 882 4617 Ecce
909 4562 975 4615 ad
1002 4578 1120 4632 qua;
1158 4578 1255 4617 nos
1302 4566 1590 4633 praecipitia
1615 4570 1813 4623 conde-

1925 3391 2156 3432 nontam
2178 3388 2425 3445 optamus
2455 3380 2690 3447 praeponi
2717 3378 2857 3443 aliis,
2882 3378 3019 3431 sicut
3048 3376 3337 3445 praedicas,
3356 3389 3518 3442 quam

1923 3484 2044 3523 cum
2073 3469 2315 3524 fidelibus
2336 3470 2541 3526 cunctis
2563 3481 2806 3524 sanctum
2834 3480 2887 3526 et
2910 3471 3019 3524 Deo
3044 3469 3293 3538 placitum
3322 3468 3520 3522 habere

1923 3566 2273 3618 Consortium.
2320 3564 2445 3617 litec
2478 3564 2607 3618 milii
2654 3567 2831 3632 (quam
2880 3563 3097 3617 mandat
3143 3562 3360 3616 dilectio
3402 3558 3519 3628 tua)

1925 3668 2025 3721 pax
2054 3654 2246 3716 solida,
2286 3653 2619 3719 inconvulsa,
2659 3665 2713 3707 et
2746 3654 3030 3723 perennis;
3065 3653 3164 3707 hoc
3202 3668 3362 3706 unum
3402 3652 3520 3705 vin-

1922 3749 2099 3800 culum
2130 3748 2293 3815 (sicut
2316 3747 2476 3801 etiam
2510 3748 2627 3815 ipse
2656 3747 2955 3817 desideras)
2988 3746 3225 3803 salutare
3254 3762 3359 3813 quo
3387 3759 3519 3799 cun-

1920 3849 2002 3891 sta
2048 3838 2184 3892 uniti
2227 3838 2395 3907 possit
2421 3838 2680 3893 Ecclesia.
2734 3838 2844 3893 Hoc
2884 3838 3078 3908 quibus
3124 3845 3207 3893 est
3254 3835 3518 3892 creditum

1923 3931 2085 4000 (sicut
2117 3940 2171 3985 et
2210 3934 2325 3999 ipse
2356 3929 2685 3999 deprecaris)
2727 3931 2993 3999 protectio
3032 3928 3210 3983 divina
3251 3926 3514 3996 perficiat.

1923 4021 2045 4076 llree
2075 4031 2176 4085 est,
2222 4037 2337 4092 qua:
2367 4021 2509 4076 Deus
2546 4032 2645 4085 est,
2690 4023 2879 4076 caritas
2919 4019 2972 4089 (Ι
3010 4021 3169 4074 Joan.
3208 4020 3305 4088 Iv),
3356 4033 3517 4088 quant

1922 4113 2095 4181 poscis
2136 4113 2199 4165 de
2235 4114 2387 4166 corde
2421 4128 2574 4179 puro,
2606 4121 2652 4165 et
2691 4112 2997 4166 conscientia
3026 4113 3178 4176 bona,
3211 4120 3258 4163 et
3283 4109 3389 4177 ﬁde
3416 4126 3519 4165 non

1921 4206 2041 4272 ﬁcta
2073 4207 2120 4276 (Ι
2150 4204 2285 4257 Tim.
2318 4206 2382 4273 t).
2414 4203 2694 4271 Quomodo
2722 4218 2850 4273 ergo
2877 4204 2940 4256 de
2968 4203 3122 4256 corde
3149 4217 3303 4268 puro,
3332 4201 3377 4254 si
3408 4201 3519 4253 bae-

1918 4296 2211 4349 reticorum
2273 4296 2430 4350 fuerit
2475 4294 2884 4365 participatione
2938 4294 3180 4361 polluta?
3235 4293 3519 4359 Quomodo

1919 4390 2227 4442 conscientia
2257 4388 2411 4453 bona,
2446 4390 2489 4442 si
2524 4387 2785 4442 malorum
2829 4386 2987 4441 fuerit
3032 4386 3350 4440 confusione
3396 4400 3521 4453 per-

1865 4463 1879 4478 ’
1919 4478 2128 4532 mixta?
2168 4478 2450 4547 Quomodo
2488 4480 2592 4547 ﬁde
2618 4494 2719 4531 non
2751 4479 2893 4544 ﬁcta,
2926 4479 2967 4532 si
3002 4478 3158 4532 fuerit
3191 4476 3359 4531 mixta
3394 4492 3516 4531 cum

1921 4569 2173 4637 perlidis?
2212 4570 2343 4637 Quze
2369 4570 2411 4623 si
2440 4569 2720 4639 prudentia
2755 4580 2842 4623 tua
2872 4570 3033 4639 (sicut
3056 4583 3173 4622 eam
3206 4569 3517 4637 precamur)

224 4655 488 4707 scenilcre
513 4655 835 4722 provocatis.
885 4665 1045 4724 atque
1074 4656 1139 4709 ad
1168 4658 1416 4724 quaajnos
1442 4659 1570 4713 vita:
1598 4671 1814 4716 ceterum
1842 4642 1896 4703 Ῑ)
1922 4660 2203 4729 diligenter
2236 4660 2501 4725 advertat,
2532 4661 2786 4729 perspicit
2811 4660 3160 4729 apostolicam
3189 4659 3376 4713 sedem
3409 4674 3516 4712 non

226 4747 466 4815 pericula
495 4750 688 4819 cupitis
730 4750 1006 4805 inclinare.
1044 4752 1154 4807 [loc
1186 4752 1449 4806 descensu
1493 4756 1700 4809 salvare
1730 4766 1817 4812 est

225 4848 597 4906 aegrotantem,
640 4855 707 4894 an
735 4855 855 4894 cum
898 4842 1182 4912 languente
1226 4844 1513 4898 consumi?
1562 4846 1685 4900 [hec
1710 4848 1813 4902 erit

226 4944 276 4992 ο,
304 4928 428 4982 titna
469 4929 747 4999 dispositio
801 4932 943 4985 illius
990 4949 1149 5001 quam
1200 4948 1468 4988 memoras
1500 4936 1813 5005 reparanda:

224 5019 549 5087 concordiae,
590 5036 655 5075 an
685 5022 775 5075 illa
808 5023 1005 5089 potius,
1058 5032 1113 5075 ut
1141 5024 1357 5093 rejectis
1387 5026 1649 5096 contagiis
1693 5044 1814 5097 pcr-

225 5112 478 5173 fidorutn,
522 5113 729 5183 integra
774 5114 897 5179 fide,
944 5116 1150 5169 sincera
1194 5116 1277 5171 sui
1307 5120 1685 5174 communione
1718 5134 1813 5189 p0-

225 5204 390 5255 tiatur
407 5204 711 5257 communio
732 5205 996 5259 catholica
1021 5216 1180 5275 atque
1206 5208 1521 5276 apostolica,
1549 5225 1613 5264 ne
1642 5210 1813 5265 luere-

225 5294 455 5346 ticorum
504 5293 626 5348 tabe
664 5296 910 5364 depulsa,
958 5296 1332 5351 intemeratam
1378 5313 1491 5353 sua:
1526 5300 1645 5355 fidei
1692 5316 1815 5356 con-

223 5385 512 5439 fessionem
559 5388 761 5441 nitatur
799 5401 1077 5451 astruere.
1122 5399 1281 5459 atque
1330 5391 1557 5445 invicem
1586 5394 1803 5449 sibimet

222 5478 567 5545 congruentis
587 5479 902 5534 orthodoxae
924 5480 1271 5548 professionis
1298 5486 1806 5556 eomtnuuionisque

219 5570 291 5623 sit
319 5568 525 5624 unitas?
570 5570 719 5625 Hinc
743 5570 906 5640 (sicut
929 5571 1233 5625 dilectionis
1264 5583 1365 5627 tua:
1396 5573 1589 5628 litterae
1610 5576 1806 5629 coltor-

218 5662 423 5731 tztntur)
452 5662 587 5716 meis
607 5676 819 5731 quoque
849 5664 1176 5731 temporibus
1201 5664 1481 5733 custodiri,
1525 5681 1626 5735 qua
1652 5669 1803 5725 valeo

295 5776 311 5808 ¹
342 5777 499 5831 Forte
526 5779 695 5845 potius
720 5769 940 5836 auium:
971 5779 1232 5833 "animus.

1919 4753 2087 4805 vitare
2145 4768 2367 4822 pacem,
2423 4754 2516 4807 sed
2592 4753 2966 4807 ltt‘t-reticorum
3026 4752 3517 4819 damnatorumqtto

1919 4845 2089 4898 vitare
2136 4846 2354 4911 veStigia
2390 4844 2483 4915 [αι.
2518 4843 2803 4914 contagia].
2856 4843 2986 4910 Quae
3030 4845 3193 4897 etiam
3223 4856 3317 4895 vos
3348 4841 3512 4894 ratio-

1920 4934 2168 4989 nabiliter
2190 4934 2477 4998 intuenti-5,
2502 4934 2722 4990 creditis
2744 4938 2764 4965 ¹
2780 4934 3230 4988 commonendum
3254 4932 3511 5000 populum

1918 5028 2610 5097 Constantinupolitanum,
2668 5042 2773 5081 non
2826 5030 3137 5094 permittere
3202 5024 3513 5079 submoveri

1920 5124 2137 5175 nomine
2190 5121 2535 5190 perltdurnm.
2584 5120 2841 5186 Quisnam
2876 5120 2975 5172 hoc
3015 5117 3066 5170 in
3106 5118 3344 5172 Ecclesia
3394 5114 3510 5181 Dei,

1918 5230 2100 5283 qumso
2130 5224 2202 5280 te,
2238 5216 2399 5282 possit
2434 5212 2637 5276 audire,
2672 5228 2794 5266 cum
2827 5212 3011 5280 utique
3041 5224 3315 5283 pastorem
3357 5215 3511 5284 sequi

1918 5324 2045 5377 grex
2096 5307 2287 5362 debeat
2334 5306 2398 5360 ad
2437 5321 2629 5375 pascua
2671 5307 2927 5360 salutaria
2977 5317 3356 5371 revocantem,
3404 5321 3513 5362 non

1921 5415 2015 5467 per
2055 5399 2203 5453 devia
2237 5415 2452 5469 gregem
2486 5408 2667 5467 pastor
2706 5397 3026 5452 errantem?
3079 5398 3171 5451 Dic
3200 5398 3353 5463 mihi,
3380 5412 3513 5467 τοδί)

1922 5502 1995 5559 te,
2022 5508 2148 5560 grex
2184 5506 2278 5561 pro
2302 5502 2374 5554 te,
2403 5506 2471 5544 an
2506 5502 2558 5545 tu
2584 5506 2681 5559 pro
2711 5504 2871 5559 grege
2901 5488 3209 5545 redditurus
3241 5503 3299 5543 es
3340 5490 3513 5543 ratio-

1916 5585 2083 5639 nem?
2130 5586 2290 5639 Certe
2325 5586 2368 5637 si
2414 5583 2563 5637 vobis
2593 5584 2697 5637 hoc
2730 5584 2920 5651 placet,
2948 5581 3116 5635 multo
3151 5578 3318 5650 magis
3348 5594 3508 5636 causa

1914 5686 1996 5731 cst
2025 5691 2179 5732 nouis
2204 5676 2421 5746 )ttstior,
2463 5677 2553 5746 qui
2601 5677 2855 5748 populum
2886 5675 3185 5731 Romanum
3216 5689 3247 5727 a
3281 5672 3385 5731 fide
3412 5674 3506 5730 illa

289 5847 309 5878 ⁸
336 5847 498 5903 Forte
542 5850 997 5910 caittinovcnduut;
1039 5851 1087 5902 in
1131 5851 1353 5914 Delicta,
1402 5854 1779 5915 opponentluitt.
1813 5857 2076 5915 "meum.
