3994 6386
488 467 554 520 ω
1845 440 2107 498 GELASII
2149 438 2348 495 PAPE
2386 438 2407 493 1
3664 429 3736 486 20

486 587 600 639 sua,
624 565 871 622 laudabili
901 563 1156 630 majorum
1188 554 1468 611 traditione
1491 560 1762 624 percepta,
1785 550 2052 604 declinare
2079 551 2132 610 Α
2229 548 2561 604 Confitemur
2590 561 2716 615 ergo
2745 547 3025 604 Dominum
3073 556 3312 604 nostrum
3349 547 3532 604 Jesum
3573 543 3733 600 Chti-

488 677 592 712 mm
624 661 885 717 sitientem
918 666 1013 705 nos
1036 650 1245 717 penitus
1277 645 1507 700 libenter
1535 643 1849 704 audivimus,
1880 643 1922 694 si
1959 655 2054 694 vos

489 744 1121 812 ConstantinOpolitanam
1167 736 1395 804 plebem,
1425 737 1494 788 ab
1537 733 1783 788 hzcretica
1818 745 2056 785 commu-

490 842 650 894 nione
678 835 952 891 discedere
977 837 1332 891 recusantem,
1373 841 1476 879 non
1509 825 1667 878 vultis
1695 821 1985 877 oﬂendere.

562 929 666 984 Sed
711 943 806 981 nos
849 923 1022 977 dicitis
1061 920 1259 976 debere
1303 917 1537 987 dirigere
1574 915 1660 984 qni
1705 930 1821 968 eam
1854 915 2060 967 valeant

492 1023 752 1089 mitigare.
805 1013 1086 1082 Quomodo
1127 1026 1214 1066 me
1253 1010 1496 1064 auditura
1536 1016 1634 1070 est,
1668 1022 1824 1075 quem
1854 1005 2060 1060 videtur

493 1113 688 1168 habere
728 1116 1056 1176 suspectum,
1093 1102 1137 1156 si
1169 1100 1419 1170 praesules
1459 1111 1584 1152 suos
1624 1097 1850 1166 despicit
1878 1097 2060 1149 admo-

491 1200 714 1257 nentes?
757 1198 946 1253 Nonne
977 1195 1104 1262 ipsis
1133 1189 1384 1259 apostolis
1413 1197 1497 1243 est
1525 1201 1845 1257 praeceptum
1879 1187 1930 1239 in
1961 1188 2059 1239 ali-

492 1291 685 1360 quibus
734 1287 1042 1356 regionibus
1088 1282 1231 1336 verbi
1264 1280 1648 1350 praedicatione
1694 1294 1797 1332 non
1846 1278 1940 1340 uti,
1978 1277 2060 1330 his

493 1382 686 1450 quippe
726 1379 778 1433 in
809 1375 998 1445 quibus
1027 1386 1131 1426 non
1177 1371 1384 1424 fuerant
1427 1368 1722 1423 audiendi?
1751 1367 2060 1432 Veniemus,

496 1470 662 1524 frater
694 1463 1078 1534 Euphemiane,
1123 1459 1239 1514 sine
1285 1458 1637 1523 dubitatione,
1681 1458 1954 1511 veniemus
1996 1455 2063 1509 ad

499 1560 630 1615 illud
678 1553 974 1628 pavendum
1024 1549 1253 1606 tribunal
1292 1547 1489 1604 Christi
1539 1547 1622 1618 (ut
1663 1557 1862 1600 taceam
1899 1547 1913 1576 ¹
1947 1560 2064 1613 qute

499 1667 562 1706 ex
597 1651 698 1704 hoc
727 1648 797 1704 sit
833 1642 1114 1700 metuenda
1148 1639 1427 1711 vindicw),
1468 1638 1932 1693 circumstantibus
1959 1636 2066 1689 illis

501 1758 532 1797 a
559 1742 751 1811 quibus
795 1737 927 1793 fides
966 1737 1080 1804 ipsa
1116 1735 1138 1765 ’
1181 1742 1280 1788 est.
1324 1731 1436 1785 Non
1482 1731 1593 1786 illic
1632 1727 2063 1793 inficiationibus,

503 1850 608 1889 non
635 1827 1002 1892 dilationibus,
1053 1839 1158 1878 non
1205 1822 1226 1854 ³
1255 1821 1635 1876 inclusionihus
1661 1828 1744 1874 est
1768 1818 2061 1887 agendum;

2157 649 2297 692 stum
2343 637 2531 692 Filium
2578 637 2670 690 Dei
2733 638 3058 707 unigenitum
3121 648 3245 693 ante
3294 636 3474 691 omnia
3520 636 3737 705 quidem

2159 728 2376 794 smcula,
2421 729 2537 782 sine
2581 727 2872 796 principio,
2907 744 2974 784 ex
3013 729 3171 784 Patre
3217 738 3398 783 natum
3442 727 3737 780 secundum

2160 817 2448 882 deitatem;
2484 818 2534 871 in
2567 819 2867 872 novissimis
2898 829 3075 873 autem
3098 821 3284 873 diebus
3311 818 3377 872 de
3405 815 3738 871 sanctissima

2161 910 2379 979 Virgine
2433 911 2594 964 Maria
2650 911 2897 965 eumdem
2959 912 3291 965 incarnatum
3347 920 3400 963 et
3447 907 3740 976 perfectum

2162 999 2434 1054 hominem
2466 1015 2527 1055 ex
2561 999 2738 1053 anima
2779 1000 3026 1054 rationali
3054 1009 3109 1055 et
3135 999 3377 1068 COrporis
3403 997 3744 1064 susceptione

2162 1089 2477 1144 homousion
2510 1089 2652 1143 Patri
2693 1090 2988 1144 secundum
3017 1090 3292 1154 deitatem,
3339 1097 3393 1142 et
3422 1088 3742 1143 homousion

2163 1181 2317 1236 nobis
2348 1181 2638 1236 secundum
2682 1181 3092 1236 humanitatem.
3135 1181 3370 1235 Duarum
3415 1181 3557 1234 enim
3592 1188 3746 1232 natu-

2164 1289 2341 1328 rarum
2384 1273 2757 1342 perfecturum
2817 1274 2994 1328 unitas
3062 1273 3200 1330 facta
3248 1281 3331 1328 est
3381 1270 3746 1334 ineffabiliter,

2166 1373 2382 1433 propter
2411 1364 2550 1432 quod
2582 1379 2742 1419 unum
2769 1363 3039 1419 Christum
3070 1363 3318 1418 eumdem
3349 1362 3542 1417 Filium
3570 1359 3664 1415 Dei
3692 1367 3749 1416 et

2167 1454 2398 1509 hominis
2448 1455 2776 1522 unigenitum
2826 1469 2855 1507 a
2901 1453 3078 1518 Patre,
3128 1462 3182 1507 et
3225 1451 3635 1523 primogenitum
3679 1463 3749 1502 ex

2167 1543 2389 1598 mortuis
2408 1545 2752 1610 confitemur;
2780 1545 3010 1600 scientes
3031 1544 3170 1614 quod
3194 1544 3404 1614 quidem
3427 1551 3748 1596 comternus

2165 1632 2235 1684 sit
2257 1646 2356 1685 suo
2384 1632 2524 1686 Patri
2550 1634 2845 1688 secundum
2875 1633 3232 1696 divinitatem,
3263 1631 3556 1687 secundum
3584 1643 3748 1699 quam

2166 1719 2342 1789 Opifex
2371 1731 2452 1776 est
2485 1723 2744 1790 omnium,
2775 1733 2830 1778 et
2867 1723 3117 1793 dignatus
3153 1731 3240 1778 est
3277 1732 3396 1790 post
3434 1717 3750 1775 consensio-

2171 1825 2290 1865 nem
2337 1813 2687 1867 sanctissimte
2719 1812 2970 1883 Virginis,
3013 1827 3134 1868 cuin
3165 1812 3304 1866 dixit
3341 1812 3407 1866 ad
3453 1811 3702 1879 angelum
3735 1825 3750 1863 :

500 1924 594 1981 sed
620 1920 1050 1978 manifestissime
1078 1911 1532 1982 comprobandum
1561 1921 1736 1966 utrum
1765 1908 1902 1964 beati
1926 1907 2067 1961 Petri
2101 1897 2143 1956 Β
2175 1905 2305 1961 Ecce
2331 1909 2519 1962 ancilla
2541 1907 2769 1972 Domini,
2792 1909 2883 1977 ﬁat
2910 1909 3035 1960 mihi
3064 1908 3344 1961 secundum
3359 1905 3574 1961 verbum
3607 1914 3758 1958 tuum

501 2014 730 2086 gloriosa
786 2007 1056 2065 confessio
1102 2005 1347 2074 cuiquam
1407 2018 1596 2058 eorum
1637 2005 1774 2070 quos‘
1817 1997 2080 2068 regendos

504 2107 728 2177 accepit,
776 2101 1062 2173 quidquam
1091 2097 1415 2154 subtraxerit
1451 2094 1518 2149 ad
1556 2095 1817 2157 salutem;
1850 2106 1915 2146 an
1959 2104 2078 2145 eam

510 2195 814 2252 auscultare
853 2192 1060 2254 nolens,
1093 2189 1250 2244 etiam
1278 2202 1396 2242 eum
1431 2200 1530 2238 suo
1575 2181 1811 2252 periculo
1866 2179 2081 2234 rebellis

509 2287 532 2318 ‘
547 2283 810 2342 exstiterit
835 2282 1097 2336 obstinata
1128 2273 1424 2349 pernicies?
1447 2273 1521 2329 lbi
1541 2282 1684 2329 certe
1711 2269 2083 2326 dilucidabitur

511 2389 689 2432 utrum
731 2388 832 2443 ego
862 2372 1021 2442 (sicut
1057 2367 1276 2440 putatis)
1325 2364 1566 2428 acerbus,
1614 2375 1792 2432 asper,
1829 2369 1884 2414 et
1924 2359 2082 2414 nimis

509 2467 694 2532 durus,
733 2465 1072 2531 difficilisque
1109 2462 1206 2515 siut
1242 2458 1424 2520 vobis,
1461 2455 1548 2525 qui
1589 2467 1708 2508 cum
1749 2453 1956 2506 ratione
1995 2466 2083 2505 ve-

511 2565 673 2612 stram
717 2555 944 2611 salutem
987 2550 1242 2620 parturio,
1275 2551 1361 2618 qui
1410 2548 1618 2602 clamo:
1649 2544 1867 2598 Etiamsi
1909 2552 2088 2596 auste-

514 2665 630 2705 rum
676 2647 883 2701 videtur
928 2641 1258 2702 antidotum,
1305 2639 1560 2706 accipite,
1619 2649 1832 2705 quaeso,
1889 2633 2081 2698 bibite,

513 2741 708 2803 vivite,
736 2739 860 2791 nolo
892 2731 1225 2795 moriamini;
1258 2745 1325 2784 an
1355 2743 1471 2792 vos,
1503 2729 1590 2797 qui
1633 2741 1661 2779 a
1703 2725 1880 2780 noxiis
1910 2722 2086 2793 prohi-

513 2828 633 2896 biti,
668 2827 906 2882 medicos
947 2823 1142 2878 ducitis
1195 2817 1585 2884 exsecrandos,
1640 2815 1749 2869 imo
1791 2813 1882 2885 qui
1929 2812 2088 2867 vultis

515 2919 787 2975 vobiscum
848 2902 1086 2970 medicos
1133 2919 1394 2981 atgrotare
1423 2949 1436 2973 ,
1498 2920 1656 2975 quam
1703 2919 1798 2958 vos
1849 2901 2088 2970 recipere

518 3012 540 3042 ⁵
564 3010 869 3065 sanitatem.
896 3005 960 3060 Et
1006 3004 1110 3058 alia
1154 3018 1309 3056 manu
1335 3017 1352 3055 :
1381 2998 1636 3054 Dominus
1675 3007 1727 3052 te
1767 2993 2086 3050 incolumem

519 3102 803 3158 custodiat.

1047 3197 1073 3225 ⁸·
1111 3185 1440 3242 EPISTULA
1479 3184 1543 3239 ll.

729 3299 795 3338 AD
832 3295 1170 3338 LAUIIEN'I'IUII
1211 3294 1277 3334 οε
1317 3289 1523 3334 ιριςαιυο
1563 3287 1866 3329 EPISCOPUI.

526 3375 602 3429 Ad
629 3373 978 3444 pontiﬁcatum
1014 3378 1302 3440 assumptus
1332 3369 1394 3421 de
1421 3383 1557 3421 more
1583 3364 1826 3444 Romanae
1851 3359 2093 3444 Ecclesia:

595 3435 712 3512 ﬁ'dei
761 3435 1054 3564 Ῑᾳῖῃηιιαηι,
1093 3435 1247 3509 quam
1297 3453 1467 3492 omnes
1528 3435 1756 3505 proﬁteri
1805 3441 2089 3496 teneantur,

597 3529 800 3580 przrscrt
835 3521 894 3564 tt.

600 3651 655 3704 In
693 3647 1003 3718 prolixitate
1040 3643 1276 3715 epistola:
1303 3643 1607 3700 dilectionis
1645 3651 1748 3696 tute
1776 3654 1969 3709 magno
1999 3652 2096 3692 nos

526 3725 716 3809 gaudio
741 3739 957 3807 replesti
984 3739 1036 3792 in
1063 3753 1124 3791 ea
1152 3747 1301 3805 parte
1333 3736 1380 3789 in
1409 3748 1508 3803 qua
1535 3733 1735 3788 dictum
1764 3742 1846 3786 est
1870 3731 2009 3801 quod
2043 3731 2094 3782 in

527 3831 987 3887 Thessalonicensi
1022 3829 1280 3892 Ecclesia,
1310 3827 1395 3882 vel
1442 3827 1493 3880 in
1525 3826 1644 3880 aliis
1673 3824 1918 3880 similiter
1960 3825 2096 3877 reci-

526 3932 635 3978 tata
683 3922 906 3991 epistola
968 3920 1375 3988 praedecessoris
1435 3919 1603 3974 nostri
1663 3917 1729 3970 de
1787 3916 2095 3970 excessibus

528 4013 726 4074 Aeacii,
757 4010 928 4064 cuncti
973 4011 1147 4064 cidem
1196 4009 1477 4062 anathema
1522 3998 1772 4070 dixerint,
1815 4022 1915 4059 nec
1950 4008 2097 4075 quis-

531 4119 686 4174 quam
757 4101 1117 4158 eommnnioni
1172 4099 1563 4170 prmvarieatori
1619 4112 1738 4152 sese
1803 4097 2095 4153 miscuerit.

533 4197 685 4252 Unde
714 4197 833 4265 quia
862 4210 960 4248 nos
990 4195 1246 4247 admones
1275 4191 1561 4247 dilectione
1585 4191 1841 4256 fraterna,
1868 4200 1927 4244 ut
1954 4191 2099 4244 Velut

533 4287 846 4342 medicinam
888 4284 1170 4355 quamdam
1213 4283 1331 4337 fidei
1371 4281 1637 4350 episcopis
1683 4295 1776 4346 per
1809 4279 2096 4351 Illyricum,

531 4377 613 4431 vel
638 4376 754 4430 aliis
779 4376 1079 4429 ministrare
1110 4374 1418 4434 debeamus,
1453 4385 1750 4438 quanquam
1784 4370 1886 4424 hoc
1914 4371 2097 4438 copio-

533 4467 743 4522 sissime
780 4466 970 4519 factum
1007 4467 1074 4517 sit
1112 4480 1137 4515 a
1169 4465 1338 4517 beatis
1380 4463 1766 4518 recordationis
1803 4463 2100 4531 praedeces-

530 4573 654 4612 sore
716 4568 926 4621 nostro;
981 4565 1034 4608 et
1079 4557 1199 4623 quia
1249 4569 1364 4607 mos
1411 4563 1491 4607 est
1540 4553 1791 4608 Romana:
1846 4553 2098 4608 Ecclesiae

2186 1999 2335 2070 (Luc.
2356 2000 2418 2068 ι).
2447 1999 2788 2056 lneﬂ'abiliter
2809 1999 2908 2054 sibi
2936 2014 3004 2053 ex
3027 1999 3139 2065 ipsa
3165 1995 3447 2052 aedificavit
3473 1993 3757 2060 templum,

2181 2103 2233 2146 et
2261 2093 2362 2148 sibi
2394 2092 2583 2154 univit,
2614 2091 2755 2160 quod
2787 2107 2891 2145 non
2935 2099 3262 2145 coaeternum
3287 2086 3355 2142 de
3382 2101 3475 2141 sua
3508 2085 3762 2140 substan-

2183 2184 2250 2238 tia
2292 2199 2322 2238 e
2350 2183 2489 2239 creto
2514 2181 2706 2238 detulit
2733 2195 2949 2250 corpus,
2978 2179 3074 2236 sed
3102 2193 3169 2235 ex
3194 2191 3370 2232 massa
3401 2185 3598 2230 nostra:
3633 2174 3763 2229 sub-

2181 2276 2413 2342 stantiae,
2456 2275 2558 2330 hoc
2596 2283 2679 2329 est
2716 2289 2783 2329 ex
2826 2273 3030 2344 virgine
3075 2271 3176 2326 hoc
3221 2269 3508 2338 accipiens,
3555 2277 3610 2322 et
3657 2266 3766 2323 sibi

2184 2365 2397 2432 uniens,
2440 2381 2544 2420 non
2588 2366 2732 2419 Deus
2767 2363 3002 2418 Verbum
3054 2362 3106 2417 in
3149 2374 3365 2415 carnem
3409 2372 3596 2413 versus
3644 2367 3762 2423 est;

2188 2475 2359 2530 neque
2387 2467 2443 2512 ut
2473 2457 2784 2528 phantasma
2814 2468 3107 2525 apparens,
3145 2451 3239 2508 sed
3283 2449 3767 2508 inconvertibiliter

2187 2561 2241 2608 et
2305 2549 2813 2605 incommutabiliter
2880 2562 3028 2601 suam
3081 2543 3422 2600 conservavit
3473 2540 3769 2595 essentiam

2189 2642 2448 2712 primitias
2474 2650 2678 2695 natura:
2707 2650 2904 2695 nostra:
2930 2636 3243 2706 suscipiens,
3277 2633 3375 2690 sibi
3409 2631 3597 2686 nnivit.
3631 2628 3767 2684 Nam

2191 2733 2508 2804 principium
2539 2731 2679 2785 Deus
2712 2728 2944 2784 Verbum
2980 2731 3077 2781 has
3112 2735 3308 2781 nostras
3346 2731 3550 2777 naturze
3580 2719 3770 2790 primi-

2190 2827 2290 2880 tias
2327 2824 2490 2880 multa
2519 2823 2621 2877 sibi
2653 2823 2887 2877 bonitate
2928 2820 3082 2874 unirc
3110 2818 3355 2887 dignatus
3397 2822 3498 2878 eSt,
3530 2812 3621 2883 qui
3662 2827 3770 2866 non

2191 2916 2502 2989 permixtus.
2536 2913 2627 2969 sed
2660 2913 2712 2968 in
2741 2913 3022 2981 utriusque
3058 2908 3354 2966 substantia
3393 2919 3532 2960 unus
3560 2914 3616 2960 et
3657 2905 3772 2972 ipse

2190 3013 2356 3076 visus,
2381 3007 2668 3065 secundum
2695 3005 2835 3076 quod
2867 3005 3124 3072 scriptum
3156 3010 3276 3056 est:
3309 2999 3503 3054 Soluite
3524 2995 3772 3066 templum

2190 3104 2346 3168 istud,
2381 3113 2426 3154 et
2461 3103 2514 3153 in
2561 3098 2720 3152 tribus
2757 3097 2932 3149 diebus
2967 3091 3275 3148 resuscitobo
3313 3089 3442 3143 illud
3475 3086 3656 3156 (Joart.
3688 3086 3770 3155 t't).

2193 3194 2432 3250 Solvitur
2457 3191 2596 3244 enim
2627 3187 2869 3244 Christus
2895 3186 3072 3251 Jesns,
3101 3181 3392 3236 secundutn
3419 3194 3618 3233 meram
3653 3178 3774 3231 sub-

2151 3264 2164 3326 :
2195 3287 2440 3340 stantiam
2465 3296 2620 3352 quam
2650 3278 2906 3346 susctepit,
2927 3286 2983 3331 et
3002 3276 3232 3329 solutum
3255 3270 3475 3327 suscitat
3497 3268 3772 3339 proprium

2197 3380 2449 3447 templum
2483 3394 2498 3430 :
2531 3375 2633 3429 hoc
2662 3374 2774 3442 ipse
2805 3362 3094 3426 secundum
3128 3368 3360 3420 divinam
3390 3361 3767 3425 substantiam,

2195 3469 2486 3524 secundum
2529 3479 2688 3534 quam
2729 3473 2782 3516 et
2821 3461 3060 3517 omnium
3107 3456 3294 3512 artifex
3334 3465 3436 3512 est.
3488 3454 3770 3524 Nunquam

2197 3573 2372 3616 autem
2411 3568 2528 3628 post
2573 3554 3017 3611 resurrectionem
3060 3549 3312 3604 uoitionis
3342 3557 3540 3601 nostra:
3568 3555 3771 3600 natura

2199 3652 2443 3708 discessit
2489 3664 2514 3700 a
2564 3645 2782 3717 proprio
2833 3645 3066 3709 templo.
3129 3656 3224 3692 nec
3274 3636 3549 3692 discedere
3599 3641 3772 3705 potest

2201 3754 2416 3810 promer
2444 3737 2767 3792 ineffabilem
2805 3752 2954 3789 suam
2988 3732 3392 3799 benignitatem,
3422 3728 3515 3784 sed
3547 3737 3631 3782 est
3659 3729 3771 3798 ipse

2199 3833 2452 3886 Dominus
2479 3830 2632 3882 Jesus
2653 3827 2894 3881 Christus
2915 3836 2966 3880 et
2992 3824 3278 3891 passibilis,
3309 3832 3362 3876 et
3384 3821 3766 3889 impassibilis:

2198 3923 2465 3994 passibilis
2512 3921 2807 3975 secundum
2849 3918 3271 3984 humanitatem,
3305 3915 3653 3985 impassibilis
3690 3930 3774 3971 sc-

2198 4017 2427 4069 cunzlum
2451 4015 2801 4068 divinitatem.
2831 4013 3117 4068 Snscitavit
3147 4012 3305 4080 igitur
3333 4025 3485 4064 suum
3517 4010 3771 4078 templum

2203 4107 2341 4160 Deus
2365 4105 2615 4168 Verbum,
2643 4113 2696 4158 et
2721 4104 2772 4156 in
2797 4119 2854 4156 se
2877 4115 3076 4157 natnrze
3104 4113 3300 4158 nostrae
3323 4101 3771 4158 resurrectionem

2200 4208 2251 4253 et
2281 4198 2674 4252 renovationem
2704 4203 2953 4263 operatus
2978 4205 3080 4259 est,
3109 4204 3162 4248 et
3186 4194 3322 4248 hanc
3341 4193 3600 4250 Dominus
3622 4193 3776 4248 Chri-

2199 4298 2312 4341 stns
2355 4297 2535 4341 noster
2575 4285 2736 4347 Deus,
2781 4295 3058 4353 postquam
3109 4285 3402 4339 resurrexit
3447 4299 3476 4336 a
3525 4284 3772 4349 mortuis,

2201 4377 2474 4446 discipulis
2521 4376 2632 4430 suis
2679 4374 2996 4429 ostendebat
3041 4373 3266 4428 dicens:
3313 4372 3538 4440 Palpate
3583 4389 3684 4439 me,
3731 4381 3776 4426 et

2201 4469 2363 4524 videte
2394 4469 2635 4537 quoniam
2682 4467 2893 4534 spiritus
2941 4482 3142 4518 carnem
3193 4476 3239 4518 et
3291 4481 3406 4518 ossa
3445 4481 3550 4518 non
3600 4466 3777 4533 habet,

2202 4558 2620 4628 quemadmodum
2657 4573 2733 4609 me
2766 4557 2941 4610 videtis
2973 4556 3153 4610 habere
3182 4555 3333 4626 (Luc.
3361 4556 3528 4620 xxiv);
3567 4571 3674 4610 non
3703 4557 3780 4611 die

532 4650 794 4703 sacerdoti
843 4650 1049 4702 naviter
1093 4648 1384 4701 constituto
1429 4646 1649 4700 formam
1699 4646 1820 4700 fidei
1873 4662 1983 4701 sua:
2031 4647 2097 4701 ad
2127 4625 2176 4683 D
2203 4625 2299 4714 xit,
2330 4648 2774 4718 quemadmodum
2805 4663 2890 4702 me
2915 4647 3091 4702 dicitis
3117 4663 3258 4714 esse,
3290 4646 3382 4702 sed
3413 4648 3616 4711 habere,
3648 4659 3704 4701 ut
3729 4658 3781 4703 et

531 4752 738 4794 sanctas
759 4738 1020 4792 Eeclesias
1043 4752 1361 4807 praerogare,
1383 4736 1494 4790 haec
1518 4736 1699 4791 eadem
1721 4737 2096 4805 compendiosa

533 4829 691 4883 nimis
737 4829 991 4882 brevitate
1037 4828 1210 4881 studui
1258 4842 1547 4891 renovare,
1599 4837 1656 4879 nt
1698 4826 1797 4880 sub
1848 4841 1948 4894 qua
1999 4829 2100 4883 fide

532 4918 818 4973 vivendum
865 4917 954 4980 sit,
1001 4917 1288 4971 secundum
1338 4927 1534 4972 statuta
1580 4917 1817 4984 Patrum,
1870 4919 1919 4971 in
1965 4919 2102 4973 hanc

534 5017 772 5064 nostram
816 5009 1094 5078 epistolam
1136 5015 1348 5077 propter
1385 5008 1696 5063 brevitatem
1739 5008 1856 5062 sine
1895 5009 2101 5064 fastidio

535 5104 702 5156 lector
728 5109 999 5170 agnoscat.

607 5241 634 5270 α
660 5232 784 5285 limo
808 5231 1027 5303 epistola
1051 5231 1326 5286 circnlaris
1350 5241 1432 5286 est
1463 5242 1514 5285 ct
1533 5233 1801 5303 encyclios
1827 5235 1892 5288 ad
1916 5250 2103 5292 omnes

537 5303 816 5368 episcopos
837 5301 1153 5356 Macedonia
1179 5317 1318 5355 anno
1340 5306 1360 5355 1
1393 5301 1729 5369 pontificatus
1751 5301 1947 5358 Gelasii
1971 5308 2104 5361 seri-

539 5383 659 5438 pta,
696 5385 759 5424 ea
796 5371 1076 5426 oceasione
1110 5374 1248 5438 quod
1291 5372 1570 5437 episcopus
1610 5373 2103 5430 Thessalonicensis

539 5443 698 5512 totius
725 5439 1046 5512 Macedoniae
1076 5441 1362 5512 provinciae
1393 5444 1831 5512 metropolitanns
1862 5445 1943 5512 (ut
1971 5460 2102 5500 con-

537 5518 640 5591 stat
682 5510 816 5591 intra
859 5523 922 5562 ex
950 5509 1186 5591 _ei»ist.?
1225 5511 1288 5563 ad
1330 5509 1577 5591 Dat-dan.
1608 5522 1662 5567 et
1705 5509 2098 5591 illvr.'cpisc.),

539 5577 812 5633 Acacianis
840 5578 999 5632 modo
1026 5579 1250 5646 turpiter
1277 5580 1596 5649 adhaereret,
1629 5584 1718 5652 qui
1756 5577 1888 5639 alias
1916 5577 2102 5640 contra

609 5693 628 5765 ξ
657 5689 789 5765 _C_od.
819 5694 1030 5765 capituli
1058 5695 1350 5764 Veronen.,
1381 5697 1499 5765 quia
1523 5708 1572 5751 et
1599 5697 1699 5751 hic.

606 5764 629 5796 ³
656 5760 732 5832 id.
763 5760 906 5828 cod.,
929 5763 1132 5832 defensa
1159 5775 1251 5818 est.
1273 5781 1286 5798 ι

605 5832 628 5868 ³
651 5830 730 5889 Id.
761 5832 876 5891 cod.
891 5871 916 5898 .
941 5830 1276 5893 illusionibur.

2206 4742 2295 4809 qui
2339 4743 2515 4807 habet,
2549 4749 2600 4794 et
2621 4740 2714 4808 qui
2749 4738 2975 4794 habetur
3007 4739 3375 4801 considerans,
3403 4753 3511 4792 non
3547 4740 3782 4807 permix-

2206 4833 2427 4896 tionem,
2473 4846 2580 4885 non
2626 4829 3054 4894 conversionem,
3105 4843 3210 4882 non
3260 4828 3638 4892 mutationem,
3690 4829 3784 4883 sed

2207 4925 2460 4978 unitatem
2513 4923 2705 4976 factam
2756 4919 3033 4988 respicias.
3095 4919 3426 4987 Propterea,
3477 4927 3531 4973 et
3580 4919 3786 4973 lixuras

2204 5016 2499 5078 clavorum,
2527 5023 2581 5068 et
2612 5012 2862 5065 fixionem
2907 5010 3108 5065 lancea:
3138 5011 3546 5074 demonstravit,
3579 5020 3633 5065 et
3663 5025 3784 5064 cum

2203 5105 2479 5174 discipulis
2514 5100 2882 5165 manducavit,
2917 5109 2971 5153 ut
3001 5115 3095 5170 per
3123 5100 3303 5154 omnia
3334 5100 3785 5155 resurrectionem

2211 5239 2398 5293 oborta
2428 5237 2711 5292 schismata
2750 5236 2888 5289 inter
2915 5233 3212 5290 Orientales
3241 5246 3294 5289 et
3321 5235 3619 5289 Romanum
3652 5251 3787 5302 pon-

2212 5309 2427 5371 tiﬁcem,
2454 5309 2568 5363 sedi
2616 5306 2925 5376 apostolica!
2960 5307 3184 5376 firmiter
3225 5305 3510 5376 inhaerere,
3561 5306 3789 5375 ejusque

2212 5380 2559 5446 patrocinium
2588 5375 2861 5446 suscipere
2885 5375 3268 5446 consuevisset.
3301 5375 3372 5446 Ut
3391 5389 3520 5446 ergo
3550 5376 3789 5445 reliquos

2211 5444 2326 5515 ejus
2353 5449 2643 5517 provinciae
2671 5444 2949 5517 episcopos
2983 5447 3032 5498 in
3064 5444 3550 5517 ofticio_catho!_ic:e
3576 5455 3632 5499 et
3661 5444 3791 5517 apo-

2210 5515 2412 5571 stolicae
2440 5516 2832 5571 communionis
2858 5517 3171 5578 contineret,
3203 5515 3269 5569 ad
3305 5515 3545 5582 ejusdem
3573 5516 3791 5584 provin-

2210 5588 2309 5641 ciae
2321 5587 2584 5642 antistites
2601 5588 2698 5640 has
2721 5586 3006 5642 circulares
3026 5585 3232 5641 litteras
3246 5584 3414 5642 dedit.
3435 5584 3566 5643 διν.
3580 5585 3786 5645 Buuus.

2275 5701 2296 5732 ⁸
2326 5701 2402 5756 Id.
2434 5703 2576 5768 cod.,
2608 5703 2860 5757 existeret.

2279 5773 2428 5840 “AL,
2465 5776 2698 5829 salutem.
2731 5774 2990 5830 “ARDUIN.
