3994 6436
325 391 383 445 21
1538 382 1896 441 EPISTOUE
1940 382 2025 437 ET
2072 382 2405 439 DECRETA.
3555 381 3622 430 9.3

326 515 527 562 nostra
574 509 782 559 natura:
823 502 877 557 in
925 514 986 556 se
1034 505 1345 554 renovatam
1390 496 1607 551 doceret
1637 512 1652 548 ι
1686 505 1741 549 et
1789 498 1914 562 quia
1947 499 1991 555 Λ
2023 507 2219 565 gnatus
2250 510 2308 549 es
2338 536 2351 559 ,
2401 495 2620 549 domine
2653 502 2838 548 sancte
2879 494 3169 562 apostolice
3216 503 3267 547 ct
3317 495 3626 548 Lenissima

326 596 623 651 secundum
658 596 871 650 beatam
901 589 1197 645 divinitatis
1236 587 1588 641 substantiam
1631 588 1918 639 inconver-

328 687 491 740 tibilis
516 727 533 751 ,
580 682 1037 739 incommutabilis
1063 720 1079 743 ,
1132 679 1475 748 impassibilis
1500 722 1513 745 ,
1563 676 1882 731 immortalis
1902 717 1916 741 ,

327 777 526 831 nullius
557 776 819 844 indigens,
851 772 1139 842 pet-ficiens
1168 784 1354 823 omnes
1385 769 1679 837 passiones,
1712 782 1770 821 se
1801 782 1924 836 per«

334 870 483 924 misit
549 868 766 937 proprio
812 865 999 921 inferri
1032 865 1256 934 templo,
1302 863 1443 929 quod
1476 862 1671 916 virtute
1708 859 1920 933 propria

328 961 631 1023 suscitavit,
675 970 727 1014 et
766 974 862 1026 per
892 958 1163 1027 propriam
1195 955 1583 1027 perfectionem
1629 954 1812 1020 templi
1844 953 1923 1005 sui

330 1055 731 1105 reuorntionem
756 1058 955 1104 nostra:
979 1056 1183 1102 natura:
1211 1057 1465 1115 operatus
1491 1052 1590 1098 cst.
1616 1043 1715 1110 Qui
1745 1052 1921 1097 autem

328 1142 515 1196 dicunt
560 1140 808 1195 subtilem
843 1138 1115 1192 hominem
1149 1136 1443 1196 Christum.
1485 1143 1576 1188 aut
1614 1133 1923 1203 passibilem

331 1232 499 1286 Deum
525 1272 541 1295 ,
585 1238 679 1285 aut
722 1230 775 1284 in
821 1242 987 1284 carne
1036 1242 1284 1293 versum,
1316 1234 1410 1281 aut
1452 1240 1560 1280 non
1602 1222 1922 1292 ‘eognitum

330 1322 586 1377 habuisse
634 1333 863 1389 corpus,
904 1328 997 1373 aut
1046 1317 1115 1372 de
1161 1318 1301 1372 caelo
1346 1315 1449 1371 hoc
1494 1314 1783 1379 detulisse,
1834 1320 1927 1367 aut

330 1416 647 1484 phantasma
690 1426 836 1478 esse,
867 1420 957 1465 aut
986 1410 1268 1465 mortalem
1299 1409 1562 1471 dicentes,
1599 1407 1762 1460 Deum
1793 1403 1924 1458 Ver-

330 1506 457 1561 bum
507 1504 800 1574 indiguisse
844 1511 902 1556 ut
949 1516 980 1555 a
1018 1501 1176 1555 Patre
1229 1498 1618 1562 suscitaretur,
1664 1507 1752 1550 aut
1807 1495 1926 1549 sine

330 1598 511 1651 anima
549 1609 778 1663 corpus,
806 1604 897 1648 aut
932 1593 1051 1648 sine
1089 1604 1251 1645 sensu
1282 1587 1559 1644 hominem
1597 1584 1923 1654 suscepisse,

329 1697 424 1741 aut
443 1685 580 1741 duas
605 1683 931 1740 substantias
951 1679 1169 1746 Christi,
1196 1679 1491 1735 secundum
1516 1676 1926 1746 permistionem

329 1778 605 1843 confusas,
659 1791 818 1829 unam
863 1774 1057 1833 factam
1097 1774 1263 1828 fuisse
1308 1769 1682 1833 substantiam,
1725 1778 1779 1824 et
1818 1782 1927 1821 non

329 1837 653 1924 confitentes
680 1866 963 1921 Dominum
1003 1873 1246 1919 nostrum
1278 1861 1461 1917 Jesum
1492 1860 1763 1915 Christum
1794 1858 1929 1913 duas
1958 1837 2007 1897 Β

330 1975 457 2017 esse
507 1967 723 2014 naturas
772 1956 1114 2021 inconfusus,
1167 1969 1328 2009 unam
1373 1961 1553 2008 autem
1604 1964 1924 2019 personam,

330 2048 628 2105 secundum
674 2046 816 2116 quod
862 2061 998 2100 unus
1036 2043 1319 2111 Christus,
1370 2056 1507 2097 unus
1556 2041 1695 2096 idem
1737 2040 1925 2110 Filius,

330 2139 465 2195 istos
494 2137 912 2193 anathematizat
944 2135 1207 2191 catholica
1248 2144 1299 2188 et
1330 2134 1622 2205 apestolica
1663 2131 1925 2187 Ecclesia.

330 2238 461 2293 Haec
492 2252 619 2307 ergo
643 2245 787 2300 sunt,
820 2235 985 2290 frater
1006 2232 1379 2294 dilectissime,
1412 2246 1531 2299 qua!
1557 2246 1653 2300 pro
1686 2230 1931 2284 antidoto

332 2346 433 2387 nos
450 2331 650 2386 debere
681 2332 895 2384 mittere
936 2325 1209 2396 ﬂagitasti,
1240 2323 1383 2393 quod
1419 2323 1623 2377 nullum
1662 2336 1927 2386 amarum,

331 2436 508 2492 neque
540 2421 696 2476 dulce
732 2420 955 2474 nexium
988 2416 1277 2471 videndum
1316 2413 1566 2483 refugite,
1608 2428 1732 2467 nam
1767 2421 1822 2467 et
1861 2411 1931 2467 de

332 2525 523 2570 nostro
574 2522 841 2569 conventu
892 2511 1330 2579 disposueramus
1374 2508 1632 2577 quosdam
1674 2506 1925 2573 dirigere,

330 2606 376 2660 si
424 2604 559 2659 ratio
600 2604 650 2659 id
702 2604 959 2673 temporis
1001 2601 1113 2656 fieri
1159 2600 1533 2670 permisisset:
1579 2597 1720 2669 quod
1752 2598 1931 2653 facere

329 2698 604 2751 credimus
637 2704 961 2765 opportune,
996 2708 1118 2747 cum
1154 2692 1367 2747 illarum
1401 2690 1631 2760 partiutn
1667 2690 1929 2744 correctio

330 2788 399 2844 ad
432 2802 550 2852 nos,
586 2788 805 2858 juvante
831 2785 1082 2848 Domino,
1112 2783 1379 2853 legatione
1424 2782 1760 2853 plenissima,
1790 2780 1930 2835 sicut

327 2880 655 2935 confidimus
696 2879 855 2934 fuerit
905 2878 1167 2931 nuntiata.
1212 2876 1505 2945 Sperantes
1547 2875 1708 2930 etiam
1742 2874 1807 2928 de
1832 2873 1925 2929 Dei

332 2975 505 3029 nostri
534 2970 926 3036 misericordia,
960 2979 1016 3024 ut
1042 2968 1165 3024 huic
1198 2968 1563 3039 praedicationi
1591 2977 1789 3021 nostra:
1816 2967 1927 3022 cle-

331 3064 702 3121 mentissimus
731 3074 786 3117 et
813 3061 1306 3116 Christianissimus
1337 3060 1629 3129 imperator
1660 3059 1927 3114 unanimi-

328 3164 495 3211 tatem
542 3169 693 3210 suam
744 3152 1109 3223 auxiliumque
1155 3153 1465 3223 conjungat,
1514 3165 1778 3222 quatenus
1824 3168 1922 3224 pro

328 3246 437 3300 fide
457 3260 557 3313 qua
591 3244 775 3310 pollet,
804 3244 855 3297 in
884 3244 990 3297 illis
1022 3243 1331 3311 regionibus
1358 3254 1624 3303 coerceat,
1650 3245 1781 3312 quin
1810 3245 1923 3299 suis

327 3333 753 3404 quaestiunculis,
798 3342 853 3387 et
894 3332 1189 3387 secundum
1234 3334 1499 3387 elementa
1546 3335 1754 3403 mundi,
1783 3334 1927 3390 sicut

326 3441 425 3480 vas
452 3426 731 3480 electionis
761 3434 886 3480 ante
917 3426 1184 3495 ρτιιιᾱίχὶι,
1220 3426 1492 3492 superflua
1524 3443 1767 3496 vanaque
1796 3444 1925 3483 con-

326 3519 530 3584 cinant,
562 3520 808 3575 nolentes
834 3520 1095 3573 contineri
1128 3518 1447 3573 salutaribus
1470 3521 1764 3588 disciplinis
1792 3539 1802 3574 :
1830 3522 1925 3577 sed

325 3628 435 3674 vos,
468 3612 605 3665 sicut
634 3613 706 3665 ait
739 3612 875 3664 idem
912 3612 1207 3679 apostolus,
1243 3628 1341 3663 non
1376 3612 1447 3663 ita
1477 3614 1743 3675 didicistis,
1777 3613 1930 3665 Citri-

327 3712 462 3753 stum
487 3700 707 3763 (Coloss.
740 3702 821 3767 tt),
862 3702 905 3754 si
950 3713 1125 3754 tamen
1177 3703 1323 3755 illum
1369 3702 1612 3769 audistis,
1648 3713 1701 3756 et
1743 3704 1794 3758 in
1835 3706 1927 3759 illo

325 3793 472 3845 docti
515 3794 666 3855 estis,
693 3794 834 3845 sicut
863 3802 945 3845 est
979 3793 1179 3845 veritas
1220 3792 1271 3845 in
1309 3792 1513 3857 Jesum,
1544 3809 1702 3863 quam
1744 3795 1928 3863 utique

326 3884 422 3937 ille
458 3882 869 3952 apprehendere
900 3884 1093 3950 poterit
1117 3884 1205 3953 qui
1238 3884 1661 3938 orthodoxorum
1687 3884 1925 3953 Patrum,

326 3974 468 4025 sicut
512 3974 619 4037 jam
668 3990 813 4041 saepe
857 3974 1057 4031 dictum
1098 3983 1201 4038 est,
1246 3975 1616 4030 observaverit
1662 3976 1925 4031 instituta.

330 4062 473 4117 Deus
501 4072 550 4117 te
582 4064 901 4118 incolumem
930 4065 1219 4127 custodiat,
1255 4065 1421 4121 frater
1451 4066 1746 4121 eurissime.

920 4173 1356 4230 RESCRIPTL’M

474 4280 827 4319 EPlSCOPOBU)!
869 4282 1145 4320 υΑιιυΑκιιε
1185 4283 1250 4321 AD
1291 4283 1551 4323 GELASIUM
1588 4285 1782 4325 PAPAH.

328 4355 537 4411 Gratias
562 4370 718 4426 agunt
745 4360 883 4424 quod
914 4359 1051 4424 ipsos
1082 4362 1331 4411 monuerit
1360 4377 1391 4411 a
1430 4362 1613 4429 quibus
1649 4363 1931 4416 cavendum

400 4429 498 4490 sit;
532 4440 576 4481 et
622 4446 803 4498 cupere
844 4430 982 4497 ipsos
1017 4430 1078 4483 ab
1105 4430 1389 4496 apostolica
1416 4433 1533 4485 sede
1568 4434 1763 4487 risitari
1798 4438 1930 4489 scri-

405 4500 545 4550 bunt.

405 4607 631 4661 Domino
660 4616 847 4662 sancto
887 4610 1131 4676 apostolo
1172 4608 1269 4681 [αι.
1301 4610 1617 4681 apostolico]
1647 4621 1699 4665 et
1730 4613 1930 4669 beatis-

330 4699 471 4753 simo
499 4700 636 4767 patri
668 4711 877 4770 patrum
917 4698 1133 4754 Gelasio
1164 4716 1315 4771 papae
1344 4705 1487 4757 urbis
1520 4704 1725 4770 liomze,
1757 4706 1932 4761 humi-

330 4790 412 4845 les
442 4794 675 4861 episcopi
708 4793 1007 4845 Dardaniis.

403 4880 762 4937 Saluberrima
794 4884 1121 4951 apostolatus
1154 4886 1312 4938 vt-stri
1343 4895 1606 4955 przcccpta
1642 4887 1929 4959 Tryphone

333 4985 455 5025 vtro
485 4974 731 5043 religioso
766 4973 873 5027 filio
905 4983 1090 5029 nostro
1118 4975 1393 5031 deferente
1416 5016 1431 5044 ,
1462 4994 1565 5046 qua
1598 4991 1810 5047 oportet
1836 4983 1930 5037 dc-

333 5061 555 5117 votione
582 5066 936 5134 suscepimus,
960 5073 1015 5118 et
1044 5081 1162 5120 max
1192 5080 1305 5119 mas
1339 5067 1445 5120 Deo
1470 5069 1847 5141 omnipotenti,
1877 5084 1933 5128 et

329 5152 647 5215 beatitudini
675 5168 868 5209 vestra:
898 5154 1181 5210 referimus
1208 5157 1428 5225 gratias,
1454 5162 1593 5226 quod
1626 5176 1723 5215 nos
1748 5175 1929 5229 pasto-

328 5243 815 5302 nliadmnnitione
854 5255 909 5303 et
953 5246 1261 5316 evangelica
1310 5248 1550 5304 doctrina
1601 5253 1817 5309 visitare
1847 5256 1927 5313 ,Ιὶ-

403 5435 430 5463 ι
471 5425 944 5503 Duabusepistulis
972 5426 1251 5503 admonuit
1272 5425 1516 5480 Gelasius
1540 5430 1773 5496 pontifex
1802 5436 1918 5503 epi-

326 5511 525 5563 scopos
557 5498 836 5549 Dardania:
859 5538 872 5559 ,
908 5508 964 5549 ut
997 5497 1451 5565 Eutychiunorum
1482 5497 1920 5559 communionem

326 5567 515 5640 sedqu
559 5567 811 5640 vitarent.
862 5567 1099 5621 Priorem
1149 5572 1293 5633 (quae
1334 5566 1553 5640 excidit)
1609 5573 1753 5625 misit
1828 5590 1922 5640 per

328 5635 707 5707 Tryphonem;
744 5637 812 5691 ad
842 5654 999 5707 quam
1032 5640 1341 5706 pra-cedens
1362 5635 1589 5705 epistola
1616 5642 1682 5695 ab
1712 5635 1921 5712 episco-

396 5773 415 5807 ⁸
438 5772 583 5830 Edit.
610 5771 768 5826 Rom.
797 5770 988 5827 melius
1018 5772 1175 5827 habet.
1204 5772 1467 5825 munitum

1951 3203 1998 3268 C

2028 595 2177 655 pater
2210 596 2439 652 patrum.
2486 586 2747 639 Desiderii
2780 587 2922 639 enim
2964 598 3017 639 et
3061 588 3167 639 voti
3201 586 3367 639 nostri
3406 601 3483 640 εει
3514 589 3627 654 jus-

2026 675 2269 729 sionibus
2294 675 2490 731 vestris
2522 677 2574 729 in
2615 678 2867 731 omnibus
2895 678 3114 732 obedire
3138 720 3152 741 ,
3197 686 3251 731 et
3281 681 3626 745 quemadmo-

2026 769 2153 821 dum
2184 782 2212 820 a
2246 769 2485 837 patribus
2518 768 2718 823 nostris
2746 768 3080 836 accepimus,
3118 768 3261 823 sedis
3291 770 3625 837 apostolicze,

2026 874 2145 927 qua:
2172 858 2293 913 vitae
2324 868 2377 912 et
2403 860 2607 914 meritis
2637 861 2834 913 vestris
2865 860 3039 915 delata
3080 870 3196 925 est,
3238 870 3505 930 prmccpta
3540 859 3624 913 in-

2026 958 2286 1002 temerate
2317 964 2557 1013 servare,
2597 962 2756 1017 atque
2784 950 3095 1018 religionem
3125 951 3499 1015 orthodoxam,
3532 964 3627 1004 cn-

2023 1038 2111 1105 jus
2139 1040 2267 1092 estis
2297 1040 2673 1107 praedicatores
2698 1079 2713 1104 ,
2764 1038 2907 1093 fideli
2938 1050 2990 1093 et
3023 1040 3283 1107 incolpata
3318 1040 3628 1104 devotione,

2033 1138 2191 1198 prout
2238 1140 2436 1184 nostra:
2489 1131 2802 1185 rusticitatis
2842 1146 3033 1185 sensus
3065 1131 3262 1201 patitur
3288 1169 3301 1193 ,
3334 1129 3626 1183 custodire.

2029 1223 2289 1293 Eutychis
2320 1226 2463 1277 enim
2492 1225 2572 1276 vel
2608 1224 2749 1277 Petri
2780 1223 3069 1293 Acaciique
3106 1233 3160 1277 et
3187 1221 3426 1276 rmnium
3458 1229 3635 1276 secta-

2031 1322 2206 1367 torum
2243 1314 2359 1381 ejus
2397 1322 2556 1383 atque
2600 1315 2960 1379 consortium,
2995 1315 3138 1370 velut
3177 1314 3421 1383 quadam
3470 1313 3636 1380 pesti-

2031 1406 2141 1463 fera
2166 1407 2433 1478 contagia,
2466 1418 2590 1463 ante
2618 1417 2849 1463 vestram
2879 1425 3095 1479 quoque
3124 1409 3409 1461 vitavitnus
3435 1407 3633 1475 jussio-

2031 1514 2154 1555 nem
2175 1542 2191 1566 ,
2230 1511 2285 1555 et
2313 1500 2481 1555 multo
2510 1503 2679 1571 magis
2721 1515 2863 1554 nunc
2891 1511 3011 1568 post
3039 1498 3458 1553 admonitionem
3489 1497 3635 1549 sedis

2031 1591 2340 1659 apostolica:
2362 1633 2379 1658 ,
2421 1600 2476 1645 et
2519 1590 2588 1645 ab
2615 1590 2803 1646 eadem
2840 1604 2938 1643 nos
2982 1590 3270 1659 pollutione
3302 1602 3522 1642 neot‘sse
3553 1596 3635 1641 est

2032 1681 2305 1737 abstinere
2336 1698 2349 1734 :
2378 1691 2432 1737 et
2462 1682 2509 1735 si
2538 1681 2629 1747 qui
2660 1681 2751 1735 alii
2781 1681 3022 1751 ejusdem
3068 1680 3381 1748 Eutychetis
3408 1688 3631 1741 sectam,

2034 1772 2121 1828 vel
2150 1772 2291 1827 Petri
2318 1780 2375 1826 et
2401 1771 2607 1837 Acacii,
2630 1780 2722 1825 aut
2746 1773 2916 1827 secuti
2942 1780 3069 1826 sunt
3094 1781 3186 1824 aut
3212 1779 3522 1839 sequentur,
3555 1770 3633 1821 vel

2033 1868 2347 1923 eorumdem
2376 1882 2496 1923 sese
2524 1867 2875 1937 complicibus
2914 1876 3073 1935 atque
3113 1865 3453 1918 consortibus
3492 1864 3636 1915 a‘sti-

2034 1956 2592 2015 mantlmmiscendos
2618 1998 2633 2025 ,
2669 1966 2724 2012 et
2750 1973 2779 2012 a
2827 1956 2980 2012 nobis
3004 1998 3020 2021 ,
3054 1957 3144 2024 qui
3184 1956 3296 2009 sedi
3328 1956 3635 2023 apostilicas

2032 2048 2329 2105 secundum
2360 2048 2542 2103 divina
2581 2057 2846 2117 praecepta
2876 2056 2930 2102 et
2969 2049 3185 2102 Patrum
3228 2055 3425 2101 statuta
3467 2046 3638 2099 incul-

2035 2142 2145 2209 pati
2176 2141 2381 2197 servire
2408 2141 2813 2206 desideramus,
2842 2141 2989 2195 omni
3020 2141 3229 2194 ratione
3258 2137 3458 2192 vitandi
3491 2147 3635 2191 sunt.

2035 2231 2105 2287 Et
2130 2234 2173 2286 si
2200 2232 2291 2300 qui
2324 2232 2464 2288 forte
2495 2247 2654 2301 prava
2683 2230 2984 2285 intentione
3015 2230 3179 2301 (quod
3207 2246 3381 2300 neque
3404 2229 3637 2283 arbitra-

2035 2340 2157 2380 mur
2187 2339 2361 2393 neque
2390 2324 2663 2394 optamus)
2689 2339 2719 2377 a
2752 2323 2880 2378 sede
2908 2324 3202 2390 apostolica
3231 2338 3289 2377 se
3313 2323 3638 2376 crediderint

2033 2415 2396 2485 segregandos
2421 2454 2437 2481 ,
2486 2414 2553 2470 ab
2600 2430 2787 2469 eorum
2840 2428 2939 2468 nos
2978 2415 3187 2469 alienos
3219 2429 3339 2469 esse
3362 2417 3639 2467 consortio

2035 2507 2377 2576 profitemur;
2409 2507 2661 2576 quoniam
2682 2547 2697 2571 ,
2731 2516 2789 2559 ut
2814 2506 3015 2560 dictum
3044 2515 3160 2573 est,
3195 2505 3409 2559 Patrum
3440 2505 3491 2558 in
3520 2520 3639 2558 om-

2032 2597 2193 2651 nibus
2232 2597 2601 2653 custodientes
2646 2607 2948 2666 prazcepta,
2987 2605 3044 2653 et
3086 2596 3412 2651 inviolabilia
3459 2612 3640 2651 sacro-

2032 2702 2342 2746 sanctorum
2374 2706 2640 2745 canonum
2688 2692 2929 2747 instituta
2980 2702 3289 2755 sectantes,
3330 2694 3639 2761 apostolica:

2031 2792 2086 2839 et
2112 2784 2372 2855 singulari
2394 2785 2467 2839 illi
2497 2785 2612 2841 sedi
2636 2794 2829 2840 vestra:
2855 2788 3127 2841 communi
3158 2786 3261 2842 fide
3282 2797 3333 2840 et
3356 2789 3640 2842 devotione

2032 2884 2223 2945 parere
2254 2876 2652 2931 contendimus.
2683 2878 2748 2931 Et
2772 2878 3022 2946 quoniam
3051 2879 3372 2948 suggerendi
3399 2879 3638 2931 fomitem

2030 2967 2185 3022 nobis
2208 2984 2302 3037 pro
2334 2969 2487 3023 insita
2514 2968 2614 3023 s'ibi
2642 2969 2972 3040 benignitate
3005 2970 3279 3026 beatitudo
3306 2981 3481 3025 vestra
3512 2986 3640 3024 eon-

2027 3060 2210 3131 cessit,
2244 3062 2418 3131 aliqua
2451 3072 2749 3118 memorato
2790 3063 3067 3133 Tryphoni
3096 3064 3211 3117 viro
3249 3065 3501 3132 religioso
3533 3064 3641 3117 tilio

2030 3160 2238 3219 nostro,
2264 3162 2656 3221 praeceptorum
2680 3162 2983 3209 vestrorum
3018 3157 3283 3223 portitori,
3304 3156 3637 3224 suggerenda

2028 3242 2419 3298 mandavimus.
2456 3244 2521 3297 Et
2548 3253 2605 3299 ut
2632 3247 3027 3315 suggestionem
3072 3248 3219 3318 ejus,
3265 3260 3523 3318 quantum
3552 3264 3638 3301 ar-

2024 3335 2286 3390 bitramur
2309 3337 2506 3404 justam
2534 3349 2584 3393 et
2613 3339 2981 3394 rationabilem
3008 3355 3104 3408 pro
3131 3343 3519 3412 supplicatione
3545 3358 3638 3394 no~

2023 3437 2131 3482 stra
2160 3428 2343 3483 libenti
2374 3432 2553 3484 animo
2578 3434 2905 3499 apostolatus
2946 3443 3122 3489 vester
3161 3435 3408 3503 dignetur
3447 3435 3639 3487 admi:.

2028 3530 2161 3584 tere,
2179 3522 2334 3585 justis
2360 3523 2605 3588 precibus
2627 3528 3091 3593 exoramusmttod
3115 3529 3433 3593 Sttppl‘cnlio
3457 3539 3638 3581 nostra

2029 3619 2271 3665 meretur
2290 3612 2565 3683 effectum)
2598 3631 2762 3668 unum
2792 3631 2855 3669 ex
2880 3618 3120 3685 angelica
3152 3619 3281 3672 sede
3312 3628 3488 3672 vestra
3512 3635 3634 3672 cum

2028 3717 2174 3765 saepe
2222 3703 2367 3756 dicto
2422 3705 2536 3757 viro
2587 3705 2840 3774 religioso
2900 3708 2962 3761 ad
3006 3724 3103 3762 nos
3158 3726 3321 3775 usque
3366 3712 3638 3774 pra-cipite

2029 3792 2327 3857 destinare,
2356 3802 2414 3845 ut
2438 3794 2539 3847 sub
2560 3794 2675 3861 ejus
2699 3798 2984 3863 praesentia
3010 3814 3127 3866 qttxe
3155 3798 3288 3852 fides
3312 3800 3635 3861 orthodoxa,

2031 3892 2090 3935 et
2116 3892 2304 3937 vestrae
2350 3883 2608 3952 jussionis
2657 3886 2939 3941 sinceritas
2974 3890 3246 3955 postulat,
3298 3891 3613 3943 ordinentur

2032 3972 2099 4024 Et
2129 3976 2453 4045 subscriptio.

2103 4067 2337 4122 Joannes
2364 4069 2649 4137 episcopus
2688 4081 3047 4126 sacrosancta:
3093 4072 3347 4126 licciesim
3390 4073 3637 4141 Scopinzc

2033 4158 2461 4227 metropolitanre
2500 4160 2733 4215 civitatis
2778 4161 2901 4215 huic
2938 4163 3203 4229 rescripto
3242 4178 3271 4216 a
3315 4163 3469 4218 nobis
3513 4165 3638 4217 datu

2034 4249 2418 4313 consentiens,
2477 4252 2541 4303 ad
2590 4252 2770 4304 omnia
2826 4268 2944 4319 qure
2994 4254 3241 4319 superius
3292 4257 3633 4311 continentur

2035 4350 2196 4389 manu
2230 4340 2439 4405 propria
2473 4341 2785 4408 subscripsi.

2108 4427 2349 4481 Bonosus
2375 4432 2657 4497 epiSCO|-IIS
2682 4442 2734 4484 ut
2770 4449 2927 4501 supra
2962 4434 3276 4503 subscripsi.

1960 4548 2010 4607 υ
2108 4520 2322 4575 Samuel
2353 4522 2640 4590 episcopus
2670 4534 2726 4577 ut
2763 4540 2922 4589 supra
2952 4527 3268 4595 subscripsi.

2110 4612 2375 4668 Verianus
2404 4616 2689 4683 episcopus
2714 4631 2810 4684 per
2830 4617 3168 4672 Valentinum
3197 4619 3639 4673 archidiaconunt

2037 4712 2095 4756 ut
2120 4718 2281 4773 supra
2312 4706 2627 4773 subscripsi.

2110 4794 2401 4849 Faustinus
2427 4797 2711 4867 episcopus
2741 4808 2796 4851 ut
2826 4814 2990 4865 supra
3030 4800 3341 4869 subscripsi.

2112 4885 2339 4943 Ursinus
2374 4888 2659 4960 episc0pus
2688 4901 2748 4947 ut
2775 4906 2935 4961 supra
2967 4894 3278 4962 subscripsi.

2566 5034 2591 5062 ³
2630 5024 2969 5081 EPISTULA
3009 5024 3094 5080 ill.

2472 5155 2539 5194 AD
2578 5153 2858 5195 EPISCOPOS
2896 5154 3197 5195 υΑιοΑκιι.

2035 5253 2269 5322 Nuntiat
2297 5284 2351 5323 se
2373 5269 2665 5339 pontiﬁcem
2684 5270 2936 5338 electum;
2962 5270 3232 5327 catholica
3259 5272 3383 5342 ﬁdei
3413 5273 3638 5328 libellum

2030 5439 2114 5512 pis
2152 5438 2433 5494 Dardanite
2473 5443 2731 5512 rescripta
2774 5445 2887 5497 fuit.
2932 5442 3295 5498 Posteriorem
3330 5442 3467 5496 hanc
3497 5441 3635 5510 ejus-

2032 5508 2155 5562 dem
2182 5513 2483 5582 argumenti
2516 5508 2661 5569 misit
2691 5530 2783 5582 per
2814 5514 3143 5577 Ursicinum,
3178 5522 3336 5579 prout
3368 5513 3466 5581 ipsi
3499 5508 3634 5581 peti-

2030 5580 2267 5651 verant.’
2297 5580 2642 5651 Enryclicatn
2692 5580 2754 5637 et
2806 5585 3124 5638 circularem
3169 5584 3334 5637 fuisse
3384 5580 3527 5649 patet
3567 5597 3631 5635 es

2034 5650 2215 5707 verbis
2256 5650 2497 5721 epistolas
2540 5655 2594 5707 in
2636 5653 2762 5709 fine.
2816 5657 2889 5709 iis
2923 5669 2989 5708 eo
3012 5653 3154 5724 quod
3186 5655 3256 5707 ab
3292 5653 3443 5708 initio
3473 5652 3630 5719 Euty-
