3992 6394
472 317 545 372 25
1811 302 2080 361 GELASH
2117 302 2318 360 PAPE
2356 308 2378 360 ι
3632 305 3702 357 ει
3749 346 3754 350 .

541 426 857 491 transmittit,
902 424 1228 493 hortaturque
1277 428 1333 474 ut
1370 434 1489 493 cunt
1509 417 1906 493 Eutycniantslts
1929 435 2033 473 non
2061 424 2114 482 Α
2138 430 2229 471 sus
2255 413 2526 485 apostolus
2546 411 2740 470 Paulus
2758 413 2967 483 qualem
2990 411 3147 468 hodie
3169 412 3389 469 credere
3411 410 3703 467 debeamus

537 498 932 561 communicent,
963 505 1008 548 et
1032 490 1228 547 muneri
1245 491 1492 562 pastorali
1516 490 1796 562 inuigilent.

434 658 437 660 .
534 606 903 683 Dilectissimis
931 601 1180 660 fratribus
1206 602 1464 658 universis
1488 599 1749 671 episcopis
1775 614 1871 672 per
1893 599 2026 655 Dar-

464 697 676 753 daniam
703 696 998 752 constitutis
1031 695 1271 750 Gelasius
1304 693 1605 764 episcOpus.

537 788 635 842 Ubi
667 791 889 857 primum
921 785 1180 853 respirare
1208 784 1287 840 ias
1328 795 1412 841 est
1439 799 1469 839 a
1498 793 1868 840 coutinuorum
1896 794 2031 838 tem-

463 887 669 945 pestate
703 877 980 939 bellorum,
1009 891 1127 942 quae
1165 877 1216 930 in
1248 876 1352 930 illis
1382 875 1682 945 provinciis,
1714 877 1796 929 vel
1827 875 1880 929 in
1914 876 2027 929 istis

464 965 789 1033 temporibus
815 965 1040 1031 qualitas
1060 965 1387 1020 incessanter
1410 965 1662 1028 exercuit,
1688 977 1908 1020 cunctos
1936 980 2027 1033 per

463 1054 777 1108 Dardaniam
807 1055 1018 1110 Domini
1047 1054 1347 1110 sacerdotes
1376 1053 1624 1110 fraternae
1653 1056 2024 1113 sollicitudinis

460 1141 682 1199 caritate
708 1143 954 1200 duximus
968 1143 1318 1214 .alloquendos
1346 1159 1361 1197 :
1389 1144 1616 1214 primum
1645 1146 1766 1214 quia
1790 1146 2024 1215 regimen

459 1235 762 1300 apostolica:
784 1233 926 1289 sedis
947 1233 1142 1302 adepti,
1165 1233 1388 1302 strepitu
1413 1235 1642 1303 publico,
1667 1237 1803 1292 sicut
1824 1237 2023 1292 dictum

459 1337 571 1391 est,
607 1327 940 1392 retardante,
972 1326 1316 1381 commissum
1359 1327 1512 1383 nobis
1539 1343 1705 1383 sacra:
1744 1330 2022 1399 dispensa-

461 1417 626 1471 tionis
645 1417 895 1482 oflicium,
919 1418 1166 1487 propriis,
1194 1426 1255 1472 ut
1275 1433 1389 1473 mos
1413 1420 1763 1484 erat,.litteris
1792 1423 1810 1454 ⁸
1841 1425 2026 1491 nequi-

459 1521 577 1560 mus
604 1507 852 1575 indicare,
877 1523 982 1578 quo
1014 1518 1188 1564 vestra
1218 1509 1519 1564 fraternitas
1548 1510 1614 1565 de
1638 1513 2025 1569 communionis

459 1596 664 1652 Domini
692 1598 965 1654 nobiscum
998 1614 1218 1654 munere
1240 1600 1551 1669 gratuletur.
1580 1601 1800 1669 Deinde,
1827 1613 1883 1658 ut
1904 1615 2025 1675 post

459 1698 627 1744 tantas
645 1692 958 1746 acerbitates
979 1691 1547 1763 incommoditatesque
1568 1696 1880 1763 mundanas,
1899 1713 2025 1768 qua-

2135 506 2418 562 Dominum
2450 515 2686 560 nostrum
2723 502 2905 559 Jesum
2933 501 3198 560 Christum
3225 503 3400 573 palam
3428 501 3703 574 professus

2131 609 2236 669 eat,
2265 598 2448 655 dicens
2476 617 2490 652 :
2522 598 2588 652 In
2614 613 2712 665 quo
2739 595 2933 651 habitat
2963 596 3126 652 omnis
3150 595 3406 666 plenitudo
3423 593 3702 648 divinitatis

2130 690 2463 760 corporaliter
2511 684 2730 757 (Coloss.
2762 687 2820 756 ιι)
2843 726 2858 753 ,
2890 687 3032 757 quod
3074 687 3223 743 brevi
3269 683 3501 756 capitulo
3540 684 3703 738 simul

2132 780 2380 835 Arianam
2405 790 2624 850 pestem,
2647 789 2700 834 et
2722 779 2854 834 hanc
2871 794 3030 850 quam
3058 779 3294 834 diximus
3314 776 3695 850 Eutychianam

2129 870 2337 925 ccelesti
2368 870 2742 940 praedicatione
2767 869 3044 936 subvertit,
3075 871 3199 938 quia
3232 881 3287 925 et
3312 869 3472 924 homo
3500 866 3698 922 nihilo-

2129 961 2305 1016 minus
2351 972 2471 1027 est,
2509 961 2599 1016 ubi
2635 961 2812 1016 omnis
2857 961 3116 1030 plenaque
3157 960 3416 1016 Divinitas
3458 958 3699 1014 habitare

2130 1053 2436 1121 perhibetur
2455 1094 2469 1118 ,
2513 1062 2568 1107 et
2595 1053 2940 1121 corporaliter
2978 1053 3322 1122 exprimendo
3348 1094 3363 1121 ,
3392 1055 3444 1108 in
3475 1053 3698 1108 veritate

2129 1144 2414 1212 persistere
2446 1145 2610 1198 nostri
2639 1145 2878 1212 corporis
2921 1146 3264 1213 approbatur.

2197 1233 2368 1303 Super
2390 1245 2568 1289 autem
2598 1235 2680 1290 bis
2706 1235 3010 1305 frequenter
3036 1235 3103 1290 ab
3135 1235 3423 1305 apostolica
3451 1233 3577 1292 sede
3595 1276 3610 1300 ,
3639 1242 3695 1290 et

2127 1338 2222 1392 per
2242 1325 2408 1379 beata:
2438 1326 2710 1380 memoria:
2736 1335 2975 1381 sanetum
3001 1328 3253 1392 Leonem,
3281 1339 3335 1382 et
3363 1341 3456 1396 per
3479 1340 3692 1382 succes-

2127 1430 2278 1470 sores
2297 1416 2412 1486 ejus
2439 1429 2642 1472 certum
2670 1429 2782 1484 est,
2812 1419 3027 1475 Graecos
3051 1419 3216 1475 fuisse
3238 1421 3528 1486 convictos,
3556 1421 3695 1473 sicut

2126 1507 2360 1573 ipsorum
2389 1509 2586 1564 chartis
2614 1525 2746 1581 quas
2773 1513 2911 1581 apud
2943 1524 3040 1566 nos
3069 1512 3345 1576 habemus,
3376 1512 3492 1567 sine
3518 1511 3691 1566 ambi-

2124 1599 2324 1667 guitate
2354 1608 2695 1655 monstratur.
2738 1600 2887 1656 Nunc
2912 1615 3038 1656 vero
3062 1603 3301 1670 quamvis
3328 1603 3495 1670 ipsam
3526 1601 3692 1670 pesti-

2128 1687 2345 1742 lentiam
2378 1702 2480 1744 non
2511 1689 2741 1746 audeant
2769 1691 3035 1760 profiteri,
3058 1705 3152 1747 eos
3178 1701 3352 1744 tamen
3381 1690 3470 1760 qui
3501 1690 3695 1746 talibus

458 1778 576 1832 liter
606 1779 830 1834 invicem
862 1780 1180 1846 valeremus,
1210 1791 1423 1836 mutuus
1449 1796 1626 1837 sermo
1651 1763 2020 1855 aemulam;
2057 1763 2098 1822 Β
2125 1778 2634 1835 commnnicaverint
2655 1822 2671 1848 ,
2717 1782 3013 1850 meritoque
3059 1780 3349 1835 secundum
3400 1781 3688 1836 Chalcedo-

456 1869 726 1933 postreino
746 1869 791 1922 si
818 1884 918 1939 qua
946 1870 1012 1924 de
1041 1871 1415 1926 eccleSiasticis
1442 1872 1720 1930 referenda
1748 1889 1871 1932 sunt
1894 1894 2024 1934 cau-

455 1957 531 2010 sis
555 1994 568 2020 ,
608 1973 733 2026 quae
767 1969 984 2028 propter
1014 1961 1230 2014 insidias
1259 1963 1495 2028 perpetui
1526 1963 1694 2018 hostis
1718 2005 1733 2030 ,
1776 1947 2025 2034 pastorali

457 2060 580 2102 sunt
605 2051 801 2120 jugiter
829 2051 1299 2120 circumspicienda
1337 2054 1604 2121 vigilantia
1631 2094 1645 2120 ,
1687 2057 2028 2124 signiﬁcatio-

456 2141 613 2195 nibus
640 2144 990 2210 panderemus
1009 2143 1244 2198 alternis.
1270 2144 1361 2197 His
1391 2146 1548 2213 igitur
1575 2145 1776 2200 incitati
1800 2163 1893 2216 per
1915 2149 2025 2205 fra-

457 2239 590 2285 trem
626 2242 679 2286 et
707 2234 1078 2301 coepiscopum
1115 2244 1352 2289 nostrum
1399 2236 1698 2292 Ursicinum
1743 2244 2026 2309 praesentia

454 2323 683 2392 dirigere
710 2327 904 2394 scripta
940 2326 1276 2392 curavimus,
1321 2339 1593 2396 praeeunte
1626 2335 1790 2401 gratia
1829 2337 2026 2391 saluta-

455 2414 644 2478 tionis,
676 2426 890 2470 orantes
918 2426 972 2470 ιιι
1001 2419 1406 2486 magnanimiter
1431 2421 1626 2475 auxilio
1656 2422 1863 2478 Domini
1893 2428 2026 2482 tole-

455 2505 623 2558 rando
664 2520 839 2560 rerum
882 2508 1264 2584 transeuntium
1311 2511 1652 2577 vastitatem,
1699 2514 1867 2582 magis
1905 2531 2026 2571 esse

454 2595 742 2651 debeamus
769 2599 988 2663 attenti,
1031 2615 1098 2653 ne
1118 2639 1132 2665 ,
1163 2602 1301 2668 quod
1334 2602 1508 2668 absit,
1540 2615 1806 2671 perpetua:
1833 2606 2023 2661 subea-

451 2702 569 2741 mus
601 2689 719 2741 vita':
747 2688 1098 2758 dispendium.
1130 2677 1462 2761 Proindeque
1491 2693 1766 2749 catholica:
1787 2697 2025 2752 veritatis

450 2779 619 2847 poscit
647 2779 842 2833 utilitas
873 2781 1218 2849 praecavenda
1243 2823 1259 2849 ,
1292 2783 1505 2837 dilectio
1537 2794 1712 2838 vestra
1752 2786 2025 2857 paulisper

451 2867 706 2924 advertat.
757 2869 908 2938 Apud
966 2871 1226 2937 Graecos,
1275 2873 1464 2942 quibus
1532 2875 1726 2930 multas
1793 2875 2023 2932 haereses

451 2959 722 3015 abundare
754 2977 859 3015 non
887 2963 1103 3016 dubium
1131 2974 1243 3029 est,
1271 2966 1378 3034 jam
1415 2975 1538 3020 ante
1564 2982 1732 3021 annos
1757 2967 1866 3023 fere
1895 2985 2024 3038 qua-

457 3051 695 3121 draginta
727 3065 777 3108 et
804 3057 1038 3125 quinque
1053 3056 1121 3109 de
1148 3055 1355 3112 Domini
1377 3059 1540 3113 nostri
1563 3058 1916 3116 etSalvatoris
1944 3062 2023 3116 in-

451 3144 762 3197 carnatiotue
791 3152 912 3198 nata
941 3147 1270 3216 conquiestio
1291 3157 1376 3202 est
1428 3165 1441 3200 :
1495 3148 1730 3219 Eutyche
1757 3151 2023 3219 quondam

451 3233 755 3304 presbytero
792 3233 1379 3310 ConstantinOpolitano
1410 3238 1461 3294 in
1508 3237 1866 3308 blasphetnias
1901 3255 2022 3310 pro-

451 3331 672 3389 ruente,
702 3339 794 3396 per
821 3341 951 3396 quas
987 3327 1187 3382 diceret
1216 3343 1372 3381 unam
1404 3331 1798 3397 tantummodo,
1836 3332 1884 3385 id
1916 3343 2017 3400 est,

451 3416 620 3470 solam
654 3416 950 3472 Divinitatis
980 3428 1250 3483 naturam,
1285 3420 1397 3474 sive
1443 3421 1792 3474 substantiam
1836 3424 1886 3474 in
1919 3423 2022 3477 Do-

453 3507 598 3560 mino
621 3506 743 3566 Jesu
769 3507 979 3562 Christo
1006 3509 1224 3564 credere
1255 3523 1350 3564 nos
1375 3509 1594 3576 debere,
1617 3521 1876 3580 susceptae
1905 3528 2022 3566 car-

451 3597 536 3651 nis
565 3599 782 3653 veritate
811 3614 1028 3668 prorsus
1059 3600 1255 3655 abolita
1295 3619 1306 3652 :
1339 3603 1476 3671 quod
1517 3603 1698 3672 utique
1725 3605 2018 3671 improbum

452 3697 808 3742 commentum
830 3689 1199 3751 Marcionistis,
1225 3691 1634 3760 Manichzrisque
1655 3693 2017 3760 conjunctum,

451 3787 617 3831 totum
649 3778 762 3833 sine
788 3778 951 3834 dubio
993 3782 1180 3835 salutis
1219 3792 1412 3835 nostrae
1446 3782 1677 3837 solveret
1716 3797 2018 3838 sacramen-

451 3882 592 3933 tum;
623 3871 882 3938 siquidem
905 3884 1154 3939 qnantum
1178 3883 1230 3926 et
1250 3873 1535 3941 Scriptura:
1557 3875 1871 3928 venerabilis
1892 3876 2019 3930 dicit

449 3962 756 4025 auctoritas,
785 3953 837 4015 et
867 3963 1125 4028 majorum
1163 3961 1384 4016 testatur
1424 3963 1661 4016 doctrina
1694 3974 2016 4029 nostrorum,

449 4054 835 4122 redemptorem
877 4054 1056 4107 mundi
1092 4057 1275 4117 Deum,
1310 4064 1473 4108 totum
1505 4055 1660 4108 simul
1703 4054 1888 4124 Deum,
1935 4070 2017 4108 to-

449 4153 666 4213 tumque
689 4145 952 4199 hominem
975 4161 1035 4197 ex
1061 4145 1219 4198 Maria
1249 4145 1458 4214 Virgine
1479 4143 1641 4198 fuisse
1663 4146 2015 4213 progenitum.

447 4236 514 4289 Et
543 4236 664 4289 huic
689 4237 885 4290 mundo
914 4245 1116 4291 certum
1145 4248 1227 4290 est
1254 4234 1520 4290 exstitisse
1545 4237 1912 4304 conspicuum,
1940 4239 2018 4291 sic

447 4341 681 4396 passum,
713 4338 869 4395 atque
893 4329 1246 4382 resurrexisse
1268 4337 1474 4382 constat
1499 4343 1527 4381 a
1554 4330 1797 4383 mortuis.
1835 4330 2016 4398 Itaque

2129 1868 2312 1924 ncnsis
2353 1868 2564 1925 decreta
2610 1871 2820 1927 concilii
2865 1871 2933 1926 ab
2969 1871 3257 1940 apostolica
3287 1869 3416 1926 sede
3460 1869 3692 1924 damnati

2128 1971 2294 2032 sunt,
2341 1963 2697 2032 obstinatique
2739 1963 2793 2017 in
2838 1961 3023 2018 eadem
3061 1963 3400 2018 damnatione
3437 1960 3692 2028 defuncti,

2130 2053 2431 2121 pernicioso
2459 2055 2636 2110 furore
2675 2054 2993 2119 defendunt,
3023 2062 3075 2109 et
3116 2068 3300 2108 eorum
3330 2055 3693 2108 recitationem

2131 2145 2382 2202 Ecclesia:
2408 2146 2684 2202 catholicae
2711 2147 3000 2202 moliuntur
3029 2148 3287 2216 ingerere.
3316 2145 3467 2214 Quod
3491 2146 3691 2213 utique,

2127 2236 2266 2304 quod
2298 2236 2456 2301 absit,
2484 2238 2731 2307 receptis,
2763 2240 2922 2293 etiam
2953 2239 3252 2309 contagium
3291 2239 3586 2307 pravitatis,
3610 2237 3694 2292 cni

2125 2340 2185 2382 se
2223 2329 2595 2384 communione
2627 2331 2926 2398 sociarant,
2958 2341 3347 2400 consequenter
3385 2331 3691 2394 incurritur,

2126 2420 2569 2488 quemadmodum
2593 2421 2764 2491 (quod
2803 2421 3056 2476 Dominus
3096 2422 3354 2491 avertat!)
3399 2423 3442 2475 si
3474 2421 3582 2476 Arii
3609 2421 3694 2476 vel

2129 2511 2411 2580 cujuslibet
2452 2511 2688 2567 haeretici
2739 2513 2807 2566 ad
2861 2512 3270 2568 ecclesiaSticam
3335 2512 3694 2567 recitationem

2128 2617 2322 2656 nomen
2351 2603 2675 2672 admittitur,
2715 2603 2869 2658 simul
2906 2613 2960 2658 et
2999 2605 3326 2659 consortium
3370 2602 3694 2658 detestabilis

2125 2693 2324 2745 erroris
2353 2695 2660 2749 assumitur.
2688 2695 2839 2751 Unde
2866 2695 2984 2764 quia
3017 2709 3252 2750 errorem
3284 2693 3496 2764 quidem
3529 2693 3697 2747 laten—

2127 2789 2239 2843 tur,
2280 2782 2372 2835 sed
2417 2799 2476 2837 ea
2525 2784 2625 2838 sibi
2671 2795 2856 2853 putant
2903 2787 3330 2839 communionem
3379 2783 3693 2838 catholicam

2125 2871 2430 2928 conditione
2461 2873 2765 2939 laxandam,
2793 2884 2849 2928 ut
2873 2875 3086 2929 nomina
3114 2889 3297 2929 eorum
3328 2872 3415 2943 qui
3447 2874 3696 2943 prevari-

2126 2962 2228 3015 cati
2259 2972 2380 3017 sunt
2410 2963 2516 3017 illis
2547 2966 2600 3017 in
2629 2966 2852 3020 ecclesia
2897 2967 3123 3020 recitare
3150 2963 3219 3018 sit
3247 2964 3442 3018 licitum
3463 3006 3477 3028 ,
3509 2974 3563 3020 et
3591 2980 3694 3020 non

2129 3063 2235 3106 tam
2269 3053 2368 3124 ipsi
2398 3056 2668 3124 corrigere
2698 3071 2853 3127 quam
2886 3055 3245 3111 sinceritatem
3273 3055 3584 3111 catholicam
3616 3056 3696 3111 in-

2051 3118 2096 3178 (ἶ
2129 3142 2287 3198 ficere
2335 3148 2575 3199 nitantur
2623 3147 2870 3214 contagio
2924 3144 3293 3214 perfidorum;
3357 3144 3692 3200 dilectionem

2123 3244 2353 3288 vestram
2382 3234 2629 3289 fraterna:
2655 3235 2892 3290 caritatis
2923 3234 3110 3290 aﬂ’ectu
3141 3249 3246 3288 non
3277 3235 3574 3291 deStitimus
3601 3236 3693 3291 ad-

2123 3341 2364 3393 mouere,
2389 3337 2446 3381 ut
2467 3328 2508 3381 si
2533 3328 2619 3397 qui
2645 3327 2766 3381 talia
2797 3327 3122 3380 seminantes
3143 3327 3206 3379 ad
3229 3337 3432 3380 Vestras
3453 3327 3694 3396 regiones

2123 3416 2258 3470 forte
2289 3418 2657 3485 pervenerint,
2695 3418 2866 3472 modis
2908 3417 3153 3472 omnibus
3189 3417 3558 3485 excludantur,
3591 3433 3690 3473 vo-

2125 3509 2308 3578 bisque
2331 3526 2450 3563 cum
2475 3511 2600 3564 sede
2628 3510 2762 3563 beati
2792 3508 3020 3578 apostoli
3048 3509 3211 3573 Petri,
3234 3510 3372 3563 sicut
3398 3525 3422 3560 a
3456 3510 3690 3578 patribus

2123 3601 2319 3654 nostris
2347 3610 2430 3654 est
2461 3601 2651 3654 tradita
2684 3601 2878 3654 illibata
2907 3601 3213 3654 communio
3251 3609 3409 3669 atque
3453 3615 3516 3655 ex
3547 3601 3691 3656 omni

2124 3700 2272 3758 parte
2331 3691 2636 3745 inconvulsa
2708 3691 2979 3756 perduret.
3038 3691 3197 3744 Certe
3259 3691 3304 3743 si
3357 3690 3472 3759 quis
3535 3705 3691 3745 aures

2121 3791 2322 3837 vestras
2353 3782 2419 3836 de
2452 3783 2549 3836 hac
2574 3782 2862 3836 crediderit
2887 3782 3228 3850 subreptione
3255 3780 3558 3849 pnlsandas,
3581 3781 3691 3836 sol-

2121 3873 2397 3928 licitudine
2435 3874 2685 3942 pastorali
2717 3873 2782 3926 ad
2818 3887 2915 3927 nos
2953 3889 3108 3941 quam
3138 3871 3296 3926 citius
3335 3871 3533 3926 referre
3572 3887 3692 3940 pro-

2123 3965 2320 4030 peretis
2343 4003 2358 4028 ,
2390 3974 2447 4017 ut
2476 3966 2742 4018 communi
2774 3965 2951 4019 studio
2974 4004 2990 4031 ,
3028 3964 3394 4032 catholicoque
3441 3971 3687 4032 tractatu,

2123 4068 2218 4121 pro
2248 4053 2410 4107 domo
2459 4055 2616 4108 unius
2664 4055 2872 4108 Domini
2915 4056 3091 4109 cuncti
3127 4055 3368 4109 catholici
3417 4054 3688 4108 conti-rant

2121 4144 2462 4209 sacerdotes;
2510 4156 2568 4198 ut
2609 4159 2725 4214 qua:
2777 4143 3090 4198 orthodoxa:
3140 4144 3430 4199 definitioni
3475 4158 3689 4212 compc-

2121 4241 2237 4285 tunt
2259 4273 2275 4298 ,
2307 4232 2619 4288 intemerata
2645 4243 2960 4299 serventur;
3011 4243 3062 4287 et
3103 4244 3363 4302 quatenus
3389 4235 3688 4290 errantibus

2118 4321 2311 4378 debeat
2335 4323 2635 4389 subveniri,
2669 4324 2966 4378 rationabili
3002 4323 3383 4378 deliberatione
3412 4333 3683 4378 noscatur.

446 4419 792 4487 quadraginta
807 4418 991 4471 diebus
1014 4420 1174 4473 fuisse
1189 4434 1307 4473 cum
1328 4419 1601 4487 discipulis
1616 4429 2008 4486 conversatum,
2043 4444 2092 4502 Ι)
2123 4413 2245 4469 llmc
2282 4424 2458 4469 autem
2495 4425 2669 4470 vestra
2699 4414 2917 4469 dilectio
2951 4417 3110 4470 etiam
3152 4415 3220 4468 ad
3264 4415 3542 4483 contiguas
3584 4415 3684 4469 sibi

445 4508 498 4561 in
529 4508 718 4561 caelum
764 4509 1084 4572 ascendisse,
1125 4509 1273 4575 plena
1317 4507 1436 4565 luce
1471 4510 1537 4562 sit
1575 4511 1800 4576 clarum,
1841 4525 2012 4580 eoque

446 4599 605 4652 modo
631 4598 827 4652 dictum
852 4639 866 4659 ,
903 4600 967 4650 ad
991 4597 1245 4665 judicium
1265 4637 1281 4664 ,
1317 4599 1506 4667 angelo
1535 4607 1758 4654 testante
1777 4643 1792 4667 ,
1823 4611 2011 4654 ventu-

445 4704 582 4750 rum,
607 4696 668 4741 ut
698 4697 750 4742 et
790 4687 953 4740 Filius
991 4687 1245 4750 hominis,
1290 4703 1448 4757 quem
1485 4688 1672 4744 beatus
1709 4689 2010 4759 Stephanus

447 4788 647 4848 martyr
671 4793 700 4832 a
731 4777 930 4832 dextris
959 4780 1165 4833 virtutis
1196 4779 1289 4834 Dei
1335 4781 1466 4834 vidit
1498 4789 1758 4836 astantem
1786 4823 1801 4847 ,
1844 4785 2009 4837 mani-

446 4873 608 4926 festus
625 4883 902 4940 appareat,
928 4880 980 4925 et
1003 4888 1157 4939 quem
1187 4883 1616 4938 compunxerunt
1643 4883 2007 4944 persecutores

444 4961 560 5030 ejus
583 5003 597 5027 ,
625 4963 883 5031 aspiciant
917 4978 932 5017 :
959 4962 1098 5030 quod
1129 4964 1376 5016 nimirum
1410 4965 1526 5018 sine
1554 4964 1731 5017 carnis
1761 4965 2006 5017 humana:

447 5068 550 5107 non
581 5060 753 5122 potest
772 5062 1018 5107 constare
1047 5055 1265 5107 materia
1294 5094 1307 5116 ,
1338 5054 1490 5122 cujus
1522 5053 1816 5120 assumptio
1846 5055 2008 5122 glori-

445 5144 595 5197 licata
628 5153 711 5198 est
733 5144 966 5209 deitate,
1012 5159 1115 5198 non
1157 5159 1376 5213 prorsus
1422 5147 1720 5215 absumpta.
1762 5145 1916 5202 Unde
1954 5154 2010 5200 et

445 5234 629 5290 beatus
654 5236 920 5304 apostolus
944 5235 1169 5291 Joannes
1193 5237 1320 5291 dicit
1348 5255 1359 5288 :
1386 5240 1480 5298 Qui
1507 5249 1649 5306 negat
1677 5237 1933 5290 Christum
1956 5240 2009 5291 in

445 5339 593 5380 carne
613 5328 822 5393 venisse,
854 5327 935 5380 hic
962 5337 1031 5381 est
1054 5321 1680 5395 antichristus(lloan.u)
1701 5344 1715 5394 ;
1739 5328 2006 5396 etglorio-

443 5475 645 5532 cbianm
667 5480 949 5548 haereseos,
980 5497 1098 5548 ane
1120 5481 1322 5535 detecta
1351 5481 1448 5534 fuit
1472 5495 1610 5534 anno
1640 5481 1743 5537 “8
1769 5483 1866 5535 hoc
1888 5481 2006 5536 loco

443 5558 718 5603 enutueret
743 5564 909 5604 annos
934 5551 1039 5614 45,
1077 5563 1295 5618 apparet
1332 5567 1450 5608 eam
1487 5567 1628 5606 anno
1665 5553 2006 5618 'pontiticatus

517 5679 534 5712 '
574 5679 712 5736 Edit.
737 5679 915 5747 Ralm,
944 5682 1270 5751 nequivimus.

2120 4520 2354 4575 quasque
2386 4505 2685 4571 provincias
2723 4506 3034 4573 vicinosque
3080 4504 3353 4573 pontifices
3401 4505 3686 4574 prudenter

2115 4598 2272 4651 faciat
2300 4597 2605 4665 pervenire,
2634 4607 2691 4650 ut
2725 4596 3076 4650 Ecclesiarum
3113 4596 3393 4664 prmsules,
3425 4597 3686 4648 universa:

2114 4688 2350 4742 veritatis
2380 4674 2727 4741 instructione
2754 4697 3021 4753 percepta,
3066 4685 3393 4740 mortiferam
3418 4685 3686 4740 declinare

2111 4781 2322 4832 valeant
2361 4779 2664 4832 falsitatem.
2711 4775 2778 4830 Et
2816 4777 3113 4846 subscriptio
3139 4791 3158 4828 :
3189 4776 3327 4830 Deus
3355 4789 3450 4829 vos
3479 4775 3682 4829 incolu-

2113 4888 2227 4928 mes
2257 4872 2547 4936 custodiat,
2576 4870 2770 4923 fratres
2797 4868 3080 4922 carissimi.

2600 4958 2924 5014 EPISTULA
2963 4957 3027 5012 Ill
3064 4955 3117 4995 Μ
3133 4967 3179 5012 ⁸.

2261 5068 2414 5107 ΒΕΑΪΙ
2455 5067 2597 5104 ΡΑΡᾹΞ
2636 5065 2838 5106 σηιξη
2877 5065 2944 5102 ΔΙ)
2981 5063 3229 5102 ιιΑτΔιειι
3267 5061 3530 5100 ΑΒΒΔΤΕΙ.

2180 5144 2534 5200 Dilectissimo
2565 5142 2671 5195 filio
2701 5141 2870 5194 Natali
2901 5141 3074 5194 abbati
3103 5135 3343 5191 Gelasius
3372 5137 3670 5205 episcopus.

2182 5237 2432 5302 Quamvis
2472 5248 2566 5301 pro
2596 5232 2734 5287 beati
2767 5232 2908 5286 Petri
2937 5231 3162 5300 apostoli
3200 5227 3561 5283 moderamine
3602 5225 3678 5278 di-

2113 5331 2310 5380 vinitus
2340 5325 2600 5379 iustituto-
2630 5337 2739 5391 quo
2777 5321 2919 5376 sedis
2957 5321 3072 5376 eius
3111 5319 3293 5374 vicarii
3327 5318 3530 5373 cunctis
3558 5324 3676 5370 sunt

2115 5480 2309 5536 Cclasii
2330 5481 2502 5552 primo
2527 5477 2776 5549 scriptam
2801 5492 2940 5534 esse.
2970 5478 3096 5534 Ssv.
3128 5479 3303 5532 Βικιυς
