3994 6432
232 369 304 426 Ξδ
1440 358 1797 418 Εριετοιδε

1917 359 1926 380 ⁵
1967 360 2305 419 DECRETA.
2440 400 2441 403 η
3454 368 3532 425 Ξϐ

233 480 480 538 ccclesiis
515 477 809 543 debitores,
838 474 906 529 ad
943 472 1136 530 iratrcs
1180 480 1237 529 et
1276 474 1629 545 coepiscopos
1669 489 1821 531 meos
1850 474 1901 535 Α
1929 488 2048 529 mus
2074 488 2299 545 operam
2338 473 2587 545 quidem,
2620 476 2666 531 si
2708 473 2922 547 aliquos
2966 489 3035 533 ex
3082 474 3219 544 illis,
3266 491 3529 549 operante

233 589 331 643 per
370 570 687 626 Dardaniam
730 568 1050 623 constitutos
1089 567 1449 637 competentia
1488 567 1693 636 scripta
1724 567 1820 623 de-

238 661 501 726 .lerimus,
546 660 781 726 antiquas
826 657 948 712 ﬁdei
996 654 1499 725 communionisque
1548 657 1819 712 tramitem

236 754 640 821 tubsequentes,
666 759 722 802 ιιι
744 761 935 803 cavere
960 748 1169 804 valeant
1192 749 1436 818 contagia
1466 746 1817 817 perﬁdorum,

236 854 287 897 et
333 842 611 895 nobiscum
668 840 930 893 illibatum
986 848 1172 893 tenere
1218 838 1586 903 consortium;
1640 848 1819 893 tamen

233 930 579 987 dilectionem
614 943 826 999 quoque
874 940 1015 983 tuam
1064 943 1169 982 non
1203 929 1220 959 ¹
1258 927 1565 984 destitimus
1603 927 1820 985 deside-

231 1029 415 1077 rantes
444 1020 623 1087 aﬁ‘ari,
650 1021 801 1090 cujus
832 1018 1250 1075 sollicitudinem
1278 1019 1345 1075 de
1383 1018 1560 1075 noxiis
1600 1019 1825 1090 quibus-

230 1128 339 1183 que
386 1111 645 1176 vitandis,
684 1120 740 1166 et
792 1112 844 1165 in
902 1110 1196 1165 retinendis
1248 1124 1370 1179 quae
1420 1109 1485 1164 ad
1534 1110 1821 1165 utilitatem

232 1204 506 1273 pertinent
526 1201 914 1267 Christianam,
946 1201 1269 1257 laudabilem
1300 1202 1671 1272 perspeximus
1699 1216 1822 1258 esse

234 1294 533 1364 fervorem,
575 1309 641 1348 ex
683 1292 878 1347 litteris
907 1295 927 1323 ¹
968 1291 1175 1348 scilicet
1220 1307 1354 1362 quas
1391 1292 1460 1347 ad
1506 1293 1728 1348 fratrem
1768 1301 1824 1349 et

231 1385 610 1453 coepiscOpum
640 1399 821 1439 meum
850 1382 1110 1439 Serenum
1154 1391 1245 1438 tua
1277 1383 1474 1439 caritas
1509 1383 1816 1439 destinavit.

232 1474 254 1506 ³
286 1476 515 1531 Proinde
539 1476 975 1531 collaborandum
1004 1474 1107 1530 sibi
1147 1484 1235 1530 tua
1280 1475 1500 1530 dilectio
1536 1476 1822 1545 perpendit

234 1566 525 1637 Evangelia
566 1568 689 1634 Dei,
733 1576 787 1622 et
823 1566 846 1598 ⁵
878 1576 1097 1622 eterna:
1137 1566 1325 1621 salutis
1363 1566 1614 1621 intuitum
1659 1565 1821 1621 etiam

230 1656 573 1711 adversantia
600 1672 825 1726 qumque
851 1657 1128 1712 tolerando
1156 1666 1497 1723 constanter;
1531 1666 1588 1711 ut
1616 1657 1821 1713 nullum

229 1750 455 1811 subeas,
487 1748 629 1819 quod
667 1749 836 1814 absit,
868 1749 1106 1804 cmlestis
1154 1750 1307 1819 regni
1346 1750 1721 1819 dispendium,
1752 1751 1821 1807 ad

1928 562 2180 633 Domitio,
2212 565 2422 623 salvare
2454 565 2724 637 possimus
2756 583 2771 620 :
2812 565 3082 636 alioquin,
3111 568 3253 623 sicut
3280 566 3356 624 ait
3383 570 3533 641 Apo-

1924 656 2116 723 stolus,
2146 667 2194 714 te
2216 659 2387 729 ipsum
2411 668 2607 713 castum
2635 659 2835 713 custodi
2868 657 2922 731 (I
2949 657 3082 713 Tim.
3110 674 3166 726 v,
3188 659 3310 731 22).
3342 660 3533 721 Perire

1924 749 2217 803 volentium
2261 749 2497 804 nitamur
2536 748 2813 806 declinare
2862 750 3193 820 perniciem;
3239 762 3330 821 et,
3380 759 3528 824 quod

1925 843 2102 898 solum
2142 842 2325 901 facere
2366 843 2681 910 debeamus,
2725 845 2960 901 divinam
3004 860 3103 916 pro
3147 846 3254 901 illis
3294 862 3535 905 exorare

1925 932 2298 1000 clementiam,
2328 943 2386 990 ut
2432 935 2753 1005 resipiscant
2778 951 2806 989 a
2848 936 3046 990 diaboli
3091 935 3297 1007 laqueis
3340 953 3371 991 a
3416 952 3529 1008 quo

1924 1025 2065 1095 capti
2098 1026 2407 1083 detinentur
2429 1025 2464 1065 ’δ
2496 1026 2565 1081 ab
2614 1026 2780 1095 ipsius
2811 1029 3127 1083 voluntate:
3157 1038 3217 1083 ut
3249 1029 3316 1083 ab
3359 1030 3527 1086 obsti-

1926 1119 2144 1171 natione
2173 1116 2449 1171 mortii'ers
2492 1118 2845 1186 respirantes,
2894 1128 3097 1184 pestem
3129 1132 3288 1187 quam
3320 1133 3379 1173 se
3420 1120 3523 1175 bu-

1932 1209 2167 1265 manitus
2208 1208 2461 1263 incidisse
2493 1209 2658 1263 etiam
2688 1196 2798 1277 ipsi
2838 1210 3112 1273 sentiunt,
3155 1209 3327 1263 inutili
3372 1224 3528 1266 verc-

1926 1297 2135 1352 cundias
2166 1297 2423 1368 languore
2461 1296 2731 1367 deposito,
2776 1298 2842 1352 ad
2867 1297 3233 1367 recuperanda
3281 1299 3527 1354 remedia

1925 1390 2246 1456 sempiterna
2281 1388 2453 1443 libero
2484 1388 2645 1443 corde
2683 1389 3020 1455 resipiscam.
3057 1388 3150 1442 liis
3178 1404 3309 1459 ergo
3338 1391 3526 1459 cogni-

1929 1479 1994 1533 tis
2020 1495 2138 1547 quze
2168 1480 2307 1534 sicut
2335 1479 2566 1534 diximus
2609 1480 2676 1534 ad
2723 1481 3005 1549 regionum
3048 1490 3349 1535 vestrarum
3396 1491 3526 1536 sunt

1927 1569 2129 1624 directa
2174 1569 2486 1639 pontiﬁces,
2530 1581 2588 1625 et
2630 1569 2733 1640 ipsi
2782 1579 3098 1641 protegente
3153 1585 3248 1626 vos
3296 1571 3525 1627 Domino

1929 1660 2138 1715 debetis
2182 1675 2306 1716 esse
2358 1662 2747 1717 convenienter
2800 1661 3080 1728 instructi,
3130 1671 3184 1717 et
3230 1663 3524 1732 provinciis

1926 1750 2114 1805 eadem
2144 1751 2445 1821 quibusque
2477 1750 2498 1783 ⁸
2526 1751 2793 1820 contiguis
2840 1750 3160 1807 ﬁducialiter
3204 1754 3523 1821 pnedicare.

228 1837 372 1907 quod
404 1839 584 1907 utique
617 1838 717 1892 nisi
752 1838 985 1908 legitime
1013 1841 1322 1904 certaveris,
1360 1855 1465 1895 non
1513 1851 1663 1911 potes
1695 1856 1819 1911 per-
1848 1836 1895 1897 B
1922 1841 2063 1897 Nihil
2083 1840 2183 1897 'est‘
2202 1842 2343 1897 enim
2374 1843 2517 1912 quod
2560 1857 2762 1912 pavere
2798 1842 3118 1909 debeamus,
3158 1857 3281 1898 cum
3312 1856 3519 1898 certum

229 1930 435 1983 venire.
474 1928 647 1985 Tanto
679 1929 858 1994 enim,
908 1940 1197 2000 praestante
1248 1932 1496 1997 Domino,
1540 1932 1696 1987 nobis
1736 1942 1819 1988 est

227 2021 537 2076 instandum
569 2022 1026 2091 vigilandumque,
1062 2032 1262 2092 quanto
1297 2024 1396 2079 sub
1427 2024 1543 2093 ipso
1575 2025 1682 2080 ﬁne
1705 2025 1818 2094 jam

227 2110 415 2166 mundi
440 2112 808 2167 vehementior
852 2112 1068 2167 humani
1108 2114 1324 2182 generis
1366 2115 1537 2170 hostis
1568 2118 1819 2173 insistere

226 2218 336 2257 nun
380 2203 626 2270 quiescit.
668 2202 810 2257 Nihil
856 2203 1223 2273 signiﬁcamus
1273 2206 1562 2274 omissum,
1607 2216 1631 2246 ο
1675 2209 1817 2278 quod

225 2305 318 2347 aut
348 2294 668 2349 correctioni
695 2310 873 2349 rerum
915 2310 1049 2365 quas
1080 2297 1132 2351 in
1166 2297 1430 2353 Ecclesias
1455 2299 1690 2355 Orientis
1729 2315 1818 2356 se-

225 2384 452 2439 minavit
471 2386 739 2452 inimicus,
771 2387 987 2442 Patrum
1012 2388 1210 2457 regulis
1237 2401 1623 2459 congruentem
1651 2393 1818 2460 pOSsil

222 2476 484 2531 adhibere
514 2477 857 2531 medicinam.
897 2474 1003 2532 Sed
1033 2478 1158 2547 quid
1192 2479 1455 2535 iacimus?
1495 2484 1617 2551 quia
1646 2483 1818 2538 obdu-

223 2567 357 2621 ratis
387 2567 602 2621 auribus
636 2582 820 2622 vocem
863 2567 1131 2638 refugiunt
1163 2572 1408 2626 veritatis
1445 2573 1653 2641 audire,
1700 2584 1816 2629 tan-

222 2667 385 2727 taque
412 2660 489 2712 vis
516 2659 687 2715 morbi
718 2662 992 2714 saevientis
1022 2661 1293 2729 incubuit,
1327 2671 1385 2716 ut
1414 2678 1597 2718 secum
1627 2667 1815 2721 malint

220 2753 401 2807 salvos
426 2766 668 2821 quosque
707 2752 977 2809 lethaliter
1007 2762 1297 2822 aegrotare,
1338 2768 1496 2823 quam
1537 2757 1638 2825 ipsi
1672 2758 1811 2811 rcci-

219 2856 351 2911 pere
380 2842 698 2906 sanitatem;
729 2857 870 2898 nunc
902 2833 1202 2897 inﬁcientes
1233 2844 1479 2897 universa
1511 2862 1631 2915 quae
1670 2846 1813 2916 ipso-

218 2949 340 2999 rum
371 2934 591 3003 chartis,
624 2934 861 3003 ipsorum
888 2934 1372 3004 subscriptionibus
1410 2939 1807 3006 approbemus;

216 3043 363 3083 nunc
404 3042 526 3082 cum
576 3028 856 3082 manifesta
900 3043 1078 3082 rerum
1134 3029 1331 3084 iuerint
1379 3029 1499 3086 luce
1545 3034 1807 3101 convicti,

215 3118 395 3189 palam
433 3127 723 3188 aperteque
749 3117 976 3173 fatentes
1024 3133 1262 3174 errorem
1287 3160 1302 3187 ,
1342 3121 1484 3175 nolle
1530 3136 1588 3178 se
1629 3132 1809 3181 tamen

1920 1934 2047 2000 sita
2078 1932 2283 1988 caelesti
2330 1930 2570 1987 Prmsule
2609 1947 2717 1987 non
2756 1932 3059 2002 derelinqui
3098 1948 3234 2003 quos
3262 1949 3379 1989 suae
3420 1949 3518 1990 ve-

1921 2029 2095 2083 ritatis
2126 2027 2375 2098 praestitit
2400 2042 2549 2083 arma
2582 2036 2844 2093 tractare;
2880 2042 2979 2083 nec
3009 2028 3301 2098 quidquam
3334 2028 3520 2083 videa-

1922 2134 2042 2173 mus
2083 2119 2131 2174 ei
2180 2120 2454 2174 ullatenus
2494 2118 2922 2187 praeferendum,
2970 2133 3091 2171 cum
3132 2118 3276 2188 ipsas
3312 2118 3522 2174 animas

1920 2219 2133 2268 nostras
2166 2224 2263 2280 pro
2299 2225 2488 2265 earum
2532 2225 2634 2265 nos
2663 2210 2898 2264 voluerit
2940 2209 3116 2265 salute
3147 2220 3522 2265 contemnere.

1919 2305 2160 2372 Qualiter
2206 2313 2384 2357 autem
2417 2303 2499 2358 vel
2534 2303 2778 2371 proficiat
2822 2302 3019 2359 ibidem
3061 2301 3335 2372 religionis
3383 2302 3520 2358 inte<

1917 2398 2117 2468 gritas,
2174 2397 2256 2450 vel
2308 2396 2437 2464 quid
2491 2395 2714 2450 forsitan
2763 2402 3063 2457 asseratur,
3114 2395 3312 2463 saepius
3362 2394 3522 2451 nobis

1916 2499 2097 2544 vestra
2127 2488 2344 2543 dilectio
2374 2502 2478 2541 non
2510 2487 2724 2541 omittat
2749 2485 3069 2552 ostendere;
3100 2493 3159 2539 ut
3185 2486 3516 2554 necessaria,

1915 2581 2133 2636 Christo
2157 2580 2455 2650 tribuente,
2498 2579 2737 2637 subsidia
2782 2579 3059 2650 responsis
3097 2579 3519 2650 congruentibus

1916 2674 2307 2729 ministremus.

2048 2764 2370 2831 Subscriptio
2400 2779 2568 2835 papat.

1916 2859 2057 2915 Deus
2089 2868 2141 2914 te
2166 2859 2485 2915 incolumem
2516 2857 2808 2928 custodiat,
2837 2858 2913 2914 illi
2941 2856 3314 2915 dilectissime.

2071 2993 2404 3052 EPISTOLA
2444 2994 2681 3052 [V'SEU
2728 3008 2749 3035 ε
2790 2985 3372 3053 COMMONITORIUM

1988 3103 2051 3141 ΑΒ
2086 3088 2107 3107 ’⁷
2143 3102 2383 3144 ιτΑυετωι
2421 3103 2723 3143 ιιΑοιετιιυιι
2768 3104 3088 3144 FDRGENTEI
3128 3104 3441 3147 ιεωιτιοιιιε

2324 3173 2533 3215 OFFICIO
2552 3174 3081 3229 ,οοιιςτλιιτιιιοροιι

216 3214 417 3319 fever“
455 3213 520 3267 ad
550 3214 689 3319 Via":
731 3228 892 3282 pum"
916 3215 1269 3317 θίξηίυδδίθηίδ
1306 3221 1806 3291 comm'mi‘misque
1836 3205 1882 3269 Ο
1912 3248 2153 3301 Acacium
2168 3249 2288 3318 jure
2309 3266 2340 3301 a
2361 3252 2483 3303 sede
2505 3218 2789 3319 apostolica
2818 3254 3141 3318 damnatum,
3166 3261 3213 3306 et
3232 3251 3287 3305 in
3306 3267 3510 3307 ea:ch

216 3306 239 3336 ⁸
270 3313 567 3370 testantur;
598 3303 691 3358 sed
732 3319 831 3358 nos
874 3307 1052 3375 potius
1096 3319 1409 3378 exspectant
1445 3314 1555 3368 suis
1601 3329 1807 3384 praet-a-

214 3396 539 3449 ricatoribus
575 3395 860 3464 implicari.
902 3397 1258 3471 Quapropter,
1300 3402 1559 3473 largiente
1606 3404 1808 3462 Christi

213 3486 418 3555 gratia,
450 3486 656 3554 magnis
685 3486 876 3541 studiis
906 3496 988 3542 est
1025 3492 1320 3558 agendum,
1350 3503 1409 3549 ut
1449 3496 1571 3564 quia
1602 3496 1670 3551 de
1699 3500 1805 3553 vita

212 3582 475 3646 perpetua
518 3575 601 3628 vel
630 3576 924 3630 amittenda
962 3593 1049 3633 res
1093 3581 1271 3649 agitur
1298 3584 1381 3638 vel
1429 3586 1655 3641 tenenda
1712 3589 1806 3645 de-

290 3718 321 3781 ιγ
352 3709 629 3781 Quodam
789 3723 876 3766 aut
926 3723 1131 3781 patrum
1167 3717 1375 3781 regulis.
1416 3716 1505 3774 Sic
1546 3721 1806 3780 Maﬁ'eius.

217 3780 329 3836 Sed
358 3795 482 3833 cum
513 3779 1009 3837 incommodnm'sit
1038 3779 1330 3841 secundum
1358 3800 1445 3843 aut
1466 3832 1480 3855 ,
1505 3779 1807 3850 redundare

217 3850 443 3903 tiruinde
474 3850 685 3903 videtur
714 3860 765 3903 et
796 3856 1046 3903 primum.

241 3870 443 3904 tl'OIﬂOC
474 3870 685 3904 γιαειυι·
714 3870 765 3905 et
796 3870 1046 3907 Drtmum.

214 3860 443 3921 proinde
474 3860 685 3904 Videtur
714 3860 765 3905 et
796 3860 1046 3914 primum.

307 3915 674 3992 bDeestapud
701 3921 965 3977 Maﬁ'eium
995 3926 1301 3992 praepositio
1322 3928 1409 3984 ab.

305 3990 861 4065 c(.‘un_t_Tht_eodoricus
882 3990 1177 4049 Gothorum
1206 4012 1323 4064 rex,
1359 4008 1477 4065 post
1500 3999 1799 4060 Odoacrem

214 4074 399 4134 regem
446 4061 761 4134 Herulorum
806 4064 1076 4117 devictum
1118 4076 1173 4120 et
1210 4061 1479 4134 occisum,
1530 4088 1631 4127 una
1679 4091 1800 4129 cum

216 4130 472 4202 itavenna
506 4134 710 4199 integra
745 4132 890 4186 italia
935 4136 1130 4200 potitus
1156 4148 1331 4202 esset,
1374 4130 1518 4195 bello
1547 4144 1801 4201 diuturno

218 4199 466 4283 fatigatus
487 4204 553 4254 ad
574 4201 915 4283 ﬁnastpsium
937 4199 1797 4283 i_mperato_rem'Constantiu0poli

214 4270 537 4353 degentem,
582 4272 714 4353 duos
746 4271 909 4327 hosce
950 4270 1153 4353 legatos
1184 4278 1439 4353 [faustum
1485 4270 1795 4353 magistrum

216 4340 552 4417 ciliciorum,
594 4353 647 4394 et
678 4343 938 4417 Irenazum
969 4340 1263 4417 ablegavit,
1303 4352 1391 4417 qui
1419 4353 1485 4405 ad
1515 4340 1793 4411 obientunt

218 4410 383 4488 Italiae
411 4425 625 4479 regnum
657 4412 853 4488 rectius
881 4410 1259 4488 stabiliendum
1278 4460 1291 4482 ,
1320 4410 1506 4488 pacem
1539 4426 1638 4479 sibi
1669 4410 1799 4483 con-7-

215 4480 336 4559 cedi
379 4492 616 4547 peterent
658 4492 711 4536 et
743 4483 1116 4559 impetrarent.
1168 4480 1286 4543 Hac
1316 4480 1601 4549 occasione
1640 4480 1799 4552 Gela-

213 4554 332 4633 tsius
364 4564 531 4633 papa“,
569 4567 710 4632 anno
739 4554 1076 4633 pontiﬁcatus
1103 4559 1185 4610 sui
1212 4559 1281 4624 2,
1314 4562 1469 4618 alteri
1500 4566 1792 4633 legatorum

220 4618 743 4692 faustuoiiiciurum
776 4626 1031 4692 magistro
1075 4618 1291 4683 causam
1341 4632 1482 4687 illam

216 4689 517 4762 Euphemio
567 4689 1161 4760 ConstatttitiOpolitano
1214 4700 1389 4755 adhuc
1444 4689 1792 4762 schismaticu

216 4759 546 4843 vertebatur,
578 4759 1000 4843 commendavit,
1032 4776 1090 4821 ιιι
1118 4772 1437 4840 mquissitnis
1464 4759 1794 4843 jussionibus

217 4828 472 4908 Ecclesia:
502 4831 755 4908 iiumanaa
785 4828 1196 4908 obtemperans;
1226 4828 1795 4907 ejusdetn'co‘m-mtnii;

212 4903 493 4981 cntionem
502 4903 771 4981 hactenus
802 4903 995 4981 frustra
1041 4903 1333 4981 expetitam
1381 4920 1639 4981 consequi
1685 4935 1796 4975 me-

213 4980 447 5045 reretur.
477 4970 643 5045 Hujus
666 4976 863 5043 negotii
884 4970 1199 5043 expediendi
1225 4983 1360 5038 ratio
1390 4970 1795 5045 commissaﬂcst

213 5037 417 5129 Ean-st?
451 5037 857 5129 eas-depingas,
901 5037 1041 5129 quod
1088 5037 1789 5129 Euphemiuspatriamhva

212 5108 417 5191 Gelasii
444 5112 682 5191 epistolis
712 5108 1273 5191 ditabus'admoniius,
1313 5108 1793 5186 nomerna't'cﬁac'ii—e

212 5180 606 5270 tabulissacgis
634 5198 736 5270 non
766 5188 939 5270 modo.
952 5203 1056 5269 non
1083 5180 1424 5270 expunxerit,
1453 5180 1551 5253 sed
1564 5180 1795 5270 eteius:

209 5249 343 5303 άεππ
370 5252 685 5337 “scatenti
702 5258 1088 5337 remotum"
1138 5249 1473 5337 susceperit;
1492 5249 1795 5337 ’ξιιῐιύζῖε

208 5335 335 5409 quae
356 5321 786 5409 solentrhteretici
811 5336 866 5380 et
889 5328 1214 5409 schismatici
1243 5321 1427 5389 contra
1456 5321 1795 5409 sedesnam»:

208 5390 457 5445 stolicam
474 5391 788 5461 eiiutiverit;
812 5400 1061 5469 quodque
1081 5401 1321 5469 demum,
1339 5408 1406 5461 ad
1423 5390 1795 5467 concitandam

286 5510 304 5539 ⁸
338 5510 395 5564 In
426 5509 580 5576 edit.,
612 5513 921 5568 desistimus.

284 5580 307 5654 ξ
342 5580 395 5654 in
424 5580 577 5645 edit.,
600 5598 663 5635 ex
680 5583 874 5654 litteris
898 5588 1171 5654 siquidem.

285 5649 308 5720 ξ
339 5650 494 5705 Deest
523 5654 574 5704 in
603 5653 758 5719 edin,
785 5649 1017 5720 proinde.

285 5719 303 5749 ⁸
342 5722 393 5773 In
424 5723 553 5776 mill.
581 5732 747 5787 recte,
774 5719 835 5777 ub
862 5739 1084 5793 (clerum,
1115 5742 1220 5788 etc.

288 5792 307 5823 ⁸
338 5793 396 5849 In
426 5793 580 5861 ωλι,
605 5802 859 5868 testantes,
887 5807 941 5855 et
970 5792 1107 5859 inira
1133 5815 1498 5874 exspectantes.

1984 3319 2329 3372 ntunicatione
2356 3328 2614 3395 mortuum
2642 3338 2741 3375 non
2769 3338 2917 3392 posse
2949 3321 3165 3395 absolvi,
3194 3332 3241 3377 et
3270 3340 3386 3378 cum
3414 3324 3509 3379 illo

1981 3405 2081 3441 non
2117 3391 2616 3445 communicandum.

1982 3503 2094 3574 Ego
2120 3519 2331 3573 quoque
2362 3514 2546 3562 mente
2586 3507 2803 3577 percepi
2844 3507 2939 3580 [aL
2989 3509 3243 3582 praecepi]
3284 3510 3507 3567 Graecos

1910 3600 1962 3653 in
1993 3614 2088 3653 sua
2114 3598 2476 3655 obstinatione
2504 3614 2810 3665 mansuros.
2839 3616 2941 3658 nec
2963 3602 3049 3658 cui
3080 3603 3227 3659 velut
3259 3605 3506 3669 inapera-

1910 3741 2095 3785 contra
2142 3731 2447 3799 pontiﬁcem
2497 3732 2799 3789 Romanum
2843 3735 3110 3790 Anastasii
3161 3737 3504 3802 imperatoris

1910 3801 2189 3866 invidiam,
2223 3803 2277 3855 in
2308 3802 2497 3869 vulgus
2527 3804 2789 3870 sparserit
2817 3805 2993 3872 ipsum
3020 3801 3363 3861 Anastasium
3402 3809 3504 3864 im-

1910 3880 2235 3946 peratorem,
2267 3886 2440 3940 neque
2470 3873 2824 3946 a_b_epis_copo
2854 3876 3006 3946 urbis
3034 3876 3238 3943 ltomzr,
3273 3893 3446 3946 neque
3470 3896 3505 3937 a

1911 3941 2155 4013 iiumano
2183 3952 2369 3995 senatu
2402 3942 2598 4010 recipi,
2629 3942 2873 4013 adeoque
2905 3941 3283 4011 imperatorem
3314 3941 3505 4007 contra

1912 4010 2108 4084 Urbem
2142 4020 2195 4065 ct
2225 4012 2536 4084 episcopum
2564 4010 2940 4069 commoverit.
2986 4010 3071 4070 ’Ne
3116 4016 3277 4084 igitur
3305 4018 3501 4077 horum

1908 4081 2192 4135 occasione
2224 4083 2459 4135 ltotnana
2492 4083 2728 4140 Ecclesia
2778 4086 2830 4137 in
2875 4081 3166 4140 discrimen
3204 4088 3501 4147 adducere-

1909 4160 2020 4226 ιιιῇ
2031 4162 2197 4226 atque
2222 4153 2365 4226 inter
2387 4154 2522 4205 duos
2551 4154 2835 4226 haereticos
2862 4156 3133 4226 principes
3155 4159 3499 4216 Anastasium

1905 4219 1962 4276 ei
1979 4219 2519 4310 TheoLliiricum'arct
2538 4234 2628 4289 uta,
2658 4219 2965 4307 durioribus
2992 4219 3255 4309 angustiis
3284 4245 3500 4310 preme-

1905 4301 2076 4358 retur,
2118 4293 2317 4367 Fausto
2347 4293 2645 4367 ciliciorum
2677 4297 2953 4365 magistro.
2986 4293 3102 4351 viro
3135 4293 3496 4367 pientissimo,

1907 4372 2070 4417 tanta:
2100 4364 2257 4418 molis
2302 4364 2572 4428 negotium
2602 4364 2858 4430 credidit,
2911 4376 2969 4420 ut
3013 4364 3147 4421 curn
3182 4380 3328 4424 esset
3352 4364 3495 4426 (Ion-'-

1904 4434 2282 4499 stantinogioli,
2335 4434 2545 4509 objecta
2586 4434 2856 4500 dilueret,
2908 4446 3105 4491 tentata
3152 4438 3491 4509 destrueret,

1903 4513 2064 4570 atque
2103 4515 2381 4574 sequester
2424 4507 2569 4574 pacis
2608 4510 2879 4573 existens,
2911 4508 3205 4563 Orientalis
3234 4507 3497 4568 Ecclesia:

1904 4587 2024 4627 cum
2056 4576 2388 4630 Occidentali
2418 4576 2733 4631 conciliator
2761 4578 3070 4633 accederet.
3106 4578 3383 4636 Profectus
3411 4593 3497 4640 est

1527 4652 1645 4717 quae
1672 4654 1793 4722 cum
1824 4656 1878 4715 ι)
1908 4644 2170 4722 Faustus,
2214 4647 2565 4722 gnaviterque
2604 4660 2911 4722 susceptum
2946 4651 3217 4717 negotium
3252 4655 3493 4722 peregit;

1900 4716 1992 4792 sed
2027 4731 2131 4768 nun
2161 4731 2227 4769 ex
2254 4718 2544 4792 sententia,
2596 4728 2652 4770 ut
2698 4730 2825 4792 erat
2870 4720 2921 4772 in
2971 4716 3191 4786 optatis,
3240 4716 3493 4792 absolvit,

1900 4787 2205 4858 refragante
2250 4786 2577 4858 Euphemio,
2624 4797 2679 4843 et
2724 4790 2926 4858 majora
2973 4791 3216 4845 rixarum
3257 4786 3497 4854 iotucnta

1902 4857 2182 4910 miscente.
2234 4857 2333 4924 Qui
2364 4868 2430 4929 et
2462 4858 2527 4929 de
2544 4857 2954 4929 pmnibusquc
2980 4876 3102 4915 cum
3147 4862 3265 4929 ipso
3320 4872 3494 4920 trans-

1902 4935 2020 4979 acta
2050 4936 2233 4989 erant,
2264 4928 2405 4982 datis
2435 4927 2502 4982 ad
2529 4927 2806 4983 Gelasium
2834 4927 3028 4986 litteris
3050 4927 3180 4986 eum
3205 4936 3495 4993 certiorem

1905 4997 2392 5087 [eliditijitLQu'ibus
2422 5000 2937 5087 acceptisﬁelasius
2962 5003 3030 5057 ad
3060 5018 3187 5087 eum
3218 5006 3494 5087 rescripsit

1904 5066 2042 5121 hanc
2068 5067 2464 5136 defensionem,
2488 5086 2590 5136 qua
2617 5070 3051 5128 adversariurum
3086 5066 3494 5132 calumnias're-

1904 5136 2095 5192 fellere
2137 5149 2337 5206 posset.
2392 5140 2545 5195 Un’de
2590 5156 2695 5195 non
2741 5142 3015 5198 immerito
3055 5148 3494 5205 commonitorium

1904 5218 2431 5283 nuncupatur,cum
2477 5226 2541 5265 eo
2573 5211 2708 5283 ipso
2754 5229 2783 5268 a
2834 5214 3086 5282 pontiﬁce
3115 5216 3494 5283 admoneatur,

1903 5293 2134 5354 quonam
2168 5282 2327 5335 modo
2352 5282 2793 5354 calumniantium
2824 5287 3173 5354 petulantiam
3210 5288 3383 5341 valide
3415 5282 3493 5343 re;

1906 5349 2347 5425 tundere_qneat._
2372 5352 2505 5425 Haec
2525 5368 2589 5407 ex
2624 5349 2854 5411 Baronio
2882 5371 3026 5413 anno
3053 5356 3180 5425 493,
3208 5374 3355 5413 num.
3380 5360 3415 5415 5
3444 5372 3493 5418 et

1905 5422 2274 5489 sequentibus.
2317 5423 2444 5478 Ssv.
2482 5424 2681 5478 BINIUS.

1975 5534 1996 5609 ξ
2028 5534 2187 5609 l_)eest
2217 5535 2431 5609 in_ed_it.
2454 5539 2730 5609 contiguis.

1973 5605 1998 5681 '_
2033 5604 2172 5681 sunt
2207 5606 2295 5675 qui
2323 5607 2551 5681 Festum
2589 5604 2769 5664 dicant
2800 5610 2899 5681 legi
2930 5624 3183 5680 oportere
3216 5628 3232 5669 :
3272 5630 3374 5670 nec
3402 5617 3487 5678 st'l

1904 5671 2287 5757 Gelasime-pa
2321 5678 2464 5733 hunc
2498 5679 2728 5757 legatum
2760 5671 2934 5757 fuisse
2972 5671 3487 5757 Constantinupuliii

1901 5744 2299 5872 :o'gieadorim
2328 5764 2472 5819 rege,
2501 5744 2596 5809 sed
2622 5750 2723 5809 sub
2743 5750 3030 5810 Anastasio
3061 5754 3257 5811 Gelasii
3284 5744 3475 5812 succus

2028 5855 2042 5871 .
2124 5831 2344 5872 mum.

1900 5827 2042 5871 SOIC.
2077 5827 2344 5876 timum.
