3994 6392
511 427 576 482 E7
1851 413 2113 470 GELASII
2154 411 2353 469 PAPzE
3681 404 3752 460 28

508 548 617 590 tum
645 533 814 589 videri
844 541 1039 604 potest,
1063 532 1202 603 quod
1234 539 1315 587 est
1341 538 1464 584 ante
1496 529 1587 601 [αι.
1618 527 1673 582 in
1701 526 1847 597 ante]
1875 541 2073 594 pracco-
2101 535 2156 592 Α
2180 540 2270 584 aut
2297 545 2355 584 se
2386 543 2542 583 nosse
2572 525 2905 592 dissimulat,
2953 526 3004 580 in
3036 540 3136 597 qua
3167 525 3348 595 utique
3375 541 3468 593 per
3495 539 3748 580 numero-

507 629 731 696 gnitum.
755 627 1092 696 Quapropter
1116 627 1128 656 '
1154 638 1258 678 non
1281 623 1390 692 jam
1417 631 1633 690 propter
1659 619 1926 688 religionis
1948 634 2074 674 cau-

508 733 594 775 sas
625 720 840 774 student
866 705 1294 787 dispositionibus
1332 713 1557 783 publicis
1594 714 1828 777 obviare,
1857 713 1950 765 sed
1986 727 2080 778 po-

510 811 616 862 tius
640 825 732 878 per
753 811 1083 865 occasionem
1110 805 1386 874 legationis
1405 804 1565 873 regia:
1585 802 1894 858 catholicam
1920 803 2076 856 Iidem

510 901 799 955 moliuntur
818 910 1077 962 evertere,
1099 908 1153 951 et
1175 897 1264 950 tali
1290 905 1592 950 commento
1620 893 1712 965 [αι.
1736 891 2078 962 commercio]

515 994 749 1046 nituntur
768 999 974 1058 sperata
1006 997 1278 1055 praestare.
1313 987 1447 1052 Quid
1475 985 1573 1038 sibi
1604 983 1716 1037 vult
1742 993 1918 1037 autem
1939 981 2078 1051 quod

522 1083 712 1137 dixerit
744 1083 1050 1150 imperator,
1072 1096 1101 1134 a
1132 1077 1282 1132 nobis
1309 1092 1368 1131 se
1390 1077 1442 1129 in
1469 1074 1724 1144 religione
1745 1073 2074 1137 damnatum,

509 1188 625 1226 cum
669 1186 830 1240 super
877 1171 976 1225 hac
1019 1179 1168 1238 parte
1210 1176 1263 1222 et
1306 1165 1554 1219 decessor
1580 1176 1731 1218 meus
1760 1179 1864 1218 non
1906 1163 2077 1216 solum

508 1263 729 1318 minime
777 1278 972 1316 nomen
1019 1262 1134 1329 ejus
1179 1257 1449 1328 attigerit,
1493 1256 1588 1310 sed
1629 1256 1842 1319 insuper
1869 1253 2079 1322 quando

509 1353 769 1422 principia
798 1353 1022 1421 adeptus
1066 1351 1224 1420 regia:
1265 1348 1545 1418 potestatis
1587 1346 1855 1411 exercuit,
1886 1346 1939 1399 in
1965 1344 2080 1413 ejus

513 1457 574 1498 se
611 1443 878 1511 rescripsit
925 1441 1127 1508 imperii
1178 1439 1512 1508 promotione
1559 1437 1790 1506 gaudere
1832 1453 1846 1490 :
1887 1443 1940 1490 et
1982 1450 2082 1504 ego

517 1534 660 1587 nulla
708 1533 875 1602 ipsius
920 1544 1152 1598 unquam
1181 1529 1378 1597 scripta
1408 1529 1744 1598 percipiens,
1776 1523 2080 1580 honorificis

515 1619 599 1690 (ut
628 1623 816 1690 nostis)
857 1636 978 1676 eum
1017 1620 1202 1675 litteris
1231 1619 1465 1675 salutare
1499 1615 1835 1674 curaverim?
1883 1615 2080 1670 Deces-

517 1726 669 1767 sores
697 1711 839 1777 mei,
870 1710 1177 1766 sacerdotes
1201 1709 1292 1778 qui
1327 1705 1822 1778 prevaricatoribus
1851 1719 1909 1760 se
1935 1718 2081 1759 com-

516 1802 818 1857 munieasse
848 1801 1060 1870 propria
1088 1814 1216 1855 voce
1245 1796 1474 1853 confessi
1507 1806 1664 1863 sunt,
1693 1810 1721 1848 a
1751 1795 2080 1849 communio-

2181 635 2293 674 sam
2327 619 2647 674 sententiam
2679 617 3018 672 sacerdotum
3062 617 3262 672 erroris
3299 615 3458 685 hujus
3503 625 3751 671 auctores

2178 719 2386 764 constat
2414 693 2578 762 fuisse
2603 708 2917 771 damnatos;
2967 709 3102 764 sicut
3132 709 3184 763 in
3215 722 3529 777 unaquaque
3560 708 3752 762 heresi

2178 818 2209 856 a
2241 803 2500 872 principio
2525 801 2842 855 Christianae
2868 801 3140 868 religionis
3167 810 3221 854 et
3247 800 3441 854 factum
3473 799 3668 859 fuisse,
3699 808 3753 850 et

2183 897 2294 949 fieri
2313 937 2328 960 ,
2363 893 2642 948 manifesta
2673 907 2854 947 rerum
2881 892 3090 945 ratione
3119 899 3470 949 monstratur.
3501 889 3754 943 decessi-.-

2183 1001 2402 1056 temque
2433 1001 2605 1038 meum
2634 994 3006 1039 exsecutorem
3037 981 3204 1037 fuisse
3232 982 3428 1036 veteris
3455 979 3748 1047 constituti,

2182 1097 2286 1134 non
2316 1094 2469 1132 nova:
2497 1077 2891 1132 constitutionis
2920 1076 3239 1130 auctorem?
3268 1075 3416 1140 Quod
3447 1091 3550 1127 non
3579 1076 3756 1126 solum

2182 1171 2394 1238 przesuii
2423 1168 2723 1236 apostolico
2754 1166 2934 1220 facere
2962 1168 3116 1229 licet,
3165 1165 3258 1220 sed
3286 1167 3587 1232 cuicunque
3618 1180 3758 1230 pon-

2184 1260 2340 1322 tifici,
2392 1269 2441 1311 ul
2491 1257 2758 1326 quoslibet
2791 1265 2845 1312 et
2879 1257 3167 1323 quemlibet
3205 1257 3412 1321 locum,
3458 1254 3759 1309 secundum

2181 1350 2414 1416 regulam
2458 1347 2724 1401 lia-roseos
2753 1347 2917 1414 ipsius
2944 1354 3068 1401 ante
3093 1347 3387 1411 damnatas,
3429 1360 3459 1398 a
3489 1344 3758 1400 catholica

2181 1439 2555 1494 communione
2575 1437 2900 1492 discernant.
2925 1436 3150 1491 Aeacius
3174 1437 3371 1506 quippe
3390 1451 3494 1488 nou
3519 1435 3616 1489 fuit
3633 1435 3760 1488 novi

2183 1530 2270 1583 vel
2304 1528 2500 1598 praprii
2540 1529 2785 1581 inventor
2813 1526 3045 1592 erroris,
3096 1533 3156 1579 ut
3191 1526 3245 1579 in
3280 1541 3404 1580 eum
3446 1539 3578 1580 nova
3622 1525 3762 1579 scita

2184 1623 2457 1693 prodirent
2497 1619 2588 1692 [αι.
2621 1619 3030 1691 procederent],
3073 1619 3166 1674 sed
3193 1618 3374 1672 alieno
3403 1617 3621 1672 facinori
3659 1631 3763 1672 sua

2181 1712 2556 1768 communione
2602 1726 2661 1766 se
2709 1710 2943 1766 miscuit.
2991 1710 3173 1778 itaque
3214 1723 3437 1764 necesse
3482 1718 3566 1764 est
3607 1718 3665 1762 nt
3706 1708 3764 1762 in

2184 1804 2332 1858 illam
2363 1802 2623 1858 recideret
2660 1801 2805 1871 justa
2834 1801 2986 1857 lance
3015 1801 3339 1856 sententiam
3360 1840 3377 1866 ,
3429 1814 3591 1866 quam
3637 1813 3765 1852 emn

510 1906 580 1949 ne
607 1891 894 1962 apostolica
925 1891 1328 1946 submovet-unt.
1367 1887 1425 1942 Si
1452 1887 1540 1943 isti
1569 1885 1662 1957 ini.
1697 1883 1787 1956 ita]
1821 1885 1996 1953 placet
2021 1896 2082 1938 se
2110 1885 2160 1946 B
2186 1895 2298 1949 suis
2325 1893 2725 1948 successoribus
2749 1906 2845 1961 per
2863 1890 3292 1954 convenientiam
3320 1889 3634 1959 synodalem
3666 1903 3767 1942 su-

509 1984 735 2038 miseere
775 1982 1072 2046 damnatis,
1107 1981 1261 2037 nobis
1291 1993 1398 2035 non
1427 1984 1605 2050 potest
1639 1977 1918 2046 imputari;
1945 1976 1989 2030 si
2014 1976 2081 2031 ab

508 2076 586 2129 eis
613 2075 743 2129 velit
767 2058 1056 2129 abscedere
1081 2114 1096 2138 ,
1139 2080 1287 2127 tanto
1322 2072 1488 2141 magis
1516 2086 1548 2125 a
1591 2070 1743 2125 nobis
1772 2084 1878 2123 non
1911 2075 2084 2137 potest

508 2179 630 2218 esse
654 2164 965 2230 damnatus,
1006 2163 1100 2218 sed
1133 2161 1306 2230 potius
1335 2161 1401 2214 ad
1434 2162 1657 2229 gratiam
1683 2159 1907 2213 sincerae
1936 2172 2084 2212 com-

509 2253 778 2309 munionis
804 2253 1085 2308 admissus.
1112 2252 1191 2307 Ad
1214 2259 1456 2306 senatum
1485 2264 1614 2305 veru
1635 2249 1863 2318 pertinet
1889 2247 2084 2301 Roma-

509 2361 656 2410 nutu,
681 2355 736 2400 ut
757 2360 963 2401 memor
987 2345 1107 2401 fidei
1138 2359 1294 2412 quam
1319 2359 1347 2398 a
1376 2343 1681 2412 parentibus
1705 2357 1764 2397 se
1785 2343 2086 2412 suscepisse

509 2437 771 2501 meminit,
811 2438 1052 2506 contagia
1081 2437 1210 2490 vitet
1235 2435 1624 2491 communionis
1664 2444 1929 2500 externas,
1963 2449 2030 2490 ne
2056 2449 2086 2488 a

512 2527 886 2581 communione
909 2525 1062 2594 hujus
1086 2526 1228 2580 sedis
1254 2526 1558 2594 apostolicae
1589 2525 1750 2596 (quod
1779 2524 1940 2594 absit)
1967 2524 2090 2580 red-

512 2623 667 2678 datur
704 2632 976 2678 etternus.
1020 2623 1243 2678 Veniam
1285 2624 1382 2677 sibi
1414 2624 1527 2678 dari
1577 2621 1669 2695 [aL
1694 2623 1837 2676 addit
1869 2621 2087 2693 debere]

509 2721 830 2784 proponunt.
856 2713 1100 2782 Legatur,
1125 2729 1190 2767 ex
1211 2728 1318 2782 quo
1339 2723 1421 2768 est
1447 2713 1634 2782 religio
1653 2713 1980 2779 Christiana,
2003 2712 2088 2768 vel

509 2812 654 2857 certe
694 2802 850 2857 detur
893 2803 1194 2870 exemplum
1219 2843 1236 2869 ,
1281 2803 1332 2856 iu
1374 2802 1610 2857 Ecclesia
1643 2803 1773 2866 Dei,
1800 2817 1829 2856 a
1869 2803 2088 2871 quihus-

512 2893 641 2948 libet
671 2892 1038 2961 pontificibus,
1080 2893 1148 2962 ab
1194 2893 1324 2962 ipsis
1365 2893 1654 2962 apostolis,
1690 2894 1759 2947 ab
1796 2893 1913 2964 ipso
1938 2892 2088 2947 deni-

514 2996 614 3050 que
640 2981 914 3038 Salvatore
934 2983 1144 3038 veniam
1167 2982 1266 3037 nisi
1288 2982 1675 3052 eorrigentlbus
1700 2997 1760 3038 se
1781 2982 1941 3040 fuisse
1961 2998 2089 3038 con-

514 3085 742 3126 cessam.
791 3072 1045 3141 Auditum
1083 3079 1260 3128 autem
1295 3073 1397 3127 sub
1434 3072 1540 3127 isto
1580 3075 1718 3128 cmlo
1761 3088 1861 3128 nec
1897 3073 2091 3141 legitur

517 3163 752 3228 omnino,
785 3179 882 3219 nec
909 3164 1124 3229 dicitur,
1166 3164 1307 3234 quod
1339 3179 1526 3220 eorum
1551 3179 1685 3220 voce
1713 3164 2045 3234 depromitur
2069 3180 2085 3220 :

2184 1996 2428 2056 sceperat
2468 1995 2652 2040 auctor
2682 1985 2902 2041 erroris.
2944 1983 3153 2040 ‘Nobis
3188 1989 3464 2052 opponunt
3501 1997 3764 2046 canones,

2184 2078 2310 2133 dum
2339 2077 2586 2131 nesciunt
2612 2075 2739 2145 quid
2769 2076 3074 2144 loquantur.
3117 2073 3318 2128 Contra
3345 2087 3479 2141 quos
3514 2073 3616 2128 hoc
3647 2073 3769 2141 ipso

2184 2169 2368 2225 venire
2397 2181 2456 2222 se
2484 2167 2748 2236 produnt,
2780 2165 2920 2237 quod
2949 2166 3137 2236 prima:
3167 2164 3316 2232 sedi,
3351 2179 3482 2220 sana
3510 2176 3769 2233 rectaque

2185 2261 2472 2326 suadenti,
2519 2273 2708 2328 parere
2753 2257 2977 2326 fugiunt.
3030 2256 3134 2326 Ipsi
3181 2264 3307 2310 sunt
3351 2268 3618 2319 canones,
3673 2256 3768 2322 qui

2186 2353 2577 2420 appellationes
2604 2351 2765 2406 totius
2797 2349 3054 2404 Ecclesia
3082 2347 3149 2402 ad
3178 2348 3338 2417 hujus
3367 2347 3513 2404 sedis
3538 2363 3770 2402 examen

2189 2445 2410 2498 voluere
2435 2441 2654 2498 deferri.
2687 2441 2769 2496 Ab
2815 2442 2929 2510 ipsa
2957 2456 3085 2496 vero
3116 2455 3378 2509 nusquam
3409 2454 3628 2508 prorsus
3666 2454 3768 2508 ap-

2190 2535 2373 2604 pellari
2403 2535 2603 2590 debere
2629 2542 2959 2598 sanxerunt;
3005 2549 3070 2587 ac
3109 2549 3206 2602 per
3234 2532 3334 2588 hoc
3361 2533 3504 2587 illam
3545 2532 3616 2587 de
3657 2541 3771 2588 tota

2189 2627 2428 2683 Ecclesia
2460 2626 2733 2694 judicare,
2774 2625 2942 2695 ipsam
2971 2626 3036 2678 ad
3066 2625 3262 2680 nullius
3293 2637 3600 2680 commeare
3625 2623 3772 2693 judi-

2188 2717 2360 2782 cium,
2380 2731 2478 2770 uec
2497 2715 2566 2771 de
2593 2715 2709 2784 ejus
2740 2729 2972 2784 unquam
3004 2721 3374 2785 praeceperunt
3397 2714 3602 2784 judicio
3622 2715 3772 2784 judi-

2187 2809 2319 2872 cari,
2342 2808 2774 2878 sententiamque
2801 2807 2944 2861 illius
2965 2808 3364 2862 constituerunt
3385 2820 3490 2860 non
3516 2815 3773 2874 oportere

2187 2899 2440 2965 dissolvi,
2480 2898 2634 2967 cujus
2664 2897 2841 2967 potius
2873 2897 3088 2952 decreta
3124 2895 3396 2965 sequenda
3425 2897 3771 2952 mandarunt.

2189 2992 2246 3046 in
2292 2991 2392 3045 hac
2430 2989 2543 3060 ipsa
2583 3003 2741 3044 causa
2771 2987 3088 3042 Timotheus
3116 2987 3540 3050 Alexandrinus,
3585 2996 3640 3041 et
3670 2987 3773 3041 Pe-

2190 3094 2306 3138 trus
2326 3080 2714 3146 Autiocheuus,
2737 3080 2948 3145 Petrus,
2972 3078 3188 3141 Paulus,
3211 3079 3466 3144 Joannes,
3489 3087 3539 3133 et
3563 3079 3771 3146 caeteri,

2191 3188 2297 3228 non
2325 3173 2498 3227 solum
2528 3187 2687 3238 unus,
2716 3170 2811 3226 sed
2840 3170 3018 3238 plures
3045 3170 3227 3237 utique
3253 3183 3445 3224 nomen
3475 3169 3770 3226 sacerdotii

518 3254 650 3309 Date
677 3255 830 3308 nobis
863 3258 1094 3317 veniam,
1135 3254 1259 3309 dum
1289 3263 1465 3310 tamen
1495 3269 1592 3310 nos
1621 3255 1674 3310 in
1702 3269 1889 3310 errore
1919 3255 2084 3312 dure-
2111 3235 2157 3299 (ἶ
2191 3260 2563 3330 praeferentes,
2607 3235 2723 3314 sola
2771 3235 2916 3314 sedis
2961 3235 3270 3328 apostolica:
3298 3267 3423 3313 sunt
3449 3259 3769 3317 auctoritate

520 3359 657 3399 mus.
709 3344 764 3398 id
797 3360 1009 3414 quoque
1040 3348 1060 3377 ³
1093 3347 1288 3416 pariter
1316 3346 1468 3415 [forte
1498 3345 1596 3415 leg.
1631 3359 1728 3414 par
1754 3343 1859 3417 est]
1903 3358 2085 3400 caten-

521 3437 671 3503 dant,
717 3437 806 3507 qui
850 3439 1002 3493 nobis
1042 3452 1276 3492 canones
1305 3439 1546 3492 nituntur
1566 3452 1856 3507 opponere,
1895 3440 2088 3508 quibus

523 3530 621 3582 hoc
653 3517 966 3593 étttouibus,
1007 3529 1195 3600 quibus
1237 3531 1454 3599 regulis,
1495 3544 1597 3600 qua
1638 3531 1886 3596 lectione,
1914 3547 2087 3599 quove

524 3619 864 3682 durumento,
917 3623 1028 3675 sive
1076 3621 1367 3688 majoribus
1411 3621 1641 3685 nostris,
1686 3621 1800 3676 sive
1843 3621 1912 3675 ab
1960 3621 2090 3689 ipsis

525 3712 779 3778 apostolis
813 3713 966 3781 (quos
1015 3715 1249 3782 potiores
1294 3712 1485 3765 merito
1523 3712 1686 3766 fuisse
1727 3727 1832 3766 non
1871 3711 2089 3766 dubium

524 3799 646 3866 est),
679 3815 771 3854 seu
812 3802 882 3855 ab
919 3802 1032 3870 ipso
1060 3801 1286 3855 Domino
1314 3801 1611 3866 Salvatore,
1640 3801 1729 3870 qui
1754 3801 2088 3869 judicaturus

527 3891 759 3946 creditur
785 3894 934 3946 vivos
977 3901 1033 3946 et
1069 3902 1330 3956 mortuos,
1359 3891 1473 3945 sive
1501 3891 1699 3945 factum
1725 3900 1809 3946 est
1835 3905 2087 3960 unquam,

530 3981 611 4036 vel
660 3981 954 4035 faciendum
1005 3995 1126 4035 esse
1173 3981 1474 4034 mandatur.
1523 3980 1760 4034 Mortuos
1804 3982 2092 4034 suseitasse

529 4074 748 4140 tegimus
773 4073 1068 4136 Christum,
1105 4073 1156 4126 in
1188 4087 1371 4126 errore
1401 4080 1639 4126 mortuos
1665 4070 1958 4124 absolvisse
1985 4085 2091 4125 non

529 4163 769 4231 legimus.
824 4163 886 4215 Et
911 4164 1001 4230 qui
1031 4170 1179 4216 certe
1206 4162 1308 4216 huc
1336 4161 1564 4216 faciendi
1602 4160 1750 4214 solus
1787 4159 1972 4213 habuit
2001 4173 2094 4228 po—

527 4261 792 4315 testatem,
821 4251 976 4307 beato
1006 4253 1164 4306 Petro
1192 4251 1553 4320 principaliter
1577 4249 1794 4303 mandat
1813 4250 2089 4317 apostolo:

532 4344 655 4410 Qum
682 4343 915 4414 ligaveris
945 4359 1096 4414 super
1124 4352 1329 4407 terram,
1371 4342 1531 4412 ligata
1566 4349 1712 4395 erunt
1751 4351 1800 4396 et
1835 4343 1888 4395 in
1917 4341 2093 4405 costis,-

530 4447 574 4489 ει
603 4451 717 4505 qua!
742 4437 950 4490 solveris
989 4451 1143 4502 super
1169 4444 1378 4499 terram,
1418 4444 1562 4487 erunt
1590 4433 1757 4488 soluta
1796 4442 1840 4487 et
1872 4434 1926 4486 in
1955 4433 2094 4487 caelis

557 4528 738 4582 Matth.
768 4524 904 4598 xw).
949 4526 1120 4596 Super
1143 4537 1349 4591 terram,
1383 4525 1579 4594 inquit;
1611 4540 1732 4579 nam
1763 4526 1815 4578 in
1844 4524 1940 4578 hac
1965 4524 2092 4593 liga-

530 4618 667 4672 tione
699 4617 1002 4674 defunctum
1033 4631 1288 4685 nusquam
1310 4617 1444 4671 dixit
1461 4615 1665 4670 absolvi
1703 4616 1796 4687 [αι.
1821 4615 2094 4669 εὕδοινεηο

525 4707 691 4779 dum].
742 4708 896 4776 Quod
923 4723 1051 4778 ergo
1083 4723 1352 4777 nunquam
1395 4707 1592 4761 factum
1631 4718 1745 4774 est,
1789 4707 1869 4762 vel
1916 4713 2093 4761 mente

526 4799 808 4868 concipere
828 4799 1196 4865 formidamus,
1220 4801 1454 4855 scientes
1484 4800 1536 4854 in
1564 4799 1742 4854 divino
1765 4799 1965 4869 judicio
1987 4812 2092 4854 non

527 4905 683 4960 posse
709 4892 920 4962 penitus
944 4892 1213 4948 excusari.
1262 4892 1319 4948 Si
1345 4901 1557 4958 autem,
1601 4891 1744 4960 quod
1775 4905 1914 4945 nunc
1953 4905 2092 4959 prae-

526 4981 775 5045 tendunt,
827 4997 858 5037 a
898 4981 1137 5037 Romana
1175 4982 1414 5038 Ecclesia
1461 4995 1522 5036 se
1567 4991 1693 5036 sunt
1741 4981 1989 5046 divisuri,
2040 4982 2092 5036 id

524 5071 632 5140 jam
664 5069 862 5126 dudum
899 5071 1092 5127 fecisse.
1127 5081 1511 5128 monstrantur.
1537 5073 1557 5104 ³
1580 5071 1933 5142 Euphemiam
1961 5085 2090 5127 vero

525 5162 710 5224 miror,
753 5163 794 5216 si
831 5163 1183 5232 ignarantiam
1209 5178 1358 5220 suam
1389 5164 1506 5234 ipse
1536 5179 1640 5219 non
1669 5163 1957 5233 perspicit,
2001 5165 2091 5230 qui

523 5252 650 5304 dicit
689 5251 938 5308 Acacium
980 5254 1050 5310 ab
1087 5269 1195 5308 uno
1225 5269 1333 5309 non
1365 5255 1604 5323 potuisse
1628 5254 1894 5310 damnari.
1942 5253 2091 5310 itane

525 5357 628 5394 non
669 5342 946 5410 perspicit,
991 5343 1284 5400 secundum
1317 5343 1543 5399 formam
1572 5343 1766 5416 synodi
1793 5344 2094 5400 Chalcedo-

525 5433 724 5498 nensis,
758 5435 1008 5490 Acacium
1037 5435 1200 5490 fuisse
1223 5435 1576 5490 damnatum?
1621 5449 1720 5490 nec
1765 5433 1915 5490 novit
1947 5449 2090 5501 eam,

595 5584 612 5614 ί
651 5583 825 5639 Codex
849 5586 1168 5658 Veronensis
1186 5586 1402 5658 capituli
1424 5586 1773 5644 milleuariam
1797 5590 2086 5658 prefereus

522 5661 762 5716 martem.
805 5670 1031 5720 quocum
1067 5655 1169 5710 hoc
1196 5656 1390 5713 Gelasil
1419 5655 1884 5716 commonitorium
1921 5657 2086 5715 colla-

522 5734 630 5778 tum
649 5732 772 5793 pst,
805 5725 889 5777 hic
919 5725 1072 5793 legit.
1108 5741 1210 5780 non
1245 5735 1370 5780 tant.

590 5793 610 5824 ³
634 5791 763 5847 Cod.
797 5791 1012 5860 Veron},
1038 5811 1221 5868 parum
1247 5807 1338 5851 est.

2185 3355 2377 3423 deiecti
2397 3399 2413 3422 ,
2451 3352 2604 3423 cujus
2632 3355 2707 3406 rei
2741 3351 2891 3406 testis
2917 3351 3076 3406 etiam
3120 3351 3237 3418 ipse
3267 3349 3488 3404 docetur
3516 3353 3760 3416 Aeacius,

2186 3447 2274 3512 qui
2303 3443 2676 3514 praeceptionis
2712 3442 2867 3509 hujus
2897 3442 3097 3496 exstitit
3125 3450 3433 3495 exsecutor.
3475 3441 3628 3508 Quod
3662 3443 3740 3494 uti

2187 3550 2290 3594 que
2312 3535 2447 3587 sicut
2468 3532 2810 3600 apostolicam
2833 3529 3014 3585 sedem
3033 3530 3180 3598 juxta
3207 3528 3428 3584 formam
3454 3531 3768 3599 synodicam

2191 3625 2382 3679 fecisse
2421 3625 2758 3677 manifestum
2799 3631 2913 3688 est,
2959 3623 3034 3674 sic
3081 3621 3348 3674 neminem
3380 3622 3640 3674 resultare
3672 3637 3768 3688 po.

2192 3717 2356 3771 tuisse
2397 3717 2773 3770 certissimum.
2843 3713 2953 3768 lioc
3002 3713 3162 3780 igitur
3211 3712 3371 3764 modo
3416 3711 3659 3765 recidens
3710 3713 3767 3768 in

2189 3808 2515 3861 consortium
2545 3806 2940 3867 damnatorum,
2973 3815 3054 3858 est
3082 3803 3362 3857 damnatus
3396 3805 3642 3866 Aeacius,
3673 3805 3769 3869 qui

2189 3913 2373 3954 eorum
2401 3897 2818 3960 damnationem,
2848 3903 3132 3963 antequam
3164 3893 3544 3961 prmvaricator
3570 3894 3769 3947 existe-

2193 3999 2293 4056 ret,
2327 3991 2498 4043 fuerat
2524 3993 2829 4044 exsecutus.
2883 3988 3045 4041 Nobis
3083 3988 3197 4040 ausi
3239 3996 3362 4041 sunt
3400 3986 3574 4040 facere
3598 4001 3768 4041 cano-

2195 4095 2318 4133 num
2352 4080 2674 4132 mcntiouem
2696 4118 2710 4139 ,
2758 4087 2942 4130 contra
2980 4091 3113 4144 quos
3149 4091 3364 4144 semper
3389 4075 3769 4132 ambitionibus

2194 4170 2390 4224 illicitis
2412 4171 2434 4202 ⁵
2457 4169 2644 4224 fecisse
2676 4177 3065 4222 monstrantur.
3115 4167 3228 4234 Qua
3261 4167 3360 4235 ipsi
3390 4167 3632 4236 synodo,
3677 4169 3772 4224 vei

2192 4259 2483 4316 secundum
2513 4258 2666 4325 cujus
2692 4258 2881 4328 synodi
2911 4258 3134 4312 formam
3161 4258 3579 4312 Alexandrinum
3606 4258 3773 4313 Jonn-

2195 4365 2316 4405 nem
2365 4349 2432 4404 de
2473 4350 2699 4403 ecclesia
2744 4347 2827 4401 cui
2877 4348 3156 4402 ordinatus
3195 4348 3368 4401 fuerat
3407 4349 3773 4416 expulerunt?

2195 4441 2284 4508 qui
2313 4440 2471 4494 nullis
2498 4441 2674 4493 causis
2703 4437 3037 4491 evidentibus
3067 4451 3164 4492 nec
3188 4447 3312 4492 ante
3341 4439 3623 4503 convinci,
3671 4455 3775 4496 nec

2196 4538 2379 4600 postea
2409 4544 2725 4598 provocans,
2755 4528 2915 4581 etiam
2944 4529 2995 4582 in
3023 4527 3221 4596 judicio
3250 4529 3570 4595 competenti
3601 4531 3775 4598 potuit

2194 4621 2456 4675 accusari.
2503 4620 2654 4687 Quod
2684 4620 2726 4671 si
2755 4617 2976 4671 dicunt:
3009 4616 3302 4684 imperator
3330 4617 3432 4674 hoc
3461 4617 3626 4673 fecit:
3673 4618 3775 4675 hoe

2194 4714 2366 4774 ipsum
2393 4712 2580 4787 quibus
2611 4708 2940 4771 cauonibus;
2985 4708 3178 4778 quibus
3215 4709 3411 4778 regulis
3450 4718 3535 4764 est
3573 4723 3774 4778 prace-

2195 4803 2388 4873 ptum?
2430 4802 2537 4856 Cur
2563 4801 2688 4854 huic
2717 4809 2823 4853 tam
2853 4812 3015 4868 pravo
3044 4798 3183 4853 facto
3213 4799 3488 4854 consensit
3517 4801 3771 4867 Aeacius,

2195 4907 2313 4947 cum
2342 4891 2633 4946 auctoritas
2664 4888 2842 4942 divina
2872 4886 3015 4941 dicat
3041 4903 3056 4942 :
3101 4886 3224 4942 Non
3264 4889 3434 4943 solum
3459 4889 3548 4958 qui
3577 4891 3774 4957 furium

2195 4997 2349 5047 prava
2375 4995 2490 5034 reos
2520 4996 2656 5042 esse,
2696 4978 2786 5031 sed
2822 4977 2973 5030 etiam
3001 4979 3090 5045 qui
3112 4979 3433 5032 consentiunt
3461 4978 3774 5048 facientibus

2191 5071 2370 5142 (Rom.
2400 5085 2416 5124 I
2441 5071 2482 5142 ).
2516 5071 2718 5138 Quibus
2746 5067 3038 5124 cauonibus
3064 5069 3324 5138 quibusve
3350 5068 3550 5138 regulis
3575 5061 3775 5126 Calen-

2192 5160 2316 5216 dion
2361 5161 2612 5216 exclusus
2660 5168 2784 5224 est,
2844 5158 2930 5212 vel
2977 5158 3133 5227 primi
3178 5158 3390 5214 urbium
3439 5157 3774 5217 diversarum

2192 5251 2438 5307 catholici
2464 5249 2813 5306 sacerdotes?
2863 5248 2975 5316 Qua
3020 5248 3308 5304 traditione
3337 5264 3607 5321 majorum
3643 5266 3776 5324 apo—

2193 5343 2434 5399 stolicam
2462 5343 2644 5398 sedem
2673 5343 2726 5397 in
2746 5341 3005 5411 judicium
3031 5341 3264 5398 vocant?

2267 5436 2348 5490 An
2375 5433 2626 5489 secundae
2655 5433 2800 5489 sedis
2822 5432 3088 5489 antistites
3105 5473 3122 5499 ,
3161 5441 3216 5488 et
3248 5434 3422 5490 tertia
3441 5475 3458 5502 ,
3482 5437 3777 5508 exterique

2265 5588 2286 5620 ⁸
2311 5587 2446 5641 Cod.
2469 5587 2763 5649 Veronam,
2802 5584 3151 5657 Euphimittm,
3183 5595 3238 5642 et
3267 5587 3337 5642 ita
3367 5587 3584 5656 ubique.

2265 5658 2287 5688 ⁵
2313 5657 2460 5711 ilunc
2493 5657 2666 5712 locum
2707 5658 2960 5712 Nicolaus
2997 5670 3128 5724 papa
3160 5659 3347 5711 reeitat
3376 5673 3440 5712 ex
3473 5661 3778 5716 commoni-

2193 5728 2332 5783 torio
2359 5730 2410 5781 in
2431 5727 2654 5790 epistola
2679 5728 2713 5783 5
2735 5727 2801 5780 ad
2832 5724 3142 5780 Michaelem
3167 5728 3566 5795 imperatorem.
3597 5729 3776 5789 Hann.

2264 5797 2286 5829 '
2311 5795 2440 5852 Cod.
2470 5796 2692 5866 Verum,
2725 5796 2921 5852 illicitis
2953 5796 3156 5851 tenendi
3183 5811 3306 5851 esse.
