3994 6464
342 490 414 547 ,9
1545 474 1895 529 nmsrom
1934 475 2023 529 ET
2062 478 2399 536 neuneu.
3545 489 3617 544 so

341 605 479 661 bene
525 599 626 654 Sibi
672 594 872 654 00"50“
914 588 1215 648 εθεετάοῑθε
1244 587 1439 658 depelli
1471 585 1804 650 debuerunl.
1858 595 1914 641 et
1940 589 1993 647 Α
2020 589 2133 644 haec
2161 606 2256 645 vox
2291 594 2455 660 possit
2484 593 2709 649 admitti.
2768 596 2985 651 Remitti
3028 597 3184 665 culpa
3228 596 3295 652 de
3337 599 3613 667 praeterito

341 693 430 762 qui
469 689 745 760 religionis
771 683 973 740 exstitit
999 681 1276 744 inimicus,
1321 678 1516 746 depelli
1548 692 1652 732 non
1687 677 1916 732 debuit?

340 782 586 838 Viderint
614 793 742 846 ergo
787 777 830 829 si
875 774 1009 827 alios
1040 772 1235 827 habent
1263 782 1498 823 canones
1541 768 1744 838 quibus
1791 782 1918 823 suas

338 876 567 943 ineptias
594 876 973 937 exsequantur.
1022 865 1287 921 Caeterum
1316 862 1434 928 isti,
1476 864 1566 931 qui
1606 864 1780 928 sacri,
1826 863 1915 931 qui

338 961 720 1024 ecclesiastici,
771 959 857 1027 qui
906 956 1125 1027 legitimi
1169 954 1532 1017 celebrantur,
1570 954 1754 1007 sedem
1788 968 1917 1021 apo-

336 1056 583 1111 stolicam
628 1051 694 1104 ad
734 1049 990 1119 judicium
1020 1060 1214 1099 vocare
1244 1059 1349 1098 non
1382 1052 1637 1112 possunt;
1681 1052 1731 1099 et
1776 1044 1916 1097 Con-

335 1143 827 1213 stantinopolitanae
848 1137 1082 1193 civitatis
1110 1136 1411 1203 episcopus,
1457 1149 1576 1203 quae
1605 1135 1789 1204 utique
1820 1148 1915 1201 per

336 1249 573 1291 canones
603 1234 742 1288 inter
770 1229 926 1286 sedes
955 1227 1154 1283 nullum
1182 1240 1375 1280 nomen
1402 1225 1645 1292 accepit,
1688 1224 1739 1277 in
1769 1238 1915 1277 com-

336 1328 646 1380 munionem
678 1321 922 1377 recidens
950 1319 1293 1389 perfidorum,
1324 1330 1428 1370 non
1460 1315 1644 1370 debuit
1688 1315 1913 1369 submo-

336 1416 474 1471 vesi.
544 1419 647 1478 An,
690 1412 778 1481 qui
819 1409 1023 1464 homini
1056 1407 1312 1463 mentitus
1343 1406 1536 1461 dicitur
1565 1404 1912 1473 imperatori,

336 1516 391 1562 et
426 1506 513 1575 qui
560 1505 933 1572 imperatorem
965 1500 1164 1554 laesisse
1192 1498 1554 1566 perhibentur,
1591 1495 1786 1563 depelli
1813 1494 1912 1549 de-

338 1601 567 1653 buerunt
612 1614 626 1651 :
678 1604 733 1650 et
779 1596 832 1650 in
878 1593 1067 1658 Deum,
1118 1592 1207 1660 qui
1253 1603 1497 1644 summus
1543 1596 1598 1643 et
1640 1594 1913 1667 verus’est

337 1690 662 1755 imperator,
727 1684 981 1739 Acacium
1030 1682 1427 1750 delinquentem
1460 1718 1477 1745 ,
1539 1676 1913 1745 sinceramque

334 1778 761 1835 communionem
788 1776 952 1830 divini
990 1772 1309 1829 sacramenti
1349 1770 1653 1827 studentem
1684 1770 1913 1824 miscere

334 1887 456 1926 cum
486 1870 721 1940 perﬁdis,
743 1867 1033 1924 secundum
1063 1867 1351 1938 synodum,
1375 1880 1477 1935 qua
1508 1866 1621 1920 haec
1650 1874 1734 1921 est
1761 1865 1913 1919 dam-

336 1973 458 2016 nata
498 1960 753 2031 perfidia,
799 1975 904 2013 non
946 1959 1228 2028 oportebat
1252 1956 1511 2014 excludi?
1557 1957 1661 2014 Sed
1709 1958 1905 2026 ve-int,
1938 1974 1986 2037 Β

332 2051 525 2115 nolint,
558 2050 722 2119 ipsius
746 2049 948 2117 judicio
974 2050 989 2079 ι
1012 2047 1243 2119 antiquae
1274 2062 1539 2102 canonum
1569 2038 1910 2102 constitutio-

333 2157 430 2197 nes
458 2141 829 2196 firmabuntur.

402 2234 507 2289 Sed
538 2234 767 2304 religiosi
790 2231 891 2287 viri
912 2240 1070 2302 atque
1092 2231 1333 2302 perfecti,
1358 2230 1650 2288 secundum
1672 2244 1908 2285 canones

329 2338 642 2380 concessam
690 2323 803 2379 sedi
855 2322 1159 2392 apostolica:
1189 2331 1507 2392 potestatem
1536 2321 1788 2376 nimirum
1816 2334 1907 2377 co-

331 2427 528 2471 nantur
549 2416 779 2482 eripere,
807 2421 862 2471 et
884 2414 1097 2470 sibimet
1124 2429 1241 2469 eam
1273 2424 1458 2470 contra
1487 2428 1723 2469 canones
1750 2429 1909 2484 usur-

331 2523 461 2579 pare
490 2512 837 2563 contendunt.
893 2494 943 2561 0⁴
965 2520 1229 2561 canonum
1274 2505 1561 2576 magistros
1605 2512 1765 2574 atque
1813 2519 1907 2558 cu-

328 2600 549 2656 stodes!
607 2600 770 2654 Nobis
810 2599 1014 2653 nullum
1052 2597 1133 2653 fas
1173 2605 1256 2653 est
1300 2597 1438 2651 inire
1467 2604 1737 2651 certamen
1781 2609 1903 2648 cum

330 2689 637 2745 hominibus
683 2687 1076 2744 communionis
1123 2686 1349 2754 alienae,
1400 2687 1579 2741 divina
1626 2685 1904 2755 Scriptura

328 2780 704 2850 pra'dicante:
761 2778 1039 2833 Hominem
1088 2777 1381 2832 hareticum
1432 2784 1546 2847 post
1596 2777 1815 2844 primum
1857 2785 1905 2831 et

326 2873 605 2926 secundum
631 2871 995 2942 correptionem
1022 2869 1209 2935 devita,
1246 2870 1413 2924 sciens
1437 2868 1576 2938 quod
1604 2869 1906 2941 hujusmodi

326 2962 607 3029 delinquat,
634 2962 841 3031 proprio
860 2959 1063 3031 judicio
1087 2958 1453 3013 condemnatus
1475 2956 1601 3029 (Tit.
1620 2958 1727 3028 tu).
1761 2959 1903 3015 Ecce

323 3061 649 3124 cognoscant
682 3052 805 3123 quia
832 3065 939 3105 non
968 3050 1139 3105 solum
1165 3050 1233 3104 ab
1259 3050 1390 3114 alio,
1421 3048 1516 3105 sed
1545 3063 1576 3103 a
1603 3064 1664 3105 se
1692 3065 1902 3119 quoque

323 3144 442 3213 ipso
478 3144 758 3199 damnetur
784 3143 879 3216 [aL
943 3140 1361 3213 praadamnetur]
1407 3142 1716 3198 haereticus.
1765 3142 1899 3198 Illud

320 3248 501 3291 autem
550 3237 708 3291 nimis
751 3245 833 3291 est
879 3235 1191 3301 impudens,
1232 3233 1374 3306 quod
1403 3235 1657 3290 Acacium
1687 3236 1898 3289 veniam

320 3326 619 3395 postulasse
665 3326 1010 3395 contingunt,
1059 3332 1115 3381 et
1162 3339 1261 3380 nos
1310 3325 1581 3380 exstitisse
1626 3324 1893 3381 difficiles.
1924 3339 1969 3401 ρ

321 3417 498 3471 Testis
527 3426 607 3471 est
647 3416 809 3472 frater
834 3428 1034 3485 vester,
1068 3416 1205 3471 titius
1236 3431 1387 3470 meus
1418 3417 1499 3470 vir
1527 3416 1751 3471 illustris
1781 3420 1893 3471 An-

317 3508 660 3575 dromachus,
704 3508 791 3577 qui
829 3522 857 3561 a
898 3507 1051 3562 nobis
1080 3507 1411 3561 abundanter
1442 3507 1737 3561 instructus
1768 3515 1851 3561 est
1874 3547 1891 3573 ,

317 3608 377 3651 ut
404 3597 773 3652 cohortaretur
800 3597 1046 3652 Aeaciqu
1086 3597 1326 3665 deposita
1363 3596 1725 3650 obstinatione
1762 3597 1896 3650 resi-

317 3688 546 3756 piscere,
580 3696 632 3741 et
662 3686 726 3741 ad
759 3687 901 3741 sedis
928 3687 1236 3755 apostolica:
1266 3702 1507 3742 remeare
1536 3691 1888 3764 consortium,

315 3779 516 3848 quique
542 3792 601 3832 se
625 3778 723 3831 sub
744 3778 1093 3847 jurejurando
1136 3778 1343 3847 magnis
1371 3792 1491 3833 cum
1520 3778 1709 3835 eodem
1738 3778 1889 3833 moli.

317 3871 552 3925 tionibus
582 3871 751 3940 egisse
790 3880 1035 3938 teStatur,
1087 3884 1185 3925 nec
1236 3872 1301 3924 ad
1347 3886 1408 3927 ea
1438 3887 1555 3942 qua:
1583 3882 1729 3926 recta
1762 3881 1887 3927 sunt

312 3964 543 4034 potuisse
578 3962 807 4026 deﬂecti,
842 3964 980 4017 sicut
1002 3978 1179 4018 rerum
1210 3964 1465 4033 probatur
1487 3963 1699 4019 ell'ectu.
1728 3965 1889 4020 Certe

311 4055 615 4124 proferatur
643 4053 919 4125 judicium,
943 4054 1157 4123 quando
1186 4055 1409 4119 miserit,
1434 4056 1647 4124 quando
1676 4055 1886 4109 veniam

311 4144 629 4213 postularit,
673 4146 1161 4213 corremionemque
1200 4160 1347 4200 suam
1382 4146 1535 4199 nobis
1576 4146 1886 4215 promiserit

316 4237 675 4292 exhibendam
719 4255 731 4289 :
778 4236 879 4290 nisi
927 4237 1065 4290 forte
1095 4236 1236 4291 hunc
1265 4237 1501 4290 animum
1530 4237 1692 4305 gessit
1723 4252 1883 4306 quem

306 4340 651 4382 successores
697 4325 813 4394 ejus
862 4325 1059 4379 habere
1104 4324 1483 4394 perspicimus,
1519 4336 1572 4378 nt
1620 4336 1796 4380 tamen
1840 4326 1885 4381 si

307 4417 518 4471 veniam
546 4418 855 4485 postularet,
886 4416 964 4469 sic
992 4415 1092 4469 sibi
1116 4416 1279 4469 vellet
1309 4415 1568 4483 impendi,
1602 4427 1657 4470 ut
1690 4416 1887 4471 nihilo-

305 4507 485 4561 minus
516 4506 567 4559 in
600 4522 785 4562 errore
812 4506 1162 4576 persisterct:
1192 4506 1280 4561 ubi
1320 4508 1505 4575 utique
1549 4522 1653 4561 non
1698 4517 1805 4563 tam
1853 4524 1883 4562 a

305 4597 461 4651 nobis
506 4597 670 4665 recipi
714 4597 1001 4658 videretur,
1054 4611 1210 4663 quam
1256 4611 1355 4649 nos
1400 4596 1575 4666 potius
1624 4598 1678 4651 in
1728 4612 1880 4654 suam

2024 690 2226 747 potest,
2272 684 2605 739 correctione
2634 687 2750 741 sine
2777 686 2940 741 dubio
2967 688 3349 757 subsequente.
3400 689 3529 742 Nam
3564 690 3607 743 si

2022 770 2273 839 deinceps
2317 773 2495 827 finitur
2536 772 2629 847 [αι.
2661 776 2899 847 tingitur]
2946 792 3198 831 mansura
3254 781 3604 846 perversitas,

2021 876 2127 913 non
2178 873 2258 915 est
2305 863 2607 933 benignitas
2655 867 3018 932 remittentis,
3071 867 3166 921 sed
3215 868 3605 923 consentientis

2020 950 2307 1008 'asscnsio
2351 954 2445 1026 [αι.
2474 957 2809 1029 assentatio].
2865 958 2981 1012 Non
3026 969 3108 1014 est
3152 960 3378 1026 mirum,
3426 962 3469 1013 si
3519 960 3606 1013 isti

2018 1041 2202 1097 sedem
2238 1045 2373 1098 beati
2403 1046 2546 1099 Petri
2581 1049 2807 1116 apostoli
2851 1048 3224 1118 blasphemare
3252 1060 3605 1117 prmsumunt,

2018 1132 2107 1199 qui
2140 1133 2264 1187 talia
2294 1143 2540 1204 portenta
2576 1136 2655 1190 vel
2684 1138 2847 1192 corde
2875 1148 3096 1207 gerunt,
3141 1141 3225 1195 vel
3271 1156 3366 1195 ore
3405 1142 3602 1195 dill‘nn-

2018 1221 2171 1287 dunt,
2194 1233 2249 1278 et
2277 1239 2373 1279 nos
2404 1226 2626 1295 insuper
2651 1229 2912 1296 superbos
2940 1245 3058 1286 esse
3085 1233 3454 1299 pronuntiant,
3480 1248 3603 1287 cum

2017 1313 2097 1367 eis
2128 1312 2297 1381 prima
2326 1314 2505 1380 sedes,
2539 1318 2797 1388 quidquid
2840 1328 2924 1374 est
2972 1321 3205 1389 pietatis,
3244 1337 3349 1376 non
3385 1324 3605 1377 resistat

2016 1405 2108 1478 [αι.
2139 1409 2472 1476 desinat,vet
2515 1412 2760 1487 desistat]
2786 1412 3001 1479 offerre,
3034 1415 3109 1469 illi
3146 1430 3264 1470 eam
3311 1417 3429 1485 ipso
3474 1432 3601 1486 pro-

2016 1505 2165 1552 tervo
2188 1499 2375 1567 spiritu
2398 1500 2681 1572 subjugare
2704 1518 2763 1557 se
2787 1518 2946 1573 posse
2967 1505 3258 1560 confidant.
3289 1506 3394 1562 Sed
3418 1516 3606 1576 captos

2016 1599 2197 1645 mente
2242 1592 2419 1646 facere
2469 1594 2570 1648 ista
2618 1608 2725 1648 non
2776 1597 2971 1650 mirum
3016 1605 3116 1652 est.
3171 1598 3262 1651 Sic
3306 1599 3605 1668 phrenetici

2015 1678 2192 1733 solent
2227 1680 2560 1737 medicantes
2586 1697 2825 1754 quosque
2855 1685 2951 1756 [αι.
2984 1686 3223 1759 quoque]
3250 1689 3393 1745 velut
3421 1688 3607 1745 hostes

2015 1780 2201 1838 putare
2230 1771 2313 1826 vel
2355 1772 2582 1828 cadere.
2614 1773 2635 1805 ³
2655 1774 2851 1842 Quaero
2880 1784 3056 1832 tamen
3089 1780 3157 1833 ab
3185 1779 3297 1844 his,
3340 1781 3598 1850 judicium

2015 1860 2157 1929 quod
2191 1862 2559 1929 prmtendunt,
2606 1866 2826 1920 ubinam
2875 1868 3044 1936 possit
3089 1868 3324 1939 agitari:
3364 1886 3430 1924 an
3460 1873 3603 1941 apud

2015 1950 2190 2019 ipsos,
2225 1962 2283 2006 ut
2324 1954 2485 2011 iidem
2516 1954 2628 2010 sint
2655 1956 2887 2027 inimici,
2932 1968 2987 2014 et
3026 1968 3222 2027 testes,
3262 1972 3316 2016 et
3349 1963 3604 2033 judices?

2014 2041 2124 2097 Sed
2155 2042 2245 2098 tali
2283 2043 2489 2113 judicio
2518 2060 2618 2101 nec
2651 2046 2882 2103 humana
2914 2048 3113 2105 debent
3138 2052 3400 2107 committi
3434 2069 3601 2124 nego-

2012 2132 2116 2198 tia,
2164 2134 2361 2189 nedum
2401 2135 2596 2191 divina:
2634 2136 2767 2207 legis
2807 2136 3107 2209 integritas.
3158 2140 3212 2197 Si
3245 2153 3498 2211 quantum
3530 2145 3596 2196 ad

2010 2224 2325 2296 religionem
2354 2228 2615 2296 pertinet,
2661 2244 2769 2284 non
2809 2230 2912 2285 nisi
2951 2232 3258 2301 apostolicae
3288 2234 3402 2289 sedi
3444 2236 3597 2303 juxta

2009 2331 2245 2373 canones
2273 2318 2498 2374 debetur
2524 2335 2733 2377 summa
2769 2321 2957 2391 judieii
3001 2325 3195 2391 totius;
3245 2326 3289 2380 si
3338 2336 3594 2395 quantum

2009 2409 2074 2462 ad
2100 2410 2282 2464 saeculi
2312 2419 2650 2479 potestatem,
2683 2413 2769 2468 illa
2796 2429 2823 2466 a
2854 2415 3215 2482 pontiﬁcibus,
3244 2426 3298 2472 et
3325 2418 3597 2486 praecipue

2007 2512 2035 2551 a
2066 2499 2208 2554 beati
2237 2498 2380 2555 Petri
2403 2501 2623 2568 vicario,
2646 2502 2805 2558 debet
2829 2507 3078 2574 cognosci
3104 2505 3197 2578 [αι.
3218 2508 3594 2579 cognoscere],

2007 2603 2125 2655 qua:
2154 2588 2333 2644 divina
2361 2599 2516 2655 sunt,
2550 2607 2654 2647 non
2687 2592 2801 2661 ipsa
2829 2595 3017 2650 eadem
3057 2596 3301 2665 judicare
3328 2597 3421 2671 [aL
3456 2600 3593 2669 diju-

2006 2675 2230 2751 dicare].
2274 2677 2385 2735 Nec
2409 2678 2511 2735 sibi
2539 2681 2639 2737 hoc
2666 2683 2949 2754 quisquam
2977 2687 3380 2754 potentissimus
3406 2690 3590 2744 smculi

2010 2764 2122 2837 (qui
2153 2775 2330 2821 tamen
2353 2768 2687 2827 Christianus
2714 2772 2817 2842 est)
2850 2773 3123 2830 vindicare
3153 2782 3453 2844 praesumit,
3484 2762 3588 2835 nisi

2004 2855 2319 2924 religionem
2361 2856 2584 2914 forsitan
2628 2874 2977 2930 persequens.
3032 2864 3169 2931 Quid
3217 2875 3392 2922 tamen
3438 2870 3588 2925 dice-

2004 2953 2157 3013 rent,
2204 2944 2251 3001 si
2297 2961 2404 3002 non
2446 2948 2647 3005 chartis
2685 2951 2799 3005 suis
2830 2951 2882 3006 in
2915 2954 3164 3009 omnibus
3194 2955 3541 3013 vincerentur
3563 2962 3588 3013 ?

2004 3035 2234 3106 ineptias
2257 3036 2434 3107 itaque
2461 3053 2586 3095 suas
2614 3040 2714 3096 sibi
2737 3053 2973 3112 servent,
3000 3045 3099 3100 nisi
3124 3046 3459 3117 resipiscant,
3492 3065 3585 3120 po-

2002 3125 2108 3181 tius
2133 3127 2428 3196 cogitantes
2455 3128 2655 3185 Christi
2688 3146 2877 3201 vocem
2923 3149 3029 3189 non
3073 3150 3193 3193 esse
3232 3139 3582 3209 superﬂuam,

2000 3233 2119 3289 qua
2154 3220 2481 3276 confessioni
2521 3222 2662 3278 beati
2711 3225 2855 3281 Petri
2896 3229 3129 3295 apostoli
3172 3229 3365 3286 inferni
3398 3244 3582 3301 portas

2002 3328 2273 3383 nunquam
2321 3315 2691 3385 praevalituras
2733 3320 2960 3374 asseruit
3004 3318 3219 3389 (Matth.
3246 3324 3382 3392 xw).
3434 3325 3578 3392 Qua-

2002 3413 2219 3472 propter
2247 3420 2352 3459 non
2384 3419 2631 3461 veremur
2658 3422 2724 3461 ne
2765 3410 3055 3473 apostolica
3097 3414 3364 3467 sententia
3406 3418 3583 3470 resol-

1999 3505 2175 3560 vatur,
2206 3512 2362 3565 quam
2390 3506 2442 3553 et
2468 3514 2573 3555 vox
2602 3498 2831 3569 Christi,
2865 3513 2915 3557 et
2947 3505 3208 3574 majorum
3244 3508 3481 3571 traditio,
3528 3518 3582 3565 et

1998 3586 2019 3616 ⁸
2043 3602 2306 3642 canonum
2340 3587 2491 3643 fulcit
2516 3593 2840 3661 auctoritas,
2886 3604 2945 3649 ut
2986 3606 3149 3652 totam
3180 3599 3358 3668 potius
3390 3601 3579 3657 Eccle-

1996 3676 2127 3729 siam
2160 3692 2371 3745 semper
2400 3679 2513 3746 ipsa
2543 3681 2815 3751 dijudicct.
2869 3685 2973 3741 Sed
3015 3689 3246 3758 cogitent
3288 3692 3487 3761 magis,
3532 3696 3576 3747 si

1995 3767 2112 3838 quis
2144 3768 2194 3823 in
2224 3770 2300 3823 eis
2331 3771 2603 3841 religionis
2630 3784 2710 3829 est
2741 3789 2950 3842 sensus,
2985 3794 3052 3834 ne
3081 3781 3395 3847 pravitatem
3424 3800 3577 3839 suam

1995 3863 2296 3918 nullatenus
2321 3865 2670 3934 deponentes,
2698 3871 2834 3937 apud
2864 3870 3029 3925 Deum
3060 3871 3411 3943 hominesque
3433 3877 3577 3930 sedis

1992 3954 2299 4020 apostolica:
2348 3969 2599 4025 perpetua
2647 3962 3032 4017 constitutione
3078 3962 3418 4018 damnentur.
3488 3966 3576 4020 Sic

1992 4050 2168 4097 autem
2192 4044 2387 4099 dicitur
2407 4045 2569 4101 fuisse
2598 4047 2897 4118 deﬁnitum,
2919 4061 2973 4105 ut
2996 4052 3249 4121 deinceps
3271 4054 3338 4109 de
3361 4059 3576 4125 negotio

1992 4134 2123 4187 nihil
2150 4133 2379 4199 dicatur,
2405 4140 2554 4205 quasi
2585 4140 2669 4193 vel
2698 4156 2837 4195 nunc
2865 4156 2957 4196 eos
2981 4144 3449 4211 (quemadmodum
3482 4160 3574 4200 no-

1992 4224 2110 4293 stis)
2143 4240 2264 4279 meo
2306 4226 2551 4281 duxerim
2602 4230 2821 4284 nomine
2864 4234 3173 4300 Specialiter
3202 4235 3571 4303 alloquendos.

1988 4315 2173 4385 Neque
2213 4319 2368 4384 plane
2414 4333 2535 4373 cum
2587 4320 2703 4373 istis
2756 4337 2864 4375 non
2913 4324 3309 4393 corrigentibus
3340 4327 3572 4381 ineunda

1988 4409 2323 4477 congressio,
2355 4411 2798 4478 quemadmodum
2830 4428 2951 4467 cum
2977 4414 3200 4471 aliarum
3226 4430 3436 4485 quoque
3465 4417 3571 4472 ha:-

1988 4512 2168 4552 resum
2206 4502 2561 4557 sectatoribus
2591 4502 2867 4559 dimicatio
2896 4506 3194 4561 renuenda.
3239 4507 3348 4563 Vos
3390 4518 3570 4566 autem

1986 4590 2163 4643 salvos
2192 4599 2244 4644 ct
2272 4592 2501 4660 sospites
2532 4596 2847 4663 quantocius
2886 4597 2990 4651 huc
3030 4598 3256 4667 reverti,
3302 4602 3571 4655 coutinuis

302 4685 605 4739 traduceret
634 4686 968 4753 pravitatem.
1011 4684 1180 4749 Quem
1213 4695 1415 4740 reatum
1447 4701 1506 4740 se
1533 4687 1879 4744 confessurus
1908 4707 1961 4767 ι)
1990 4679 2329 4738 Πίνίηίιθιεω
2359 4686 2500 4741 votis
2529 4690 2832 4756 expetimus

300 4784 548 4829 asserunt
574 4786 697 4831 ante
726 4777 1040 4829 certamen?
1090 4776 1146 4831 Si
1178 4786 1359 4830 reatus
1388 4787 1502 4841 est,
1546 4778 1730 4847 utique
1757 4795 1877 4834 cur-

299 4868 549 4933 rigendus
575 4878 677 4922 est.
724 4868 781 4921 Si
811 4868 1184 4936 corrigendum
1217 4884 1321 4922 non
1350 4878 1564 4938 putant,
1616 4870 1875 4927 fallaciter

298 4970 361 5011 se
390 4967 589 5011 reatum
623 4956 902 5025 perhibent
942 4958 1217 5027 proﬁteri;
1268 4959 1401 5026 nisi,
1444 4959 1585 5028 quod
1622 4970 1703 5014 est
1740 4960 1874 5015 infe-

298 5048 485 5111 licius,
538 5064 657 5102 cum
707 5057 763 5103 et
811 5049 1044 5101 fatentur
1080 5058 1320 5115 reatum,
1369 5058 1423 5104 et
1466 5065 1571 5104 non
1602 5054 1873 5106 zestimant

296 5140 690 5208 corrigendum.
743 5141 872 5195 illud
906 5156 1115 5211 quoque
1160 5158 1245 5196 me
1285 5143 1462 5197 ridere
1499 5144 1681 5209 libuit,
1726 5147 1871 5215 quod

294 5230 371 5284 ait
396 5246 412 5283 :
442 5229 499 5285 Si
527 5243 745 5285 necesse
789 5232 950 5286 fuerit
974 5231 1181 5285 veniam
1232 5233 1521 5301 postulare,
1552 5236 1870 5291 existimans

294 5319 545 5376 nimirum
593 5328 719 5375 tunc
763 5335 823 5376 se
870 5322 1072 5391 peccati
1102 5323 1309 5376 veniam
1343 5324 1647 5379 nicessario
1678 5336 1864 5395 postu-

291 5412 437 5478 lare,
484 5413 527 5466 si
575 5412 625 5466 ei
676 5415 1033 5469 concedamus
1078 5430 1145 5470 ne
1185 5431 1409 5483 peccare
1452 5417 1707 5481 desistat;
1756 5421 1865 5476 imo

287 5499 454 5556 etiam
501 5500 665 5570 (quod
711 5501 871 5571 absit)
917 5518 1037 5557 cum
1087 5504 1273 5558 eodem
1318 5509 1713 5561 consentiamus
1764 5526 1865 5563 nos

290 5602 500 5659 quoque
530 5603 773 5659 peccare.
822 5592 1012 5646 Nescio
1056 5594 1195 5647 inter
1232 5610 1348 5662 qua:
1392 5598 1572 5651 mundi
1618 5600 1858 5669 prodigia

361 5721 377 5752 ι
401 5718 531 5777 Cod.
566 5719 783 5786 Veron.,
825 5724 1032 5791 antiqua
1074 5740 1324 5778 canonum
1362 5729 1718 5785 constitutione
1758 5733 1857 5801 ﬁr-

285 5799 505 5842 metitur.

360 5809 364 5820 >
405 5806 505 5842 utr.

360 5806 531 5914 '"Cod.
561 5858 849 5929 Veronen.,
881 5860 1216 5917 adnuntiatio.

2554 4818 2883 4877 EPISTULA
2927 4822 2986 4876 γ.

2247 4944 2315 4983 AD
2354 4944 2620 4986 Βοκοειιωι
2660 4949 2943 4991 υΑιυΑτιιε
2984 4951 3292 4994 εριεοορυιί.

1981 5035 2159 5093 Monet
2188 5054 2250 5093 ne
2280 5038 2614 5128 Pelagianam
2646 5047 2876 5128 Itwresim
2904 5066 2934 5101 (ι
2967 5058 3037 5128 tot
3080 5051 3403 5120 pontiﬁcibus
3430 5056 3563 5110 delr-

2427 5123 2613 5167 statam
2640 5121 2931 5174 reviviscere
2958 5121 3115 5175 sinat.

2050 5240 2407 5298 Dilectissimo
2434 5244 2582 5300 fratri
2613 5247 2852 5305 Honorio
2880 5250 3145 5308 Geiasins.

2049 5331 2199 5391 Licet
2227 5334 2365 5389 inter
2392 5339 2568 5392 varias
2596 5349 2891 5410 temporum
2917 5343 3264 5401 diflicultates
3294 5352 3563 5405 continuis

1972 5426 2410 5492 occupationibus
2432 5428 2709 5499 implicati,
2733 5434 2816 5487 vix
2843 5435 3112 5504 respirare
3135 5437 3437 5503 valeamus;
3463 5457 3561 5510 pro

1971 5515 2113 5571 sedis
2143 5527 2319 5571 tamen
2350 5522 2659 5588 apostolicae
2687 5526 3053 5582 moderamine
3082 5531 3246 5585 tutius
3280 5530 3433 5585 ovilis
3463 5533 3560 5587 do-

1971 5606 2150 5659 minici
2182 5620 2369 5661 curam
2402 5613 2517 5665 sine
2546 5616 2848 5669 cessatione
2880 5626 3193 5684 tractantes,
3237 5635 3357 5689 qua:
3401 5620 3559 5679 beato

2027 5735 2414 5821 .‘.Citatur'hic
2460 5742 2620 5821 locus
2656 5760 2685 5799 a
2736 5746 2957 5821 Nicolao
3005 5766 3137 5820 papa
3193 5753 3245 5806 ἲη
3293 5755 3449 5821 θρίδῐο
3484 5761 3552 5812 3d

1968 5804 2280 5891 Hiel‘i‘aelem
2306 5812 2455 5891 imp”
2476 5822 2533 5866 ut
2554 5815 2653 5868 alia
2677 5829 2739 5891 es
2768 5817 2865 5871 huc
2890 5804 3270 5891 ipsa'epistoia.
3293 5804 3551 5883 imiimi;

2041 5874 2061 5905 ⁸
2086 5874 2286 5935 Sunnle
2317 5874 2665 5939 Nicwnorum.
2698 5874 2938 5943 Mannum
