3994 6394
493 375 552 428 3|
1854 368 2046 424 CELA!

2157 369 2236 423 PA
2245 370 2355 424 ῐδιΕ
2394 370 2414 422 l
3662 367 3735 421 3'3

493 483 648 539 l’etro
693 482 990 538 Salvatoris
1034 479 1199 551 ipsius
1246 477 1413 533 nostri
1461 491 1591 532 voce
1639 477 1874 546 delegata
1923 485 2042 531 est:
2074 483 2123 538 Α
2149 478 2318 532 beata:
2360 477 2629 533 memoria:
2669 462 3052 540 Innocentium,
3095 489 3158 531 ac
3195 477 3391 532 deinde
3433 477 3725 542 Zosin.uui,

494 571 559 624 Et
590 582 641 624 tu
669 588 937 625 conversus
965 570 1212 648 conﬁrma
1248 568 1428 635 fratres
1458 577 1571 620 tuos
1600 566 1750 632 (Luc.
1783 564 1938 632 χχιι).
1991 565 2057 619 Et

490 668 649 720 item:
688 666 850 730 Petra,
871 680 1008 718 amas
1046 680 1123 716 me
1145 663 1171 716 ?
1217 661 1373 714 Pasce
1402 676 1515 715 oues
1544 657 1885 728 nteas‘ann.
1920 657 2055 727 xxx).

493 757 836 811 Dissimulare
857 769 954 809 nec
976 765 1252 822 possumus
1275 765 1373 805 nec
1392 751 1664 813 debemus,
1683 763 1801 814 qua:
1819 756 2054 803 nostram

489 846 898 898 sollicitudinem
938 844 1102 895 forma
1132 839 1480 909 persttingat,
1526 853 1645 893 cum
1687 837 1847 891 beato
1891 837 2054 890 Paulo

491 935 729 1001 apostolo
759 933 1053 986 sentientes
1089 941 1250 999 atque
1287 931 1554 982 dicentes:
1591 927 1712 990 Quis
1741 926 2050 994 inﬁrmatur,

490 1039 534 1075 et
561 1039 650 1092 ego
681 1040 782 1074 non
813 1022 1088 1088 inﬁrmor?
1134 1020 1260 1086 Quia
1294 1017 1690 1080 scandalizatur,
1737 1024 1786 1068 et
1824 1032 1914 1083 ego
1954 1031 2054 1068 non

490 1129 608 1165 uror
635 1110 718 1182 (ll
744 1111 864 1166 Cor.
894 1110 1007 1179 XI)?
1029 1111 1100 1163 Ita
1126 1109 1318 1177 quippe
1346 1121 1442 1159 nos
1469 1115 1686 1172 repente
1717 1105 1905 1169 tristis,
1932 1105 2054 1158 bor-

489 1203 650 1255 renda
683 1212 736 1256 et
765 1203 850 1256 vix
879 1201 1145 1256 credibilis
1188 1197 1421 1251 confecit
1463 1197 1664 1265 Opinio.
1709 1205 1766 1250 ut
1814 1204 2048 1249 mentem

490 1302 726 1347 nostram
771 1292 1160 1356 confunderet,
1209 1289 1469 1342 sauciaret
1499 1331 1513 1353 ,
1566 1288 1849 1354 afﬂigeret.
1901 1286 2050 1341 Nun-

491 1385 678 1435 tiatum
725 1384 875 1436 nobis
906 1391 987 1436 est
1013 1382 1155 1434 enim
1202 1380 1254 1433 in
1301 1379 1605 1447 regionibus
1651 1379 2048 1444 Dalmatiarum,

490 1472 742 1538 quosdam
764 1471 990 1526 recidiva
1007 1468 1307 1538 Pelagiana:
1331 1471 1488 1532 restis
1510 1469 1708 1521 zizania
1730 1468 2048 1534 seminasse,

492 1570 798 1629 tantumque
836 1560 945 1614 illic
983 1573 1166 1614 eorum
1210 1560 1502 1627 prawalcre
1530 1556 1944 1624 blasphemam,
1994 1568 2048 1612 ut

491 1651 758 1718 simplices
814 1663 1054 1718 quosque
1113 1647 1369 1702 mortiferi
1433 1645 1629 1700 furoris
1691 1647 2049 1700 insinuatione

493 1741 773 1807 decipiant.
840 1740 932 1793 Est
982 1738 1193 1807 quidem
1249 1752 1398 1792 error
1447 1737 1559 1804 ipse
1614 1736 1846 1790 nefarius
1905 1745 2049 1790 tanto

2156 569 2503 635 Bonifacium,
2534 569 2901 633 leestinum,
2927 568 3156 633 Sixtum,
3186 568 3438 635 Leonem,
3459 569 3729 622 continuis

2154 670 2209 715 et
2255 659 2650 714 incessabilihus
2696 659 2976 713 sententiis
3007 658 3171 713 fuisse
3219 665 3586 727 prostratam;
3630 673 3732 712 nec

2155 758 2358 804 tantum
2401 749 2653 804 Ecclesia:
2696 748 2971 804 catholica:
3015 749 3242 816 legibus,
3291 747 3386 801 sed
3427 747 3728 816 principum

2155 854 2366 908 quoque
2411 840 2768 892 Romanorum
2812 853 2877 892 eo
2924 848 3107 892 tenore
3149 838 3474 902 damnatam,
3518 846 3577 890 ut
3622 849 3729 891 nec

2155 943 2375 998 usquam
2416 939 2674 984 terrarum
2707 927 2920 982 vivendi
2953 929 3125 981 locum
3155 935 3447 981 sectatores
3477 925 3594 994 ejus
3627 924 3724 979 ha—

2155 1020 2282 1075 bere
2309 1023 2608 1075 sinerentur
2628 1022 2650 1072 ἲ
2670 1018 2800 1085 Qua:
2827 1019 3002 1074 omnia
3030 1026 3136 1072 tam
3163 1019 3325 1086 gesﬁs
3347 1017 3604 1071 Ecclesia:
3629 1031 3728 1085 per

2152 1108 2386 1176 singulas
2415 1123 2650 1178 quasque
2688 1107 2936 1178 regiones
2971 1107 3038 1162 de
3075 1121 3258 1162 eorum
3291 1107 3560 1175 pravitate
3596 1121 3729 1160 coo-

2153 1202 2325 1266 fectis,
2360 1216 2515 1270 quam
2548 1215 2790 1256 censura:
2831 1199 3058 1268 publica:
3094 1197 3455 1252 sanctionibus
3494 1196 3732 1252 edocen-

2155 1298 2260 1344 tur.
2290 1290 2429 1343 Ecce
2454 1288 2810 1358 quorumlibet
2833 1303 2988 1342 aures
3007 1288 3297 1342 catholicas
3319 1286 3502 1342 audire
3528 1288 3733 1342 doctri-

2153 1382 2627 1449 nam,quazstiones
2648 1384 2908 1447 accipere,
2925 1386 3152 1433 tractare
3168 1379 3479 1443 tendiculas,
3499 1387 3548 1430 et
3575 1378 3624 1430 bl
3638 1394 3732 1430 as-

2153 1470 2389 1537 phemias
2421 1470 2680 1537 patienter
2695 1470 2997 1524 admittere.
3028 1469 3070 1522 0
3092 1467 3136 1522 si
3165 1468 3443 1523 studerent
3466 1468 3730 1521 adversus

2153 1575 2248 1613 eos
2290 1560 2546 1628 majorum
2597 1569 2898 1614 nostrorum
2943 1558 3106 1612 libros
3132 1571 3493 1626 responsaque
3523 1571 3727 1626 cogno-

2151 1663 2323 1712 scere,
2375 1649 2479 1703 illic
2534 1649 2704 1703 tnodis
2747 1646 2993 1702 onmibus
3036 1655 3372 1712 cerneretur,
3428 1646 3555 1699 nihil
3605 1661 3734 1701 esse

2151 1752 2389 1805 prorsus,
2412 1736 2552 1805 quod
2578 1753 2679 1789 non
2708 1745 2762 1790 et
2791 1737 2858 1790 ab
2887 1735 3002 1790 istis
3024 1735 3182 1791 fuerit
3204 1729 3539 1798 ventilatuut,
3570 1743 3627 1789 et
3656 1736 3732 1789 ab

495 1831 821 1897 pz-rniciosor
862 1831 925 1882 ad
966 1827 1380 1896 subripiendum,
1427 1835 1623 1896 quanto
1659 1827 1723 1879 ad
1766 1827 2045 1881 fallendum
2080 1833 2124 1892 Β
2154 1826 2258 1880 illis
2287 1825 2562 1895 magniﬁca
2590 1825 2813 1879 veritate
2840 1825 3148 1879 contritum.
3182 1821 3378 1892 Sicque
3415 1822 3482 1877 de
3514 1824 3734 1877 cunctis

494 1919 961 1972 verisimilitudiuis
977 1918 1158 1972 colore
1177 1917 1440 1971 versutior
1462 1933 1478 1969 :
1499 1926 1782 1986 prtestante
1805 1917 2053 1980 Domino,

492 2008 640 2062 adest
681 2009 798 2062 fidei
829 2007 1101 2061 catholicae
1139 2021 1270 2075 pura
1300 2007 1515 2070 veritas,
1551 2007 1904 2061 contordibus
1933 2007 2053 2061 uni-

491 2111 763 2151 versorum
796 2099 1006 2151 Patrum
1033 2097 1342 2164 deprompta
1371 2097 1664 2158 sententiis,
1702 2111 1819 2164 qua:
1846 2107 1896 2149 et
1928 2099 2056 2150 sub-

493 2188 586 2240 tile
617 2189 760 2240 virus
791 2187 1008 2241 funesta:
1039 2186 1312 2254 pravitatis
1338 2195 1586 2251 eXpouat,
1618 2195 1672 2240 et
1703 2186 1933 2240 humano
1958 2202 2053 2255 ge-

491 2277 605 2331 neri
635 2275 885 2330 salvaudo
913 2275 1150 2330 conferat
1189 2275 1256 2329 de
1295 2275 1686 2342 Scripturarum
1722 2275 2054 2331 confectione

489 2365 826 2420 medicinam.
886 2364 1198 2419 Nullatenus
1257 2365 1413 2433 igitur
1457 2363 1832 2420 discretionem
1876 2380 2053 2420 rerum

492 2457 724 2510 nonduin
757 2455 1072 2509 abundantia
1097 2454 1253 2509 corda
1280 2455 1578 2521 conturbet,
1606 2455 1775 2510 donec
1799 2465 1853 2510 et
1879 2457 2056 2510 occul-

494 2556 601 2600 tum
633 2549 818 2601 vulnus
847 2555 1118 2615 appareat,
1147 2556 1202 2600 et
1243 2546 1463 2600 salvatio
1491 2546 1770 2614 singularis
1808 2546 2014 2602 eluceat
2039 2565 2053 2601 :

493 2643 740 2705 quoniam
765 2638 1085 2705 quantalibet
1113 2646 1226 2692 arte
1251 2636 1472 2691 fallacia:
1497 2638 1714 2705 spiritus
1743 2639 2054 2706 perditionis

491 2738 742 2791 armetur,
771 2737 952 2781 sancto
981 2727 1154 2794 gladio
1184 2725 1412 2795 Spiritus
1447 2728 1748 2796 principalis
1774 2739 1828 2784 et
1854 2731 2056 2799 detegi-

492 2824 574 2869 tur
595 2825 645 2869 et
668 2819 1247 2883 necatur.Quapropter
1273 2831 1369 2886 per
1393 2817 1729 2873 dilectionem
1757 2829 1896 2875 tuam
1920 2837 2054 2878 cun-

491 2915 603 2960 ctos
629 2905 817 2959 ibidem
845 2907 1050 2960 Domini
1072 2907 1373 2961 sacerdotes
1397 2906 1630 2963 fraterno
1650 2924 2052 2972 commonemus

491 2993 706 3057 nﬁ‘ectu;
745 3002 801 3047 ut
848 2995 934 3064 qui
977 3010 1095 3050 cum
1144 2996 1420 3050 erudiente
1465 3011 1558 3051 vos
1599 2999 1825 3054 Domino
1868 3014 2053 3059 contra

491 3083 718 3136 novitios
759 3083 1003 3151 pugnetis
1046 3098 1274 3152 errores,
1320 3083 1443 3139 olim
1484 3089 1883 3154 perversitatem
1936 3101 2052 3146 toto

2155 1929 2340 1970 eorum
2373 1917 2622 1984 nequitiis
2651 1915 2946 1969 refutandis
2983 1914 3165 1969 ﬁdeles
3210 1915 3404 1982 quique
3433 1913 3737 1968 redderen-

2157 2013 2244 2058 tur
2275 2005 2536 2067 instructi,
2569 2016 2624 2056 ut
2646 2004 2775 2057 nihil
2807 2003 3031 2072 amplius
3056 2013 3400 2071 qua‘reretur.
3417 2001 3520 2057 Sed
3550 2003 3593 2056 si
3622 2001 3736 2057 for-

2157 2095 2294 2147 sitan
2333 2094 2626 2147 ineruditos
2661 2094 2868 2146 animos
2894 2091 3134 2160 quaadam
3172 2091 3240 2145 de
3265 2106 3448 2146 eorum
3480 2094 3734 2147 sensibus

2155 2185 2420 2251 proposita
2441 2193 2855 2248 comtnoverent,
2881 2184 2950 2237 ita
2977 2183 3358 2238 venerabilium
3387 2183 3601 2237 Patrum
3631 2185 3735 2238 do-

2153 2273 2339 2327 ctrinis
2369 2285 2423 2328 et
2449 2274 2622 2328 omnis
2652 2290 2834 2329 eorum
2867 2273 3163 2342 publicator
3193 2272 3418 2337 insania,
3448 2281 3502 2326 et
3529 2273 3729 2342 quibus

2155 2368 2406 2421 remediis
2438 2368 3006 2434 curetur,ostenditur,
3027 2377 3084 2422 ut
3113 2383 3174 2422 ex
3202 2367 3282 2422 his
3315 2368 3419 2421 Deo
3441 2376 3733 2436 prmstanto

2154 2459 2418 2528 prazvisis,
2461 2469 2648 2514 cuncta
2682 2475 2801 2528 quae
2839 2460 2907 2514 de
2949 2477 3132 2515 eorum
3163 2462 3301 2516 serie
3331 2469 3640 2525 texuerunt,
3674 2470 3731 2515 et

2155 2548 2447 2614 periculosa
2469 2548 2795 2603 sectantibus
2815 2558 2868 2603 et
2884 2551 3038 2602 stulta
3063 2549 3581 2618 deprchendentibus
3604 2565 3730 2604 esse

2153 2637 2466 2702 videantur;
2495 2639 2565 2692 ita
2594 2649 2648 2697 ut
2675 2639 2719 2693 si
2749 2639 2866 2708 quis
2895 2639 3163 2694 existimet
3192 2641 3579 2704 reluctandum,
3617 2657 3726 2694 non

2153 2733 2326 2779 tamen
2369 2737 2607 2782 veterum
2653 2731 2930 2783 sententiis
2960 2730 3320 2784 contradictor
3366 2732 3585 2792 existat,
3629 2731 3727 2786 sed

2156 2815 2396 2868 humana:
2444 2818 2639 2882 saluti,
2691 2817 3071 2888 catholicieque
3123 2818 3379 2874 doctrina;
3431 2821 3605 2887 palam
3661 2834 3726 2875 se

2155 2915 2439 2973 aperteque
2469 2908 2778 2976 proﬁteatur
2808 2908 3107 2974 inimicum;
3140 2924 3244 2980 quo
3274 2910 3440 2982 magis
3467 2913 3728 2967 attentius

2153 2995 2371 3064 pervigil
2396 3009 2520 3050 cura
2548 3008 2815 3065 pastorum
2840 3014 2871 3054 a
2893 3001 3060 3054 sacris
3087 3001 3336 3070 gregibus
3363 3001 3607 3070 luporum
3632 3002 3728 3056 dc-

2153 3083 2241 3137 bet
2286 3100 2470 3142 arcere
2506 3089 2785 3143 smvitiam.
2823 3091 2956 3144 Num
2997 3093 3251 3161 quidquid
3290 3093 3476 3149 ovibus
3521 3096 3726 3150 sanctis

487 3177 616 3229 orbe
637 3175 934 3229 damnatam
967 3190 1063 3230 nec
1089 3176 1228 3245 ipsos
1257 3177 1491 3243 recipere
1510 3177 1767 3243 debeatis,
1793 3191 1880 3234 aut
1907 3183 2046 3250 quod
2074 3184 2120 3247 ε
2150 3175 2401 3230 acciderit
2429 3177 2757 3244 detrimenti,
2805 3181 3087 3248 prmsulum
3120 3181 3281 3253 (quod
3313 3183 3474 3254 absit)
3502 3184 3726 3237 damnet

489 3274 687 3320 tenu-re
737 3276 963 3332 putatur,
1008 3280 1126 3321 esse
1165 3266 1499 3341 faciendum;
1539 3283 1656 3337 quas
1693 3285 1797 3324 non
1829 3271 2044 3329 haeresis

487 3355 774 3424 majoribus
803 3355 994 3408 nostris
1017 3357 1390 3410 convenienter
1417 3359 1672 3412 exstincta
1700 3376 1883 3416 rursus
1916 3378 2044 3432 pro-

487 3459 677 3499 vocare
706 3460 800 3498 nos
829 3445 1039 3510 audeat,
1073 3453 1126 3500 et
1151 3447 1323 3514 palam
1347 3448 1497 3501 novis
1521 3451 1805 3518 resumptis
1847 3453 1926 3505 vir
1949 3455 2044 3509 bus

484 3545 770 3603 aperteque
798 3536 1060 3603 conﬂigat.
1089 3535 1458 3605 Nunquidnam
1486 3537 1608 3592 licet
1637 3541 1788 3594 nobis
1829 3557 1858 3596 a
1888 3557 2048 3598 vene-

485 3626 667 3680 randis
699 3627 940 3680 Patribus
970 3628 1213 3680 daumata
1236 3626 1546 3694 dissolvere,
1578 3638 1631 3682 et
1650 3630 1719 3683 ab
1744 3630 1851 3685 illis
1872 3635 2046 3688 excisa

483 3721 680 3773 nefaria
712 3719 952 3788 dogmata
984 3720 1305 3773 retractare?
1329 3719 1462 3785 Quid
1494 3727 1576 3774 est
1601 3735 1729 3790 ergo
1767 3725 1907 3792 quod
1933 3740 2046 3779 ma-

481 3823 713 3878 gnopere
753 3823 1140 3876 priccavemus,
1184 3824 1252 3865 ne
1295 3809 1576 3877 cujuslibet
1619 3810 1834 3867 haeresis
1881 3816 2044 3871 semel

482 3901 683 3968 dejecta
716 3900 974 3967 pernicies
1003 3899 1066 3952 ad
1090 3913 1310 3952 examen
1331 3899 1505 3952 denuo
1529 3901 1708 3959 venite
1730 3906 2048 3960 contendat?

478 3993 537 4049 Si
560 4009 678 4062 quae
699 3993 996 4062 antiquitus
1017 4010 1046 4046 ει
1070 3995 1266 4050 nostris
1287 3996 1582 4064 majoribus
1597 3995 2048 4064 cognita,discus—

477 4099 558 4150 sa,
583 4084 816 4138 refutata
853 4086 1377 4150 sunt,restauranda
1418 4087 1898 4153 nitamur;nonne
1942 4087 2046 4156 ipsi

480 4188 601 4234 nos,
625 4175 767 4242 quod
790 4174 950 4240 absit,
972 4184 1025 4229 et
1046 4175 1188 4244 quod
1228 4191 1503 4244 nunquam
1526 4177 1789 4232 catholica
1813 4177 2047 4245 patietur

474 4261 738 4329 Ecclesia,
761 4265 1088 4320 adversariis
1125 4265 1366 4320 veritatis
1407 4266 1680 4321 universis
1717 4275 1907 4321 contra
1944 4281 2047 4323 nos

473 4355 793 4423 resurgeudi
817 4356 1166 4424 proponimus
1185 4356 1513 4426 exemplum?
1539 4355 1641 4412 Ubi
1659 4367 1741 4413 est
1755 4359 1896 4428 quod
1917 4359 2047 4414 scri-

474 4454 620 4509 ptum
643 4454 726 4499 est
742 4445 1034 4499 :Terminos
1051 4458 1262 4513 patrum
1289 4455 1496 4500 tuorum
1517 4465 1620 4501 non
1641 4448 2044 4518 transgredteris

2146 3265 2446 3332 incuriam;
2476 3270 2611 3323 sicut
2643 3285 2672 3323 a
2713 3273 3038 3341 regeneratis
3075 3274 3376 3344 agminibus
3411 3277 3722 3330 nocentium

2142 3354 2382 3425 depulsio
2430 3361 2720 3416 bestiarum
2772 3365 3050 3419 custodum
3115 3367 3346 3434 przcmiis
3401 3379 3721 3436 perpetuum

2143 3453 2454 3517 procuravit
2483 3456 2867 3522 augmentum?
2888 3454 3044 3511 Certe
3066 3457 3132 3523 si,
3168 3465 3227 3511 ut
3251 3456 3417 3524 magis
3445 3471 3719 3526 Optamus,

2143 3537 2291 3594 falsis
2323 3542 2434 3598 haec
2465 3547 2764 3599 rumoribus
2793 3547 2899 3601 sint
2931 3549 3121 3612 relata,
3155 3549 3473 3618 quantocius
3501 3548 3720 3604 deside-

2145 3643 2323 3685 ramus
2365 3648 2678 3701 agnoscere,
2719 3646 2773 3691 ut
2801 3639 2888 3705 qui
2935 3639 3290 3693 membrorum
3320 3637 3518 3694 Christi
3551 3655 3716 3695 vexa-

2145 3726 2288 3778 tione
2333 3725 2679 3793 trepidamus,
2719 3731 2885 3785 multo
2916 3729 3083 3800 magis
3110 3730 3182 3787 de
3207 3744 3393 3786 eorum
3421 3732 3721 3788 stabilitate

2143 3816 2402 3871 lmtemur.
2440 3817 2568 3872 Data
2604 3835 2635 3872 v
2665 3820 2920 3876 kalendas
2957 3822 3204 3892 Augusti,
3253 3837 3282 3875 a
3322 3831 3349 3860 ι
3379 3822 3578 3878 Fausto
3607 3821 3714 3895 [al.

2145 3904 2360 3976 Albino]
2381 3907 2444 3962 V.
2467 3909 2528 3965 C.
2555 3911 2775 3966 consule
2801 3913 2963 3982 (anno
2991 3912 3186 3968 Christi
3215 3912 3366 3983 493).

2695 4023 3027 4081 EPISTULA
3063 4025 3132 4079 Vl

2275 4130 2342 4167 AD
2380 4131 2594 4168 εωηιειι
2631 4129 2898 4171 BONORIUI
2937 4133 3218 4173 DALIATIS
3266 4133 3576 4177 EPISCOPUI.

2145 4204 2280 4257 Eum
2311 4221 2411 4257 non
2446 4205 2674 4260 debuisse
2703 4207 2879 4260 mirari
2917 4208 3090 4262 scribit
3121 4211 3257 4273 quod
3283 4211 3602 4264 admonuerit
3630 4213 3710 4264 in-

2204 4275 2511 4343 vigilandum
2534 4291 2594 4329 ne
2617 4277 2797 4329 iterum
2815 4275 3096 4345 Pelagiana
3117 4279 3319 4334 haeresis
3347 4281 3646 4350 pullularet.

2214 4362 2566 4417 Dilectissimo
2596 4363 2744 4417 fratri
2773 4364 3005 4419 llonorio
3027 4364 3290 4422 Gelasius.

2212 4452 2462 4507 Miramur
2490 4454 2826 4510 dilecﬁonem
2858 4463 2999 4509 tuam
3030 4457 3190 4512 luisse
3219 4458 3484 4522 miratam,
3520 4474 3706 4515 curam

471 4533 591 4599 (Pr.
630 4537 1203 4605 xxu);ct:luterroga
1223 4549 1398 4607 patres
1421 4548 1628 4602 tuos,et
1651 4538 2039 4592 annuntiabunt
2066 4531 2282 4597 Dsedis
2322 4544 2646 4611 apostolicae,
2695 4559 2814 4614 qua:
2861 4560 3010 4601 more
3059 4548 3319 4616 majorum
3359 4551 3566 4604 cunctis
3613 4566 3708 4619 per

473 4624 601 4688 tibi;
623 4635 669 4677 et
691 4627 921 4678 seniores
945 4636 1080 4688 tuos,
1101 4637 1150 4681 et
1171 4629 1340 4681 dicent
1365 4629 1458 4680 tibi
1483 4628 1659 4696 (Deut.
1685 4628 1880 4698 xutt)?
1900 4628 2039 4694 Quid

479 4725 608 4780 ergo
636 4713 897 4766 tendimus
923 4716 1057 4769 ultra
1084 4715 1297 4770 deﬁnita
1325 4718 1602 4786 majorum,
1633 4729 1724 4774 aut
1749 4735 1844 4776 cur
1883 4723 2034 4778 nobis

479 4815 583 4856 non
625 4801 850 4856 sufficit?
890 4803 948 4858 Si
991 4805 1116 4872 quid
1158 4805 1459 4874 ignorantes
1487 4807 1692 4862 discere
1737 4812 2030 4878 cupiamus.

479 4892 704 4959 qualiter
723 4893 789 4947 ab
816 4893 1124 4948 orthodoxis
1151 4896 1391 4950 Patribus
1421 4906 1474 4950 et
1502 4898 1802 4952 senioribus
1829 4902 2033 4970 singula

480 4998 700 5051 qumque
726 4984 809 5038 vel
847 4985 1055 5038 vitanda
1088 4997 1346 5054 praecepta
1376 4996 1518 5050 sunt,
1569 4988 1652 5041 vel
1694 4989 1918 5057 aptanda
1947 5005 2030 5045 ea-

484 5073 690 5127 tholicre
721 5075 1072 5139 veritati;cur
1099 5092 1201 5129 non
1231 5077 1311 5129 his
1342 5078 1626 5143 probantur
1645 5093 1764 5134 esse
1787 5081 2034 5134 decreta?

481 5163 723 5232 Nunquid
762 5175 851 5216 aut
875 5165 1225 5232 sapientiores
1253 5166 1358 5221 illis
1384 5181 1583 5232 Sumus,
1625 5177 1716 5223 aut
1746 5172 2034 5238 poterimus

480 5254 626 5306 ﬁrma
653 5253 938 5308 stabilitate
959 5265 1222 5319 constare,
1246 5257 1289 5310 si
1309 5272 1371 5310 ea
1399 5273 1516 5326 qua:
1535 5260 1602 5314 ab
1624 5260 1726 5314 illis
1746 5263 2031 5316 constituta

475 5351 599 5396 sunt
625 5343 974 5398 subruamus?
1003 5346 1083 5397 An
1122 5344 1348 5400 fortasse
1379 5348 1595 5402 nescitis
1623 5350 1756 5404 hanc
1784 5351 2027 5406 haeresim

476 5431 540 5485 de
562 5446 662 5500 qua
702 5431 983 5502 loquimur,
1030 5441 1081 5488 et
1122 5434 1190 5487 ah
1223 5437 1514 5504 apostolica
1543 5437 1740 5494 dudum
1781 5440 1908 5497 sede
1933 5456 2030 5512 per

547 5590 569 5616 α
612 5579 958 5650 blendosaest
988 5588 1040 5632 et
1075 5581 1383 5650 subreptitia
1416 5583 1530 5637 haec
1557 5587 1848 5640 consularis
1880 5598 2022 5642 nota.

476 5651 656 5720 Vultus
681 5649 820 5701 enim
849 5648 1024 5702 Fausti
1054 5648 1357 5706 consulatus
1377 5655 1476 5707 sub
1503 5655 1807 5720 pontificatu
1828 5655 2024 5713 Gelasii

479 5719 750 5786 reperitur.
791 5720 1012 5786 Legatur
1050 5734 1194 5789 ergo,
1223 5720 1405 5776 Albino
1445 5719 1552 5777 viro
1591 5725 1876 5780 clarissima
1903 5743 2026 5782 con-

2141 4634 2392 4689 mundum
2433 4633 2658 4691 debetur
2699 4635 2971 4701 Ecclesiis,
3021 4652 3116 4704 pro
3153 4645 3349 4692 vestrae
3377 4655 3588 4707 quoque
3618 4657 3708 4695 re-

2138 4723 2308 4792 gionis
2342 4723 2444 4777 lide
2477 4723 2642 4778 fuisse
2667 4725 2967 4778 sollicitam.
2996 4727 3234 4794 Cumque
3277 4727 3343 4780 ad
3381 4742 3499 4781 eam
3528 4731 3706 4796 perla-

2137 4821 2248 4866 tum
2279 4813 2580 4880 essetquod
2625 4813 2836 4883 quidam
2881 4830 2973 4882 per
3017 4815 3301 4871 Dalmatias
3340 4817 3702 4887 integritatem

2136 4901 2450 4957 catholicam
2482 4904 2670 4957 vitiare
2697 4903 3008 4969 niterentur,
3043 4913 3099 4960 et
3124 4906 3703 4978 divinishumanisque

2136 4992 2340 5062 legibus
2367 5001 2490 5048 ante
2517 4993 2822 5050 damnatum
2858 4993 3151 5065 Pelagianae
3182 4997 3495 5064 pestilentia:
3524 4999 3702 5054 denuo

2132 5084 2278 5138 virus
2301 5083 2495 5139 inferre
2513 5101 2528 5148 ;
2546 5099 2647 5138 non
2681 5086 3036 5152 putaverimus
3055 5089 3319 5143 nullatenus
3345 5088 3698 5144 differendum

2133 5176 2416 5242 quominus
2437 5175 2551 5230 htnc
2577 5176 2883 5245 diligentius
2909 5179 3256 5246 inquirentes,
3288 5192 3372 5232 aut
3397 5181 3440 5234 si
3471 5179 3698 5234 fortasse

2133 5261 2480 5333 irrepserunt,
2507 5268 2574 5324 de
2605 5269 2846 5333 proximo
2873 5279 3211 5334 sanarentur,
3254 5281 3347 5324 aut
3371 5273 3698 5326 anxietatem

2134 5366 2393 5423 nostram,
2434 5359 2478 5412 si
2521 5358 2658 5414 falso
2693 5358 3040 5427 probarentur
3079 5360 3302 5428 jactata,
3347 5362 3698 5425 relevarent;

2135 5444 2454 5501 aestimantes
2494 5447 2683 5502 melius
2714 5462 2812 5501 nos
2851 5448 3017 5504 videri
3055 5449 3428 5518 impatientius
3465 5449 3586 5504 talia
3621 5450 3707 5505 itt-

2132 5589 2263 5644 sule.
2313 5592 2409 5644 Aut
2445 5604 2593 5648 certe
2620 5594 2900 5648 dicendum
2942 5605 3083 5649 esset
3113 5595 3381 5651 Gelasium
3421 5612 3528 5652 non
3558 5611 3702 5650 anno

2130 5661 2628 5785 ﬁ93upontilicatuui
2661 5664 2867 5729 iniisse,
2897 5664 2990 5720 sed
3017 5664 3142 5734 490,
3164 5666 3252 5723 die
3279 5666 3314 5720 2
3339 5666 3536 5722 Martii.
3565 5665 3697 5723 Su.

2177 5748 2187 5782 l
2281 5747 2326 5784 ὃ.
