3994 6390
265 408 338 466 53
1482 401 1833 462 EPISTOLE
1876 399 1962 455 ET
2005 398 2346 457 DECRETA.
3492 402 3563 459 3.5

265 524 531 592 vestigare
559 521 817 589 voluisse,
852 534 1010 593 quam
1038 532 1285 577 crescere
1310 518 1700 575 dissimulando
1730 531 1854 586 per-
1884 520 1933 575 Λ
2034 511 2354 593 Secundum,
2377 514 2468 566 lios
2495 529 2589 584 pro
2611 512 2729 593 _solo
2757 520 2963 593 peccato
2990 511 3234 581 originali
3274 528 3375 565 non
3404 516 3558 567 dam-

264 615 479 672 niciem.
533 614 718 685 Neque
764 614 910 670 enim
952 614 1037 670 vel
1082 612 1299 668 silentio
1346 626 1591 678 premere
1637 623 1853 665 causam

264 704 593 774 liujusmodi,
644 704 726 759 vel
770 702 1067 759 dill‘ereudo
1114 702 1297 757 fovere
1338 700 1677 756 deberemus.
1722 698 1857 756 Cum

263 792 480 846 dicente
496 791 751 859 magistro
767 791 1025 860 gentium,
1038 790 1385 845 sollicitudine
1405 805 1503 843 non
1522 789 1657 860 pigri
1670 787 1853 860 (Rom.

263 881 395 949 xtl);
436 893 600 945 atque
641 879 860 947 iterum,
885 882 974 950 qui
1013 889 1193 952 privat
1228 881 1281 934 in
1320 879 1686 945 sollicitudine,
1734 893 1855 935 reos

274 970 460 1040 procul
492 969 656 1024 dubio
686 984 784 1025 nos
815 970 917 1026 nisi
944 971 1199 1026 continuo
1224 983 1613 1039 quaereremus,
1642 967 1856 1024 etiamsi

267 1060 500 1116 inaniter
534 1070 717 1117 essent
752 1062 990 1132 vulgata,
1031 1063 1433 1117 convincerent.
1478 1059 1591 1115 Nec
1631 1060 1857 1116 interest

265 1166 366 1222 per
394 1166 534 1223 quos
558 1151 624 1206 ad
653 1159 814 1210 aures
844 1161 1058 1209 nostras
1083 1152 1273 1208 eadem
1304 1151 1695 1222 pervenissent,
1728 1150 1856 1205 dum

263 1243 539 1313 quomodo
576 1244 710 1301 libet
738 1244 841 1301 ista
876 1244 1259 1311 referentibus,
1290 1254 1574 1314 postquam
1612 1252 1856 1299 nostram

272 1334 660 1391 conscientiam
686 1344 1053 1406 penetrarent,
1069 1336 1122 1391 in
1152 1336 1234 1390 his
1255 1336 1521 1391 veraciter
1541 1334 1858 1405 indagandis

270 1424 574 1496 pastorales
603 1427 857 1482 excubias
885 1442 1007 1484 esse
1032 1443 1140 1483 non
1166 1425 1463 1497 oportuerit
1494 1426 1852 1498 negligentes,

272 1524 537 1585 quatenus
551 1517 633 1571 vel
650 1532 681 1573 e
698 1517 923 1589 vestigio
935 1526 1116 1588 posset
1126 1516 1264 1587 lupis
1282 1516 1611 1572 initiantibus
1625 1518 1829 1572 obviari
1839 1556 1856 1584 ,

248 1621 291 1658 λ
304 1606 354 1660 el
373 1604 535 1660 nullis
548 1607 900 1662 existentibus
915 1606 1064 1675 leris,
1079 1605 1257 1661 ovium
1272 1606 1516 1662 custodia
1533 1620 1723 1663 secura
1738 1621 1858 1677 per-

264 1698 504 1753 sisteret.
551 1698 634 1752 Ab
664 1698 746 1752 his
775 1698 867 1769 qui
896 1707 1081 1754 essent
1117 1698 1337 1766 Chlocs,
1367 1697 1769 1754 Corinthion
1796 1713 1859 1755 se

261 1790 631 1845 dissensiones
655 1792 937 1861 agnovisse
958 1798 1186 1846 testatur
1200 1790 1491 1861 Apostolus
1508 1787 1561 1863 (1
1584 1788 1707 1845 Cor.
1757 1806 1775 1846 t
1810 1790 1857 1861 ),

2034 583 2170 656 nari.
2205 581 2459 656 Tertium,
2488 581 2707 656 'gratiant
2728 582 2798 634 ad
2818 583 3040 656 salutem
3070 598 3172 635 non
3203 599 3312 656 esse
3338 600 3569 639 necessa-

2031 654 2192 718 riam,
2222 653 2467 722 illamque
2488 650 2777 708 secundum
2807 650 3073 706 hominum
3101 654 3283 707 merita
3311 656 3563 724 conferri.

2029 763 2276 819 Gelasius
2313 764 2603 833 episcopus
2639 762 2911 820 universis
2952 762 3225 833 episcopis
3270 778 3367 832 per
3408 762 3569 821 Pice-

1959 869 2087 908 num
2118 855 2172 909 in
2201 854 2431 909 Domino
2458 854 2714 910 salutem.

2034 964 2340 1020 Barbaricis
2364 965 2623 1021 hactenus
2648 964 2967 1021 dolebamus
2994 962 3304 1019 incursibus
3332 964 3567 1023 maxime
3600 1022 3601 1025 η

1958 1054 2162 1110 \icinas
2185 1055 2314 1112 Urbi
2342 1058 2669 1127 provincias,
2694 1064 2752 1112 et
2775 1057 3042 1111 bellorum
3069 1071 3212 1109 saeva
3240 1067 3567 1126 tempestate

1956 1147 2191 1215 vastari;
2223 1149 2318 1204 sed
2345 1150 2778 1220 quantumlinter
2805 1150 2920 1219 ipsa
2950 1149 3249 1206 recentium
3280 1151 3564 1206 calamita-

1958 1246 2071 1293 tum
2113 1237 2373 1294 lerventia
2414 1241 2652 1309 pericula
2694 1240 3079 1309 comperimus,
3116 1240 3563 1311 perniciosiorem

1960 1328 2207 1386 diabolus
2228 1329 2657 1387 Christianorum
2686 1331 2961 1387 mentibus
2993 1332 3196 1399 labem,
3237 1348 3398 1403 quam
3438 1346 3563 1389 eor-

1960 1419 2184 1491 poribus
2212 1421 2424 1477 hostilis
2446 1421 2651 1489 feritas,
2684 1423 2941 1494 irrogavit
2966 1439 2979 1477 :
3010 1423 3150 1492 quod
3178 1423 3380 1477 mlum
3410 1424 3563 1493 prin-

1957 1512 2207 1581 cipaliter
2243 1513 2458 1569 illarum
2502 1517 2781 1585 regionum
2826 1516 3045 1586 respicit
3078 1517 3417 1583 sacerdotes,
3470 1516 3563 1586 qui

1959 1610 2106 1657 tanta
2132 1604 2363 1675 segnitie
2392 1613 2647 1676 tantaque
2687 1604 2973 1661 ministerii
3004 1605 3437 1662 dissimulatione
3467 1621 3562 1663 su-

1956 1692 2152 1762 scepti,
2180 1694 2592 1750 commissarum
2633 1696 2737 1751 sibi
2764 1696 3043 1768 negligunt
3079 1697 3323 1766 regimen
3353 1697 3563 1755 anima-

1959 1796 2103 1848 rum,
2128 1792 2188 1839 ut
2209 1798 2302 1840 eas
2326 1785 2490 1841 etiam
2513 1784 2582 1840 ab
2607 1786 2816 1858 exiguis
2847 1788 3151 1858 quibusque
3192 1788 3437 1845 bestiolis
3479 1790 3560 1844 la-

264 1879 658 1951 eoufestimque
682 1879 922 1936 scribere
948 1895 1051 1937 non
1082 1882 1281 1936 omittit
1298 1882 1487 1947 ;utvel
1512 1881 1846 1938 nascentibus

1962 1871 2137 1927 cerari
2166 1872 2270 1929 sub
2288 1875 2671 1946 conspectibus
2692 1878 2804 1932 suis
2831 1877 3055 1948 impune
3078 1878 3351 1949 patiantur
3370 1898 3386 1934 :
3402 1881 3561 1950 quin-

258 1969 454 2040 jurgiis
484 1973 599 2041 pius
621 1970 916 2027 medicator
940 1982 1273 2041 occurreret,
1296 1974 1381 2030 vel
1408 1974 1477 2030 de
1502 1989 1689 2030 eorum
1711 1990 1855 2032 com-

263 2072 417 2131 perta
449 2078 571 2118 mox
601 2063 969 2120 incolumitate
1000 2065 1263 2135 gauderet
1295 2084 1308 2119 :
1342 2066 1487 2137 quod
1518 2082 1619 2125 nos
1644 2083 1857 2139 quoque

260 2151 460 2208 litteris
486 2168 607 2224 qua
636 2167 800 2223 super
821 2154 921 2209 hac
950 2164 1102 2224 parte
1120 2154 1277 2211 dictat
1305 2164 1451 2222 sunt,
1481 2156 1749 2216 indicasse
1767 2172 1859 2215 re-

261 2243 622 2310 miniscimur,
644 2253 701 2298 ut
726 2244 937 2301 scilicet
962 2256 1054 2300 aut
1079 2245 1440 2315 irrepentibus
1462 2248 1854 2304 obsisteremus

258 2336 508 2399 insmiis.
545 2345 655 2401 aut,
692 2334 740 2391 si
788 2337 921 2392 nihil
960 2335 1153 2392 horum
1197 2339 1410 2409 penitus
1434 2340 1747 2408 accidisset,
1776 2342 1849 2399 de

256 2425 543 2481 catholicas
566 2426 810 2483 veritatis
837 2426 1145 2498 integritate
1166 2427 1490 2487 laetaremur.
1514 2430 1855 2502 Quapropter

258 2532 368 2572 non
408 2518 585 2573 solum
620 2517 840 2574 dilectio
876 2527 965 2574 tua
1008 2528 1191 2593 nostra
1230 2534 1340 2576 non
1378 2513 1538 2577 debet
1576 2522 1852 2593 vigilantia

259 2610 587 2675 permoveri.
634 2608 728 2666 sed
770 2612 1049 2681 prasentis
1076 2612 1328 2681 colloquii
1367 2613 1693 2671 salutatione
1729 2630 1855 2686 per-

254 2709 413 2767 cepta
460 2699 741 2755 nobiscum
786 2700 963 2769 potius
1008 2702 1327 2757 industriam
1368 2704 1601 2774 propria
1640 2706 1851 2763 sociare

253 2791 514 2853 solertiae,
538 2800 805 2859 quatenus
831 2791 915 2846 vel
938 2791 1051 2848 sive
1079 2801 1279 2847 tentata
1304 2793 1413 2847 sint
1437 2793 1583 2859 talia,
1600 2795 1850 2864 protinus

253 2881 615 2951 corrigantur,
662 2882 744 2936 vel
790 2896 861 2937 ne
907 2882 1143 2952 qualibet
1184 2882 1504 2952 obreptione
1550 2892 1845 2955 tententur,

252 2972 512 3027 attentius
562 2971 916 3041 prwvendo
966 2973 1273 3028 subintrare
1324 2987 1429 3028 non
1480 2974 1714 3031 valeant.
1772 2975 1849 3032 De

251 3062 448 3131 quibus
470 3072 648 3119 autem
672 3063 708 3117 ii
730 3076 865 3133 quos
887 3073 977 3117 tua
1004 3066 1202 3117 caritas
1225 3062 1534 3132 destinavit,
1555 3066 1601 3120 si
1628 3066 1843 3135 plenius

252 3152 449 3208 instrui
477 3152 761 3219 voluerint,
784 3161 1075 3223 sequentes
1098 3153 1233 3209 tituli
1259 3142 1382 3209 eum
1404 3156 1516 3212 suis
1539 3156 1849 3226 responsio-

1960 1964 2073 2019 imo
2098 1968 2453 2037 subrepentes
2492 1970 2761 2040 nequitias
2794 1970 3180 2036 confovendo,
3211 1980 3267 2027 et
3296 1970 3565 2042 deprava-

1958 2055 2171 2112 toribus
2195 2058 2591 2127 acquiescendo
2610 2061 2872 2127 fidelium,
2889 2076 2996 2117 non
3018 2064 3194 2119 solum
3217 2078 3311 2119 eas
3336 2063 3560 2119 minime

1956 2147 2265 2216 retrahunt,
2319 2150 2415 2205 sed
2459 2150 2591 2222 ipsis
2639 2151 2916 2223 prrebeant
2964 2154 3182 2224 propria
3233 2140 3562 2212 nutrimenta

1958 2240 2278 2310 perditionis
2305 2244 2576 2314 exemplo.
2609 2244 2749 2312 Quid
2779 2252 2961 2302 autem
3008 2246 3145 2303 tales
3173 2257 3357 2303 essent
3392 2246 3563 2304 acturi

1957 2332 2262 2401 pontiﬁces,
2293 2333 2339 2388 si
2371 2333 2551 2404 (quod
2578 2334 2758 2405 absit)
2787 2336 2872 2391 vel
2900 2338 3086 2408 aliqua
3118 2354 3255 2394 nova
3291 2342 3477 2409 pestis,
3508 2347 3563 2397 et

1955 2423 2204 2491 primitus
2232 2424 2473 2493 ignorata
2517 2438 2915 2495 prorumperet,
2960 2430 3046 2484 vel
3076 2427 3311 2498 ingeniis
3338 2430 3563 2487 acriori-

1952 2509 2079 2579 bus,
2104 2514 2467 2585 sensibusque
2494 2515 2752 2585 versutis,
2778 2525 2870 2572 aut
2894 2516 3072 2589 aliqua
3099 2520 3440 2575 sucularium
3462 2522 3560 2577 do-

1953 2604 2250 2662 ctrinarum
2288 2605 2482 2677 peritia
2520 2606 2757 2676 callidis,
2796 2608 3061 2680 sacrilega
3095 2608 3557 2682 blasphemiarum

1951 2698 2097 2755 dicta
2146 2709 2545 2770 promerentur,
2589 2701 2680 2771 qui
2722 2709 2832 2756 tam
2877 2702 3079 2759 veteris
3117 2706 3324 2759 erroris
3363 2704 3560 2764 detrita

1952 2800 2282 2858 commenta,
2299 2800 2516 2861 tamque
2536 2782 2836 2861 majoribus
2860 2792 3228 2850 Ecclesiarum
3258 2798 3554 2867 magistris,

1950 2895 2110 2952 quam
2138 2882 2304 2938 etiam
2341 2893 2527 2939 nostra
2564 2890 2725 2938 atate
2749 2885 2998 2940 convicta
3037 2900 3146 2941 non
3176 2892 3421 2941 receiunt
3453 2903 3556 2944 nec

1950 2972 2211 3039 refutant;
2252 2983 2414 3042 atque
2452 2973 2523 3029 ab
2560 2974 2824 3043 imperitis
2876 2976 3161 3045 stultisque
3202 2976 3407 3045 prolata
3448 2994 3556 3034 nou

1951 3072 2231 3131 respuunt.
2264 3062 2480 3119 Gratias
2516 3064 2876 3133 omnipotenti
2904 3065 3015 3121 Deo
3042 3065 3272 3135 agimus,
3301 3069 3556 3137 quoniam

1948 3165 2171 3209 suorum
2200 3154 2367 3209 corda
2401 3169 2498 3226 per
2519 3154 2826 3225 hujusmodi
2851 3170 3113 3225 personas
3136 3159 3439 3225 examinat;
3462 3159 3554 3229 qui

255 3244 415 3298 nibus
441 3244 782 3299 intimabuut.
800 3244 867 3299 Et
885 3243 1136 3315 quoniam
1158 3259 1220 3300 se
1234 3243 1318 3299 his
1341 3245 1691 3315 acquiescere
1714 3262 1847 3315 pra:-
1872 3242 1919 3304 C
1954 3245 2058 3302 hoc
2086 3244 2261 3315 ipsum
2288 3245 2436 3302 virus
2465 3248 2714 3304 nesciunt
2741 3249 2885 3315 quod
2915 3247 3228 3318 loquantur.
3262 3249 3394 3306 Nam
3422 3252 3555 3323 quid

254 3333 351 3389 fati
392 3343 618 3399 eatenus
645 3343 772 3389 sunt
802 3333 1055 3402 professi,
1098 3344 1161 3390 ut
1196 3334 1387 3391 eadem
1423 3350 1485 3392 se
1520 3346 1576 3392 et
1603 3337 1850 3407 primitus

255 3423 495 3480 tenuisse
526 3424 823 3491 llrmrent,
841 3425 935 3481 sed
962 3434 1089 3481 ante
1116 3424 1280 3481 ullius
1301 3427 1353 3480 in
1373 3427 1727 3497 qutestionem
1750 3443 1847 3485 vo-

253 3522 374 3570 cata
396 3514 594 3569 vellent
617 3512 955 3569 manifestius
977 3514 1241 3584 expediri,
1264 3516 1567 3571 studuimus
1588 3528 1847 3587 quantum

252 3604 397 3659 inter
432 3604 813 3675 occupationes
840 3603 957 3660 fieri
995 3605 1187 3674 petuit,
1225 3620 1347 3676 quas
1379 3621 1478 3663 nos
1507 3608 1732 3663 minime
1761 3624 1849 3666 re-

252 3698 461 3767 spirare
494 3696 788 3767 patiuntur,
834 3696 1094 3766 largiente
1139 3690 1388 3764 Domino,
1426 3710 1719 3771 sequentes
1754 3715 1848 3770 pa-

254 3798 406 3843 terna
439 3788 690 3857 vestigia,
723 3788 792 3844 de
823 3787 892 3842 tal
920 3789 1038 3854 bus,
1070 3804 1191 3859 qum
1216 3790 1482 3855 cmpimus
1508 3805 1616 3847 non
1641 3793 1844 3849 silere:

251 3894 418 3950 quam
446 3880 683 3950 regulam
712 3880 896 3936 sobrie
924 3881 1193 3936 sentiendi
1228 3882 1471 3952 quisquis
1511 3882 1652 3939 ﬁdeli
1680 3884 1847 3941 corde

252 3977 512 4035 sectatur,
551 3971 693 4025 inter
734 3970 1065 4026 orthodoxos
1102 3972 1298 4027 merito
1335 3971 1536 4027 debeat
1562 3974 1841 4031 mstimari.

252 4058 508 4129 Quisquis
525 4074 655 4116 vero
680 4061 946 4130 putaverit
971 4062 1278 4130 abnuenda,
1297 4063 1366 4117 ab
1386 4064 1701 4134 apostolicis
1724 4079 1848 4123 sese

254 4164 365 4205 non
407 4150 641 4221 ambigat
683 4152 935 4207 exsulare
980 4151 1261 4208 doctrinis.
1300 4152 1463 4210 Certe
1504 4156 1550 4211 si
1595 4158 1723 4227 quid
1763 4167 1849 4214 est

251 4242 398 4313 quod
425 4243 600 4298 valeat
628 4244 867 4299 animum
895 4259 1232 4313 permovere.
1261 4246 1570 4301 fraternitas
1600 4256 1688 4304 tua
1715 4264 1849 4304 con-

254 4338 431 4394 solere
478 4337 800 4394 ﬁdttcialiter
845 4338 1078 4407 omittat,
1124 4349 1183 4393 ut
1223 4339 1434 4395 Domini
1463 4342 1634 4410 gratia
1682 4342 1845 4397 mini-

252 4436 478 4495 strante,
521 4430 685 4485 totius
721 4429 976 4485 discutiat
1004 4430 1346 4486 obscuritatis
1388 4432 1695 4504 ambiguum
1741 4434 1846 4490 fra-

252 4530 405 4578 terna
427 4522 688 4586 collatio.,

783 4621 809 4651 ⁸
844 4612 1173 4669 EPISTULA
1217 4614 1325 4669 VII.

534 4721 602 4761 AD
640 4721 813 4761 OIRES
854 4721 1130 4762 EPISCOPOS
1172 4724 1272 4761 PER
1311 4723 1560 4765 PICENUI.

252 4818 377 4873 Tn'a
408 4820 665 4887 prmeipun
698 4816 999 4887 Pelagiana:
1039 4821 1244 4873 ltwresis
1272 4821 1448 4886 capita
1477 4821 1684 4889 refe'lit.
1718 4820 1843 4876 Pri-

324 4905 485 4955 mum,
514 4891 704 4943 scilicet
728 4893 969 4957 parvulos
1000 4890 1111 4943 sine
1148 4890 1389 4961 originali
1426 4904 1637 4961 peccato
1667 4898 1830 4948 nasci.

329 5010 355 5037 ι
386 5001 507 5074 time
535 5002 759 5074 epistola
799 5002 1076 5056 circularis
1123 5002 1244 5057 data
1276 5013 1360 5057 est
1397 5004 1462 5057 ad
1501 5020 1690 5061 omnes
1721 5009 1833 5074 epi-

246 5084 445 5137 scapos
475 5072 524 5123 iu
557 5072 754 5127 Piceno
793 5073 1016 5139 positos.
1041 5089 1142 5141 qua
1174 5075 1459 5140 plurimum
1492 5076 1638 5131 dolet
1680 5072 1836 5130 Pela-

248 5142 459 5209 gianam
491 5142 735 5195 ltzeresim
778 5141 830 5196 in
862 5144 1048 5195 eadem
1084 5143 1355 5206 provincia
1389 5148 1694 5201 coalescere
1722 5162 1836 5201 eu:—

252 5211 419 5278 pissc.
452 5210 603 5263 Missa
644 5220 727 5265 est
777 5228 868 5277 per
899 5211 1178 5264 Romulum
1213 5214 1269 5267 S.
1300 5216 1361 5266 li.
1394 5215 1453 5267 if.
1503 5216 1831 5269 cardiualcnt

248 5280 557 5333 diaconum.
588 5281 720 5353 Tres
740 5282 819 5353 _in
867 5296 929 5335 ea
961 5297 1062 5333 eam
1089 5291 1237 5336 uerat
1269 5295 1321 5337 et
1363 5285 1558 5339 refutat
1590 5286 1830 5353 Pelagia.

250 5363 352 5403 nas
395 5352 702 5423 sententias.
738 5350 931 5405 Earum
979 5353 1145 5423 prima
1178 5352 1266 5405 illa
1305 5365 1407 5415 est,
1444 5357 1585 5423 quod
1633 5350 1829 5420 prsidi-

248 5433 378 5492 eans
400 5421 683 5472 circulator
712 5435 873 5473 senex
915 5422 1204 5489 probrosus
1244 5433 1297 5476 et
1330 5421 1577 5478 indoi‘tus
1608 5438 1830 5492 negaret

248 5486 617 5560 infanteseum
643 5502 859 5560 peccato
879 5486 1049 5559 origin
1072 5492 1122 5543 ιιί
1151 5494 1372 5560 corripi,
1405 5503 1459 5547 et
1488 5497 1535 5547 ei
1560 5486 1829 5549 obnoxios

248 5557 420 5611 reddi.
464 5558 702 5629 Secunda
754 5569 874 5629 ista,
926 5557 1181 5613 omnes
1233 5557 1349 5615 sine
1400 5563 1671 5629 baptismo
1724 5582 1829 5618 non

248 5640 409 5698 posse
446 5628 709 5698 damnari.
760 5628 936 5682 Tertia
967 5631 1181 5683 demum
1223 5643 1360 5696 erat,
1407 5628 1689 5687 llomiuetn
1736 5652 1831 5698 per

250 5696 481 5752 liberum
502 5696 781 5751 arbitrium
815 5698 924 5767 ipsa
960 5714 1149 5755 natura
1174 5700 1494 5772 sulfragaute
1522 5719 1679 5773 posse
1711 5696 1831 5759 bea-

1952 3338 2191 3395 facerent
2222 3337 2541 3406 pepulerum
2569 3338 2831 3408 pmules
2856 3339 2959 3395 sub
2984 3341 3343 3398 astutioribus
3368 3344 3555 3399 immi-

1952 3430 2052 3495 cis,
2066 3428 2157 3501 qui
2174 3443 2233 3486 se
2253 3428 2547 3501 subjiciunt
2569 3430 2799 3487 libenter
2819 3431 3324 3503 indmtileuando
3346 3438 3555 3509 utique,

1950 3522 2164 3578 etiamsi
2191 3532 2336 3578 tanta
2365 3531 2483 3579 erat
2512 3523 2567 3579 in
2600 3512 2903 3580 rectoribus
2924 3526 3179 3584 dominici
3201 3529 3381 3601 gregis
3406 3546 3557 3601 pror-

1951 3627 2045 3669 sus
2073 3614 2307 3684 ignavia,
2338 3624 2399 3671 ut
2427 3631 2495 3670 ne
2521 3626 2630 3672 tam
2661 3615 2823 3673 vilem
2869 3617 3227 3692 ltebetemque
3269 3637 3557 3691 personam

1952 3705 2161 3774 possint
2203 3706 2288 3760 vel
2336 3706 2639 3777 intelligere
2680 3708 2763 3763 vel
2802 3706 3040 3779 frenare,
3095 3712 3271 3781 potius
3301 3716 3559 3785 pastorali

1950 3809 2081 3850 cura
2102 3796 2388 3853 debuerint
2406 3811 2437 3852 a
2463 3798 2619 3853 nobis
2643 3801 3015 3870 cognoscenda
3043 3804 3371 3873 perquirere,
3392 3822 3553 3875 quam

1951 3887 2296 3942 suasioiiibus
2339 3888 2808 3944 inennsideranter
2856 3892 3128 3958 absurdis,
3178 3892 3393 3950 facilem
3427 3897 3554 3952 sub—

1950 3976 2167 4033 mittere
2194 3978 2525 4033 voluntatem
2552 3997 2565 4032 :
2597 3978 2810 4033 oblatus
2839 3988 2924 4036 est
2948 3981 3092 4037 enim
3136 3984 3291 4039 nobis
3323 3987 3555 4042 misera-

1949 4066 2075 4123 bilis
2102 4083 2265 4123 senex
2296 4069 2313 4101 ¹
2338 4067 2541 4125 Seneca
2570 4058 2927 4141 nominefqui
2958 4088 3065 4127 non
3095 4075 3257 4131 modo
3285 4079 3447 4134 tutius
3467 4091 3555 4137 est

1948 4158 2270 4215 eruditionis
2310 4160 2544 4226 alienus,
2585 4162 2680 4215 sed
2710 4161 2877 4232 ipsius
2916 4180 3135 4233 quoque
3176 4167 3551 4239 intelligentia:

1947 4251 2253 4305 communis
2281 4261 2504 4321 prorsus
2530 4261 2855 4323 extraneos,
2876 4253 2929 4310 in
2956 4254 3261 4326 Pelagianae
3282 4264 3556 4333 voraginis

1947 4353 2107 4395 emno
2140 4341 2300 4412 (sicut
2327 4341 2396 4396 de
2443 4342 2765 4411 quibusdam
2807 4343 2863 4399 in
2893 4345 3217 4417 Apocalypsi
3252 4351 3403 4421 (Cap.
3433 4358 3564 4427 xvi)

1947 4430 2197 4503 legimus)
2240 4432 2387 4487 velut
2425 4448 2531 4488 una
2574 4450 2827 4490 ranarum
2862 4438 3200 4507 impudenter
3240 4442 3553 4515 immersus,

1950 4523 2113 4590 inque
2136 4522 2222 4575 illa
2252 4521 2381 4578 fzeee
2406 4523 2737 4581 borribiliter
2765 4528 3057 4593 volutatus,
3094 4530 3397 4589 nullatenus
3427 4538 3551 4593 inde

1872 4610 1925 4670 D
1952 4613 2184 4679 qualiter
2213 4630 2493 4685 emergere
2523 4626 2707 4685 posset
2734 4617 3052 4686 inveniens;
3094 4623 3218 4691 quia
3258 4629 3552 4692 puritatem

1951 4706 2264 4775 relinquens
2308 4708 2589 4761 catholica:
2632 4710 2893 4775 veritatis,
2939 4721 3141 4781 quanto
3171 4730 3230 4769 se
3264 4731 3357 4784 per
3386 4718 3554 4773 lnliri-

1949 4812 2071 4851 eum
2104 4798 2350 4852 lalsitatis
2374 4808 2605 4853 conatur
2634 4802 2900 4867 attollere,
2934 4812 3084 4859 tanto
3116 4809 3283 4877 magis
3315 4812 3432 4877 ejus
3469 4814 3553 4867 lu-

1943 4893 2073 4947 tosis
2118 4893 2287 4948 foveis
2318 4896 2707 4951 circumelusus
2748 4897 3019 4968 obruitur,
3045 4898 3110 4953 de
3140 4901 3244 4953 illis
3270 4918 3408 4957 unus
3439 4910 3551 4960 exi-

1938 5015 2050 5060 tum
2080 5006 2253 5067 reddi,
2286 5016 2593 5077 tantamque
2617 5011 2719 5063 vim
2746 5010 2927 5066 libera:
2952 5014 3212 5068 voluntati
3245 5014 3424 5071 inesse
3458 5022 3540 5071 (Ιί-

1942 5079 2211 5153 cebat,_ut
2239 5079 2281 5128 si
2317 5079 2498 5153 vellet,
2535 5081 2697 5133 etiam
2738 5081 2854 5135 sine
2887 5081 2978 5135 Dei
3010 5085 3215 5139 auxilio
3248 5099 3429 5153 posset
3462 5091 3545 5143 iu-

1940 5156 2022 5200 ter
2076 5146 2503 5225 adulescentulas
2545 5152 2782 5225 _versari,
2829 5166 3029 5221 easque
3074 5146 3434 5225 contrectare,
3462 5171 3549 5215 ,et

1940 5224 2117 5269 tamen
2142 5233 2245 5268 non
2291 5218 2581 5292 inquinari.
2620 5224 2802 5285 Quare
2844 5218 2967 5276 cum
3020 5227 3084 5277 ad
3123 5218 3549 5292 praedictas'ltm-

1938 5301 2086 5360 roses
2135 5289 2517 5360 agceeptattdas,
2565 5306 2720 5345 more
2767 5289 3177 5360 haereticorum,
3230 5300 3412 5351 carnis
3466 5302 3545 5351 la-
3617 5324 3625 5329 -

1936 5357 2111 5429 scivas
2140 5358 2531 5413 delectatimies
2555 5363 2943 5429 prepositisset,
2979 5375 3034 5419 et
3057 5366 3123 5417 ad
3152 5357 3354 5421 bestias
3390 5379 3547 5425 tetra:

1936 5427 2225 5492 capiendas
2254 5439 2365 5501 rete
2388 5427 2565 5501 carnis
2588 5427 2694 5498 quo
2718 5432 2792 5485 uti
2814 5436 2990 5488 solent
3012 5439 3382 5501 expandisset,
3411 5440 3546 5491 Itane

1938 5505 2214 5571 paternam
2262 5500 2705 5561 adziionitionem.
2753 5513 2806 5557 et
2856 5507 3181 5569 pastoralem
3217 5500 3544 5571 vigiantiam

1938 5568 2320 5644 tton_obst:_tnte
2342 5579 2510 5644 _metu
2542 5573 2804 5644 Anastasii
2848 5568 3191 5641 imperatoris
3224 5568 3377 5644 Euty;
3400 5579 3543 5632 hiani

1937 5646 1991 5689 et
2028 5635 2353 5715 Theudorici
2404 5640 2545 5715 regis
2576 5643 2755 5715 A_riani
2792 5642 2841 5695 in
2884 5635 3033 5698 Italia
3082 5635 3355 5715 regnantis
3388 5663 3546 5704 exere

1940 5719 2066 5760 cere
2094 5708 2401 5773 Oportebat.
2434 5710 2563 5763 Ssv.
2597 5710 2804 5766 BINIUS.

324 5808 337 5837 ⁸
380 5810 691 5881 Episcopus,
722 5812 919 5884 quippe
944 5815 1030 5883 qui
1070 5824 1255 5883 postea
1302 5816 1677 5886 presbyterum
1714 5820 1957 5887 privasse
1987 5823 2362 5875 communione
2391 5823 2609 5877 dicitur.
2642 5824 2970 5879 Ηυωυυιυδ.
