3994 6388
481 355 547 413 '55
1836 329 2055 387 GELAS

2163 327 2338 383 una
2377 325 2395 379 t
2451 401 2459 406 Α
3674 304 3738 360 se

480 483 644 531 stcns,
677 467 742 522 dc
770 465 960 535 quibus
985 462 1167 516 Petrus
1193 450 1608 520 dicitapostolus
1636 466 1647 499 ς
1677 446 1745 498 lli
1770 460 1878 497 vero
1906 443 2038 495 velut
2073 449 2123 505 Α
2153 441 2376 493 habetur
2402 454 2414 489 :
2447 435 2666 504 proinde
2688 430 2944 500 quidquid
2978 428 3060 482 isti
3092 426 3361 496 genitores
3392 422 3459 476 de
3481 435 3580 474 suo
3610 435 3730 486 go-r-

2207 532 2216 535 _
2500 527 2512 535 .
2661 533 2667 535 _
2987 521 2997 529 ο
3023 520 3034 535 ι
3089 533 3116 535 ,_
3164 516 3254 535 n_2
3293 524 3364 535 --ι
3443 509 3730 535 ,ηιμ-...Ληηη

480 561 844 618 irrationabilia
867 570 1065 627 pecora,
1089 546 1383 603 naturaliter
1404 544 1455 596 in
1476 541 1758 612 captionem
1778 546 1821 588 et
1847 536 1899 586 in
1926 549 2042 601 per-

480 655 660 705 niciem
679 652 729 702 in
753 650 830 701 his
851 662 961 716 qua:
982 646 1210 712 ignorant
1235 634 1632 701 blasphemantes
1653 630 1703 679 in
1727 623 2047 692 corruptione

482 761 596 810 sua,
615 742 842 807 peribunt
863 713 1184 804 percipientes
1207 726 1483 781 mercedem
1505 718 1763 792 iujustitire
1791 713 1876 786 (11
1903 713 2045 767 Petr.

484 836 567 901 tt).
599 833 799 885 ltevera
827 827 967 882 enim
996 825 1070 876 sic
1100 821 1214 889 ejus
1245 815 1470 872 stolidus
1499 822 1550 867 et
1576 811 1796 864 obtusus
1820 813 1903 859 est
1930 801 2046 856 ani-

486 944 625 991 mus,
660 935 713 978 ut
742 923 808 977 de
840 920 920 972 his
943 915 1181 979 venenis,
1204 925 1324 982 quas
1353 909 1489 963 male
1521 904 1714 966 hausit,
1747 909 1800 954 et
1823 895 2045 958 vomuit,

485 1021 682 1076 nullam
710 1015 969 1070 rationem
992 1009 1073 1064 vel
1103 1008 1346 1074 accipere
1369 1001 1540 1055 valeat
1562 991 1897 1056 omnino,vel
1927 985 2049 1041 red-

485 1114 632 1167 dere.
671 1108 775 1164 Sed
819 1105 1095 1160 iuduratus
1133 1096 1488 1152 obctecatione
1531 1085 1815 1148 diabolica,
1845 1083 2050 1149 sibique

482 1205 590 1274 jam
619 1200 865 1262 traditus,
897 1191 1072 1250 cordis
1099 1189 1179 1244 sui
1208 1187 1410 1240 funesta
1435 1182 1502 1234 sit
1523 1176 1880 1233 obstinatione
1901 1172 2051 1224 dam-

485 1305 682 1357 natus;
713 1290 947 1356 nihilque
975 1277 1207 1350 supersit
1236 1277 1309 1341 ei,
1337 1274 1437 1328 nisi
1470 1280 1527 1336 ut
1553 1270 1694 1323 Deus
1724 1272 1928 1324 noster,
1959 1258 2051 1327 qui

486 1389 637 1448 dixit,
669 1351 786 1452 quae
817 1351 1119 1432 hominibus
1146 1366 1493 1437 impossibilia
1527 1361 1794 1420 videntur,
1827 1351 1965 1423 apud
1995 1365 2054 1404 se

486 1491 606 1534 esse
634 1440 806 1529 facilia
838 1469 1055 1540 (Matth.
1093 1461 1223 1528 xtx),
1255 1452 1557 1526 hujusmodi
1588 1456 1822 1504 mentem
1847 1440 2053 1513 po:euti

486 1565 892 1636 compunctione
923 1556 1213 1624 transﬁgat,
1251 1559 1306 1604 ut
1343 1545 1635 1601 secundum
1661 1542 1886 1595 .beatum
1928 1548 2057 1602 apo-

485 1627 682 1714 stolum
723 1653 965 1714 Paulum,
1008 1646 1268 1712 resipiscat
1312 1658 1343 1694 a
1383 1637 1574 1691 diaboli
1613 1633 1828 1702 laqueis,
1875 1627 2055 1696 quibus

489 1751 711 1820 captivus
740 1746 996 1798 detinetur
1023 1737 1102 1808 (ll
1141 1735 1344 1801 Tim.tt)
1371 1729 1636 1784 sententia
1663 1723 1825 1779 divini
1850 1717 2053 1789 iudicii.

488 1845 647 1898 Multa
676 1839 748 1893 illi
786 1849 904 1904 quae
947 1833 1012 1887 de
1044 1825 1339 1896 Pelagianis
1366 1819 1610 1875 sensibus
1638 1830 1735 1870 nec
1766 1815 1819 1867 itt
1853 1810 2056 1865 somnis
2085 1835 2133 1896 Β

487 1933 704 1989 omnino
733 1929 1082 1995 contigerant,
1112 1934 1209 1972 nos
1235 1915 1402 1983 magis
1441 1911 1695 1979 patefacta
1727 1902 2053 1975 prodidimus

488 2042 572 2088 ea,
613 2038 728 2090 qua:
767 2019 962 2074 dudum
992 2012 1231 2067 convicta
1271 2005 1433 2059 fuisse
1462 1996 1892 2055 monstravimus.
1933 1991 2056 2045 lla'c

491 2080 650 2172 etiam
675 2115 808 2182 ipsa,
840 2123 956 2178 qua:
989 2105 1126 2159 idem
1158 2098 1396 2170 proferre
1425 2091 1722 2150 videbatur,
1752 2086 1876 2140 olim
1909 2091 1961 2137 et
1989 2080 2056 2136 ab

490 2207 755 2264 haereticis
792 2197 1084 2268 l‘elagianis
1116 2195 1169 2247 in
1201 2189 1430 2244 medium
1469 2184 1722 2254 producta
1751 2179 2052 2237 docuimus,

489 2309 541 2354 et
561 2314 590 2352 a
620 2292 896 2352 catholicis
923 2280 1358 2358 praedicatoribus
1392 2281 1760 2341 competenter
1781 2267 2053 2322 elisa.Pe-

487 2390 702 2458 lagium,
729 2381 1058 2441 leestium,
1085 2375 1376 2432 lulianum,
1401 2375 1732 2431 canorosque
1752 2359 2057 2426 complures

487 2481 736 2536 oratoria:
777 2471 1033 2527 facundia)
1071 2468 1217 2520 viros
1247 2462 1299 2517 in
1334 2457 1431 2513 hac
1473 2456 1768 2511 assertione
1806 2449 2055 2521 probavi-

490 2585 609 2628 mus
632 2568 793 2622 l'uisse
823 2563 1120 2625 convictos,
1150 2564 1206 2611 et
1227 2567 1331 2608 tam
1357 2546 1732 2606 ecclesiasticis
1750 2539 2057 2596 constitutis

487 2676 643 2732 quam
687 2653 1049 2724 imperialibus
1082 2650 1098 2681 ¹
1144 2646 1302 2702 etiam
1334 2652 1615 2712 percussos
1658 2636 1820 2690 fuisse
1849 2645 2056 2702 praece-

487 2753 628 2825 ptis;
669 2747 890 2819 proinde
923 2745 1078 2799 istum
1109 2741 1250 2795 ferre
1286 2751 1393 2790 non
1431 2745 1587 2804 posse
1615 2728 1964 2791 ﬁrmavimus,
2001 2724 2055 2778 in

487 2817 681 2914 quibus
708 2839 785 2893 illi
811 2835 945 2890 tales
966 2833 1200 2900 tantique
1222 2824 1472 2897 prostrati
1506 2830 1652 2885 sunt,
1681 2819 1770 2889 qui
1799 2830 1897 2872 nec
1919 2817 2054 2884 ipsa,

487 2910 603 3002 quat
647 2933 711 2986 ab
758 2929 860 2982 illis
900 2933 1024 2978 sunt
1072 2922 1364 2988 disputata,
1406 2914 1488 2968 vel
1532 2910 1803 2973 intellecta
1841 2920 2055 2976 capere,

489 3000 570 3081 vel
611 3021 825 3091 eloquio
861 3014 1022 3072 simili
1067 3012 1234 3081 possit
1269 3020 1530 3062 astruere.
1583 3002 1713 3068 Sed,
1755 3009 1813 3054 ut
1858 3000 2057 3053 dictum

487 3126 594 3184 cst,
612 3090 860 3166 diabolica
888 3122 1027 3160 mens
1049 3101 1378 3174 inspiratione
1399 3094 1717 3169 possessa,in
1747 3090 2059 3161 profundum

489 3162 686 3262 reniens
704 3205 817 3275 jam
841 3198 1091 3251 malorum
1116 3162 1183 3246 ad
1197 3162 1425 3245 remedia
1445 3187 1590 3240 nulla
1611 3183 1858 3237 consentit
1874 3178 2057 3250 (Prov.
2086 3193 2131 3254 ρ
2163 3162 2321 3233 senui

1931 3285 2058 3325 ene.
2106 3253 2119 3254 ί
2165 3253 2390 3310 cationis
2437 3263 2680 3305 excessu.

490 3297 662 3366 xvnt).
682 3298 1017 3362 Quapropter
1033 3285 1098 3340 de
1120 3282 1415 3338 innumeris
1436 3275 1882 3347 blasphemiarum
1896 3287 1928 3342 g

491 3362 637 3445 ribus
651 3399 782 3456 quas
794 3389 1039 3442 auctores
1052 3376 1217 3445 Pelag‘
1230 3387 1344 3426 ana:
1362 3371 1581 3425 haeresis
1595 3362 2057 3430 addiderunt,tr2a,

493 3495 609 3550 qua:
639 3453 742 3531 sibi
766 3471 1029 3543 praecipue
1045 3469 1128 3521 hic
1151 3479 1312 3519 senex
1330 3459 1592 3532 lugendus
1611 3453 2062 3521 ascivit,credidi-

494 3585 612 3626 tuus
630 3582 734 3621 non
751 3561 1057 3626 tacenda,ut
1074 3565 1304 3612 reserata
1328 3550 1659 3607 manifestius
1676 3563 1738 3618 pa
1747 3547 2061 3609 nderentur,

493 3669 549 3715 et
569 3660 677 3714 Deo
689 3656 1001 3711 destruente
1020 3647 1227 3703 facilius
1246 3646 1553 3699 viderentur
1569 3654 1778 3696 eversa.
1795 3638 1850 3691 ln
1875 3635 2061 3698 uteris,

499 3751 762 3821 inquiunt,
822 3751 1049 3798 matrum
1088 3752 1252 3810 Opere
1301 3735 1481 3790 divino
1519 3740 1770 3786 creantur
1812 3727 2062 3792 infantes,

496 3817 775 3912 propterea
802 3835 1002 3904 justum
1032 3830 1200 3885 videri
1229 3843 1333 3882 non
1364 3833 1550 3896 putant
1575 3822 1712 3892 quod
1739 3821 1937 3875 factura
1970 3817 2062 3872 Dei

496 3910 614 3985 sine
633 3926 757 3981 ullis
787 3921 1015 3993 propriis
1042 3917 1337 3972 actionibus
1359 3915 1603 3982 cuiquam
1633 3919 1851 3980 peccato
1889 3910 2066 3977 gigna-

498 4031 584 4078 tur
613 4017 904 4080 obstricta;
934 4014 1297 4080 injustumque
1323 4005 1490 4060 Deum
1523 4002 1741 4061 faciunt,
1775 4000 1818 4052 si
1852 3997 1928 4052 rci
1955 3997 2070 4051 elli-

497 4116 706 4170 ciantur
733 4115 1016 4175 antequam
1047 4101 1178 4156 nati.
1220 4097 1332 4152 Hoc
1379 4097 1521 4149 velut
1569 4092 1935 4147 acutissimum
1986 4088 2068 4141 sui

497 4202 760 4274 dogmatis
781 4204 1008 4254 exerunt
1035 4200 1428 4264 argumentum,
1453 4202 1558 4240 non
1583 4184 1920 4239 advertentes
1948 4182 2067 4248 quia

501 4271 656 4366 primi
680 4291 756 4346 illi
789 4294 1034 4360 parentes
1069 4280 1281 4354 generis
1327 4275 1544 4331 humani
1583 4273 1650 4328 de
1694 4273 1851 4326 nullis
1888 4271 2070 4338 utique

502 4364 852 4457 genitoribus,
873 4376 967 4432 scd
989 4377 1056 4430 de
1083 4373 1296 4428 innoxia
1327 4367 1438 4422 limi
1466 4366 1683 4420 materia
1707 4364 1991 4434 prccreati,
2015 4369 2070 4415 et

503 4453 636 4547 pore
675 4482 832 4542 atque
870 4471 1078 4522 sincere
1119 4469 1363 4532 potenter
1403 4467 1518 4510 arte
1560 4457 1733 4508 divina
1783 4453 2065 4521 compacti,

503 4566 732 4637 factique
785 4557 1094 4623 ratiunales,
1141 4552 1354 4623 propria
1408 4549 1678 4603 voluntate
1731 4547 2064 4600 seductorem
2093 4552 2147 4613 Β

502 4658 672 4717 secuti
697 4653 982 4715 diabolum,
1026 4648 1206 4719 pravis
1242 4642 1617 4714 cupiditatibus
1654 4655 1745 4708 per
1785 4652 2063 4692 excessum

503 4742 953 4822 praevaricationis
978 4737 1157 4796 infecti
1183 4743 1325 4791 sunt.
1355 4733 1409 4787 In
1429 4730 1622 4800 quibus
1640 4728 1818 4797 utique
1842 4729 2066 4779 humana

503 4817 690 4899 natura
717 4833 970 4907 peccavit,
1005 4838 1059 4886 et
1081 4828 1307 4882 humana
1333 4832 1419 4878 est
1447 4821 1584 4875 facta
1627 4827 1813 4873 natura
1860 4817 2063 4882 titiosa,

503 4927 766 5000 rcceptrix
794 4925 911 4979 sine
938 4918 1100 4975 dubio
1127 4915 1251 4970 mali
1277 4912 1417 4983 quod
1452 4918 1574 4964 ante
1620 4907 1904 4971 nescierat,
1950 4919 2069 4976 quae

503 5040 531 5079 a
562 5025 702 5079 bono
725 5025 976 5082 rectoque
997 5007 1273 5072 deﬁciens,
1297 5007 1349 5059 in
1377 5003 1620 5060 allectum
1660 5001 1784 5055 mali
1813 5000 2065 5069 pravique

501 5113 741 5169 recidere
766 5109 882 5176 ipso
912 5117 1087 5158 rerum
1118 5097 1552 5165 consequentiam
1591 5092 1800 5164 tramite
1847 5089 2070 5145 manife-

501 5213 640 5257 stum
667 5206 769 5254 est.
811 5192 965 5248 Tales
1003 5190 1159 5261 igitur
1191 5187 1362 5242 eﬁ‘ecti
1404 5185 1904 5254 principes-nostra:
1943 5181 2073 5235 sub-

503 5289 732 5352 stantias,
755 5282 1068 5351 semetipsos
1088 5278 1371 5349 passibiles
1400 5286 1455 5330 et
1495 5275 1864 5343 corruptibiles
1891 5275 2068 5330 reddi-

505 5381 730 5441 derunt;
761 5375 816 5430 in
844 5380 1046 5427 tantum
1072 5366 1386 5424 conditionis
1406 5365 1598 5419 divinae
1625 5365 1760 5418 dona
1786 5366 2063 5434 violantes,

510 5479 568 5522 ut
593 5465 774 5522 mortis
797 5463 996 5519 fuerint
1019 5460 1218 5515 ultione
1244 5457 1430 5528 puniti.
1455 5455 1565 5511 Hac
1592 5456 1734 5510 enim
1778 5455 1862 5510 die
1907 5455 2070 5512 fuisse

507 5569 746 5616 mortuos
789 5569 891 5624 qua
926 5549 1181 5606 mortales
1225 5549 1401 5606 elIecti
1425 5558 1573 5615 sunt,
1611 5550 1915 5620 ambiguum
1961 5566 2066 5608 non

582 5691 602 5724 ⁸
639 5689 879 5753 Honorii.
901 5685 1187 5744 Theodosii
1218 5694 1378 5757 atque
1397 5684 1716 5744 Constantii.

2149 532 2292 584 mine
2334 527 2694 597 protulerunt,
2735 537 2867 587 Opus
2910 520 3125 588 quidem
3164 516 3256 570 Dei
3287 524 3389 578 est,
3441 509 3736 565 secundum

2149 618 2538 674 institutionem
2562 626 2762 670 natura:
2788 630 2802 677 ;
2827 613 2921 666 sed
2955 627 3057 665 non
3089 610 3289 677 absque
3317 605 3565 672 contagio
3591 601 3738 655 illius

2150 715 2298 780 mali,
2329 712 2470 782 quod
2497 726 2588 764 sua
2618 705 3060 774 praevaricatione
3083 709 3360 756 traxerunt
3393 715 3406 750 :
3456 703 3509 748 ct
3551 698 3740 761 utique

2152 805 2255 860 hoc
2281 804 2420 857 idem
2453 801 2615 870 ipsius
2642 799 2763 851 mali
2793 795 3118 864 contagium,
3142 801 3344 845 certum
3375 796 3456 841 est
3477 797 3612 850 Opus
3631 795 3736 834 non

2151 911 2271 952 esse
2301 896 2559 950 divinum.
2587 891 2768 958 Itaque
2799 903 2901 942 non
2929 901 2992 939 ex
3015 882 3289 938 creatione
3312 877 3403 933 Di-i
3429 887 3510 932 est
3541 874 3733 928 vitium

2152 987 2294 1057 quod
2327 982 2628 1039 voluntario
2658 989 2803 1034 motu
2833 989 3023 1030 natura
3046 973 3295 1040 collegit;
3342 968 3433 1024 sed
3473 966 3636 1020 etiam
3665 961 3736 1016 de

2151 1054 2331 1130 vitiata
2389 1089 2481 1143 per
2521 1068 2862 1136 semetipsam
2913 1075 3098 1118 natura
3152 1062 3290 1115 Deus
3349 1054 3736 1111 institutionem

2155 1182 2305 1223 suam
2339 1165 2682 1240 quidem,su:e
2715 1159 3002 1214 creationis
3031 1153 3375 1222 exsequitur;
3407 1147 3500 1203 sed
3529 1145 3738 1200 creatio

2155 1234 2367 1327 profert
2406 1234 2617 1318 vitium,
2658 1250 2800 1321 quod
2835 1265 2939 1302 non
2979 1263 3047 1301 ex
3099 1241 3431 1299 institutione
3464 1234 3738 1290 Creatoris

2156 1350 2383 1417 accepit,
2405 1347 2496 1402 sed
2517 1344 2656 1413 quod
2676 1345 2784 1411 ipsa
2813 1355 2904 1409 per
2931 1339 3135 1404 lapsum
3163 1327 3600 1400 transgressionis
3623 1339 3738 1379 sua:

2157 1437 2462 1506 assumpsit.
2502 1433 2632 1488 Nam
2680 1434 2723 1486 si
2768 1429 2867 1500 ipsi
2896 1427 3051 1498 primi
3085 1425 3327 1478 homines
3351 1434 3419 1474 ex
3449 1417 3662 1477 nullis.~-
3679 1423 3740 1468 ut

2157 1530 2358 1584 dictum
2382 1536 2482 1588 est,
2511 1523 2820 1592 parentibus
2847 1519 2977 1583 nati,
3009 1526 3062 1571 et
3083 1518 3201 1569 sine
3221 1513 3336 1566 ullo
3368 1509 3578 1562 formati
3606 1518 3738 1560 con-

2160 1618 2321 1686 tagio,
2353 1629 2447 1684 per
2472 1613 2726 1666 ambitum
2753 1604 3179 1678 praesumptionis
3200 1599 3395 1655 illicita:
3416 1594 3737 1664 semetipsos

2161 1685 2452 1776 depravare
2481 1708 2786 1772 potuerunt,
2808 1707 2863 1754 et
2887 1698 2940 1751 in
2969 1709 3132 1764 opere
3159 1692 3256 1746 Dei
3293 1704 3428 1758 opus
3457 1685 3737 1740 diabolica:

2167 1799 2364 1854 fraudis
2409 1797 2715 1859 adnectere,
2768 1791 2895 1862 quid
2944 1789 3134 1844 mirum
3179 1787 3222 1838 si
3271 1783 3427 1837 iidem
3463 1777 3738 1847 depravati

2161 1889 2494 1960 protulerunt
2520 1883 2757 1938 sobolem
2787 1875 3172 1949 depravatam?
3203 1873 3389 1928 Nonne
3415 1869 3576 1924 etiam
3610 1881 3737 1920 cum

2160 1981 2302 2036 Deus
2328 1976 2507 2046 utique
2535 1975 2755 2028 liberam
2788 1968 3087 2025 condiderit
3125 1965 3408 2018 humanam
3451 1973 3546 2012 sua
3583 1969 3739 2010 crea-

2159 2072 2304 2126 tione
2327 2064 2696 2122 substantiam,
2725 2061 2885 2116 etiam
2913 2056 3051 2127 apud
3086 2055 3349 2108 humanas
3381 2058 3556 2103 tamen
3589 2046 3741 2114 leges

2159 2164 2492 2218 extrinsecus
2518 2155 2776 2211 accedens
2801 2151 3032 2207 servitus
3062 2145 3376 2201 naturaliter
3407 2157 3525 2198 eam
3558 2137 3742 2194 reddit

2158 2253 2468 2308 obstrictam
2492 2257 2547 2301 et
2568 2243 2888 2302 obnoxiam?
2913 2241 3132 2310 Origine
3151 2243 3474 2306 generantur
3495 2229 3740 2290 obnoxii,

2159 2353 2214 2399 et
2233 2357 2296 2398 ex
2326 2339 2628 2394 conditione
2660 2333 2834 2390 servili
2857 2331 3142 2402 gignuntur
3165 2325 3397 2390 addicti;
3428 2333 3483 2377 et
3508 2333 3742 2375 nascen-

2160 2433 2230 2488 do
2258 2433 2387 2486 ﬁunt
2411 2431 2555 2499 prius
2576 2426 2795 2496 obligati
2821 2437 2976 2493 quam
3018 2420 3179 2492 geniti
3205 2436 3218 2472 :
3257 2417 3305 2473 si
3333 2417 3436 2472 hoc
3463 2414 3640 2482 agitur
3667 2410 3742 2464 de

2158 2525 2318 2579 rebus
2354 2530 2506 2575 extra
2552 2529 2794 2572 naturain
2833 2515 3041 2584 positis,
3085 2519 3284 2582 quanto
3329 2507 3500 2576 magis
3542 2503 3612 2558 de
3655 2501 3742 2555 his

2157 2612 2443 2684 provenire
2470 2623 2574 2662 non
2603 2609 2798 2662 mirum
2827 2613 2931 2668 est,
2953 2601 3144 2673 quibus
3181 2601 3294 2669 ipsa
3339 2598 3571 2651 humana
3602 2591 3739 2647 sub-

2158 2704 2353 2762 stantia
2381 2701 2670 2772 depravata
2700 2695 3082 2763 cognoscituri
3119 2707 3184 2748 ac
3225 2705 3322 2762 per
3363 2689 3465 2742 hoc
3509 2686 3653 2740 sicut
3679 2697 3741 2737 se

2159 2799 2270 2866 ipsa
2295 2794 2522 2848 humana
2544 2787 2839 2844 substantia
2857 2785 2924 2840 de
2941 2782 3274 2839 institutione
3295 2779 3501 2833 sincera
3524 2783 3743 2828 actuum

2159 2863 2508 2954 reprohorum
2539 2895 2628 2935 rea
2662 2877 2789 2933 fecit
2810 2875 3086 2930 voluntate
3133 2871 3416 2940 pollutam,
3459 2867 3538 2920 sic
3571 2863 3743 2919 edidit

2161 2977 2401 3032 sobolem
2449 2983 2608 3040 atque
2653 2968 2961 3039 progeniem
3008 2974 3211 3018 natura;
3257 2961 3370 3016 sua:
3410 2972 3475 3013 ex
3517 2967 3742 3010 actuum

2163 3083 2378 3126 suorum
2410 3082 2500 3122 rea
2544 3065 2820 3118 voluntate
2861 3059 3218 3119 maculosam;
3266 3054 3387 3123 quia
3432 3047 3746 3120 huiusmodi

2329 3171 2346 3214 t
2375 3159 2602 3229 prolem,
2647 3150 2948 3224 cuiusmodi
2983 3163 3042 3204 se
3071 3149 3183 3218 ipsa
3213 3143 3447 3200 reddidit
3490 3138 3747 3211 praevari-

2729 3245 2960 3314 ldeoque
3010 3256 3115 3296 non
3143 3242 3314 3294 solum
3355 3235 3423 3291 de
3450 3249 3510 3288 se
3541 3230 3749 3302 profert

2160 3345 2304 3417 quod
2339 3344 2477 3399 bene
2504 3341 2647 3395 Deus
2675 3337 2923 3400 instituit,
2967 3333 3060 3389 sed
3093 3333 3256 3386 etiam
3286 3328 3428 3398 quod
3460 3326 3603 3381 male
3633 3325 3750 3393 ipsa

2163 3414 2613 3501 inconsequenter
2639 3428 2852 3494 adjecit.
2879 3420 3338 3492 Quemadmodum
3365 3426 3545 3472 autem
3571 3414 3750 3482 quali-

2165 3535 2245 3580 tas
2266 3522 2486 3578 interior
2506 3515 2940 3589 appetendivalet
2957 3513 3241 3568 immutare
3263 3519 3531 3569 naturam,
3549 3505 3751 3558 divinae

2167 3612 2410 3670 lectionis
2441 3610 2754 3664 auctoritate
2781 3606 3041 3660 ﬁrmatur.
3085 3600 3177 3657 Sic
3216 3598 3444 3667 denique
3488 3603 3748 3664 pascente

2166 3704 2333 3762 Jacob
2364 3700 2570 3772 (Genes.
2608 3697 2764 3767 xxx),
2792 3695 3112 3751 commissus
3139 3693 3231 3746 ille
3252 3705 3375 3760 grex
3397 3688 3601 3751 ovium,
3626 3700 3751 3754 sup.

2167 3795 2334 3865 posita
2357 3791 2630 3847 canalibus
2656 3790 2910 3842 varietate
2939 3787 3231 3855 virgarum,
3256 3781 3382 3836 dum
3411 3789 3583 3850 potat,
3627 3777 3750 3831 ille-

2167 3898 2287 3942 ctus
2328 3882 2648 3938 aifectionali
2696 3880 3072 3942 delectatione,
3123 3874 3400 3944 concepit,
3447 3872 3593 3941 quod
3644 3885 3751 3924 non

2173 3975 2356 4030 habuit
2379 3973 2433 4025 in
2461 3980 2667 4035 natura,
2698 3980 2752 4023 et
2782 3970 3025 4022 molitum
3057 3966 3303 4020 sensibus
3332 3961 3660 4018 transfundit
3699 3962 3752 4016 in

2171 4061 2376 4133 prolem
2420 4059 2560 4128 quod
2593 4058 2645 4111 in
2677 4057 2950 4111 creatione
2982 4069 3089 4109 non
3128 4054 3375 4122 sumpsit.
3425 4051 3579 4118 Quod
3628 4063 3754 4104 tunc

2171 4153 2352 4219 utique
2376 4149 2666 4220 ﬁguraliter
2692 4158 2896 4216 gesmm
2917 4187 2929 4210 ,
2957 4153 3012 4200 et
3047 4147 3098 4199 in
3128 4142 3511 4199 ecclesiasticis
3540 4139 3754 4211 signiﬁ-

2171 4242 2310 4297 cavit
2349 4240 2598 4307 gregibus
2639 4241 2741 4291 hoc
2777 4239 3031 4299 futurum,
3055 4243 3110 4288 et
3149 4234 3561 4303 Pelagianorum
3611 4230 3754 4285 Deus

2073 4341 2083 4350 ‘
2171 4330 2476 4404 prtevidens
2512 4327 2828 4391 calumnias,
2887 4335 2942 4381 et
2987 4325 3301 4381 excitandas
3347 4322 3594 4378 ﬁdelibus
3636 4323 3756 4383 suis

2170 4421 2561 4477 dect-nationes
2609 4417 3015 4486 intelligentiam
3049 4415 3386 4486 praeparavit.
3429 4414 3638 4469 Docent
3673 4415 3756 4468 di-

2172 4517 2291 4569 vina
2318 4511 2639 4576 testimonia,
2677 4522 2732 4564 et
2765 4510 2878 4578 ipsa
2907 4508 3269 4564 ecclesiastica
3311 4515 3670 4572 sacramenta,
3700 4486 3756 4561 et

2172 4605 2241 4659 ab
2269 4605 2384 4673 ipso
2410 4601 2646 4656 Domino
2664 4599 2940 4656 Salvatore
2969 4598 3354 4653 catholicorum
3391 4596 3611 4651 traditio
3642 4609 3756 4650 ma-

2171 4697 2458 4764 gistrorum
2504 4689 2751 4744 humana:
2781 4690 3145 4760 generationis
3183 4688 3489 4744 decolorata
3524 4687 3756 4756 primor-

2174 4785 2280 4840 dia.
2311 4782 2446 4837 Hinc
2467 4779 2713 4849 estquod
2734 4780 2929 4833 clamat
2957 4780 3214 4848 pr0pbcta
3245 4797 3258 4831 :
3294 4779 3420 4844 Quis
3448 4777 3754 4846 gloriabitur

2170 4877 2376 4923 castum
2397 4885 2452 4922 se
2469 4869 2657 4920 habere
2676 4883 2790 4933 cor,
2811 4876 2906 4920 aut
2927 4868 3183 4920 mundum
3204 4883 3318 4922 esse
3336 4884 3367 4920 a
3385 4870 3643 4936 peccatis?
3663 4885 3757 4925 nec

2173 4959 2370 5027 infans,
2394 4958 2543 5026 cujus
2563 4968 2640 5011 est
2663 4959 2818 5012 unius
2838 4958 2945 5010 diei
2962 4958 3066 5011 vita
3088 4973 3246 5026 super
3266 4967 3460 5012 terram
3484 4958 3606 5030 (Ec.
3633 4963 3753 5031 vtt).

2173 5050 2313 5105 Ilinc
2330 5050 2570 5119 estquod
2594 5051 2722 5104 item
2744 5050 2877 5104 dicit
2898 5047 3178 5120 Scriptura
3205 5067 3219 5103 :
3245 5052 3374 5117 Quis
3391 5061 3558 5118 potest
3579 5053 3758 5122 facere

2177 5138 2430 5191 mundum
2448 5138 2512 5190 de
2534 5138 2808 5191 immundo
2828 5149 3132 5208 conceptum
3154 5141 3378 5196 semine?
3395 5157 3566 5195 nonne
3587 5151 3645 5196 tu
3666 5143 3756 5212 qui

2178 5229 2321 5284 solus
2350 5246 2402 5283 es
2436 5229 2557 5298 (Job
2579 5228 2725 5294 xw)?
2744 5235 2799 5284 et
2819 5230 2946 5285 alibi
2970 5248 2984 5284 :
3009 5230 3147 5297 Quia
3183 5249 3355 5287 semen
3374 5273 3389 5297 ,
3413 5233 3622 5303 inquit,
3643 5241 3756 5289 erat

2176 5321 2498 5376 maledictum
2521 5317 2677 5389 (Sap.
2707 5319 2835 5386 xu);
2866 5331 2963 5372 nec
2985 5333 3088 5372 non
3116 5318 3277 5373 etiam
3305 5316 3470 5371 David
3496 5319 3756 5388 pmpheta

2181 5421 2401 5466 testatur
2427 5451 2440 5463 .
2474 5408 2540 5462 in
2562 5408 2914 5479 iniquitatibus
2942 5419 3214 5479 conceptus
3235 5424 3370 5475 sum,
3402 5418 3450 5462 et
3475 5411 3531 5463 in
3557 5411 3756 5466 delictis

2179 5502 2370 5572 peperit
2417 5515 2497 5554 me
2532 5509 2690 5555 mater
2734 5515 2847 5553 mea
2877 5497 3000 5568 (Ps.
3033 5501 3112 5570 t.).
3159 5498 3227 5556 Et
3263 5499 3308 5555 si
3350 5501 3452 5557 hoc
3483 5500 3578 5556 ille
3603 5503 3756 5567 dicit,

2181 5591 2305 5662 quis
2327 5589 2480 5647 aliter
2516 5602 2577 5647 se
2622 5597 2830 5647 asserat
2872 5589 3255 5660 procreatum?
3299 5589 3500 5650 Beatus
3544 5607 3757 5664 quoque
