3994 6422
235 400 299 452 257
1418 369 1769 428 El‘lSTOL/E
1814 368 1901 421 I'LT
1942 364 2120 420 DECR
2133 364 2283 418 ETA.
3455 344 3521 398 3S

236 499 511 570 apostolus
538 495 731 549 Paulus
767 491 958 544 asserit
995 506 1005 541 :
1041 487 1107 540 Et
1157 502 1245 540 nos
1295 485 1572 553 aliquando
1617 496 1818 534 eramus
1848 490 1900 546 Α
1929 477 2207 544 pervenire
2269 487 2372 527 non
2436 469 2683 570 possint:
2739 466 2892 570 Unde
2946 475 3000 566 et
3056 464 3330 570 Dominus,
3378 466 3524 566 sicut

238 603 420 646 natura
444 589 543 656 ﬁlii
568 589 658 639 inc
682 585 812 638 sicut
835 592 880 634 et
903 581 1068 632 caeteri
1090 577 1309 646 (Ep/tes.
1382 589 1417 627 ιι
1445 579 1484 641 ).
1523 575 1596 626 De
1622 588 1724 640 qua
1752 571 1826 621 ira

238 685 289 735 in
319 677 609 748 Evangelia
629 673 787 730 dicit:
817 671 916 735 Qui
941 669 1230 729 crediderit,
1265 676 1310 718 ct
1344 667 1627 733 baptizatus
1655 661 1828 729 fuerit,

239 773 436 826 habebit
466 772 617 822 vitam
638 774 905 823 retentam;
936 761 1022 830 qui
1050 770 1216 813 autem
1257 775 1356 810 non
1392 754 1687 817 crediderit,
1716 754 1832 819 jam

241 860 502 926 iudicatus
531 864 625 916 est,
657 860 704 904 et
746 853 826 903 ira
869 850 963 902 Dei
1008 857 1173 900 manet
1204 861 1357 913 super
1383 861 1493 896 eum
1524 840 1698 911 (Joan.
1732 842 1832 906 ιιι).

242 951 335 1004 Illa
364 947 568 1014 utique,
603 942 672 997 de
696 955 797 1009 qua
829 939 1027 992 dictum
1059 945 1141 990 est
1167 953 1176 987 :
1210 935 1378 986 Morte
1407 931 1638 984 morieris
1681 926 1835 996 (Gen.

244 1039 330 1105 ιι),
366 1037 481 1102 ipse
512 1031 771 1086 Dominus
811 1029 966 1082 .lesus
993 1025 1236 1078 Christus
1275 1022 1481 1076 caelesti
1529 1033 1663 1073 voce
1715 1032 1838 1084 pro-

250 1128 501 1185 nuntiat:
542 1122 643 1186 Qui
674 1137 774 1174 non
799 1117 1176 1172 manducauerit
1214 1129 1419 1167 carnem
1454 1110 1580 1163 Filii
1622 1107 1842 1161 hominis

247 1230 292 1272 et
328 1218 507 1270 biberit
548 1214 847 1284 sanguinem
887 1214 1036 1282 ejus,
1079 1224 1182 1260 non
1228 1205 1426 1257 habebit
1472 1204 1625 1255 vitam
1673 1203 1725 1252 in
1766 1215 1846 1251 se—

254 1310 526 1378 metipsum
556 1304 745 1376 (Joan.
785 1302 904 1372 γι),
961 1300 1048 1353 ubi
1083 1300 1266 1367 utique
1303 1295 1572 1350 neminem
1603 1294 1846 1347 videmus

251 1408 573 1466 exceptum;
633 1408 732 1448 nec
777 1405 940 1446 ausus
963 1399 1044 1444 est
1072 1389 1266 1456 aliquis
1311 1387 1517 1449 dicere,
1558 1384 1845 1452 parvulum

254 1489 371 1542 sine
395 1486 497 1540 hoc
524 1493 861 1538 sacramento
891 1478 1110 1534 salutari
1134 1479 1199 1531 ad
1226 1488 1480 1530 aeternam
1507 1475 1666 1526 vitam
1691 1487 1850 1541 posse

257 1575 514 1646 perduci;
545 1574 660 1626 sine
687 1571 777 1625 illa
809 1581 987 1624 autem
1019 1569 1128 1622 vita
1155 1608 1168 1633 ,
1215 1568 1270 1620 in
1315 1572 1574 1635 perpetua
1616 1565 1849 1616 futurum

257 1676 436 1720 morte
462 1679 566 1717 non
601 1661 818 1715 dubium
867 1667 968 1713 est.
1017 1655 1126 1712 Cur
1179 1658 1335 1726 igitur
1383 1655 1556 1707 infans
1581 1653 1679 1705 hac
1707 1664 1853 1705 sorte

257 1756 632 1817 concluditur,
684 1753 730 1806 si
778 1751 986 1807 nullum
1042 1750 1200 1804 habet
1246 1747 1469 1802 omnino
1531 1744 1854 1815 peccatum?

1943 567 2195 632 Superius
2235 563 2492 623 diximus,
2552 559 2626 610 ait
2666 559 2839 626 (quod
2884 557 3065 624 utique
3104 555 3204 608 nisi
3251 556 3527 622 baptizatus

1939 670 2040 707 non
2101 651 2378 719 convenit)
2411 667 2425 702 :
2476 649 2577 714 Qui
2626 665 2726 699 non
2755 647 3132 699 manducarerit
3165 663 3368 698 carnem
3405 644 3531 699 Filii

1937 746 2180 806 hominis,
2215 753 2259 793 et
2293 741 2469 792 biberit
2498 739 2799 807 sanguinem
2836 741 2969 808 ejus,
3008 753 3110 789 non
3144 736 3343 790 habebit
3384 740 3534 790 vitam

1941 835 1989 884 in
2024 834 2291 900 semetipso
2324 829 2509 899 (Joan.
2546 844 2595 879 vi
2619 830 2672 894 };
2719 827 2839 880 sine
2880 829 2990 880 vita
3030 835 3209 880 autem
3242 841 3362 880 esse
3419 843 3532 894 per-

1944 935 2101 992 petua
2144 923 2270 992 quid
2311 931 2392 975 est
2444 920 2546 973 nisi
2583 919 2634 971 in
2676 918 3002 985 sempiterna
3047 926 3220 970 morte
3250 917 3536 970 constituit

1943 1015 2189 1083 quamvis
2213 1014 2349 1078 idem
2381 1012 2450 1064 sit
2473 1023 2691 1077 regnum
2717 1009 2974 1061 cmlorunt
3001 1008 3144 1074 quod
3180 1018 3379 1061 acterna
3411 1009 3537 1071 vita,

1947 1116 2158 1164 tamen,
2219 1113 2274 1154 ut
2333 1100 2666 1168 providentia
2729 1098 2821 1151 Dei
2887 1112 3075 1151 omnes
3131 1099 3542 1166 Pelagianorum

1949 1194 2212 1262 nequitias
2258 1197 2586 1258 amputaret,
2633 1203 2740 1242 non
2787 1189 2961 1241 solum
3002 1188 3205 1241 dictum
3254 1198 3337 1242 est
3380 1205 3392 1240 :
3444 1191 3543 1252 Qui

1948 1303 2047 1338 non
2087 1287 2236 1353 fuerit
2265 1295 2469 1337 renatus
2493 1298 2556 1336 ea:
2580 1298 2714 1349 aqua
2740 1290 2787 1334 et
2817 1281 3018 1348 Spiritu
3041 1292 3217 1333 sancto
3248 1297 3351 1333 non
3381 1280 3546 1333 intra-

1950 1377 2016 1428 bit
2051 1378 2101 1427 in
2129 1391 2340 1442 regnum
2362 1373 2606 1426 actorum
2639 1371 2828 1440 (Joan.
2863 1373 2988 1438 tu);
3031 1370 3124 1424 sed
3153 1371 3312 1424 etiam
3349 1370 3549 1434 pariter

1953 1465 2154 1519 dictum
2185 1476 2303 1518 est:
2345 1464 2445 1528 Qui
2479 1479 2581 1515 non
2629 1463 3013 1514 manducauerit
3042 1477 3247 1513 carnem
3286 1462 3417 1513 Filii
3456 1461 3549 1513 ho-

1955 1556 2125 1618 minis,
2165 1564 2209 1605 et
2243 1553 2421 1605 biberit
2463 1552 2764 1622 sanguinem
2794 1555 2928 1622 ejus,
2966 1567 3068 1603 non
3090 1551 3292 1603 habebit
3320 1551 3475 1603 vitam
3498 1551 3551 1604 in

1957 1645 2243 1712 serueripso.
2288 1643 2364 1696 De
2393 1644 2497 1695 vita
2529 1651 2705 1696 autem
2750 1651 2955 1696 mterna
2996 1643 3099 1696 hoc
3132 1642 3334 1695 dictum
3374 1642 3553 1696 nullus

1958 1737 2262 1798 addubitat;
2295 1734 2546 1804 quoniam
2574 1734 2726 1788 multi
2760 1749 2864 1787 non
2901 1733 3288 1788 manducantes
3333 1735 3433 1789 hoc
3468 1749 3554 1789 sa-

262 1849 538 1917 magisque
587 1844 857 1898 videbitur
907 1842 1072 1911 (quod
1113 1839 1274 1909 absit)
1327 1837 1556 1906 injustus
1599 1838 1759 1899 Deus,
1807 1837 1851 1888 si
1888 1852 1928 1908 Β
1960 1837 2315 1888 craineutum,
2351 1827 2509 1878 vitam
2542 1826 2737 1878 habere
2762 1826 3046 1879 videantur
3074 1837 3415 1892 prazscntem.

263 1941 372 1992 illic
405 1937 671 2005 iuiligatur
696 1948 871 2003 poena,
908 1932 994 1985 ubi
1028 1932 1173 1984 nulla
1218 1931 1287 1982 sit
1313 1929 1489 1996 culpa.
1535 1927 1690 1981 Unde
1733 1940 1856 1980 cum

257 2027 329 2081 de
363 2025 591 2094 prOpriis
617 2023 823 2076 actibus
856 2021 1000 2074 nullo
1055 2027 1204 2073 reatu
1239 2024 1482 2073 teneatur
1523 2017 1856 2082 'obstrictus,

264 2119 402 2173 nihil
444 2124 613 2172 restat
655 2114 756 2169 nisi
798 2121 857 2167 ut
904 2111 1017 2165 sola
1049 2113 1116 2163 sit
1145 2110 1333 2164 vitiosa
1365 2108 1642 2163 nativitate
1689 2108 1860 2176 pollu-

267 2221 388 2272 tus;
415 2217 468 2263 et
493 2209 537 2264 si
567 2222 672 2261 non
695 2204 855 2260 fuerit
874 2202 1112 2272 mysterii
1136 2201 1426 2256 Christiani
1453 2196 1865 2268 participatione

266 2301 577 2362 mundatus,
601 2299 667 2352 ad
696 2297 861 2351 vitam
886 2309 991 2348 non
1014 2302 1188 2363 potest
1207 2291 1488 2363 pervenire
1525 2301 1857 2360 perpetuam.

267 2394 410 2448 llinc
437 2400 518 2444 est
549 2387 688 2458 quod
712 2385 1068 2443 exsufﬂantur
1091 2393 1142 2439 et
1164 2384 1571 2439 catecliizantur
1596 2381 1862 2445 infantes;

269 2492 324 2536 et
348 2482 470 2550 quia
504 2479 556 2534 in
585 2493 750 2548 Opere
771 2475 889 2541 Dei,
921 2475 1063 2544 quod
1096 2475 1145 2527 in
1177 2484 1398 2528 auctore
1432 2486 1530 2526 suo
1573 2471 1711 2526 bene
1741 2477 1867 2524 sunt

272 2573 525 2637 instituti,
571 2584 707 2639 opus
743 2567 1022 2623 diabolica:
1063 2565 1410 2636 malignitatis
1446 2563 1698 2627 accessit,
1731 2563 1868 2616 eruti

277 2663 342 2716 de
370 2669 615 2732 potestate
648 2657 968 2713 tenebrarum
998 2656 1229 2728 (Coloss.
1261 2654 1331 2724 ι),
1375 2655 1514 2708 sicut
1541 2654 1697 2716 docet
1727 2657 1870 2720 Apo-

274 2751 580 2818 stolus,'ad
627 2748 746 2803 Filii
780 2748 873 2802 Dei
912 2757 1135 2812 sortem,
1189 2744 1664 2814 purgationemque
1700 2739 1870 2810 legiti—

277 2859 418 2898 tnam
471 2841 886 2897 transferuntur.
938 2836 1050 2891 Nisi
1107 2847 1286 2890 autem
1345 2833 1514 2902 prima
1569 2831 1868 2902 generatio,

277 2948 439 3003 quam
474 2933 669 2987 bonam
692 2931 835 2985 Deus
863 2928 1114 2994 instituit,
1146 2925 1600 2995 praevaricatione
1638 2922 1876 2977 venisset

279 3027 332 3080 in
355 3025 586 3093 culpam,
616 3031 670 3077 et
698 3019 1052 3090 reprobabilis
1073 3028 1218 3073 esset
1241 3017 1464 3080 eﬂ’ecta;
1501 3015 1738 3070 secunda
1774 3029 1872 3084 ge-

279 3115 489 3170 neratio
531 3111 869 3182 subroganda
916 3125 1019 3163 non
1055 3109 1271 3164 fuerat:
1307 3117 1525 3179 propter
1567 3105 1714 3176 quod
1743 3105 1877 3160 dicit

2033 1918 2172 1972 Nihil
2206 1931 2283 1971 εει
2314 1934 2441 1986 ergo
2474 1917 2616 1984 quod
2648 1918 2848 1982 dicant,
2881 1919 3021 1987 quod
3054 1933 3157 1971 non
3185 1917 3353 1971 renati
3385 1916 3557 1971 inlan-

1967 2020 2066 2073 tes,
2117 2009 2486 2063 tantummodo
2533 2010 2584 2062 in
2634 2025 2859 2078 regnum
2897 2008 3157 2064 cmlorum
3212 2012 3288 2063 ire
3321 2026 3426 2062 non
3462 2025 3558 2065 va-

1965 2103 2142 2164 leant;
2196 2117 2299 2155 non
2343 2114 2523 2154 autem
2562 2112 2824 2170 perpetua
2861 2102 3208 2158 damnatione
3249 2104 3558 2171 puniantur,

1965 2195 2093 2247 dum
2116 2193 2231 2248 sine
2250 2193 2568 2261 baptismate
2585 2209 2778 2262 corpus
2809 2203 2863 2250 et
2883 2195 3197 2264 sanguinem
3229 2195 3430 2249 Christi
3461 2212 3561 2250 nec

1967 2283 2128 2338 edere
2156 2285 2394 2348 valeant,
2424 2300 2524 2338 nec
2547 2295 2735 2352 potare
2759 2301 2775 2339 :
2819 2287 2938 2341 sine
2967 2295 3148 2341 autem
3182 2287 3282 2342 hoc
3316 2289 3479 2342 vitam
3508 2290 3562 2344 in

1967 2372 2273 2440 semetipsis
2305 2373 2504 2426 habere
2546 2387 2653 2426 non
2687 2383 2929 2444 possent,
2970 2376 3091 2433 sine
3130 2379 3237 2431 vita
3276 2393 3406 2433 vero
3455 2396 3561 2436 non

1970 2464 2071 2517 nisi
2105 2465 2300 2518 mortui
2336 2464 2444 2517 ‘sint
2476 2463 2660 2519 futuri.
2691 2465 2705 2495 ¹
2739 2465 2926 2521 Dicant
2964 2465 3058 2538 [αι.
3096 2467 3372 2544 Dicantur]
3404 2473 3566 2541 igitur

1970 2555 2024 2608 in
2051 2564 2225 2608 morte
2253 2566 2507 2623 perpetua
2530 2557 2831 2626 conetituti,
2857 2557 2902 2610 si
2929 2573 3034 2612 non
3069 2560 3406 2616 aestimentur
3443 2577 3566 2619 esse

1971 2645 2251 2700 damnati:
2297 2647 2486 2702 tollant
2523 2663 2655 2718 ergo
2697 2649 2766 2704 de
2801 2650 2982 2706 medio
3032 2653 3216 2708 nescio
3255 2670 3412 2724 quem
3466 2657 3568 2727 ipsi

1975 2740 2214 2806 tertium,
2240 2755 2400 2809 quem
2422 2739 2759 2808 decipiendis
2783 2743 3018 2812 parvulis
3043 2744 3238 2800 iaciant
3270 2749 3469 2804 locum.
3504 2750 3568 2806 Et

1972 2828 2096 2898 quia
2128 2844 2232 2884 non
2265 2832 2363 2884 nisi
2404 2831 2648 2885 dextram
2692 2843 2898 2900 partem
2935 2835 3159 2904 legimus
3193 2847 3244 2891 et
3270 2839 3566 2907 sinistram,

1975 2935 2081 2973 non
2112 2922 2232 2974 illos
2259 2921 2459 2975 faciant
2491 2921 2547 2976 in
2577 2923 2810 2978 sinistra
2831 2927 3050 2994 regione
3086 2929 3202 2982 sine
3249 2928 3570 2998 baptismate

1977 3024 2278 3075 remanere,
2323 3013 2419 3066 sed
2451 3012 2750 3081 baptizatos
2778 3015 2960 3070 sinant
2998 3017 3065 3071 ad
3111 3017 3389 3074 dexteram
3425 3022 3572 3076 salu”-

1979 3111 2147 3157 tarem
2172 3117 2322 3158 sacra
2355 3105 2764 3174 regeneratione
2790 3107 3094 3164 transferri.

281 3208 470 3262 beatus
511 3203 713 3257 Paulus
744 3200 1059 3269 apostolus:
1102 3199 1247 3253 Sicut
1296 3213 1386 3263 per
1417 3213 1575 3251 unum
1617 3193 1870 3251 hominem
1899 3215 1947 3282 ο
2051 3195 2232 3249 Tertio
2276 3197 2510 3266 capitulo
2551 3196 2662 3265 jam
2713 3208 2826 3253 toto
2870 3200 3072 3255 mundo
3117 3204 3353 3273 cognita,
3407 3212 3572 3276 atque

282 3307 544 3371 peceatum
567 3293 771 3349 intrat-it
802 3293 852 3346 in
868 3292 1136 3358 mundum,
1153 3301 1200 3347 et
1226 3307 1312 3359 per
1333 3298 1598 3360 peccatum
1625 3303 1792 3344 more:
1812 3301 1874 3344 et

283 3388 373 3441 Ita
390 3389 442 3440 in
462 3377 632 3438 omnes
658 3385 886 3439 homines
907 3382 1224 3454 pertransiit,
1253 3383 1305 3437 in
1326 3399 1427 3452 quo
1447 3398 1620 3436 omnes
1643 3397 1876 3451 peccave-

284 3486 442 3542 runt;
466 3484 520 3530 et
545 3474 704 3541 paulo
735 3483 852 3543 post
886 3489 899 3525 :
931 3471 1099 3541 Igitur
1117 3473 1246 3525 sicut
1270 3486 1358 3540 per
1383 3471 1532 3526 unius
1549 3459 1788 3525 delictum
1821 3473 1876 3524 in

286 3557 460 3622 sinuet
473 3565 700 3618 homines
721 3563 1279 3630 inocondemnationem,
1294 3562 1368 3615 sic
1383 3571 1429 3615 et
1444 3579 1534 3632 per
1557 3562 1706 3615 unius
1716 3562 1879 3632 justi-

286 3659 410 3713 tiam
442 3657 494 3710 in
526 3671 697 3710 cumet
719 3655 945 3707 homines
971 3655 1023 3708 in
1049 3654 1466 3722 iustiﬁcatiunem
1479 3653 1876 3725 vitte(Rom.v).

365 3747 518 3802 Sicut
536 3756 714 3801 autem
745 3759 932 3800 omnes
971 3745 1025 3799 in
1065 3745 1569 3799 condemnationem
1595 3745 1743 3810 dicit,
1778 3745 1883 3801 uti-

289 3854 396 3911 que
416 3840 509 3908 qui
538 3839 606 3893 de
636 3838 805 3892 Adam
848 3845 1068 3905 parente
1099 3845 1226 3892 sunt
1261 3837 1452 3907 geniti,
1503 3837 1580 3890 sic
1612 3851 1800 3892 omnes
1826 3837 1880 3891 in

290 3931 731 4000 iusullcationem
773 3926 895 3981 vita:
935 3942 1041 3982 non
1083 3928 1184 3981 nisi
1240 3928 1363 3981 illos
1411 3927 1624 3994 astruit,
1687 3929 1773 3996 qui
1827 3928 1879 3982 in

290 4021 492 4077 Christi
527 4021 783 4091 mysterio
822 4029 948 4075 sunt
991 4020 1184 4075 renati.
1233 4019 1536 4074 lnnumeris
1577 4020 1771 4075 talibus
1795 4021 1883 4075 in-

293 4114 612 4168 strumentis
642 4113 861 4175 heresis
890 4113 1188 4182 Pelagiana
1219 4111 1465 4166 doctrina
1495 4110 1797 4177 mortifera,
1831 4119 1887 4167 et

294 4221 324 4258 a
360 4205 560 4259 nostris
587 4213 670 4259 est
697 4206 939 4258 convicta
969 4202 1289 4272 majoribus,
1321 4214 1376 4258 et
1403 4218 1544 4257 nunc
1573 4219 1758 4259 eorum
1795 4219 1885 4259 co-

297 4297 446 4366 piosa
479 4305 652 4364 potest
679 4296 980 4351 eruditione
1009 4295 1286 4361 convinci;
1319 4309 1420 4350 nec
1455 4295 1654 4351 debent
1682 4297 1888 4366 simpli-

294 4399 391 4439 σεε
412 4386 619 4440 animos
650 4385 750 4441 ista
790 4386 1031 4450 turbare,
1062 4384 1255 4454 quibus
1274 4401 1396 4455 qua:
1435 4399 1541 4440 non
1583 4387 1889 4460 intelligunt

294 4476 588 4532 secundum
611 4476 1034 4532 ecclesiasticam
1066 4475 1290 4530 formam
1322 4475 1615 4531 credidisse
1629 4478 1880 4545 sufficiet,

1977 3290 2216 3344 convicta
2283 3291 2691 3361 Pelagianorum
2763 3293 3117 3348 deliramenta
3172 3298 3571 3366 circutnlerre,

1976 3383 2169 3452 quibus
2209 3384 2423 3450 dicunt,
2463 3384 2606 3453 quod
2655 3385 2817 3439 homo
2860 3401 2957 3454 p.~r
2998 3387 3224 3443 liberum
3267 3389 3572 3462 arbitrium,

1978 3477 2118 3544 quod
2151 3477 2411 3544 corrupit,
2437 3477 2658 3532 foedavit
2685 3493 2748 3533 ac
2778 3479 3034 3548 perdidit,
3071 3481 3213 3534 bono
3243 3481 3576 3553 suilragante

1980 3576 2188 3621 natura:
2226 3568 2416 3622 beatus
2445 3567 2732 3635 efficiatur,
2773 3585 2898 3624 cum
2935 3569 3002 3625 de
3046 3570 3377 3628 beatitudine
3419 3588 3577 3642 para-

1980 3657 2103 3722 disi,
2136 3658 2224 3711 ubi
2261 3660 2398 3712 bona
2439 3658 2612 3712 fuerat
2646 3661 2940 3715 constituta
2983 3661 3310 3728 substantia,
3343 3665 3444 3719 nisi
3478 3678 3579 3721 suo

1981 3747 2183 3802 amisso
2215 3749 2355 3803 ιιυιιο
2379 3749 2682 3804 nullatenus
2710 3752 2978 3819 potuisset
3003 3753 3229 3822 expelli.
3264 3755 3410 3810 unde
3431 3768 3580 3811 mor-

1983 3839 2104 3892 talis
2149 3839 2361 3900 cll‘ecta,
2413 3840 2535 3908 quia
2585 3843 2650 3894 de
2705 3842 2846 3895 bono
2900 3844 3581 3913 utique'praewricatione

1984 3928 2266 3982 transisset
2305 3929 2372 3982 ad
2412 3935 2644 3994 malum;
2685 3941 2740 3986 et
2774 3947 2804 3985 a
2850 3934 3266 4003 participatione
3295 3937 3474 3993 divina
3510 3939 3581 3994 ad

1984 4019 2248 4076 diabolica
2271 4032 2442 4076 semet
2467 4023 2702 4078 facinora
2735 4026 3057 4080 contulisset
3090 4043 3104 4081 :
3147 4028 3270 4084 ideo
3298 4030 3582 4100 dcccptori

1984 4123 2107 4177 suo,
2153 4111 2239 4165 cui
2281 4113 2468 4166 volens
2513 4123 2844 4182 assenserat,
2890 4126 3274 4186 competenter
3312 4121 3582 4190 addictus,

1988 4200 2110 4256 ideo
2142 4200 2210 4257 de
2240 4202 2512 4265 felicitatis
2553 4220 2665 4259 suae
2713 4206 2940 4262 caritate
2985 4209 3254 4274 seclusus,
3304 4223 3466 4282 atque
3513 4214 3582 4267 ad

1987 4294 2171 4364 spinas
2219 4306 2273 4351 et
2313 4296 2560 4361 tribulos,
2612 4299 2967 4369 miseriaeque
3007 4299 3335 4372 multiplices
3374 4306 3586 4361 caelesti

1989 4399 2123 4442 voce
2164 4386 2450 4442 damnatus
2489 4397 2610 4452 est;
2652 4404 2774 4458 quae
2818 4390 3003 4458 utique
3049 4406 3209 4461 pcena
3241 4393 3370 4462 justi
3399 4394 3586 4464 iudicii

1992 4483 2100 4531 tam
2123 4478 2304 4546 gravis
2327 4487 2383 4534 et
2410 4493 2601 4548 aspera
2633 4481 2687 4534 in
2717 4480 2861 4536 bono
2885 4486 3248 4549 perseveranti
3279 4486 3588 4542 nullatenus

298 4575 394 4620 aut
431 4567 473 4621 si
522 4567 637 4635 quis
668 4581 826 4623 nosse
860 4566 1152 4633 desiderat,
1193 4568 1524 4638 interrogare
1572 4571 1884 4625 conveniet.
1914 4589 1965 4651 ι)
1990 4578 2135 4622 esset
2174 4567 2412 4632 inﬂicta;
2453 4579 2508 4623 et
2548 4570 2648 4624 nisi
2686 4570 2827 4626 mal)
2868 4585 2978 4627 non
3003 4574 3397 4633 convenienter
3440 4577 3588 4633 illata

301 4658 380 4712 De
406 4658 640 4727 parvulis
661 4666 858 4722 autem,
883 4657 1024 4727 quod
1041 4658 1232 4711 asserit
1254 4657 1373 4712 sine
1392 4671 1546 4712 sacro
1563 4657 1886 4728 baptsutate

301 4763 402 4817 pro
421 4747 534 4802 solo
561 4745 806 4819 originali
831 4755 1051 4818 peccato
1082 4764 1186 4802 non
1233 4763 1391 4818 posse
1436 4750 1701 4814 damnari,
1752 4753 1887 4808 satis

303 4842 484 4911 impia,
524 4850 652 4896 suns
693 4840 914 4910 profana
954 4841 1247 4910 propositio
1291 4851 1408 4906 est;
1453 4845 1695 4910 quamvis
1741 4846 1886 4900 enim

306 4943 551 4988 recentes
566 4932 633 4987 ab
659 4941 809 4987 utero
831 4943 1057 4986 matrum
1082 4931 1134 4986 in
1159 4932 1527 4988 remissionem
1547 4943 1886 5003 peccatorum

305 5022 561 5090 baptizari
583 5021 758 5077 nullus
775 5020 1116 5076 Christianus
1145 5022 1376 5090 ignorat,
1399 5023 1541 5093 quod
1570 5025 1754 5094 utique
1781 5040 1889 5082 non

306 5114 585 5182 fallaciter,
625 5114 720 5170 sed
744 5113 1007 5169 veraciter
1051 5112 1314 5169 catholica
1351 5114 1587 5170 celebrat
1621 5115 1886 5184 Ecclesia,

308 5219 381 5262 ne
405 5207 460 5260 in
489 5204 840 5260 sacramentis
879 5201 1192 5259 caelestibus
1231 5203 1411 5272 (quod
1447 5205 1627 5275 absit)
1666 5206 1888 5262 mentita

308 5292 580 5359 videatur;
637 5293 862 5362 proinde
912 5293 1035 5363 quia
1083 5291 1301 5362 propria
1356 5307 1463 5350 non
1506 5293 1739 5351 habeant
1781 5295 1893 5352 ulla

309 5392 547 5454 peccata,
580 5392 788 5439 constat
816 5382 932 5452 eius
958 5382 1054 5456 [aL
1083 5379 1185 5455 eis]
1213 5383 1328 5440 sola
1360 5398 1580 5451 prorsus
1612 5385 1892 5456 originalia

303 5475 564 5530 relaxari.
613 5473 792 5543 Itaque
812 5474 1062 5530 omnibus
1101 5475 1272 5529 etiam
1301 5475 1433 5531 solis
1455 5477 1696 5534 remissis
1727 5481 1891 5534 vitam

306 5581 405 5636 per
447 5567 767 5636 baptismum
797 5574 1197 5636 consequuntur
1230 5577 1522 5636 tetcrnam;
1554 5583 1891 5641 consequens

302 5667 411 5724 cst,
443 5668 496 5712 ut
520 5658 651 5712 solis
677 5671 840 5712 etiam
885 5669 991 5711 non
1020 5657 1283 5728 remissis,
1322 5658 1390 5715 ad
1425 5667 1682 5718 aeternam
1715 5662 1883 5719 vitam

383 5752 396 5782 ⁸
440 5749 600 5806 Forte
631 5749 752 5805 Non
773 5749 1029 5805 dicantur.
1061 5748 1324 5806 ηιιουιιι.

1991 4658 2328 4729 probaretur.
2365 4659 2504 4716 Ecce
2535 4660 2653 4716 sine
2684 4661 2866 4716 divino
2893 4661 3174 4735 ωσι-δεῦε,
3224 4668 3368 4736 quod
3412 4668 3466 4723 in
3496 4669 3588 4725 illa

1994 4746 2324 4803 beatitudine
2361 4749 2568 4818 positus
2612 4765 2881 4821 nunquam
2915 4753 3113 4824 legitur
3139 4756 3447 4825 expetisse:
3479 4774 3588 4815 non

1991 4836 2168 4894 solum
2201 4837 2403 4894 homini
2441 4842 2694 4904 naturale
2729 4842 2930 4899 bonum
2963 4845 3223 4914 prodesse
3251 4862 3360 4904 non
3393 4851 3587 4917 potuit,

1996 4942 2102 4982 non
2129 4929 2303 4983 solum
2349 4945 2455 4984 non
2495 4929 2676 4988 etfacit
2712 4932 2962 5002 beatum;
3013 4934 3110 4991 sed
3154 4952 3278 4993 cum
3319 4938 3425 4996 hoc
3471 4943 3591 4999 solo

1996 5018 2241 5085 conlidit,
2272 5010 2434 5090 atque
2456 5020 2524 5075 ad
2552 5021 2673 5092 ejus
2703 5038 2810 5080 non
2847 5026 3140 5083 revertitur
3167 5027 3503 5101 largitorem,
3533 5042 3592 5090 et

2001 5107 2386 5168 beatitudinem
2438 5114 2616 5182 potius
2671 5114 2876 5184 amisit,
2930 5125 2986 5173 et
3033 5117 3296 5176 malorum
3347 5123 3590 5180 omnium

1999 5207 2229 5277 sumpsit
2251 5208 2559 5264 exordium.
2586 5208 2745 5277 Quod
2771 5219 2952 5267 autem
2972 5211 3146 5269 libero
3172 5215 3397 5272 arbitrio
3420 5217 3591 5273 beati-

1995 5297 2236 5353 tudinem
2259 5309 2679 5372 consequantur,
2705 5315 2814 5371 quo
2843 5303 2985 5360 male
3014 5319 3146 5360 usus
3179 5309 3231 5362 in
3274 5319 3591 5378 perpetuam

1996 5389 2190 5447 recidit
2215 5391 2553 5459 servitutem,
2577 5393 2719 5448 sicut
2736 5393 3003 5464 scriptum
3033 5404 3157 5450 est:
3195 5397 3298 5462 Qui
3328 5399 3451 5467 facit
3474 5415 3591 5470 pto-

1995 5493 2187 5548 catum,
2212 5497 2384 5538 seruus
2404 5493 2480 5539 est
2505 5484 2702 5555 peccati
2737 5483 2933 5557 (lacn.
2960 5500 3079 5556 vm,
3103 5487 3195 5559 54)
3221 5507 3235 5544 :
3259 5503 3290 5544 ιι
3319 5503 3429 5558 quo
3472 5493 3596 5561 quis

1993 5581 2299 5643 superatur.
2339 5572 2467 5632 huic
2492 5584 2548 5632 et
2586 5589 2778 5632 servus
2806 5575 3098 5632 addicitur.
3136 5576 3326 5634 Nonne
3366 5579 3484 5637 bzec
3508 5590 3595 5638 est

1991 5661 2082 5721 illa
2103 5664 2450 5737 prmumptio
2470 5665 2732 5724 naturalis
2756 5681 2880 5739 qua
2899 5664 2971 5724 ad
2992 5665 3333 5738 detestandae
3360 5670 3591 5741 captivi-
