3992 6396
535 419 603 478 89
1863 410 2128 470 GELASII
2167 409 2367 468 PAPIE
2403 413 2422 469 Ι

3699 420 3764 474 te

531 531 654 589 tatis
668 533 786 602 jura
807 527 1104 594 descendit,
1135 540 1286 596 quam
1314 525 1584 595 scriptura
1616 535 1796 582 sancta
1848 526 1930 581 sic
1975 539 2088 580 me-
2118 521 2169 582 Δ
2196 533 2404 592 ruerat,
2436 524 2855 582 misericorditer
2871 525 3168 582 absolutum
3197 534 3362 582 esset.
3390 525 3560 598 liuius
3584 541 3763 583 sacra-

528 632 698 679 morat
729 639 744 677 :
780 620 943 676 Grave
953 622 1138 692 jagum
1162 632 1314 684 super
1337 618 1473 683 ﬁlios
1492 617 1654 670 Adam
1674 633 1707 670 a
1733 616 1818 670 die
1839 617 2006 672 exitus
2030 617 2093 670 de
2195 616 2362 670 menti
2379 615 2749 688 redemptione
2767 625 2892 674 ante
2906 617 3087 673 mundi
3101 617 3419 688 principium
3439 619 3760 691 sempiterna

527 722 695 768 ventre
730 710 904 765 matris
943 723 1116 764 eorum
1144 723 1301 775 usque
1327 708 1382 760 in
1413 708 1544 761 diem
1579 696 1854 777 sepultum
1887 707 1940 760 in
1979 723 2088 761 ma-

525 810 653 859 trem
674 802 896 856 omnium
935 797 1158 871 (Eccles.
1189 796 1314 866 xu);
1360 795 1426 851 de
1461 810 1559 866 qua
1586 810 1755 866 genus
1790 796 2079 851 humanum

525 907 634 949 non
661 892 763 947 nisi
805 891 954 946 solus
983 888 1234 943 Dominus
1262 896 1444 941 noster
1471 886 1629 942 lesus
1656 886 1899 942 Christus
1942 903 2090 942 com-

525 984 728 1040 mercio
749 995 860 1036 sum
885 979 1110 1036 redemit
1143 976 1426 1049 passionis,
1470 987 1526 1034 et
1565 987 1764 1034 mutata
1810 979 2086 1033 nativitate

525 1088 624 1130 nos
647 1070 821 1128 eruit?
851 1070 1007 1126 Solus
1023 1069 1198 1139 utique
1222 1068 1356 1124 seuit
1383 1084 1625 1137 querere,
1658 1077 1705 1122 et
1726 1069 1922 1124 saluere
1945 1067 2080 1139 quod

521 1165 737 1234 perierat
767 1160 979 1234 (Matth.
1000 1161 1174 1231 xrtzt),
1201 1170 1259 1215 ut
1296 1160 1533 1226 libertas,
1568 1174 1688 1229 qua:
1721 1174 1816 1230 per
1846 1169 2080 1215 tanera-

521 1255 654 1308 riam
677 1253 849 1307 fuerat
876 1251 1080 1321 deiecta
1110 1250 1432 1320 superbiam,
1470 1247 1797 1306 instauretur
1833 1259 2080 1320 reparata

522 1357 619 1414 per
635 1344 896 1414 gratiam;
934 1354 1222 1410 mutuaque
1252 1339 1368 1395 vice
1403 1339 1647 1396 humana:
1671 1341 1963 1396 voluntatis
1989 1355 2082 1395 ar-

521 1432 758 1501 bitrium,
780 1431 918 1487 sicut
934 1429 1206 1501 sequendo
1232 1429 1520 1494 diabolum,
1558 1430 1917 1501 captivitatem
1960 1445 2079 1487 me-

519 1531 701 1579 ruerat
725 1521 1122 1592 selnpiternam,
1158 1521 1235 1576 sic
1259 1519 1562 1576 reformatae
1609 1521 1987 1592 subsequendo
2017 1521 2079 1576 li-

520 1614 743 1671 bertatis
780 1623 1083 1676 auctorem,
1123 1613 1377 1668 amissum
1423 1613 1622 1668 rediret
1663 1613 1729 1668 ad
1773 1613 2071 1683 premium.

514 1705 649 1762 niue
667 1715 746 1759 est
772 1703 915 1772 quod
957 1706 1072 1774 ipse
1109 1703 1364 1760 Dominus
1390 1704 1466 1759 ait
1493 1721 1508 1762 :
1540 1703 1670 1760 Cum
1697 1721 1783 1760 eos
1812 1704 1979 1760 Filius
2006 1707 2074 1760 li-

513 1798 773 1862 eeraserit,
800 1806 924 1850 tunc
950 1797 1062 1852 cere
1099 1797 1243 1851 liberi
1276 1797 1438 1852 eritis.
1476 1795 1540 1851 Et
1564 1797 1837 1867 apostolus
1885 1796 2072 1853 beatus

2194 710 2528 779 providentia
2555 713 2862 782 praparati,
2889 713 3003 770 sire
3025 715 3255 769 nondum
3278 715 3481 785 prolata
3508 717 3644 786 lege,
3665 733 3758 776 seu

2189 799 2291 854 sub
2303 800 2676 858 observatione
2699 801 2876 872 legali,
2896 802 3198 871 figuralibus
3222 804 3387 874 signis
3415 817 3574 870 atque
3597 810 3758 860 iaci-i-

2191 889 2327 947 liciis
2355 891 2591 946 omnium
2620 902 2925 948 sanctorum
2939 894 3171 948 virorum
3187 895 3609 966 feminarumque
3635 910 3759 949 san-

2187 991 2394 1036 ctarum
2420 990 2569 1038 vetus
2595 983 2745 1052 origo
2786 983 3032 1038 mundata
3077 992 3180 1048 cst,
3214 985 3578 1055 universisque
3599 985 3758 1055 justzs

2188 1083 2288 1138 per
2312 1072 2498 1141 gratim
2527 1069 2768 1141 spiritum
2796 1072 2896 1128 ltoc
2922 1073 2989 1127 de
3015 1074 3169 1142 longe
3197 1072 3469 1129 adorando
3498 1073 3756 1144 mysterio

2185 1161 2376 1217 salutis
2400 1171 2614 1218 aeterne
2647 1161 2884 1216 remedia
2925 1162 3287 1232 contigerunt,
3326 1163 3478 1232 cujus
3513 1163 3568 1217 in
3596 1161 3752 1219 Cbri-

2185 1258 2273 1306 sto
2320 1249 2656 1306 manilestata
2696 1250 2946 1320 gentibus
2988 1251 3280 1320 plenitudo,
3329 1251 3580 1306 mundum
3628 1267 3753 1321 pur-

2183 1350 2294 1411 gat,
2326 1349 2380 1395 et
2407 1352 2650 1403 renovat,
2693 1341 3142 1412 beatitudinisque
3169 1353 3434 1412 lerpetuse
3461 1356 3586 1397 vere
3629 1343 3751 1397 facit

2183 1445 2303 1487 esse
2333 1431 2642 1506 participes.
2674 1429 3010 1501 Quapropter
3044 1432 3203 1486 nimis
3232 1432 3534 1486 incusamus
3559 1430 3748 1488 fratres

2182 1531 2240 1578 et
2277 1523 2628 1594 coepiscopos
2663 1533 2892 1588 nostros,
2924 1522 3153 1577 maxime
3179 1537 3272 1590 per
3316 1521 3496 1577 Piceni
3523 1521 3742 1591 provin-

2181 1613 2293 1668 cias
2323 1613 2616 1679 Ecclesiam
2649 1612 2856 1666 Domini
2885 1612 3263 1682 gubernantes,
3297 1611 3386 1681 qui
3427 1627 3533 1666 non
3570 1611 3742 1667 solum

2180 1702 2497 1770 lncptissimi
2541 1703 2708 1771 senis,
2749 1702 3077 1771 abjectchuc
3105 1715 3348 1771 persona:
3383 1716 3603 1772 pravum
3640 1717 3747 1759 non

2179 1792 2492 1848 deterruere
2513 1791 2859 1861 colloquium,
2904 1806 3088 1846 verum
3112 1799 3168 1847 et
3190 1805 3288 1845 suo
3319 1791 3589 1847 nutrirere
3611 1805 3745 1846 cou-

514 1885 706 1941 Paulus
751 1886 1099 1956 exsequitur:
1125 1885 1251 1941 Cum
1284 1885 1414 1940 servi
1453 1887 1621 1942 essetis
1662 1888 1873 1956 peccati,
1927 1887 2071 1942 liberi
2104 1868 2152 1928 Β
2177 1895 2362 1938 sensu.
2389 1881 2521 1949 Quis
2559 1881 2781 1935 audiat?
2807 1882 2927 1951 quis
2957 1881 3111 1946 ferat,
3159 1894 3343 1950 passos
3387 1895 3504 1935 esse
3537 1880 3744 1950 pontifi-

506 1977 674 2046 fuistis
684 1977 924 2048 justitic,
951 1976 1004 2031 id
1032 1984 1115 2030 est
1149 1976 1309 2031 alieni
1346 1991 1375 2029 ιι
1391 1977 1628 2047 justitia,
1672 1978 1873 2033 liberati
1902 1989 2075 2034 autem

504 2081 540 2119 a
558 2075 781 2136 peccato,
805 2066 931 2120 servi
950 2066 1074 2136 {acti
1094 2066 1212 2120 estis
1217 2067 1438 2139 justitite
1459 2066 1634 2140 (Rom.
1656 2071 1768 2139 Vl);
1796 2081 1850 2124 et
1878 2070 2070 2126 iterum

507 2154 647 2210 idem
670 2155 782 2224 ipse
800 2171 812 2207 :
837 2154 1162 2221 Libertatem,
1178 2156 1369 2225 inquit,
1384 2172 1483 2225 qua
1494 2172 1580 2210 sos
1593 2155 1824 2211 Christus
1845 2157 2073 2211 liberavit

508 2241 808 2314 (Galat.tv).
830 2245 1015 2301 Nonne
1037 2245 1151 2314 ipse
1170 2259 1260 2299 vas
1273 2244 1549 2300 electionis
1565 2244 1815 2312 afﬁrmat,
1843 2250 1897 2302 et
1915 2246 2072 2305 dicit:

505 2333 647 2390 Deus
669 2344 743 2392 est
767 2337 854 2406 qui
884 2345 1122 2407 operatur
1157 2337 1212 2390 in
1240 2337 1378 2393 vobis
1397 2348 1444 2391 et
1469 2337 1593 2392 uelle
1615 2346 1664 2392 et
1697 2339 1937 2409 perﬁcere
1979 2353 2074 2410 pro

502 2425 637 2482 bona
650 2427 903 2482 uoluntate
919 2425 1140 2499 (Philip.
1166 2427 1228 2498 tt)
1241 2429 1265 2482 ?
1289 2443 1357 2484 ne
1371 2429 1528 2484 etiam
1553 2431 1606 2483 in
1622 2429 1760 2485 mala
1773 2430 2068 2498 voluntate,

504 2525 562 2573 et
579 2515 716 2573 velle
741 2527 797 2572 et
822 2515 1081 2586 perﬁcere
1106 2517 1247 2574 Deus
1270 2527 1548 2588 putaretur
1566 2520 1798 2590 operari.
1821 2518 1954 2575 illud
1973 2534 2071 2574 au-

505 2615 618 2662 tem
645 2604 1048 2676 Pelagianorum
1087 2607 1357 2675 peculiare
1395 2607 1542 2664 virus
1569 2617 1673 2674 est,
1712 2609 1945 2677 olimque
1973 2609 2070 2665 de-

507 2695 712 2761 tritum,
748 2709 856 2766 quo
897 2703 1087 2767 putant
1131 2698 1358 2766 gratiam
1405 2697 1498 2752 Dei
1543 2698 1834 2754 secundum
1880 2699 2069 2754 merita

505 2783 780 2840 hominum
829 2792 986 2854 posse
1029 2785 1290 2854 conlerri,
1341 2785 1482 2857 quod
1519 2786 1670 2858 absit
1717 2801 1750 2842 a
1801 2788 2070 2844 mentibus

502 2873 842 2930 Christianis!
871 2889 989 2930 cum
1014 2884 1242 2932 testetur
1271 2877 1558 2947 Apostolus
1584 2894 1600 2932 :
1630 2876 1812 2934 Gratia
1843 2889 1918 2934 est
1954 2895 2071 2948 qua

501 2965 660 3038 gratis
685 2964 878 3030 datur;
911 2965 1138 3035 alioquin
1161 2968 1210 3021 si
1232 2983 1297 3022 ea:
1321 2969 1552 3038 operibus
1581 2967 1767 3039 gratia,
1806 2971 1924 3040 jam
1965 2984 2068 3022 non

499 3064 573 3113 est
595 3057 759 3128 gratia
777 3057 955 3128 (Rom.
977 3060 1078 3126 ιι),
1109 3057 1236 3125 quia
1278 3072 1484 3115 merces
1526 3057 1768 3115 redditur
1809 3074 1915 3114 non
1946 3074 2070 3128 gra-

503 3146 593 3216 tis,
651 3146 792 3203 unde
835 3149 1003 3218 gratia
1056 3161 1253 3205 nomen
1299 3149 1505 3220 accepit
1545 3147 1891 3218 impenditur.
1937 3149 2065 3216 Quis

2176 1987 2290 2038 ces,
2321 1982 2373 2026 ut
2402 1971 2632 2028 cadaver
2659 1971 2842 2027 nescio
2868 1971 3009 2040 quod
3050 1971 3343 2038 indignum,
3375 1972 3742 2041 presbyterum

2177 2062 2278 2117 sibi
2305 2077 2409 2117 non
2439 2062 2866 2130 acquiescentem
2909 2060 3118 2126 audire,
3157 2060 3534 2116 communione
3569 2059 3738 2131 prive-

2176 2156 2296 2209 ret?
2321 2154 2588 2225 quomodo
2617 2152 2736 2208 talis
2759 2152 2846 2206 vel
2892 2159 3170 2219 susceptus
3203 2151 3271 2206 ab
3297 2151 3497 2220 aliquo,
3536 2150 3620 2206 vel
3643 2164 3741 2221 pa-

2178 2244 2368 2300 tienter
2394 2243 2606 2299 auditus
2633 2253 2751 2310 est,
2781 2240 2869 2313 qui
2907 2241 3124 2312 insuper
3147 2241 3292 2312 leges
3315 2241 3480 2310 dedit,
3515 2239 3743 2296 libenter

2179 2337 2197 2368 ¹
2225 2343 2504 2406 exceptus,
2534 2342 2596 2390 ut
2621 2348 2762 2390 servi
2785 2334 2876 2390 Dei
2906 2349 3027 2388 cum
3056 2333 3246 2404 puellis
3265 2334 3432 2390 sacris
3453 2347 3742 2404 congrega-

2175 2426 2322 2482 tione
2365 2424 2781 2482 dedccorissima
2830 2425 3208 2494 miscerentur;
3252 2439 3372 2478 nam
3413 2438 3534 2479 eum
3581 2422 3740 2494 spiri-

2175 2515 2344 2572 tuales
2371 2515 2558 2583 animi,
2591 2515 2750 2571 etiam
2778 2529 2899 2571 cum
2923 2514 3094 2571 desint
3119 2513 3227 2576 ista,
3242 2515 3530 2580 consortia,
3553 2515 3738 2586 imagi-

2173 2605 2338 2660 nariis
2366 2603 2686 2661 infestentur
2732 2604 3023 2672 illecebris,
3067 2604 3512 2675 quemadmodum
3546 2603 3736 2662 alterni

2171 2709 2333 2752 sexus
2374 2694 2590 2761 intuitu,
2625 2696 2645 2726 '
2673 2693 2764 2765 qui
2794 2693 2977 2750 illicite
3016 2695 3260 2750 nolentes
3299 2708 3406 2749 non
3442 2693 3735 2751 vehemen-

2169 2789 2276 2844 tius
2305 2782 2592 2843 incitentui'
2610 2787 2634 2840 τ
2654 2786 2840 2841 Adhuc
2865 2785 3035 2856 majus
3063 2786 3237 2842 scelus
3258 2785 3534 2852 accrescit,
3555 2795 3614 2842 ut
3635 2786 3736 2844 sub

2167 2885 2456 2948 conspectu
2484 2885 2539 2932 et
2569 2877 2852 2945 prasentia
2880 2875 3236 2944 sacerdotum,
3271 2875 3439 2930 beata:
3465 2873 3735 2931 memoria

2169 2969 2550 3040 Hieronymum
2576 2977 2736 3034 atque
2759 2967 3115 3036 Augustinum
3141 2965 3620 3022 eeclesiasticorum
3646 2966 3736 3021 lu-

2168 3061 2310 3116 mina
2346 3056 2744 3130 magistrorum,
2781 3072 2957 3112 musca
2999 3056 3268 3122 moritura,
3296 3055 3436 3113 sicut
3477 3057 3733 3127 scriptum

2168 3161 2271 3214 est,
2298 3150 2643 3204 exterminans
2665 3146 2835 3204 oleum
2852 3148 3116 3202 suauitatis
3139 3144 3362 3218 (Eccles.
3391 3145 3472 3217 x),
3501 3148 3735 3203 lacerare

499 3245 680 3293 autem
699 3237 892 3293 audeat
913 3236 1094 3293 dicere
1115 3218 1474 3302 Christianus,
1494 3238 1692 3309 aliquid
1720 3237 1919 3295 habere
1941 3240 2064 3294 boni
2091 3218 2140 3287 ο
2168 3240 2542 3320 contenderet.
2569 3237 2677 3295 Sed
2705 3236 2834 3307 quid
2863 3235 3122 3293 miremur
3148 3235 3501 3291 Ecclesiarum
3533 3251 3737 3306 praesu-

497 3329 614 3385 sine
634 3330 824 3400 gratia,
846 3327 1060 3398 quando
1079 3328 1336 3400 magister
1355 3329 1590 3400 gentium
1621 3328 1839 3395 clamat,
1867 3340 2062 3386 cuncta

499 3419 735 3477 breviter
759 3420 813 3475 in
857 3435 917 3474 se
949 3419 1089 3474 dona
1125 3420 1455 3478 concludens
1483 3435 1502 3478 :
1531 3419 1711 3478 Gratia
1744 3421 1840 3477 Dei
1869 3423 2065 3488 suntid

496 3510 634 3581 quod
657 3525 792 3576 sum,
815 3519 860 3564 et
881 3512 1047 3580 gratia
1068 3511 1184 3581 ejus
1208 3511 1260 3566 in
1287 3526 1366 3567 me
1389 3527 1554 3567 saeua
1589 3527 1691 3568 non
1721 3514 1819 3583 {uit
1854 3512 1915 3586 (I
1940 3513 2058 3569 Cor.

498 3600 632 3670 xv);
662 3608 720 3656 ut
742 3599 1046 3657 ostenderet
1075 3601 1202 3669 quia
1224 3603 1422 3658 donum
1449 3603 1633 3675 gratias
1658 3619 1763 3660 non
1789 3605 1904 3676 ipse
1932 3620 2063 3676 prae.

497 3692 740 3761 cesserit,
787 3691 882 3748 scd
923 3690 1086 3748 fuerit
1135 3695 1488 3762 subsecutus;
1540 3705 1699 3766 atque
1741 3705 2067 3754 monstraret

496 3789 896 3849 cooperatores:
925 3797 989 3842 se
1011 3797 1136 3841 esse
1163 3786 1349 3856 gratia:
1376 3786 1750 3856 subsequentia
1780 3804 1796 3842 :
1825 3789 1915 3842 sed
1952 3790 2065 3854 plus

496 3879 746 3945 omnibus,
794 3879 995 3951 inquit,
1037 3877 1144 3932 illis
1191 3877 1415 3934 laborari
1458 3877 1723 3950 (Ibidem).
1763 3880 1841 3935 Ac
1878 3895 2064 3935 rursus

499 3970 700 4024 veritus
742 3984 811 4024 ne
846 3969 914 4024 de
955 3982 1015 4024 se
1061 3983 1385 4038 praesumere
1427 3969 1721 4032 videretur,
1772 3969 2058 4038 adiunxit:

497 4078 595 4117 non
623 4077 745 4133 ego,
787 4061 876 4114 sed
903 4061 1070 4132 gratia
1103 4061 1195 4115 Dei
1235 4077 1450 4116 meeum.
1493 4062 1608 4116 Non
1655 4062 1788 4118 dixit
1822 4081 1835 4116 :
1877 4079 1977 4133 ego
2009 4071 2064 4118 et

491 4151 660 4220 gratia
691 4151 778 4206 Dei
802 4165 1039 4216 mecum;
1074 4150 1170 4206 sed
1196 4153 1726 4223 praeposuitgratiam
1750 4154 2058 4222 przcceden-

496 4251 601 4295 tem
628 4255 706 4307 se,
737 4249 893 4312 atque
915 4241 1209 4310 subiunxit.
1253 4241 1389 4310 Quid
1435 4251 1611 4296 autem
1665 4241 1849 4297 haberi
1895 4245 2062 4313 possit

491 4329 608 4384 sine
630 4330 820 4398 gratia,
851 4345 972 4383 cum
1001 4331 1070 4384 sit
1109 4329 1240 4384 iides
1276 4330 1388 4400 ipsa
1419 4345 1516 4401 per
1559 4331 1820 4401 gratiam;
1865 4333 2055 4388 eodem

492 4418 732 4487 apostolo
762 4432 858 4472 nos
883 4418 1111 4472 docente
1136 4435 1149 4471 :
1180 4417 1232 4471 ιι
1241 4419 1582 4491 is'rricordiam
1603 4431 1900 4476 conuentus
1921 4439 2056 4489 sunt,

491 4520 548 4561 ut
572 4507 736 4575 ﬁdelis
766 4524 925 4563 essent
952 4507 1003 4575 (l
1031 4508 1162 4564 Tim.
1185 4508 1259 4580 t)?
1281 4509 1387 4565 Nec
1414 4510 1554 4566 aliud
1583 4521 1665 4568 est
1690 4513 2052 4570 misericordia

490 4601 671 4654 divina
698 4615 857 4670 quam
886 4601 1074 4669 gratia.
1105 4601 1395 4657 Audiamus
1421 4604 1578 4657 etiam
1605 4606 2049 4673 quemadmodum

491 4691 739 4744 informat
770 4692 1058 4746 Ecclesium
1085 4709 1100 4746 :
1128 4692 1325 4755 Gratia,
1369 4694 1557 4764 inquit,
1600 4695 1737 4750 salui
1771 4697 1893 4766 {acti
1935 4700 2052 4754 estis

489 4799 579 4852 per
610 4781 758 4850 ﬁdem
786 4782 1002 4852 (Ephes.
1031 4784 1120 4852 tt);
1146 4796 1204 4840 ut
1233 4786 1549 4854 principium
1573 4787 1760 4840 salusis
1786 4799 1836 4842 et
1867 4789 1989 4844 lidci
2021 4805 2052 4845 a

491 4884 655 4941 gratia
687 4876 916 4944 cupisse
944 4876 1250 4943 dissereret,
1279 4881 1415 4932 sicut
1437 4886 1650 4935 secutus
1682 4881 1949 4936 adnectit:
1985 4882 2050 4936 Et

492 4979 588 5017 nec
617 4983 715 5018 non
741 4982 802 5020 ea:
822 4965 980 5033 vobis,
1003 4969 1090 5020 sed
1111 4967 1204 5021 Dei
1227 4969 1413 5021 donum
1440 4978 1510 5022 est
1534 4984 1553 5034 ,°
1584 4985 1684 5022 non
1710 4986 1773 5023 ex
1799 4973 2049 5040 aperibus,

493 5071 554 5108 ne
579 5057 692 5126 quis
718 5059 992 5111 extollatur
1020 5057 1231 5131 (Ibid.).
1266 5059 1406 5114 Idem
1437 5060 1550 5128 ipse
1577 5059 1699 5114 alibi
1730 5063 2054 5129 generaliter

490 5159 546 5205 et
587 5151 828 5206 absolute
866 5153 1203 5220 pronuntiat,
1247 5151 1429 5206 dicens
1471 5167 1484 5205 :
1536 5151 1672 5218 Quid
1726 5156 1860 5207 enim
1901 5155 2052 5210 habes

491 5244 626 5313 quod
667 5259 765 5296 non
811 5243 1046 5312 accepisti
1069 5245 1092 5296 .’
1135 5243 1235 5296 Aut
1275 5243 1324 5296 si
1363 5245 1618 5311 accepisti,
1653 5247 1774 5315 quid
1811 5247 2052 5317 gloriaris

492 5338 634 5402 quasi
664 5350 762 5387 non
785 5336 1032 5401 acceperis
1067 5335 1115 5404 (1
1141 5335 1260 5389 Cor.
1291 5332 1406 5403 tv)?
1436 5336 1564 5400 Quis
1593 5338 1816 5392 sufficiet
1841 5339 2047 5409 singula

492 5427 806 5480 recensere?
834 5425 1021 5492 quibus
1057 5426 1330 5481 evidenter
1372 5438 1610 5496 app-iret,
1647 5445 1748 5483 non
1792 5433 2050 5487 naturalis

495 5517 750 5572 libertatis
767 5520 1040 5572 arbitrium
1064 5525 1282 5588 gratiam
1310 5524 1622 5589 promereri,
1646 5525 1734 5578 sed
1760 5527 1932 5595 potius
1957 5541 2049 5594 per

492 5608 707 5675 gratiam
738 5612 992 5677 recipere,
1024 5618 1077 5662 ut
1104 5625 1130 5662 ιι
1161 5612 1433 5680 servitute,
1465 5627 1622 5684 quam
1647 5617 1912 5684 peccando
1935 5633 2048 5674 mc-

567 5727 582 5757 '
618 5725 772 5781 Forte
799 5738 1045 5794 exceptas.
1081 5727 1332 5784 Hannon.

2167 3332 2247 3390 les
2289 3331 2388 3388 ista
2429 3329 2720 3402 negligere,
2767 3340 2904 3398 quos
2946 3326 3087 3386 sicut
3114 3340 3147 3384 a
3190 3327 3376 3384 multis
3403 3328 3732 3398 audivimus,

2163 3434 2350 3481 contra
2380 3437 2615 3481 canones
2643 3421 2822 3478 omnia
2853 3434 3062 3492 gerere,
3083 3427 3141 3474 et
3167 3428 3353 3474 contra
3392 3420 3732 3489 apostolicam

2163 3517 2222 3593 (l
2234 3517 2352 3573 Cor.
2389 3516 2503 3585 xtv)
2531 3515 2868 3584 disciplinam
2900 3513 3098 3582 passim
3122 3520 3312 3567 cuncta
3341 3512 3587 3575 miscere,
3621 3525 3733 3566 uta-

2164 3609 2415 3664 nifestum
2441 3616 2558 3674 est;
2582 3619 2688 3659 non
2714 3604 2940 3660 servatis
2969 3601 3163 3673 regulis
3184 3603 3451 3667 ordinare,
3485 3601 3731 3672 Iiciteqne

2165 3713 2272 3754 non
2297 3697 2470 3752 solum
2511 3696 2828 3763 monachos,
2869 3692 2965 3749 sed
3003 3695 3163 3748 etiam
3192 3693 3464 3747 ministros
3492 3693 3730 3749 ecclesias

2165 3804 2285 3845 cum
2317 3789 2530 3844 feminis
2550 3787 2617 3843 ad
2645 3787 2924 3856 peregrina
2947 3787 3235 3855 migrantes
3255 3800 3495 3840 remeate
3522 3800 3729 3852 rursus,

2164 3891 2216 3935 et
2240 3880 2307 3935 ab
2329 3880 2452 3934 aliis
2479 3880 2745 3948 episcopis
2784 3878 2838 3932 in
2880 3877 3122 3933 militiam
3151 3876 3366 3946 prorebi
3396 3876 3731 3932 clericalem?

2162 3973 2293 4040 Qua:
2322 3988 2446 4028 cum
2471 3972 2677 4042 singula
2709 3970 2985 4026 toleranda
3028 3983 3131 4024 non
3164 3971 3294 4038 sint,
3321 3969 3441 4039 quis
3471 3968 3731 4025 sustinent

2165 4071 2246 4118 tot
2289 4070 2345 4116 et
2373 4062 2494 4115 talia
2527 4062 2759 4115 facinora
2790 4060 3110 4130 perpetrari.
3139 4059 3332 4127 quibus
3370 4057 3729 4126 speetaculum

2162 4150 2471 4222 gentilibus,
2497 4148 2717 4212 ludatis,
2748 4159 2804 4205 et
2846 4148 3112 4204 bmreticis
3150 4162 3254 4203 non
3299 4148 3562 4204 immerito
3589 4163 3729 4218 pra!-

2163 4242 2370 4308 bentes,
2402 4243 2452 4296 in
2483 4241 2655 4310 ipsum
2686 4239 2850 4311 (quod
2889 4238 3049 4309 absit)
3081 4239 3300 4294 tendere
3329 4238 3566 4293 videatur
3606 4239 3728 4295 reli-

2160 4333 2332 4407 g’ionis
2359 4332 2666 4389 excidium?
2692 4332 2956 4403 digneque
2993 4332 3093 4386 ista
3119 4329 3436 4386 facientibus
3459 4331 3727 4401 optabitur

2161 4424 2251 4479 illa
2267 4423 2530 4479 sententia
2561 4422 2789 4477 dicentis
2815 4421 3055 4492 Apostoli
3080 4439 3094 4474 :
3128 4420 3329 4474 Nomen
3357 4422 3492 4474 enim
3519 4420 3614 4475 Dei
3638 4437 3728 4490 per
3811 4433 3816 4440 ‘

2161 4533 2247 4572 eos
2269 4515 2648 4584 blasphematur
2668 4514 2720 4566 in
2746 4513 2974 4584 gentibus
2997 4511 3170 4584 (Rom.
3197 4511 3278 4580 ιι).
3307 4511 3546 4568 Sufficiat
3571 4513 3727 4582 igitur

2162 4611 2420 4666 hactenus
2461 4610 2624 4663 fuisse
2650 4607 2764 4661 haec
2805 4605 3115 4670 commissa,
3141 4614 3194 4659 et
3222 4614 3278 4659 ut
3317 4604 3553 4674 placetur
3588 4604 3726 4658 Deus

2161 4705 2412 4763 humanis
2448 4705 2604 4759 rebus
2629 4701 2912 4757 sollicitius
2942 4699 3120 4754 divina
3146 4708 3420 4753 curentur.
3457 4697 3724 4767 Nusquam

2161 4797 2263 4854 loci
2293 4809 2508 4866 prorsus
2537 4793 2839 4848 inveniatur
2881 4789 3115 4860 praefatae
3146 4789 3310 4860 pestis
3339 4799 3593 4845 assertor.
3629 4804 3726 4844 nec

2161 4902 2435 4943 accessum
2468 4898 2684 4954 prorsus
2715 4881 2959 4938 ecclesia:
2997 4880 3080 4934 vel
3111 4894 3332 4950 usquam
3364 4879 3726 4948 participatio-

2158 4995 2283 5035 nem
2312 4977 2586 5032 catholica:
2627 4973 3021 5029 communionis
3053 4972 3289 5026 inveniat
3317 4971 3403 5039 qni
3454 4969 3724 5024 ita-retice-

2159 5087 2276 5124 rum
2322 5069 2520 5123 mavult
2570 5066 2822 5133 subsequi
2871 5061 3070 5117 nefaria
3121 5061 3456 5132 professione
3503 5074 3724 5114 censor.

2160 5163 2327 5226 tium;
2375 5171 2427 5214 et
2470 5159 2522 5212 bi
2567 5172 2688 5212 cum
2722 5150 2916 5226 quibus
2949 5163 3101 5208 antea
3152 5152 3463 5222 probabitur
3507 5154 3722 5204 uox‘um

2161 5252 2442 5307 miscuisse
2465 5248 2814 5317 colloquium,
2842 5245 2942 5300 nisi
2973 5245 3312 5314 resipiscunt,
3336 5256 3386 5298 et
3410 5244 3476 5296 ab
3499 5245 3614 5311 ejus
3640 5257 3723 5295 so.

2159 5345 2354 5398 cietate
2394 5341 2698 5405 discedunt,
2745 5339 2814 5390 ab
2846 5335 3205 5391 ecclesiastico
3244 5335 3433 5389 remuli
3482 5333 3722 5394 servitio.

2159 5435 2346 5489 devota
2379 5430 2580 5484 ultione
2601 5429 2923 5498 plectantur,
2946 5443 3049 5496 quo
3079 5427 3288 5480 caeteris
3325 5423 3550 5479 cavcmli
3572 5423 3722 5476 mini-

2159 5533 2357 5580 stretur
2386 5519 2712 5588 exemplum,
2747 5517 2946 5571 nullum
2976 5517 3150 5580 adeat,
3194 5530 3293 5570 nec
3320 5529 3538 5584 usquam
3585 5514 3722 5581 loqui

2159 5620 2419 5673 damnata:
2465 5613 2590 5666 olim
2638 5611 2984 5680 blaSpItcmize
3019 5609 3128 5678 jam
3177 5609 3416 5664 sinuntur
3455 5607 3722 5661 :discrcta

2232 5734 2250 5766 ⁸
2278 5730 2432 5785 Forte
2460 5727 2549 5782 elei
2570 5727 2766 5781 illicite.
2801 5723 3056 5780 "annum.
