3992 6392
252 385 317 439 Η
1469 386 1823 443 ΕΡΙΒΪΟΙιιΕ
1865 386 1952 441 ΕΤ
1994 385 2341 444 DECRETA.
3483 401 3564 461 g2

248 496 364 549 suis
394 495 822 552 habitationibus
864 496 1099 551 virorum
1138 504 1298 567 atque
1331 497 1678 568 feminarum,
1710 502 1850 558 sicut
1884 511 1933 563 Α
1962 502 2088 559 fidei
2125 504 2404 560 catholica:
2453 508 2643 564 deesse
2682 522 3023 580 competere,
3062 530 3159 584 pro
3190 534 3309 574 meo
3341 521 3561 580 modulo

248 596 499 641 sanctum
543 590 881 657 prepositum
925 588 1105 654 decet,
1147 600 1471 644 exerceatur
1512 592 1852 660 circumspe-

247 688 335 733 cta
382 681 622 735 dev0tio.
650 681 849 735 Contra
879 695 1142 736 canonum
1170 682 1462 737 constituta
1494 684 1673 737 nullus
1695 683 1847 751 (Nic.

246 785 324 833 ιι,
366 771 441 841 ι)
472 773 539 825 ad
572 770 997 825 ecclesiasticum
1028 773 1370 841 permittatur
1405 771 1497 844 [αι.
1526 789 1845 843 promovea-

250 858 362 931 ιυτῖ
391 861 631 916 ofﬁcium
664 878 678 915 :
704 877 813 916 non
839 864 1165 931 ignoraturis
1188 865 1479 932 provincia:
1506 868 1847 934 uniuscujus-

246 968 351 1020 que
384 955 708 1020 rectoribus,
743 970 843 1010 nec
873 954 940 1010 de
980 956 1269 1024 prazteritis
1310 972 1368 1011 se
1412 958 1623 1012 veniam
1662 974 1849 1027 reper-

248 1052 405 1097 turos
438 1043 737 1109 erroribus,
784 1046 829 1100 si
880 1045 1136 1114 deinceps
1175 1046 1636 1103 dissimulaverint
1676 1050 1846 1107 vitare

246 1131 550 1201 patefactus
580 1151 594 1187 :
620 1149 720 1188 nec
759 1135 1124 1189 excusationis
1166 1136 1234 1192 de
1266 1148 1464 1193 ca-tero
1513 1140 1847 1209 relinquetur

245 1226 489 1289 occasio,
534 1225 578 1279 si
620 1236 743 1293 post
781 1237 1049 1295 praecepta
1094 1231 1403 1299 prmsentia,
1436 1247 1555 1300 quae
1598 1248 1691 1302 per
1734 1235 1843 1289 Ro-

249 1315 456 1368 mulum
486 1315 795 1384 diaconum,
826 1317 979 1387 cujus
1009 1320 1285 1374 solertiam
1318 1336 1413 1389 pro
1444 1322 1548 1377 ﬁde
1578 1322 1843 1380 catholica

252 1414 306 1458 et
345 1420 443 1474 pro
488 1406 748 1474 religione
795 1408 1125 1477 vigilantiam
1170 1411 1477 1481 gratissime
1525 1417 1846 1480 comproba-

252 1509 393 1560 mtts,
428 1495 679 1551 duximus
716 1497 1035 1554 destinanda
1065 1500 1306 1571 quisquis
1348 1518 1510 1572 super
1548 1502 1634 1558 bis
1671 1507 1847 1559 omni-

244 1578 343 1640 bus
370 1598 466 1641 aut
496 1600 839 1659 contemptor
863 1600 956 1646 aut
984 1593 1262 1663 negligens
1285 1595 1719 1665 deprehendetur
1748 1613 1847 1653 an-

247 1680 419 1733 tistes.
456 1679 607 1736 Sicut
637 1685 780 1737 enim
820 1685 887 1739 ad
935 1686 1080 1740 sedis
1118 1689 1432 1756 apostolicae
1471 1691 1841 1748 moderamina

252 1771 507 1838 pertinet,
536 1775 745 1828 cunctis
789 1775 1206 1832 sollicitudinem
1248 1779 1486 1833 debitam
1528 1781 1841 1838 ministrare

247 1870 612 1928 congruenter
648 1862 940 1930 Ecclesiis;
972 1866 1044 1919 ita
1074 1882 1297 1924 necesse
1336 1878 1441 1934 est,
1476 1879 1534 1923 ut
1563 1872 1614 1925 in
1647 1887 1839 1929 contu-

252 1965 432 2006 maces
461 1962 517 2006 et
553 1952 768 2009 desides
808 1956 1058 2011 traditam
1088 1960 1189 2013 sibi
1231 1961 1495 2017 divinitus
1541 1978 1647 2018 non
1680 1966 1847 2038 dissi-r

249 2042 417 2096 ntulet
446 2053 791 2111 petestatem.
818 2046 1221 2104 Data-calendis
1262 2052 1605 2122 Novembris,
1641 2054 1839 2112 Albino

246 2133 363 2189 viro
388 2134 697 2191 clarissimo
719 2141 941 2193 consule
967 2141 1133 2211 (anno
1160 2139 1359 2197 Christi
1385 2144 1537 2214 595).

776 2277 803 2305 ⁸
833 2269 1162 2326 EPISTOLA
1207 2272 1338 2328 VIII.

594 2376 664 2415 AD
701 2375 931 2416 ANASTAF
941 2378 1034 2418 IUI
1075 2378 1375 2420 IMPERATOR
1384 2383 1474 2425 EI.

241 2442 521 2500 Promissa
572 2455 897 2504 exornatione
942 2469 1034 2505 cur
1067 2455 1135 2506 ad
1165 2455 1527 2525 imperatorem
1568 2477 1669 2514 non
1707 2465 1837 2517 scri-

308 2520 488 2603 pserit,
522 2520 671 2599 illum
699 2524 931 2603 hortatur
956 2534 1011 2575 ut
1041 2520 1338 2603 apostolica:
1361 2530 1474 2603 aedi
1505 2532 1835 2603 obtemperet,

312 2596 383 2649 et,
410 2587 588 2641 Acacii
629 2591 833 2647 nomine
873 2587 1141 2661 damnato,
1172 2593 1523 2653 Ecclesiarum
1552 2587 1731 2672 pace'm
1755 2587 1834 2660 re:

308 2658 621 2712 stituendam
647 2670 812 2716 curet.

314 2769 329 2799 ⁸
360 2768 608 2827 Gelasius
635 2776 918 2845 episcopus
945 2776 1011 2831 ad
1040 2778 1385 2838 Anastasium
1415 2784 1733 2857 Augustum.

304 2860 516 2917 Famuli
545 2875 739 2921 vestra:
768 2870 1002 2936 pietatis,
1036 2873 1131 2927 lilii
1164 2876 1288 2940 mei,
1319 2876 1548 2932 Faustus
1582 2884 1836 2952 magister

233 2960 289 3006 et
316 2950 555 3010 Irena'us
600 2959 701 3013 viri
744 2959 1005 3029 illustres,
1037 2977 1198 3035 atque
1238 2982 1425 3023 eorum
1464 2974 1693 3029 Comites
1737 2991 1834 3045 pu-

234 3042 370 3099 blica
417 3048 688 3118 legatione
735 3055 1037 3123 fungentes,
1090 3060 1154 3112 ad
1206 3060 1401 3117 Urbem
1450 3068 1677 3135 reversi,
1725 3042 1834 3126 cle-

233 3137 491 3192 mentiam
525 3150 759 3196 vestram
804 3146 1067 3213 qttmsisse
1114 3149 1360 3207 dixerunt
1402 3152 1496 3226 [αι.
1528 3158 1803 3233 dicuntur]

1960 593 2395 662 suggestionibus
2446 598 2766 666 Opportuais
2819 605 3072 672 supplere
3114 610 3403 668 contendo.
3441 615 3556 669 Dis-

1959 684 2277 753 pensatione
2317 690 2517 742 etenim
2546 690 2677 744 mihi
2712 690 2877 746 divini
2902 697 3168 752 sermonis
3200 699 3460 768 injuncta.
3482 723 3559 761 vw

1956 776 2085 831 nti/ti
2105 788 2197 840 est,
2223 781 2268 833 si
2296 798 2398 834 non
2432 785 2844 854 euangelizarero
2876 785 2932 856 (I
2961 787 3081 843 Cor.
3107 790 3216 862 tv)!
3245 794 3395 869 Quod
3433 816 3554 853 cum

1958 883 2049 923 vas
2092 870 2372 927 electionis
2421 875 2609 930 beatus
2648 877 2844 933 Paulus
2892 884 3167 950 apostolus
3210 885 3461 945 formidet
3502 905 3559 948 et

1953 959 2169 1027 clamet,
2208 965 2376 1018 multo
2409 967 2577 1035 magis
2615 968 2745 1023 mihi
2776 971 2968 1040 exiguo
2996 976 3345 1032 metuendum
3379 993 3479 1047 est,
3510 987 3555 1039 si

1953 1052 2211 1109 divinitus
2240 1058 2259 1087 "
2292 1058 2645 1127 ittspiratum,
2692 1070 2748 1115 et
2788 1075 3009 1131 paterna
3051 1068 3341 1127 devotione
3378 1084 3553 1130 trans-

1955 1147 2203 1214 missum,
2236 1151 2560 1207 subtraxero
2598 1154 2955 1211 ministerium
2985 1161 3336 1229 praedicandi.
3373 1166 3551 1221 l‘ieta-

1954 1225 2061 1291 tem
2095 1248 2237 1293 tuam
2275 1257 2467 1307 precor
2496 1260 2564 1300 ne
2598 1250 2961 1315 arrogantiam
2990 1252 3199 1321 judices
3233 1257 3429 1313 divina:
3466 1277 3552 1314 ra-

1952 1326 2113 1381 tionis
2135 1329 2397 1386 oflieium.
2429 1334 2605 1407 Absit,
2632 1351 2834 1406 qua'so.
2865 1355 2895 1393 a
2927 1340 3170 1399 Romano
3202 1349 3466 1418 principe,
3495 1362 3553 1407 ut

1952 1417 2254 1475 intimatam
2305 1425 2418 1477 suis
2467 1428 2719 1483 sensibus
2749 1430 3033 1487 veritatem
3078 1438 3370 1511 arbitretur
3411 1445 3551 1510 inju-

1951 1508 2106 1564 riatn.
2145 1511 2259 1565 Duo
2288 1514 2310 1545 ⁸
2336 1516 2535 1585 quippe
2560 1530 2703 1582 sunt,
2740 1523 3034 1590 imperator
3061 1508 3322 1598 Auguste,
3356 1508 3551 1605 quibus

1950 1600 2323 1671 principaliter
2372 1608 2606 1664 mundus
2659 1612 2745 1667 hic
2787 1615 2994 1684 regitur
3026 1636 3040 1673 :
3068 1600 3551 1685 auctoritas-sacra

1950 1692 2045 1763 [αι.
2078 1694 2312 1767 sacrata]
2346 1699 2683 1771 pontificum,
2719 1712 2773 1757 et
2804 1707 3001 1774 regalis
3029 1720 3291 1778 potestas.
3336 1717 3392 1771 In
3424 1720 3548 1788 qui-

1949 1780 2048 1836 bus
2094 1794 2242 1839 tanto
2283 1790 2501 1855 gravius
2546 1801 2631 1845 est
2680 1795 2890 1862 pondus
2937 1802 3305 1872 sacerdotum,
3346 1780 3549 1877 quanto

1872 1879 1918 1939 B
1946 1877 2106 1930 etiam
2140 1893 2241 1945 pro
2271 1882 2400 1951 ipsis
2431 1885 2646 1953 regibus
2672 1890 2691 1921 ’
2724 1888 2955 1945 Domino
2985 1893 3037 1947 itt
3070 1896 3257 1951 divino
3288 1902 3548 1961 reddituri

1946 1979 2068 2021 sunt
2104 1973 2353 2027 examine
2382 1981 2667 2033 rationem.
2702 1980 2853 2036 Nosti
2880 1987 3101 2053 etenim,
3136 1990 3209 2045 till
3238 1994 3549 2053 clementis-

1944 2060 2101 2127 sime,
2132 2065 2275 2131 quod
2306 2066 2431 2121 licet
2461 2071 2755 2135 ttrzesideas
2787 2074 3025 2133 humano
3052 2086 3235 2150 generi
3263 2087 3545 2158 dignitate,

1944 2164 2127 2205 rerum
2154 2164 2330 2208 tamen
2356 2159 2676 2226 praesulibus
2698 2163 2999 2222 divinarum
3025 2172 3250 2227 devotus
3266 2178 3403 2233 colla
3421 2184 3521 2235 sub
3536 2214 3548 2224 .

1945 2242 2133 2307 mittis,
2165 2254 2331 2314 atque
2366 2248 2433 2303 ab
2483 2252 2562 2305 eis
2604 2268 2795 2312 causas
2833 2268 2936 2314 tute
2982 2263 3173 2320 salutis
3218 2272 3426 2339 expetis
3451 2272 3543 2345 [ιιι.

1942 2339 2273 2412 exspectas],
2302 2342 2466 2412 inque
2495 2350 2776 2405 sumendis
2805 2357 3120 2414 coelestibus
3162 2372 3540 2436 sacramentis,

1942 2428 2130 2495 eisque
2172 2431 2253 2500 (ut
2301 2438 2581 2507 competit}
2621 2438 3005 2511 disponendis,
3050 2450 3208 2507 subdi
3255 2464 3306 2510 te
3346 2428 3545 2518 debere

1940 2522 2223 2587 cognoscis
2274 2524 2555 2595 religionis
2604 2531 2796 2590 ordine
2846 2537 3023 2603 potius
3068 2556 3230 2610 quam
3286 2560 3545 2615 praeesse.

1938 2609 2089 2665 Νο.-ιὶ
2118 2612 2298 2683 itaque
2336 2617 2480 2673 inter
2504 2620 2637 2689 hazc,
2687 2639 2752 2680 ex
2801 2626 3015 2685 illorum
3060 2609 3112 2688 te
3144 2609 3318 2705 penite
3347 2657 3379 2697 e
3402 2643 3546 2713 judi-

1940 2702 2046 2766 cio,
2090 2719 2197 2759 non
2232 2707 2355 2763 illos
2396 2709 2462 2764 ad
2500 2724 2646 2767 tuam
2689 2717 2828 2773 velle
2881 2723 3051 2793 redigi
3080 2702 3433 2787 voluntatem:
3488 2737 3545 2792 Si

1942 2794 2110 2862 enim,
2149 2808 2409 2867 quantum
2454 2802 2521 2857 ad
2570 2808 2817 2886 ordinem
2861 2817 3095 2881 pertinet
3126 2820 3354 2886 publica:
3385 2825 3545 2885 disci-

1941 2885 2121 2953 plinae,
2154 2903 2548 2959 cognoscentes
2571 2876 2863 2968 imperium
2900 2906 2992 2960 tibi
3041 2923 3277 2978 superna
3309 2916 3540 2985 disposi-

1941 2978 2086 3033 tione
2116 2980 2397 3048 collatum,
2432 2985 2639 3055 legibus
2678 2992 2781 3047 tuis
2822 2993 2921 3063 ipsi
2951 3013 3167 3068 quoque
3198 2978 3545 3071 parent-reli-

1935 3070 2111 3139 gionis
2152 3076 2441 3142 antistites,
2478 3095 2545 3134 ne
2576 3081 2657 3136 vel
2693 3084 2743 3137 in
2788 3087 2949 3142 rebus
2977 3094 3264 3150 mundanis
3306 3101 3543 3158 exclusa:

1938 3162 2226 3219 videantur
2252 3167 2473 3225 obviare
2503 3176 2823 3242 sententiae;
2854 3196 2962 3247 quo
2988 3182 3169 3255 (rogo)
3196 3193 3247 3241 te
3276 3189 3430 3247 decet
3459 3196 3542 3249 af-

1788 3230 1801 3233 _
2810 3230 2823 3242 1
2872 3230 2954 3247 3—"
2990 3230 3166 3255 ιντο-Ἰ
3197 3230 3247 3241 σν
3277 3230 3425 3247 υι-ιυι
3459 3230 3541 3249 ιιι-

232 3241 332 3282 cur
362 3230 428 3283 ad
467 3247 565 3287 vos
606 3248 743 3288 mea:
780 3236 1118 3294 salutationis
1160 3244 1362 3312 scripta
1412 3263 1517 3303 non
1561 3252 1820 3307 miserim.
1855 3252 1901 3314 C
1934 3254 2073 3309 fectu
2108 3258 2185 3312 eis
2234 3261 2478 3327 obedire,
2530 3268 2619 3334 qui
2665 3283 2762 3337 pro
2811 3276 3102 3343 erogandis
3142 3284 3541 3342 vena-3mm,“

235 3316 347 3343 κη..
394 3336 513 3343 η---
574 3323 672 3343 0-.-
720 3342 741 3343 η
802 3328 839 3343 -,
890 3329 943 3343 --.
993 3339 1003 3343 -
1190 3334 1203 3343 .
1419 3338 1451 3343 -.

232 3316 350 3373 Non
393 3336 539 3388 meo,
573 3323 764 3390 fateor,
801 3328 1077 3395 instituto;
1110 3334 1205 3387 sed
1236 3349 1356 3388 cum
1399 3338 1589 3395 directi
1620 3343 1824 3400 dudum

230 3411 303 3465 de
332 3413 578 3480 partibus
605 3414 840 3469 Orientis
880 3419 963 3473 vel
1003 3420 1216 3477 videndi
1260 3441 1347 3482 me
1384 3429 1675 3498 licentiam,
1730 3437 1832 3491 sibi

230 3503 424 3558 vestris
450 3508 899 3575 praeceptionibus
930 3512 1273 3583 abnegatam,
1305 3528 1414 3574 tota
1451 3521 1596 3580 Urbe
1624 3527 1833 3596 disper-

229 3594 424 3662 serint,
457 3612 486 3651 a
530 3597 727 3654 litteris
759 3602 964 3656 Credidi
1004 3610 1438 3677 temperandum,
1474 3630 1540 3669 ne
1569 3632 1832 3674 onerosus

230 3687 409 3754 potius
434 3702 593 3756 quam
626 3690 905 3747 officiosus
938 3695 1252 3753 existetem.
1286 3701 1494 3759 Videtis
1533 3707 1694 3776 igitur
1722 3725 1829 3766 non

228 3792 349 3834 mea
408 3780 844 3840 dissimulatione
906 3792 1263 3861 proveniSse,
1318 3797 1414 3850 sed
1466 3804 1829 3869 competentis

229 3868 399 3925 fuisse
425 3875 673 3940 cautelaz,
716 3889 783 3929 ne
808 3880 1186 3946 reSpuentibus
1224 3888 1418 3940 animis
1451 3891 1724 3946 molestias
1756 3894 1829 3947 ir-

227 3970 501 4027 rogarem.
556 3963 663 4018 Sed
726 3967 816 4023 ubi
869 3973 1176 4029 serenitatis
1238 3986 1341 4029 tua:
1395 3977 1824 4038 benevolentiam

225 4062 362 4119 com;
385 4051 489 4116 eti,
524 4055 757 4120 pra-latis
785 4059 1169 4127 indicantibus,
1202 4064 1517 4122 humilitatis
1552 4086 1683 4125 mea:
1713 4074 1823 4125 cle-

227 4152 441 4197 menter
470 4148 739 4213 expetisse
791 4164 1124 4218 sermonem,
1167 4155 1278 4224 jam
1309 4173 1495 4212 revera
1543 4165 1819 4231 perpendi,

238 4231 256 4260 ²
285 4232 660 4301 imputandum
691 4252 795 4291 non
825 4240 1094 4296 itnmerito
1118 4245 1273 4308 mihi,
1304 4247 1349 4301 si
1379 4256 1644 4317 tacerent;
1676 4254 1821 4323 quia,

225 4321 462 4390 gloriose
510 4324 606 4389 lili,
639 4326 658 4357 ³
685 4337 735 4381 te
766 4332 906 4385 sicut
954 4332 1230 4388 Romanus
1262 4334 1357 4408 [αι.
1398 4338 1605 4413 Romae]
1634 4321 1817 4411 natus,

229 4414 532 4468 llomanutn
565 4417 861 4489 principem
890 4437 1034 4489 amo,
1068 4428 1207 4492 colo,
1243 4428 1265 4458 ‘
1287 4433 1553 4500 suscipio;
1584 4444 1637 4489 et
1681 4438 1822 4492 sient

225 4502 589 4575 Christianus,
622 4523 742 4563 cum
775 4526 841 4566 eo
866 4517 953 4582 qui
980 4519 1151 4571 zelum
1182 4519 1277 4573 Dei
1310 4520 1489 4587 habet,
1522 4530 1817 4584 secundum

224 4596 508 4651 scientiam
554 4600 794 4656 veritatis
826 4604 847 4634 ⁸
869 4605 1069 4662 habere
1099 4610 1352 4666 desidero
1385 4631 1396 4665 :
1428 4625 1481 4669 et
1510 4620 1818 4686 qnaliscun-
1852 4614 1902 4672 D

224 4700 327 4754 que
355 4689 670 4757 apostolica:
717 4694 864 4749 sedis
904 4698 1161 4767 vicarius,
1199 4702 1220 4732 ⁸
1254 4705 1612 4777 quodcunque
1642 4714 1819 4782 plenae

294 4860 319 4888 ⁸
350 4850 843 4947 Cttm.circavflnem
867 4861 991 4941 anni
1016 4862 1460 4923 595Theodorici
1490 4874 1631 4942 regis
1660 4875 1818 4947 legati

221 4919 688 5010 Constantinopoli
728 4930 1101 5008 revertissent,
1153 4919 1580 5010 atqueeaﬂq-uzt:

224 5004 471 5072 peratore
503 4997 789 5079 Anastasio
819 5013 1136 5079 acceperant
1168 4997 1383 5061 Gelasio
1412 4997 1563 5079 νέμω
1589 4997 1823 5073 nuntias-

220 5072 377 5145 sent,_
399 5064 529 5145 ipse.
548 5066 792 5145 Gelasius
836 5064 1221 5141 apol—egeticant
1254 5064 1559 5144 eptsttila'tn‘
1585 5064 1819 5145 iet—£31111

218 5133 842 5222 eutndetnﬁpastasium
873 5133 1223 5222 conscripsit,
1253 5133 1371 5216 qbte
1415 5151 1465 5205 itt

224 5204 322 5284 bos
345 5205 497 5287 regni
529 5204 854 5289 Francorum
882 5212 1077 5289 citatur
1102 5204 1282 5283 Ilibfv,’
1303 5204 1424 5289 cap.
1458 5204 1819 5285 to'i.'iii§"tii-

224 5274 360 5352 teris
383 5275 697 5352 persuaderi
730 5295 835 5333 non
866 5283 1056 5359 potuit.
1090 5295 1148 5339 ttt
1183 5274 1393 5343 remoto
1416 5274 1819 5359 ’obiééfiiéc't'é-

220 5342 313 5396 sits
342 5347 594 5399 unionem
623 5356 679 5399 et
697 5342 888 5417 paceni
917 5355 1189 5410 redderet.
1213 5342 1815 5439 Obstitit

288 5452 307 5531 ξ
343 5451 452 5517 ΑΙ.,
495 5449 880 5515 Gloriosiuimo
918 5462 1220 5535 imperatori
1264 5468 1536 5528 Anastasio
1577 5473 1813 5537 Gelasio:

218 5661 409 5749 Colla}?
440 5665 672 5749 estita-tt
699 5668 947 5748 epistola,
974 5674 1098 5745 legit
1124 5661 1491 5749 reputattditm:

290 5733 311 5763 ⁸
343 5732 417 5786 Id.
452 5749 483 5787 c
506 5737 600 5797 -d.,
627 5739 845 5793 ctst'cut.

287 5802 308 5833 "
336 5801 417 5860 Id.
448 5804 572 5859 cod.
601 5809 845 5873 suspicio.

496 5900 773 5964 Parnm.
820 5905 984 5969 LIX.

1937 3358 2062 3402 sunt
2088 3351 2332 3406 attributi
2375 3360 2692 3425 mysteriis?
2725 3361 2956 3421 Proinde
2993 3370 3132 3424 sicut
3174 3389 3279 3427 non
3315 3376 3433 3433 leve
3454 3381 3540 3435 di-

1937 3440 2170 3495 scrimen
2205 3443 2465 3501 incumbit
2498 3451 2837 3517 pontificibus
2860 3497 2874 3521 ,
2909 3459 3124 3517 siluisse
3154 3479 3251 3533 pro
3284 3470 3540 3528 Divittita—

1936 3530 2004 3581 tis
2032 3532 2203 3597 cultu,
2226 3536 2369 3603 quod
2398 3543 2674 3607 congruit;
2706 3544 2775 3597 ita
2808 3545 2891 3600 bis
2910 3549 3074 3617 (quod
3100 3530 3263 3629 absit)
3297 3576 3400 3615 non
3425 3580 3540 3621 tne-

1933 3619 2119 3676 diocre
2146 3627 2444 3691 perieulum
2489 3642 2593 3696 est,
2623 3634 2736 3703 qui,
2763 3652 2884 3691 cum
2923 3657 3113 3707 parere
3146 3619 3400 3721 debeant,
3440 3656 3539 3713 de-

1933 3708 2185 3778 spiciunt.
2223 3716 2286 3769 Et
2312 3718 2357 3771 si
2387 3723 2598 3776 cunctis
2623 3730 2950 3793 generaliter
2979 3736 3359 3798 sacerdotibus
3388 3708 3535 3803 recte

1932 3804 2112 3859 divina
2162 3811 2541 3879 tractantibus,
2598 3818 2837 3874 lidelium
2890 3828 3143 3881 convenit
3191 3834 3353 3887 corda
3406 3840 3538 3893 sub-

1932 3898 2091 3959 mitti,
2119 3913 2318 3966 quattto
2346 3913 2524 3969 potius
2556 3908 2699 3960 sedis
2721 3910 2861 3963 illius
2888 3918 3106 3979 praesuli
3132 3928 3430 3983 consensus
3453 3939 3537 3985 est

1930 3986 2290 4057 adhibendus,
2325 4008 2483 4060 quem
2515 3998 2723 4051 cunctis
2770 4006 3146 4063 sacerdotibus
3186 4023 3241 4067 et
3273 4014 3534 4078 Divinitas

1929 4092 2135 4132 summa
2179 4085 2343 4138 voluit
2383 4092 2759 4161 przretninere,
2802 4105 2856 4148 et
2900 4100 3237 4170 subsequens
3277 4111 3535 4174 Ecclesia:

1928 4176 2197 4240 g~nera‘is
2230 4176 2433 4247 jugiter
2463 4184 2634 4249 pietas
2688 4186 3027 4245 celebravit?
3080 4195 3177 4251 Ubi
3222 4203 3397 4269 pietas
3446 4218 3535 4267 tua

1928 4268 2208 4321 evidenter
2254 4271 2504 4336 advertit,
2561 4291 2834 4345 nunquam
2883 4285 3129 4350 quolibet
3174 4268 3386 4357 penitus
3434 4299 3535 4355 itu.

1931 4373 2091 4413 mano
2120 4362 2348 4416 consilio
2378 4363 2593 4420 elevare
2622 4384 2682 4423 se
2712 4385 3034 4442 quemquam
3070 4394 3231 4447 posse
3258 4386 3535 4460 illiuspri-

1928 4451 2125 4518 vilegio
2154 4453 2241 4507 vel
2283 4455 2651 4524 confessioni,
2692 4477 2850 4529 quem
2904 4466 3103 4524 Christi
3145 4488 3243 4526 vox
3298 4451 3535 4545 prta-fuit

1928 4544 2214 4609 universis,
2237 4562 2396 4615 quem
2424 4549 2663 4607 Ecclesia
2698 4560 3002 4613 veneranda
3034 4567 3280 4622 confessa
3315 4586 3529 4644 semper

1930 4644 2032 4697 est,
2079 4644 2133 4690 et
2175 4637 2335 4692 habet
2384 4639 2575 4695 devota
2609 4646 2917 4711 primatem.
2950 4651 3135 4718 Impeti
3181 4674 3406 4725 possunt
3436 4637 3533 4721 ξιυ-

1929 4726 2104 4781 manis
2134 4732 2640 4800 prtesumptionibus
2665 4752 2783 4805 qua:
2804 4739 2988 4797 divino
3008 4755 3133 4799 sunt
3161 4746 3366 4816 judicio
3400 4771 3531 4812 cou-

1931 4899 2181 4966 asscrens
2202 4888 2273 4966 ab
2295 4891 2587 4966 apostolica
2616 4894 2743 4948 sede
2767 4897 2933 4965 magis
2959 4904 3201 4957 exerceri
3239 4907 3530 4966 vindictam

1930 4960 2071 5037 quod
2104 4959 2171 5011 ab
2199 4961 2397 5037 Acacio
2426 4976 2604 5028 spreta
2636 4976 2800 5034 esset,
2826 4959 3263 5033 quamjttstitiatn
3293 4959 3491 5034 defert-il-

1933 5027 2228 5105 Epistulam
2257 5027 2655 5105 scriptamcsse
2673 5027 2813 5089 anno
2839 5027 3181 5105 pontificatus
3202 5027 3397 5102 Gt-lasit
3420 5027 3531 5105 ter;

1931 5101 2024 5177 tio,
2050 5099 2141 5179 qui
2169 5109 2255 5153 est
2275 5103 2472 5155 Christi
2505 5103 2632 5179 4977i,
2660 5123 2723 5158 ex
2754 5122 2819 5179 eo
2840 5099 3111 5173 colligitur
3128 5117 3270 5179 quod

1926 5167 2039 5221 sius
2072 5168 2171 5252 hoc
2196 5180 2437 5235 tetupore
2465 5189 2523 5226 se
2550 5177 2939 5252 Ιθζῃῑγψὶβιιιηη
2964 5167 3085 5234 esse
3118 5167 3453 5252 hieretictnn,
3478 5202 3532 5247 et

1928 5240 2323 5305 Acephalortttu
2364 5254 2527 5297 st-ctte
2568 5240 2881 5315 signiferum
2923 5254 3151 5306 necdum
3194 5240 3477 5313 declat-arit

1926 5323 2084 5375 quem
2116 5320 2331 5393 constat
2369 5327 2512 5393 anno
2536 5327 2800 5393 sequente
2822 5322 2975 5393 virus
3008 5325 3059 5375 in
3086 5337 3305 5393 peetore
3342 5333 3528 5387 occul-

1923 5386 2090 5433 tatum
2117 5380 2273 5447 plane
2303 5380 2625 5439 evomuisse.
2656 5386 2783 5441 Ssv.
2820 5389 3020 5445 Bmtus.

1993 5489 2015 5561 ξ’
2048 5488 2231 5555 Forte,
2262 5508 2440 5561 pacem
2480 5496 2682 5553 habere.
2715 5500 2980 5556 llanocm.

1992 5559 2014 5636 ξ
2182 5559 2632 5636 quodubicuttque
2659 5570 2829 5636 plene.

1995 5630 2015 5701 ξ’
2042 5630 2122 5701 Id.
2150 5632 2297 5695 eod"
2326 5630 2698 5700 inspirat-0...;
2728 5644 3051 5701 transmisso.

1989 5700 2162 5791 “Atreo
2206 5706 2471 5759 sententia
2504 5712 2700 5791 citetur
2855 5700 3180 5791 y_CapiluI.,
3217 5734 3266 5777 c.
3307 5721 3431 5791 I67,
3466 5726 3522 5774 et

1918 5768 2307 5843 altllincmaro
2334 5789 2520 5841 epuse.
2555 5780 2608 5842 9,
2648 5798 2698 5837 n.
2734 5785 2822 5841 59.
2855 5768 3119 5843 llatw'tntv.

1986 5842 2007 5874 '
2039 5842 2115 5896 Id.
2146 5844 2301 5911 cod.,
2337 5848 2621 5903 Itanmtttm.

3164 5935 3199 5975 ε)
