3992 6398
485 352 557 408 ιδ
1832 332 2096 390 causa
2137 332 2336 391 rapa:
2376 335 2393 388 l
3664 335 3727 388 ιι

487 465 687 529 stituta,
715 450 855 516 vinci
884 466 1060 514 autem
1090 451 1444 525 quorumlibet
1474 456 1739 520 potestate
1778 461 1882 502 non
1922 459 2046 516 pos-
2077 451 2125 506 Α
2156 460 2317 514 posse
2341 446 2680 516 conlldtmus)
2703 455 2807 503 tate
2836 444 3030 516 aliquid
3052 443 3378 515 proveniret,
3405 441 3423 473 ’
3449 443 3585 498 unde
3615 443 3724 498 cui-

487 552 628 609 situt.
662 556 837 623 Atque
873 551 1070 605 utinam
1098 547 1178 601 sic
1209 553 1391 616 contra
1424 539 1718 595 nitentibus
1749 536 2047 607 perniciosa

491 661 595 699 nou
623 646 688 699 sit
719 643 958 705 audacia,
989 633 1450 707 quemadmodum,
1476 630 1616 700 quod
1651 628 1719 683 ab
1746 629 1862 698 ipso
1887 639 2052 680 sacrae

492 735 764 804 religionis
791 739 1005 786 auctore
1029 724 1301 796 prensum
1333 733 1436 798 est,
1476 736 1582 774 non
1611 727 1787 788 potest
1817 717 1922 771 ulla
1951 717 2056 768 vir-

493 835 604 879 tute
642 820 870 878 convelli
897 816 1331 872 :Firmamentum
1369 813 1506 865 enim
1547 809 1638 862 Dei
1673 817 1772 862 atat
1805 803 1892 877 (ll
1922 803 2051 857 Tim.

497 914 578 984 tt).
608 908 978 980 Nunquidnam
1017 920 1139 960 cum
1171 901 1433 970 aliquibus
1463 899 1708 953 intestata
1741 895 1927 964 religio
1953 901 2054 958 est,

498 1008 513 1037 ¹
539 1010 944 1074 quantacunque
975 996 1147 1066 potuit
1176 993 1414 1047 novitate
1451 989 1711 1057 superari,
1741 997 1794 1040 et
1816 1001 1919 1038 non
1948 999 2058 1038 ma-

491 1097 572 1164 gis
617 1093 719 1146 huc
751 1090 946 1144 invicta
991 1083 1302 1154 permansit,
1349 1095 1456 1148 quo
1483 1079 1744 1130 a-stimata
1774 1085 1856 1127 est
1901 1087 2060 1142 posse

492 1163 878 1239 succumbere?
923 1177 1176 1230 Desinant
1215 1185 1342 1239 ergo
1387 1171 1591 1237 (quaeso
1628 1166 1703 1235 te)
1734 1163 2059 1232 temporibus

496 1280 602 1332 tuis
624 1275 838 1345 quidam
867 1285 958 1339 per
987 1266 1322 1322 occasionem
1351 1259 1769 1331 perturbationis
1804 1255 2060 1310 ecclesia-

497 1342 656 1422 sticas
673 1361 1064 1434 praecipitanter
1084 1355 1287 1408 ambire
1311 1364 1431 1420 quas
1460 1364 1563 1402 non
1596 1349 1617 1378 ³
1647 1347 1790 1408 licet,
1809 1360 1873 1398 ne
1899 1355 1951 1398 et
1973 1342 2060 1395 illa

498 1471 618 1525 quae
649 1453 785 1508 male
806 1456 1060 1520 appetunt
1088 1443 1391 1498 nullatenus
1420 1438 1844 1506 appreheudant,
1875 1442 1929 1487 et
1951 1447 2064 1486 mo-

497 1547 624 1600 dum
667 1556 821 1598 suum
872 1536 1012 1607 apud
1059 1535 1220 1587 Deum
1272 1542 1325 1584 et
1381 1527 1625 1580 homines
1671 1540 1774 1578 non
1826 1529 2061 1576 teneant.

499 1636 830 1704 QuaprOpter
869 1627 970 1682 sub
993 1630 1284 1690 conspectu
1333 1621 1422 1672 Dei
1465 1631 1596 1686 pure
1622 1630 1684 1668 ac
1715 1615 1923 1667 sincere
1954 1612 2067 1682 pie-

500 1702 660 1780 tatem
693 1732 833 1776 tuam
865 1718 1146 1786 deprecor,
1176 1712 1414 1765 obtestor
1441 1717 1494 1762 et
1537 1707 1808 1769 exhortor,
1849 1713 1906 1757 ut
1932 1702 2066 1772 peti-

2155 550 2316 607 quam
2339 537 2588 594 resistere
2609 538 2931 592 auderemus
2957 534 3150 601 errori,
3179 533 3261 589 vel
3280 533 3421 587 unde
3440 533 3729 588 correctio-

2157 642 2279 684 nem
2323 626 2624 683 errantibus
2672 625 3051 696 posceremus?
3093 623 3322 680 Proinde
3351 623 3395 677 si
3427 622 3599 691 pietas
3639 630 3730 675 tua

2159 721 2318 775 unius
2343 720 2575 774 civitatis
2605 719 2854 788 populum
2885 729 3042 787 negat
3070 732 3231 788 posse
3256 717 3278 748 ⁸
3305 729 3434 786 pace
3456 714 3730 783 componi,

2158 809 2287 877 quid
2317 824 2412 864 nos
2440 810 2505 864 de
2529 813 2690 866 totius
2714 808 2860 864 orbis
2890 817 3152 862 terrarum
3180 822 3364 862 sumus
3386 805 3733 860 universitate

2159 896 2372 962 facturi,
2421 899 2464 952 si
2497 899 2660 968 (quod
2710 899 2872 966 absit)
2903 906 3082 951 nostra
3111 895 3268 950 fuerit
3293 894 3734 966 prmvarieatione

2161 987 2449 1056 deceptus?
2492 989 2548 1043 Si
2600 997 2744 1044 totus
2770 996 3042 1042 correctus
3089 992 3173 1040 est
3211 984 3461 1047 mundus,
3507 981 3731 1050 profana

2163 1087 2371 1144 patrum
2419 1091 2634 1132 suorum
2687 1077 2977 1130 traditione
3005 1075 3280 1143 despecta,
3311 1073 3579 1142 quomodo
3624 1087 3730 1128 nun

2163 1166 2458 1235 corrigatur
2486 1165 2639 1220 unius
2668 1165 2896 1220 civitatis
2929 1164 3174 1233 populus,
3219 1163 3267 1217 si
3303 1163 3610 1232 praedicatio
3631 1161 3734 1218 lida

2165 1257 2256 1327 [αι.
2301 1255 2444 1327 ὕδει]
2473 1257 2764 1311 succedat?
2801 1257 2962 1325 Ergo,
2995 1256 3229 1324 gloriose
3259 1255 3574 1324 imperator,
3610 1256 3735 1312 nolo

2165 1361 2265 1416 ego
2316 1347 2412 1420 [σι.
2459 1362 2561 1401 non
2605 1344 2835 1418 neglige]
2886 1346 3246 1400 Ecclesiarum
3302 1359 3507 1416 pacem,
3554 1360 3736 1415 quam,

2166 1438 2374 1493 etiamsi
2405 1453 2525 1491 cum
2555 1438 2657 1492 mei
2685 1436 2958 1506 sanguinis
3005 1435 3276 1502 impendio
3303 1433 3584 1502 provenire
3613 1450 3738 1504 pos-

2165 1534 2268 1592 set,
2301 1527 2598 1596 amplector
2622 1527 2714 1598 [αι.
2760 1522 3113 1596 amplectar]?
3141 1521 3247 1579 Sed
3280 1525 3494 1596 (precor
3520 1524 3596 1594 te)
3639 1539 3738 1578 cn-

2161 1620 2395 1689 justnodi
2423 1619 2612 1674 debeat
2633 1633 2755 1674 esse
2783 1633 2884 1686 pax
2911 1618 3047 1687 ipsa,
3073 1631 3178 1672 non
3207 1625 3494 1686 utcunque,
3526 1616 3621 1670 sed
3653 1633 3740 1672 ve-

2167 1715 2364 1766 raciter
2402 1710 2694 1765 christiana
2741 1719 2920 1764 mente
2959 1709 3238 1763 libremus.
3283 1708 3563 1775 Quomodo
3599 1711 3741 1763 enim

499 1818 701 1871 tionem
743 1825 917 1868 meam
966 1824 1070 1862 nou
1104 1804 1446 1871 indignanter
1482 1799 1753 1866 accipias:
1783 1810 1950 1863 rogo,
1981 1793 2064 1846 in-

2177 1810 2350 1871 potest
2378 1815 2498 1856 esse
2541 1817 2639 1868 pax
2671 1816 2796 1854 vera
2835 1802 2918 1854 cui
2959 1800 3156 1853 caritas
3205 1800 3518 1852 intemerata
3560 1798 3742 1853 defue-

503 1922 682 1978 quaut,
715 1912 772 1957 ut
793 1917 878 1956 me
907 1901 957 1952 in
989 1898 1087 1950 hac
1112 1895 1216 1948 vita
1250 1893 1426 1961 potius
1453 1889 1638 1942 audias
1665 1887 2064 1954 deprecantem,

500 2009 657 2065 quam
682 1989 853 2063 (quod
883 1987 1043 2054 absit)
1071 1987 1120 2038 in
1151 1982 1330 2036 divino
1356 1979 1560 2048 judicio
1589 1979 1788 2029 sentias
1815 1985 2068 2026 accusau-

504 2064 638 2140 tem.
669 2083 778 2135 Nec
803 2093 888 2133 me
911 2078 1058 2140 latet,
1091 2075 1380 2139 imperator
1408 2071 1664 2136 Auguste,
1691 2065 1829 2134 quod
1860 2064 2072 2131 pietatis

504 2187 610 2229 tua:
651 2169 882 2225 Studium
911 2165 1071 2219 fuerit
1108 2164 1160 2216 in
1206 2161 1286 2230 pri
1326 2168 1411 2212 ata
1455 2162 1582 2210 vita.
1613 2155 1818 2223 Optasti
1862 2165 2073 2218 semper

504 2263 615 2317 tieri
680 2259 946 2327 patticeps
1017 2249 1384 2322 promissionis
1436 2255 1676 2300 atterite.
1737 2246 2074 2312 Quapropter

504 2352 633 2412 noli,
662 2361 874 2415 precor,
904 2346 1057 2397 irasci
1089 2340 1243 2403 mihi,
1287 2339 1332 2392 si
1359 2348 1412 2389 te
1443 2346 1646 2388 tantum
1687 2334 1872 2402 diligo,
1905 2348 1954 2385 ut
1991 2347 2074 2389 re-_

501 2460 688 2513 gnum,
718 2441 858 2510 quod
900 2434 1262 2503 tetnpuraliter
1297 2445 1337 2483 a.
1357 2438 1571 2483 secutus
1601 2443 1679 2490 es,
1708 2428 1868 2480 velim
1900 2433 1951 2479 te
1981 2426 2077 2477 ha-

505 2537 634 2588 bere
679 2540 1012 2600 perpetuum,
1047 2532 1104 2578 et
1128 2525 1219 2592 qui
1261 2523 1494 2588 imperas
1538 2517 1756 2583 saeculo,
1791 2516 1963 2583 possis
1993 2529 2077 2567 re—

503 2637 668 2692 gnare
697 2635 816 2672 cum
849 2615 1084 2670 Christo.
1129 2613 1260 2665 Tuis
1299 2619 1444 2661 certe
1494 2607 1718 2675 legibus,
1766 2607 2070 2671 imperator,

504 2710 703 2780 pateris
743 2709 872 2762 nihil
903 2707 1098 2773 perire,
1136 2703 1376 2754 ltomano
1413 2697 1609 2750 nomini
1637 2696 1731 2768 [αι.
1764 2695 1940 2762 perire
1969 2694 2074 2745 Ho-

503 2816 662 2857 tuano
693 2796 916 2868 nomini]
947 2797 1145 2850 nullum
1192 2790 1428 2843 admittis
1470 2789 1644 2857 ingeri
1671 2787 2070 2840 detrimentum.

499 2895 647 2948 itane
677 2905 858 2945 verum
903 2899 1006 2951 est,
1057 2885 1304 2954 princeps
1347 2880 1582 2949 egregie,
1614 2877 1710 2947 qui
1748 2891 1852 2930 non
1901 2875 2072 2929 solum

505 2981 786 3052 praesentia
825 2979 1020 3033 Christi
1049 2974 1330 3034 beneﬁcia,
1361 2973 1454 3026 sed
1483 2969 1758 3024 desideras
1791 2976 1847 3022 et
1877 2969 2074 3030 futura,

500 3085 562 3126 ut
589 3071 853 3139 religioni,
878 3078 936 3122 ut
961 3065 1193 3128 veritati,
1221 3073 1278 3115 ut
1306 3059 1601 3115 sinceritati
1631 3057 1908 3111 catholica:
1933 3069 2078 3109 com-

2175 1892 2278 1945 rit?
2309 1891 2514 1945 Caritas
2541 1901 2717 1944 autem
2762 1889 2991 1958 qualiter
3017 1903 3137 1942 esse
3177 1887 3392 1951 debeat,
3438 1888 3592 1942 nobis
3636 1890 3743 1942 evi-

2176 1981 2365 2035 denter
2395 1980 2416 2011 ³
2445 1979 2732 2048 Apostolus
2789 1979 3038 2047 praedicat
3063 2017 3079 2042 ,
3129 1975 3220 2045 qui
3274 1978 3390 2029 ait:
3427 1975 3632 2030 Caritas
3685 1981 3746 2029 de

2174 2073 2357 2137 corde,
2414 2088 2562 2142 puro,
2612 2070 3020 2148 ctJamcientia
3067 2068 3197 2121 bona
3241 2077 3289 2121 et
3331 2067 3433 2135 ﬁde
3481 2083 3582 2121 non
3633 2068 3748 2128 ﬁcta

2177 2163 2231 2233 (l
2262 2163 2396 2217 Tim.
2424 2163 2485 2232 ι).
2529 2160 2810 2226 Quomodo
2837 2161 3043 2229 (quaeso
3074 2160 3147 2222 te)
3179 2158 3242 2211 de
3276 2160 3429 2210 corde
3468 2165 3558 2210 erit
3600 2175 3748 2224 iuro,

2175 2257 2218 2309 si
2249 2255 2493 2324 contagio
2524 2253 2788 2306 inliciatur
2807 2249 3065 2305 externo?
3093 2248 3370 2314 Quomodo
3400 2249 3462 2302 de
3493 2250 3749 2301 comicu-

2176 2349 2246 2400 tia
2274 2347 2425 2413 bona,
2451 2345 2493 2399 si
2526 2343 2701 2412 pravis
2724 2342 2882 2396 fuerit
2903 2341 3164 2408 malisque
3193 2339 3518 2394 commixta?
3551 2343 3751 2404 Quem-

2177 2438 2459 2492 admodum
2490 2437 2592 2504 ﬁde
2612 2451 2712 2490 non
2737 2436 2876 2503 ﬁcta,
2906 2435 2951 2489 si
2983 2442 3194 2488 maneat
3215 2433 3416 2487 sociata
3447 2447 3567 2486 cunt
3597 2433 3752 2501 pelli-

2175 2528 2293 2583 dis?
2313 2530 2441 2595 Quae
2463 2542 2582 2580 cum
2603 2542 2631 2580 a
2651 2526 2802 2579 nobis
2823 2539 2967 2594 saepe
2984 2525 3090 2594 jam
3117 2524 3252 2579 dicta
3276 2524 3401 2588 sint,
3430 2538 3651 2577 necesse
3674 2531 3752 2577 est

2176 2629 2353 2675 tamen
2409 2618 2796 2674 incessabiliter
2844 2618 3049 2680 iterari,
3096 2626 3148 2670 et
3195 2615 3376 2669 tandiu
3425 2630 3530 2668 non
3588 2617 3750 2668 taceri

2174 2711 2408 2780 quandiu
2437 2725 2631 2764 nomen
2664 2709 2808 2778 pacis
2835 2708 3174 2773 obtenditur;
3201 2716 3260 2760 ut
3289 2716 3528 2760 nostrum
3557 2723 3663 2782 non
3688 2708 3753 2763 sit

2176 2805 2258 2874 (tit
2281 2802 2538 2857 invidiose
2555 2801 2809 2869 jactatur)
2845 2802 3018 2853 facere
3051 2812 3258 2866 pacem,
3291 2799 3382 2852 sed
3411 2807 3586 2852 tamen
3621 2800 3756 2853 vello

2175 2893 2463 2948 doceamus
2484 2931 2499 2956 ,
2541 2891 2735 2961 qualis,
2759 2900 2814 2945 et
2839 2891 2949 2944 sola
2985 2904 3083 2956 pax
3109 2903 3227 2943 e.~se
3247 2928 3263 2954 ,
3301 2898 3356 2942 et
3380 2897 3574 2957 praeter
3596 2903 3754 2957 quam

2178 2982 2199 3014 ⁸
2227 2981 2365 3035 nulla
2403 2994 2522 3034 esse
2563 2989 2908 3033 monstratur.
2952 2977 3341 3047 Eutychianum
3366 2985 3514 3031 certe
3541 2977 3754 3046 dogma,

2178 3083 2364 3127 contra
2403 3071 2545 3139 quod
2587 3073 2891 3139 apostolicae
2944 3070 3091 3124 sedis
3131 3069 3337 3124 cautela
3384 3070 3681 3138 perviglat,
3708 3071 3754 3124 si

502 3161 774 3217 ntuniouis
822 3170 876 3213 et
923 3157 1071 3218 ﬁdei,
1123 3152 1451 3224 temporibus
1479 3147 1604 3212 tuis,
1651 3145 1867 3214 patiaris
1896 3158 2073 3213 quem-

2184 3165 2419 3218 creditur
2440 3163 2582 3217 salva
2613 3161 2732 3216 fidei
2757 3162 3032 3215 catholica:
3060 3174 3215 3228 posse
3241 3160 3459 3214 veritate
3488 3171 3755 3224 constare,

506 3270 664 3322 quam
688 3253 882 3304 iut'erre
903 3242 1274 3312 dispvrndium?
1310 3241 1423 3306 Qua
1456 3237 1647 3292 ﬁducia
1671 3237 1826 3319 (rogo
1855 3236 1928 3304 te)
1965 3233 2074 3287 illic

507 3345 620 3411 ejus
651 3339 865 3409 prsentia
900 3337 1158 3406 petiturus
1187 3347 1267 3397 es,
1305 3331 1454 3398 cujus
1486 3329 1571 3383 hic
1601 3327 1793 3382 damna
1823 3339 1929 3380 non
1953 3341 2076 3393 pro-

507 3434 660 3487 hibes
680 3432 700 3483 2
723 3431 836 3482 Non
857 3427 964 3480 sint
993 3439 1195 3493 gravo,
1224 3435 1405 3487 quaso
1437 3427 1508 3484 te,
1536 3433 1652 3487 qua:
1683 3432 1775 3484 pro
1802 3425 1906 3470 tua:
1936 3417 2077 3468 saluo

505 3525 577 3578 tis
617 3520 914 3576 aeternitate
971 3517 1239 3569 dicuntur.
1289 3510 1559 3578 Scriptum
1608 3508 1777 3576 legisti
1814 3524 1826 3558 :
1862 3505 2078 3562 Meliora

507 3623 626 3666 sunt
650 3612 864 3664 vulnera
886 3607 1038 3659 amici
1063 3619 1216 3672 quam
1246 3604 1422 3653 oscula
1459 3599 1652 3652 inimici
1675 3595 1858 3666 (Prov.
1891 3597 2075 3660 χχιιι).

509 3710 701 3771 Quaeso
733 3702 984 3768 pietatem
1007 3705 1172 3762 tuam,
1210 3701 1268 3747 ut
1292 3709 1398 3761 quo
1429 3691 1620 3745 aﬂ‘ectu
1645 3691 1893 3742 dicuntur
1914 3703 1941 3739 a
1971 3701 2076 3752 me,

507 3811 575 3850 eo
619 3793 726 3847 tuis
773 3791 1022 3846 sensibus
1054 3789 1386 3840 intimentur.
1432 3782 1599 3837 Nemo
1643 3782 1894 3846 pietatem
1936 3789 2076 3831 tuam

507 3884 673 3936 fallat.
719 3881 912 3935 Verum
962 3888 1042 3931 est
1089 3877 1229 3943 quod
1279 3873 1569 3942 ﬁguraliter
1621 3860 1713 3939 per
1766 3871 2078 3938 prophetam

509 3976 781 4039 Scriptura
807 3977 1059 4024 testatur:
1097 3963 1215 4018 Una
1241 3973 1315 4016 est
1338 3962 1567 4014 columba
1590 3975 1718 4022 utea,
1745 3974 1848 4010 una
1875 3968 1948 4009 est
1971 3971 2082 4022 per-

511 4067 643 4131 fecta
689 4075 801 4113 utea
829 4057 1004 4126 (Cant.
1045 4056 1142 4122 Vl),
1170 4067 1273 4106 una
1322 4058 1404 4104 est
1449 4049 1736 4102 christiana
1789 4049 1939 4110 ﬁdes,
1966 4062 2083 4114 qua:

512 4163 595 4206 est
617 4149 899 4206 catholica.
923 4145 1200 4200 Catholica
1230 4150 1408 4195 autent
1441 4139 1703 4193 verat-iter
1732 4138 1819 4190 illa
1843 4146 1943 4200 est,
1965 4152 2083 4203 quzn

511 4245 579 4297 ab
609 4239 842 4294 omnium
875 4221 1219 4306 perﬁdorum,
1248 4241 1408 4302 atque
1438 4232 1506 4284 ab
1533 4245 1718 4283 eorum
1761 4230 2084 4283 successori-

513 4335 612 4385 bus
659 4342 818 4398 atqtte
859 4325 1198 4382 consortibus
1249 4327 1479 4386 sincera,
1542 4335 1691 4387 pura,
1745 4322 2082 4375 immaculata

511 4423 889 4476 communione
927 4421 1095 4471 divisa
1139 4417 1233 4488 [αι.
1268 4411 1494 4482 divulsa]
1534 4421 1638 4465 est.
1684 4413 1929 4483 Alioquin
1977 4427 2080 4466 non

2179 3263 2471 3325 promatur,
2495 3264 2784 3318 asseratur,
2803 3263 2857 3308 et
2874 3252 3218 3320 quantislibet
3239 3252 3440 3305 viribus
3463 3261 3756 3317 astrnatur,

2179 3357 2237 3401 ut
2267 3360 2370 3400 nou
2409 3345 2581 3397 solum
2614 3357 2708 3410 per
2729 3343 2985 3410 seipsuin,
3016 3353 3176 3410 quam
3217 3340 3484 3394 inimicum
3523 3342 3591 3392 sit
3638 3341 3758 3394 lidci

2177 3437 2334 3492 Chris
2360 3437 2494 3489 iana:
2526 3449 2594 3503 po
2624 3436 2694 3487 sit
2719 3433 2951 3496 ostendi,
2976 3432 3068 3486 sed
3093 3441 3315 3501 quantas
3339 3442 3390 3485 et
3413 3447 3567 3500 quant
3595 3435 3760 3485 letha-

2181 3529 2260 3580 les
2297 3528 2526 3579 haereses
2566 3525 2618 3577 in
2650 3537 2744 3576 sua
2781 3524 3053 3576 contineat
3102 3521 3405 3575 colluvione
3448 3523 3757 3574 monstrari.

2179 3618 2232 3672 S;
2259 3627 2436 3670 autem
2463 3617 2552 3683 (ιιι
2579 3615 2742 3684 magis
2765 3611 3115 3680 conﬁdimus)
3144 3629 3171 3663 :t
3201 3611 3478 3665 catholicis
3508 3612 3760 3679 iudicatis

2182 3707 2449 3761 nteutibtts
2475 3703 2882 3766 excludendum,
2919 3716 3098 3770 qumso
3132 3711 3203 3763 te,
3230 3716 3323 3755 cur
3347 3716 3449 3754 non
3489 3712 3542 3754 et
3572 3709 3761 3754 conta-

2180 3796 2261 3865 gia
2292 3796 2445 3848 simul
2479 3809 2662 3847 eorum
2692 3794 2780 3860 qui
2832 3793 2927 3844 hac
2958 3792 3249 3859 probantur
3279 3804 3398 3844 esse
3427 3792 3634 3857 polluti,
3665 3792 3762 3844 de-

2181 3889 2396 3941 cernitis
2424 3885 2720 3949 refutanda,
2754 3900 2873 3939 cum
2914 3884 3056 3939 dicat
3086 3882 3412 3950 Apostolus:
3450 3882 3572 3937 Non
3595 3883 3763 3936 solum

2184 3979 2268 4044 qui
2295 3993 2394 4028 non
2419 3976 2655 4044 facienda
2678 3974 2894 4040 (nciam,
2923 3988 3034 4025 reos
3055 3973 3232 4038 videri,
3265 3973 3352 4024 sed
3377 3974 3527 4023 etiam
3542 3975 3626 4040 qui
3645 3989 3764 4024 con-

2185 4069 2403 4123 sentiunt
2432 4066 2730 4132 facientibus
2756 4065 2928 4134 (llam.
2971 4063 3048 4132 t)?
3078 4063 3305 4117 Proinde
3352 4064 3489 4117 sicut
3530 4079 3636 4117 non
3673 4079 3763 4131 po-

2187 4166 2310 4220 test,
2337 4156 2707 4224 pervursitatis
2735 4152 3190 4207 commun‘icatore
3238 4164 3505 4220 suscepto,
3538 4169 3644 4206 non
3677 4171 3764 4218 ιιει-

2186 4248 2316 4300 ritcr
2355 4248 2670 4312 perversitas
2715 4242 3020 4309 approbari,
3063 4243 3140 4296 sic
3173 4257 3277 4296 non
3326 4251 3500 4309 potest
3547 4243 3762 4296 relutari

2187 4337 2528 4405 perversitas,
2551 4335 2811 4403 comp‘ice
2835 4343 3099 4387 sectatore
3123 4335 3486 4401 perversitatis
3509 4335 3664 4385 atluti-
3683 4349 3761 4386 su.

2189 4427 2413 4494 Legibus
2442 4436 2587 4479 certe
2617 4427 2828 4487 vestris,
2853 4424 3135 4477 criminum
3169 4424 3366 4477 con-cii
3398 4433 3767 4491 suscepturcs-

513 4516 616 4569 ενίῑ
641 4514 896 4567 (“imitus
931 4510 1174 4561 manda”
1198 4499 1474 4564 discretio!
1507 4502 1602 4554 sed
1633 4501 1929 4554 miseranda
1959 4517 2082 4554 con'
2113 4490 2161 4548 θ
2191 4531 2295 4585 que
2329 4514 2761 4570 latrucinantiutn
2797 4514 2908 4581 pari
2951 4511 3276 4579 judiciut'um
3321 4525 3478 4580 poena
3505 4490 3768 4565 constrin-

514 4608 671 4661 fusio.
698 4609 802 4659 [\‘ec
827 4605 932 4656 ulla
953 4614 1108 4654 causa
1135 4599 1245 4666 jam
1269 4603 1531 4663 superest,
1569 4597 1610 4645 si
1638 4593 1736 4646 hoc
1767 4593 1819 4646 in
1850 4593 2088 4660 quolibet

515 4695 759 4762 contagio
787 4694 1111 4746 voluerimus
1133 4686 1435 4748 admittere,
1462 4698 1529 4736 ne
1556 4682 1764 4736 cunctis
1797 4682 2090 4735 hairesibus

516 4790 715 4845 aditum
751 4789 1073 4855 januamque
1120 4779 1434 4849 pandamtts.
1471 4776 1571 4838 Qui
1619 4776 1749 4827 enim
1793 4775 1844 4824 in
1873 4787 1974 4824 uno
2008 4775 2087 4840 of-

517 4881 755 4949 fenderit,
786 4877 1009 4929 omnium
1039 4887 1154 4925 reus
1179 4878 1249 4922 est
1277 4866 1482 4931 (Jacob.
1510 4864 1598 4933 tt);
1629 4874 1684 4918 et
1714 4880 1727 4916 :
1753 4862 1852 4926 Qui
1880 4863 2090 4914 minima

518 4973 726 5044 spernit,
754 4967 997 5034 paulatim
1039 4964 1223 5016 decidit
1253 4960 1476 5030 (Eccles.
1515 4957 1656 5024 χιχ).
1705 4955 1814 5010 Hoc
1841 4967 1922 5010 eat
1946 4955 2087 5023 quod

515 5065 670 5118 sedes
717 5060 1004 5129 apostolica
1042 5066 1364 5124 magnopere
1403 5059 1555 5104 cavet
1602 5047 1693 5118 [aL
1727 5046 2086 5118 praetaxavit],

517 5168 570 5208 ut
592 5157 714 5222 quia
748 5152 944 5206 mundo
969 5149 1118 5203 radix
1163 5158 1242 5201 est
1271 5144 1498 5212 apostoli
1528 5143 1762 5210 gloriosa
1803 5142 2087 5204 confessio,

518 5247 659 5299 nulla
689 5247 821 5299 rima
855 5241 1144 5312 pravitatis,
1190 5238 1334 5292 nulla
1379 5248 1593 5301 prorsus
1622 5233 1945 5301 contagione
1979 5249 2090 5285 nta-

518 5338 742 5390 culetur.
775 5334 906 5388 Nam
947 5331 990 5384 si
1021 5329 1180 5400 (quod
1225 5328 1364 5382 Deus
1405 5322 1800 5391 avertathuod
1835 5325 1948 5377 ﬁeri
1981 5340 2085 5377 non

592 5497 605 5523 ¹
629 5494 760 5546 Cod.
796 5491 1014 5552 Verum,
1045 5494 1426 5555 quantumque:
1455 5479 1770 5550 Quesuellus
1802 5479 1927 5551 legit
1952 5498 2077 5539 aua-

522 5579 733 5630 cunqtc.

594 5637 612 5662 '
638 5638 710 5682 tu.
741 5630 881 5692 cod.,
914 5644 1014 5680 non
1044 5627 1214 5679 licent.

593 5701 612 5730 ⁸
645 5702 715 5754 Id.
750 5699 892 5755 chd.,
923 5698 996 5750 vel
1033 5697 1114 5750 cui
1131 5699 1264 5764 jam.

2193 4618 2414 4677 guntur;
2444 4621 2541 4661 nec
2563 4621 2754 4674 expers
2781 4603 3031 4659 lacinuris
3053 4607 3345 4657 aestimatur
3365 4606 3475 4672 qui,
3503 4603 3624 4656 licet
3655 4603 3767 4668 ipse

2195 4715 2300 4753 non
2344 4698 2543 4760 fecerit,
2572 4697 2812 4750 incientis
2842 4707 3019 4748 tamen
3047 4693 3452 4746 familiaritatem
3487 4692 3768 4759 fcedusalue

2196 4789 2480 4856 receperit.
2531 4785 2760 4838 Proinde
2810 4799 2928 4836 eum
2979 4782 3418 4835 Chalcedonense
3459 4781 3765 4847 concilium,

2191 4891 2288 4946 pro
2315 4876 2434 4930 fidei
2455 4875 2728 4929 catholcte
2759 4883 2916 4942 atque
2943 4874 3245 4941 apostolicae
3284 4873 3507 4926 veritate
3529 4888 3769 4926 commu-

2194 4970 2456 5035 nioneque
2505 4966 2851 5026 celebratum,
2913 4963 3245 5018 damnaverit
3303 4961 3576 5032 Eutychen
3617 4964 3768 5016 dete-

2195 5057 2366 5110 standi
2416 5057 2610 5109 furoris
2657 5062 2952 5118 auctorem,
2996 5069 3098 5106 non
3137 5053 3270 5106 satis
3312 5052 3512 5116 habuit,
3569 5053 3670 5106 nisi
3713 5060 3768 5106 tit

2199 5147 2391 5214 pariter
2416 5149 2529 5213 ejus
2551 5159 2760 5213 quoque
2780 5155 3084 5198 cousorzent
3109 5144 3416 5198 Dioscorum
3440 5153 3768 5212 ceterosque

2196 5237 2530 5305 percelleret.
2558 5236 2668 5289 lioe
2696 5236 2852 5304 igitur
2879 5234 3059 5298 modo,
3089 5233 3225 5288 sicut
3248 5233 3300 5288 in
3323 5248 3638 5303 unaquaque
3660 5236 3768 5289 ha:-

2202 5329 2304 5382 resi
2345 5329 2427 5382 vel
2458 5330 2651 5380 factum
2680 5341 2912 5392 semper,
2941 5327 3020 5380 vel
3056 5325 3170 5381 ﬁeri
3207 5340 3311 5381 non
3347 5325 3572 5382 habetur
3599 5327 3767 5382 ambi~

2261 5485 2282 5514 δ
2315 5483 2447 5538 Pace
2479 5485 2626 5539 deest
2656 5486 2704 5538 in
2737 5484 2859 5538 eod.
2892 5484 3012 5538 cod.

2263 5556 2284 5626 ξ
2310 5555 2382 5626 ld.
2412 5557 2555 5626 cod.,
2580 5571 2670 5625 per
2691 5555 2986 5626 Apostolttat
3011 5556 3340 5626 prazdicatur.

2264 5625 2285 5655 ⁶
2314 5625 2384 5678 ld.
2410 5625 2555 5690 cod.,
2586 5641 2690 5694 pa:
2720 5625 2884 5679 nulla.
