3994 6394
299 342 369 396 εδ
1503 346 1854 402 nrtsrowa
1896 345 1983 404 ET
2020 351 2361 411 oscnsra.
3244 346 3247 355 ’
3496 371 3573 430 to

292 467 475 522 gnum,
508 467 849 511 successores
871 470 1053 510 eorum
1081 459 1096 487 ¹
1126 455 1486 525 Timotheum,
1534 458 1747 515 Petrum
1791 469 1874 513 at-
1904 463 1951 522 Α
1984 465 2106 520 dam
2132 469 2211 521 vel
2258 470 2631 536 insurrexerit,
2663 473 2743 527 vel
2784 475 2982 529 nitatur
3013 476 3293 547 insurgere
3331 492 3568 539 vetusta-

289 557 395 610 que
414 543 641 597 alterum
682 546 1072 601 Antiochenam
1118 548 1357 614 Petrum,
1384 566 1489 604 non
1522 551 1719 606 viritim
1751 568 1873 622 pro-

293 638 415 697 pter
441 632 682 701 singulos
712 650 952 705 quosque
991 652 1176 692 rursus
1211 639 1352 693 facto
1374 642 1624 706 concilio,
1658 644 1750 697 sed
1782 658 1872 715 sy-

290 719 416 775 nodi
459 724 625 777 semel
656 726 675 755 ²
700 734 819 778 aeta
860 726 1040 795 regula
1072 739 1461 798 consequenter
1500 732 1643 786 elisi.
1674 734 1871 799 Quem-

290 808 579 865 admodum
606 826 734 882 ergo
765 831 867 869 non
898 816 1176 873 evidenter
1198 830 1417 888 apparet
1445 822 1605 877 etiam
1648 834 1870 881 cunctos

281 897 444 952 simili
479 908 662 956 tenore
690 906 1000 975 constringi,
1031 920 1082 963 et
1106 908 1194 978 qui
1224 924 1409 965 eorum
1442 917 1866 970 communicato-

281 1001 369 1042 res
399 999 456 1043 et
478 993 768 1059 compliees
799 998 1139 1064 exstiterunt,
1179 1008 1341 1067 atque
1374 1018 1560 1057 omnes
1589 1003 1808 1060 omnino
1833 1020 1864 1061 a

281 1078 543 1135 catholica
580 1090 739 1152 atque
782 1088 1077 1154 apostolica
1124 1091 1314 1145 merito
1343 1095 1719 1150 communione
1755 1096 1864 1153 dis-

276 1170 426 1224 cerni
457 1188 470 1222 :
503 1170 626 1227 hinc
647 1175 901 1229 Acacium
938 1193 1149 1248 quoque
1178 1180 1303 1249 jure
1332 1183 1558 1238 dicimus
1601 1201 1630 1240 ι
1674 1197 1860 1244 nostro

274 1261 551 1315 consortio
574 1262 1019 1332 submovendum,
1049 1271 1138 1336 qui
1164 1272 1348 1326 maluit
1372 1272 1425 1328 in
1453 1286 1653 1331 sortem
1686 1287 1859 1334 trans-

274 1348 358 1401 ire
398 1350 664 1417 perfidia,
720 1369 876 1424 quam
921 1358 972 1410 in
1020 1360 1299 1417 catholicae
1352 1372 1511 1434 atque
1549 1371 1858 1435 apostolicae

271 1441 667 1497 communionis
703 1446 1009 1503 sinceritate
1052 1462 1323 1521 constare,
1363 1455 1384 1486 ³
1414 1459 1670 1513 cumfere
1699 1469 1724 1497 ι
1758 1477 1856 1531 per

271 1532 582 1599 triennium,
617 1550 686 1589 ne
718 1537 770 1591 in
804 1538 853 1591 id
880 1541 1109 1605 veniret.
1149 1546 1457 1613 apostolica:
1487 1550 1631 1605 sedis
1656 1555 1853 1620 episto-

268 1619 334 1674 lis
363 1623 619 1677 doceatur
649 1638 1016 1696 competenter
1054 1633 1369 1692 instructus.
1408 1638 1694 1710 Postquam
1724 1660 1852 1700 vero

266 1714 661 1769 communionis
687 1728 769 1771 est
799 1720 967 1773 factus
994 1722 1204 1790 alienas,
1235 1742 1339 1781 non
1373 1733 1542 1795 potuit
1578 1734 1679 1788 nisi
1706 1750 1733 1787 a
1760 1752 1851 1791 ca-

265 1798 480 1853 tbolietc
502 1812 555 1855 et
584 1806 889 1872 apostolica:
913 1825 1033 1864 mox
1060 1816 1315 1871 societate
1344 1816 1367 1848 ‘
1396 1823 1634 1889 praecidi,
1662 1840 1731 1879 ne
1753 1841 1848 1895 per

262 1902 411 1956 eum,
435 1891 477 1941 si
511 1892 595 1946 vel
622 1896 891 1961 paululum
938 1914 1293 1969 cessaremus,
1338 1924 1437 1963 nos
1466 1926 1679 1982 quoque
1703 1918 1850 1971 vide-

262 1992 446 2033 remur
475 1982 703 2038 subiisse
723 1989 965 2055 contagia
1009 1992 1357 2060 perfidorum.
1393 1999 1498 2055 Sed
1544 2018 1729 2059 revera
1763 2010 1847 2063 vel

262 2068 355 2123 tali
384 2074 658 2138 perculsus
691 2089 846 2142 pmua
887 2082 1127 2149 resipuit,
1154 2090 1548 2146 correctionem
1580 2099 1844 2163 promisit,

259 2163 565 2215 emendavit
592 2170 869 2222 errorem?
897 2181 986 2224 aut
1020 2172 1107 2229 ille
1127 2184 1381 2237 tractatus
1406 2183 1577 2241 lenius
1606 2189 1846 2245 voluerat

182 2294 183 2297 η
257 2252 356 2324 [αι.
404 2256 663 2330 valuerat]
694 2267 950 2330 coerceri,
989 2268 1079 2335 qui
1110 2270 1270 2325 etiam
1302 2274 1525 2331 verbera
1558 2280 1689 2334 dura
1736 2298 1841 2337 non

256 2346 460 2399 sensit?
485 2348 601 2414 Quo
647 2352 700 2405 in
731 2368 826 2407 sua
863 2358 1082 2425 perfidia
1113 2372 1163 2415 et
1197 2364 1542 2424 damnatione
1578 2376 1840 2431 moriente

254 2430 349 2503 [aL
376 2438 667 2511 manente],
686 2453 788 2496 tam
808 2446 923 2514 ejus
939 2448 990 2502 in
1013 2451 1368 2509 ecclesiastica
1398 2461 1709 2519 recitatione
1732 2454 1836 2521 non

256 2534 432 2591 potest
468 2544 658 2585 nomen
699 2537 916 2604 ascribi,
941 2556 1098 2608 quam
1126 2553 1365 2602 externas
1394 2556 1698 2624 contagium
1729 2572 1833 2621 non

253 2616 412 2671 debet
438 2626 938 2685 communicationis
980 2634 1210 2691 admitti.
1241 2616 1582 2713 Quapropter
1614 2660 1704 2701 aut
1734 2620 1834 2705 do-

251 2720 441 2763 ceatur
469 2713 538 2767 ab
579 2714 827 2773 haeretica
863 2725 1275 2792 participatione
1314 2732 1572 2803 sincerus,
1607 2752 1832 2807 quorum

250 2814 311 2855 se
332 2799 422 2857 ille
450 2809 809 2864 communioni
835 2816 1164 2883 permiscuit,
1197 2830 1285 2873 aut
1315 2836 1437 2877 cum
1477 2828 1677 2883 eisdem
1726 2846 1831 2887 non

248 2902 425 2959 petest
452 2909 556 2950 non
590 2900 795 2966 repelli.
828 2904 882 2957 Si
910 2918 1089 2960 autem
1120 2922 1398 2967 susurrant
1436 2916 1672 2975 Orientis
1715 2924 1832 2992 epi-

246 2982 417 3050 scopi,
452 2987 594 3051 quod
623 2991 687 3042 ad
712 3005 803 3044 eos
828 2994 984 3048 sedes
1012 3002 1301 3065 apostolica
1335 3019 1438 3057 non
1468 3008 1566 3061 ista
1597 3016 1830 3067 conscri-

246 3076 436 3142 pserit,
464 3079 611 3142 quasi
654 3084 735 3135 vel
785 3085 883 3151 ipsi
924 3086 991 3141 de
1035 3091 1343 3159 recipiendo
1388 3097 1621 3165 legitime
1670 3103 1828 3158 Petro

244 3168 429 3221 sedem
466 3175 813 3239 apostolicam
857 3182 967 3233 suis
1024 3182 1216 3238 litteris
1259 3188 1480 3243 fecerint
1516 3196 1821 3261 certiorem,
1855 3177 1899 3237 C

242 3258 324 3311 vel
352 3259 509 3328 hujus
532 3267 855 3333 receptionis
879 3270 1161 3329 incondita:
1188 3290 1292 3330 non
1315 3279 1424 3347 jam
1452 3285 1650 3351 pariter
1675 3303 1824 3342 com-

242 3348 410 3416 plices
438 3355 788 3423 exstitissent,
821 3375 977 3427 quem
1008 3364 1149 3419 sicut
1175 3383 1301 3425 vere
1328 3387 1433 3426 non
1476 3389 1697 3443 possunt
1730 3383 1825 3435 do-

242 3452 370 3494 cere
399 3441 466 3494 ab
494 3444 745 3500 haeretica
786 3452 1044 3517 pravitate
1090 3457 1254 3513 fuisse
1295 3441 1596 3532 purgat—um,
1650 3470 1717 3524 ita
1764 3487 1824 3528 se

240 3530 614 3587 haereticorum
647 3540 949 3595 nullatenus
965 3554 1216 3613 poterunt
1238 3566 1498 3609 excusare
1520 3572 1818 3618 consortes.

237 3619 259 3649 ⁵
286 3622 440 3686 Quod
475 3624 518 3678 si
552 3625 793 3683 fortassis
823 3639 1170 3705 astruxerint,
1201 3647 1343 3710 quod
1377 3646 1441 3698 ad
1473 3652 1819 3717 apostolicam

235 3714 420 3768 sedem
449 3716 515 3770 de
543 3724 885 3789 susceptione
917 3726 1057 3782 Petri
1091 3747 1186 3800 per
1212 3737 1466 3791 Acacium
1494 3746 1665 3796 cuncti
1700 3760 1821 3798 con-

234 3818 368 3859 sona
401 3806 421 3835 '
449 3824 579 3864 voce
622 3816 923 3881 retulerint,
974 3835 1068 3889 per
1096 3827 1341 3882 eumdem
1382 3831 1597 3887 sibirnet
1630 3849 1819 3891 omnes

232 3897 350 3965 pari
375 3912 506 3954 voce
540 3906 779 3959 sentiunt
811 3908 973 3964 fuisse
1003 3916 1343 3983 rescriptum.
1377 3922 1699 3988 Apostolica:
1724 3926 1812 3998 [αΙ.

230 3989 351 4042 vice
374 3991 635 4059 primatus
658 3997 800 4049 sedis
822 4003 1151 4075 apostolicae]
1180 4022 1307 4061 vero
1337 4012 1480 4064 sedis
1502 4018 1813 4087 auctoritas,

229 4080 370 4147 quod
401 4086 607 4139 cunctis
639 4091 844 4143 saeculis
870 4090 1189 4151 Christianis
1221 4098 1476 4155 Et-clesite
1510 4108 1722 4173 prtelata
1747 4110 1818 4164 sit

229 4171 516 4237 universa,
554 4184 609 4229 et
644 4191 907 4234 canonum
956 4186 1094 4238 serie
1135 4197 1499 4259 paternorum,
1542 4206 1595 4250 et
1637 4202 1816 4254 multi-

228 4261 354 4328 plici
394 4264 683 4320 traditione
715 4268 977 4327 firmatur.
1015 4277 1118 4330 Sed
1152 4282 1233 4334 vel
1270 4282 1413 4348 hinc,
1450 4286 1469 4317 "
1500 4296 1675 4344 utrum
1710 4294 1809 4348 sibi

225 4350 507 4419 quisquam
537 4366 721 4410 contra
752 4359 982 4417 Nicaente
1009 4369 1195 4435 synodi
1225 4374 1513 4431 constituta
1540 4381 1808 4450 quippiam

223 4442 401 4496 valeat
434 4459 715 4515 usurpare,
756 4453 980 4524 collegio
1021 4470 1195 4525 potest
1230 4465 1386 4518 unius
1415 4475 1809 4531 communionis

223 4532 459 4601 ostendi,
505 4550 611 4589 non
662 4544 931 4597 mentibus
974 4558 1217 4604 externa:
1260 4558 1534 4612 societatis
1586 4566 1805 4629 aperiri.
1837 4525 1887 4586 υ

222 4620 379 4685 Apud
408 4623 523 4677 illos
555 4626 599 4679 si
626 4630 745 4696 quis
772 4634 1007 4699 confidit,
1044 4641 1352 4707 egrediatur
1387 4649 1439 4701 in
1472 4620 1727 4723 medium,
1754 4667 1808 4710 et

220 4714 570 4778 apostolicam
596 4720 779 4773 sedem
810 4725 877 4777 de
904 4734 1126 4796 utraque
1166 4744 1317 4800 parte
1351 4741 1592 4795 revincat
1621 4754 1673 4799 et
1710 4714 1807 4800 in-

218 4810 413 4856 struat.
438 4804 680 4861 ToIlatur
711 4826 839 4878 ergo
872 4830 1064 4872 nomen
1094 4835 1126 4875 θ
1156 4823 1352 4891 medio,
1380 4833 1521 4898 quod
1552 4837 1805 4892 ecclesia-

217 4906 338 4944 rum
375 4893 751 4955 diseretionem
803 4908 984 4971 procul
1040 4925 1069 4963 a
1118 4914 1381 4973 catholica
1424 4930 1805 4987 communione

215 4993 493 5052 operatur,
524 4997 579 5042 ut
600 4991 811 5047 sincera
841 5012 939 5063 pax
971 5000 1092 5056 fidei
1127 5012 1628 5085 communionisque
1652 5035 1804 5091 repa-

213 5082 366 5128 retur
386 5084 441 5131 et
460 5078 667 5136 unitas:
691 5092 745 5137 et
768 5097 892 5141 tunc
914 5090 1032 5160 quis
1054 5106 1296 5154 nostrum
1319 5116 1507 5159 contra
1534 5078 1801 5167 veneran-

286 5215 318 5261 ά
346 5223 511 5315 Bittius
536 5232 748 5315 triennii
779 5237 1001 5315 initium
1022 5244 1362 5306 referendum
1392 5263 1475 5309 est
1505 5259 1568 5311 ad
1604 5260 1668 5312 I5
1699 5277 1790 5315 an-

210 5308 342 5349 num
379 5295 660 5368 Simplicii,
698 5320 804 5373 quo
1393 5295 1791 5396 "Quiritis;th

285 5427 307 5521 '-
615 5430 928 5507 Timotheur,
951 5441 1156 5514 Petrus,
1179 5459 1333 5521 atque
1349 5455 1482 5511 alter
1507 5460 1787 5516 Antioche-

208 5510 307 5548 mu
333 5495 533 5554 Petrus.

280 5566 301 5655 ς
330 5565 916 5655 I‘dcodzLo‘cttzlegula
937 5595 1295 5655 consequenter
1319 5595 1448 5649 elisi.

278 5632 486 5728 ἴ.
511 5632 939 5728 ἑῚζὴἹὸΟ.
1628 5669 1791 5728 Libe-

209 5708 363 5757 ratus
385 5718 502 5776 cap.
532 5710 618 5767 I8.
648 5708 908 5773 ﬂauoutn.

1983 565 2109 622 tem,
2151 569 2517 626 co:petenter
2562 571 2617 616 et
2662 562 2897 632 legitime
2936 568 3295 637 perquiratur.
3342 570 3409 625 Et
3459 574 3569 629 illic

1976 648 2255 713 apparebit
2294 650 2415 717 quis
2451 651 2696 706 modesto
2725 657 3000 722 proposito
3026 657 3295 711 custodiat
3335 658 3560 719 fortnam

1977 737 2427 809 traditionemque
2452 742 2709 811 majorum
2732 784 2749 809 ,
2783 747 2900 815 quis
2928 763 3088 817 supra
3121 750 3234 805 haec
3258 751 3561 811 irreveren-

1975 833 2055 880 ter
2081 828 2343 895 insiliens,
2382 832 2565 900 rapina
2596 835 2854 904 a-qnaletn
2890 853 3048 907 posse
3089 841 3202 895 fleri
3245 844 3559 905 arbitretur.

1970 916 2121 982 Quod
2150 920 2193 973 si
2222 919 2352 974 mibi
2379 923 2555 991 populi
2576 924 3155 995 Constantinopolitani
3186 948 3415 1001 persona
3435 952 3561 1005 pro-

1969 1009 2204 1075 ponitur,
2243 1024 2341 1079 per
2370 1027 2527 1081 quam
2571 1015 2780 1070 dicatur
2832 1031 3027 1073 nomen
3072 1023 3333 1089 scandali,
3384 1026 3436 1080 id
3476 1038 3559 1085 est

1965 1100 2172 1168 Acacii,
2204 1117 2312 1157 non
2345 1119 2504 1173 posse
2527 1110 2826 1175 removeri;
2858 1120 3027 1177 taceo,
3060 1115 3182 1182 quia
3206 1126 3261 1172 et
3300 1117 3557 1178 ba'retico

1961 1194 2232 1263 quondam
2263 1196 2577 1253 Macedonio
2608 1201 2781 1270 pulso,
2808 1214 2863 1257 et
2890 1206 3137 1262 Nestorio
3160 1224 3334 1279 nuper
3356 1213 3549 1281 ejecto,

1960 1285 2113 1354 plebs
2140 1284 2738 1359 Constantinopolitana
2766 1298 3028 1353 catholica
3060 1290 3377 1370 permanere
3405 1308 3554 1362 dele-

1958 1378 2091 1447 gerit
2124 1380 2297 1447 potius
2332 1395 2491 1450 quam
2539 1384 2801 1453 majorum
2844 1393 3128 1455 prazsulum
3168 1392 3548 1453 damnatorum

1957 1468 2241 1523 affectione
2267 1472 2510 1526 retineri.
2542 1473 2739 1539 Taceo,
2769 1477 2910 1543 quod
2950 1480 3039 1548 qui
3085 1480 3153 1535 ab
3182 1483 3383 1539 eisdem
3416 1488 3548 1555 ipsis

1954 1559 2221 1615 damnatis
2243 1564 2578 1629 praesulibus,
2609 1564 2855 1635 baptizati
2885 1568 3117 1636 fuerant,
3142 1573 3195 1628 in
3225 1576 3330 1631 fide
3356 1582 3546 1635 catho-

1954 1649 2053 1703 lica
2085 1662 2382 1715 manentes,
2416 1656 2556 1708 nulla
2585 1656 2692 1710 sint
2713 1661 3073 1728 exagitatione
3104 1666 3318 1719 turbati.
3346 1668 3541 1736 Taceo,

1954 1740 2095 1808 quod
2150 1758 2246 1811 pro
2287 1744 2448 1800 rebus
2499 1746 2721 1802 ludicris
2761 1752 3044 1820 papulares
3096 1758 3353 1812 tunmltus
3400 1776 3544 1815 nunc

1880 1818 1924 1876 B
1952 1831 2113 1885 etiam
2132 1845 2323 1888 νοείτω
2342 1837 2553 1903 pietatis
2574 1843 2864 1897 auctoritas
2891 1845 3203 1914 refrenarit;
3232 1860 3391 1918 atque
3416 1854 3543 1909 ideo

1954 1924 2120 1977 multo
2149 1926 2315 1995 magis
2345 1942 2439 1995 pro
2469 1930 2639 1985 salute
2667 1934 2963 1990 animarum
2989 1954 3205 1995 suarum
3229 1949 3539 2001 necessario

1950 2015 2103 2070 vobis
2130 2017 2736 2088 Constantitmpolitanze
2776 2026 3006 2082 civitatis
3035 2030 3371 2101 obtemperat
3403 2041 3538 2091 ntul-

1951 2104 2141 2170 titudo,
2175 2108 2217 2161 si
2250 2123 2366 2163 eam
2394 2112 2459 2163 ad
2483 2113 2798 2169 catholicam
2832 2129 2887 2173 et
2911 2123 3260 2189 apostolicam
3293 2140 3537 2182 commu-

1948 2196 2163 2253 nionem
2192 2213 2285 2254 vos
2324 2205 2592 2272 principes
2631 2209 2919 2265 reducatis.
2964 2213 3194 2279 Etenim,
3247 2220 3536 2288 imperator

1945 2290 2200 2357 Auguste,
2235 2294 2279 2345 si
2309 2305 2493 2349 contra
2529 2299 2671 2367 leges
2695 2302 2930 2369 publicas
2962 2307 3159 2372 aliquid
3185 2311 3346 2379 (quod
3372 2315 3533 2385 absit)

1943 2382 2207 2449 quispiam
2240 2383 2467 2442 fortasse
2499 2400 2746 2456 tentaret,
2791 2397 2933 2449 nulla
2966 2400 3071 2465 pati
3109 2401 3159 2454 id
3202 2406 3407 2459 ratione
3436 2423 3533 2475 po-

1944 2472 2137 2526 tuisses
2163 2491 2177 2527 :
2204 2476 2269 2528 ad
2308 2476 2611 2535 Divinitatis
2643 2498 2828 2551 puram
2867 2488 3241 2559 sinceramque
3280 2496 3531 2551 devotio-

1940 2576 2084 2623 nem,
2116 2574 2172 2617 ut
2193 2565 2284 2619 tibi
2318 2568 2470 2634 plebs
2493 2570 2701 2625 subdita
2735 2576 3023 2645 redigatur,
3059 2583 3403 2639 conscientiae
3427 2598 3530 2642 tute

1940 2668 2047 2707 non
2074 2665 2229 2724 putas
2258 2660 2560 2717 interesse?
2586 2664 2882 2734 Postremo,
2916 2671 2962 2725 si
2994 2674 3148 2727 unius
3175 2674 3402 2733 civitatis
3436 2695 3528 2748 ρος

1940 2747 2045 2815 puli
2076 2750 2287 2806 animus
2317 2768 2421 2806 non
2470 2764 2685 2824 putatur
2721 2760 2942 2828 oﬂ‘cndi,
2987 2780 3055 2819 ne
3096 2766 3129 2820 d
3156 2768 3271 2821 vina
3305 2770 3395 2840 (ut
3439 2788 3526 2829 res

1937 2842 2193 2910 postulat)
2217 2846 2581 2915 corrigantur:
2616 2863 2819 2920 quanto
2843 2856 3029 2926 magis,
3052 2874 3120 2914 ne
3150 2860 3328 2917 divina
3351 2864 3525 2920 oden-

1934 2931 2149 2997 dantur,
2182 2936 2430 2993 catholici
2477 2942 2707 2997 nominis
2738 2946 3002 3002 universis
3044 2951 3181 3017 piam
3224 2952 3383 3008 fidem
3426 2973 3523 3013 nec

1936 3022 2131 3079 laedere
2171 3027 2426 3084 debemus
2466 3035 2705 3099 omnino,
2741 3051 2840 3090 nec
2886 3043 3206 3105 possumus?
3247 3046 3310 3099 Et
3342 3055 3522 3103 tamen

1934 3114 2092 3169 iidem
2128 3128 2306 3173 nostra
2330 3138 2387 3174 se.
2420 3136 2642 3190 poscunt
2674 3128 2946 3184 voluntate
2968 3133 3169 3187 sanari.
3202 3136 3523 3204 Competeu-

1935 3206 2073 3260 tibus
2101 3224 2227 3277 ergo
2256 3212 2435 3267 sinant
2464 3218 2639 3271 curari
2678 3231 2735 3272 se
2786 3235 2943 3287 posse
2981 3224 3231 3278 remediis
3267 3244 3279 3277 :
3319 3229 3520 3298 alioqui

1931 3299 2091 3365 (quod
2129 3300 2288 3369 absit)
2331 3302 2382 3357 in
2432 3321 2618 3361 eorum
2662 3314 2991 3367 transeundo
3035 3319 3346 3386 perniciem,
3393 3335 3518 3377 cum

1928 3390 2032 3443 illis
2063 3394 2237 3459 perire
2262 3410 2572 3466 possumus,
2622 3401 2769 3468 ipSos
2800 3420 2928 3459 vero
2959 3409 3169 3464 salvare
3196 3427 3301 3465 non
3334 3428 3519 3481 possu-

1926 3495 2065 3535 mus.
2096 3483 2211 3537 Jam
2247 3484 2334 3539 Itic
2368 3487 2493 3555 quid
2526 3490 2593 3542 sit
2622 3492 2789 3562 magis
2816 3500 3168 3566 sequendum,
3211 3504 3310 3556 sub
3332 3505 3516 3557 divino

1920 3572 2122 3640 judicio
2154 3586 2345 3633 vestra:
2370 3584 2719 3639 conscientiae
2751 3587 3068 3659 derelinquo
3096 3611 3107 3645 :
3144 3611 3342 3661 nzrum,
3376 3598 3515 3652 sicut

1924 3677 2021 3717 nos
2048 3675 2315 3734 optamus,
2350 3672 2507 3725 simul
2539 3688 2727 3731 omnes
2764 3688 2965 3733 certam
3007 3684 3289 3739 redeamus
3324 3688 3390 3742 ad
3431 3691 3513 3743 vi-

1925 3763 2061 3819 tam;
2092 3772 2181 3822 an,
2212 3760 2349 3813 sicut
2382 3762 2451 3815 illi
2485 3778 2729 3832 poscunt,
2763 3771 3100 3826 manifestam
3130 3776 3413 3833 tendamus
3445 3780 3511 3833 ad

1921 3861 2027 3898 mot
2044 3858 2170 3901 tem.
2205 3848 2310 3904 Sed
2338 3852 2512 3906 adhuc
2535 3859 2883 3923 apostolicam
2916 3864 3127 3927 sedem,
3158 3865 3257 3919 sibi
3290 3868 3510 3923 medici-

1921 3938 2061 3989 nalia
2092 3950 2486 4007 Suggerentem,
2512 3948 2797 4011 superbam
2824 3966 3016 4005 vocare
3056 3968 3509 4029 arrogantetnqnc

1918 4029 2270 4083 contendunt.
2310 4030 2477 4086 Habet
2520 4034 2621 4090 hoc
2658 4039 2885 4105 qualitas
2921 4056 3065 4110 sa'pe
3115 4045 3505 4115 languentium,

1920 4128 1969 4169 nt
1998 4130 2250 4173 accusent
2289 4123 2456 4192 magis
2483 4126 2721 4182 medicos
2744 4132 2995 4200 congruis
3038 4136 3507 4197 obicrvaliunibus

1915 4208 1980 4261 ad
2013 4210 2245 4265 salubria
2274 4222 2612 4284 revocantes,
2636 4233 2797 4286 quam
2828 4231 2887 4274 ut
2915 4222 3017 4291 ipsi
3048 4239 3172 4279 suos
3203 4231 3393 4283 noxios
3414 4248 3507 4299 ap—

1915 4300 2108 4367 pc1itus
2146 4302 2416 4368 deponere
2444 4305 2528 4358 vel
2572 4308 2862 4376 reprobare
2903 4317 3261 4371 consentiant.
3308 4320 3362 4374 Si
3407 4339 3505 4377 nos

1912 4391 2128 4458 Superbi
2159 4408 2367 4461 sumus,
2394 4396 2414 4426 ⁸
2441 4397 2561 4464 quia
2586 4402 2887 4455 animarum
2917 4406 3149 4461 remedia
3184 4417 3505 4468 emtvenien-

1915 4485 1983 4536 tia
2029 4484 2417 4552 ministramus,
2449 4488 2577 4555 quid
2624 4493 2849 4547 vocandi
2898 4506 3022 4549 sunt
3060 4500 3149 4565 qui
3201 4503 3504 4557 resnltant?

1916 4575 1971 4629 Si
2003 4592 2100 4630 nos
2126 4580 2341 4647 superbi
2364 4594 2571 4643 sumus,
2596 4584 2685 4650 qui
2719 4586 3073 4642 obediendum
3105 4596 3342 4660 paternis
3364 4596 3503 4651 dici-

1915 4683 2032 4721 mus
2062 4667 2349 4733 institutis;
2378 4673 2469 4740 qui
2512 4674 2869 4744 refragantur,
2900 4695 3006 4747 quo
3039 4684 3341 4750 appellandi
3378 4699 3501 4743 sunt

1915 4759 2165 4812 nomine?
2198 4760 2251 4815 Si
2272 4776 2368 4814 nos
2391 4762 2516 4818 elati
2546 4778 2747 4831 sumus,
2772 4768 2861 4835 qui
2884 4770 3120 4826 divinum
3144 4776 3346 4829 cultum
3367 4792 3502 4845 puro

1915 4856 2074 4915 atque
2102 4847 2307 4904 illibato
2329 4850 2572 4920 cupimus
2596 4864 2782 4910 tenore
2815 4858 3049 4925 servari;
3083 4863 3172 4930 qui
3198 4874 3385 4919 contra
3414 4870 3501 4922 Di-

1907 4937 2184 4991 vinitatem
2224 4955 2439 5009 quoque
2478 4944 2740 5009 sentiunt,
2780 4946 2981 5017 dicant,
3015 4953 3246 5020 qualiter
3294 4972 3499 5013 nuncu-

1908 5028 2134 5095 pentur?
2164 5028 2255 5083 Sic
2277 5040 2332 5084 et
2368 5045 2467 5085 nos
2496 5036 2699 5098 caeteri,
2742 5037 2833 5105 qui
2872 5039 2923 5092 in
2955 5054 3139 5096 errore
3179 5058 3325 5112 sunt,
3356 5050 3499 5102 aesti-

1907 5125 2076 5187 mant,
2117 5120 2260 5188 quod
2296 5136 2481 5176 eorum
2526 5139 2633 5179 non
2670 5129 3068 5187 consentiamus
3108 5134 3351 5193 insanias.
3395 5138 3495 5195 Ubi

1898 5275 2049 5392 ἔξιθι
2062 5281 2238 5391 ἔαρι-α
2278 5269 2333 5324 in
2365 5273 2505 5329 notis
2536 5274 2883 5345 epistolarum
2924 5278 3189 5353 Simplicii
3230 5286 3296 5342 15
3320 5294 3374 5345 et
3406 5289 3493 5346 t7.

1944 5352 2027 5391 εν.
2108 5354 2262 5392 ικιυε.

1944 5352 2027 5391 εν.
2062 5352 2262 5393 υικιυε.

1972 5467 1995 5497 ⁵
2021 5470 2176 5523 Anno
2200 5471 2327 5527 484.

1971 5538 2145 5611 ξφα.
2183 5540 2404 5611 Veron.,
2442 5544 2544 5611 Qui
2563 5548 2625 5601 si.

1971 5608 1992 5679 ξ
2024 5607 2077 5679 Id
2118 5610 2265 5679 cod.,
2295 5607 2573 5670 voluntate.

1971 5678 1989 5707 '
2027 5678 2098 5729 Id.
2129 5678 2273 5744 cod.,
2304 5690 2383 5735 oet
2411 5696 2599 5740 utrum.

1970 5747 1991 5776 ⁸
2021 5745 2099 5806 Id.
2125 5750 2268 5819 cod.,
2302 5755 2391 5821 qui
2421 5758 2733 5814 animarum.
