3992 6426
507 439 576 494 ιῖ
1849 437 2077 489 CELASI

2209 436 2349 491 \PAS
2379 434 2406 491 ι
3685 437 3756 497 48

507 565 678 610 tamen
708 555 923 623 spiritus
944 555 1206 621 superbia;
1224 552 1482 606 veraciter
1512 553 1764 604 consistat
1796 561 1843 603 ct
1875 561 2069 618 pugnet
2103 556 2143 610 Α
2178 548 2300 602 XX.
2348 549 2500 616 Quod
2521 548 2573 600 hi
2601 547 2688 616 qui
2707 563 2760 600 se
2782 548 2939 602 sacris
2963 549 3237 618 virginibus
3258 550 3471 611 sociant,
3496 559 3540 602 et
3571 550 3758 620 frudem

509 650 700 702 veritas
730 647 842 716 ipsa
874 647 1066 701 indicat
1090 631 1184 715 [al.
1211 640 1458 713 iudicat].

1077 733 1402 789 EPISTULA
1438 733 1528 787 IX.

955 844 1020 880 sn
1047 819 1318 880 cpiscoms
1356 839 1618 878 ιυωκιιε.

672 918 933 972 Nonnulla
957 917 1291 970 ecclesiastica
1319 916 1549 991 instituta
1575 924 1917 983 exponuntur.

582 1011 595 1040 ¹
631 1007 993 1062 Dilectissimis
1019 1007 1271 1062 fratribus
1285 1007 1543 1060 universis
1561 1004 1827 1074 episcopis
1860 1021 1951 1074 per
1977 1006 2074 1058 Lu-

507 1101 731 1167 caniam,
761 1107 817 1154 et
845 1099 1058 1154 Brutios
1078 1143 1092 1168 ,
1127 1110 1181 1152 et
1222 1097 1454 1152 Siciliam
1485 1098 1786 1150 constitutis
1810 1097 2075 1152 Gclasius.

789 1205 969 1244 τιτοιι
1000 1204 1345 1244 υεςκετοηυιι
1387 1203 1528 1241 ΡΜδῶ
1567 1202 1792 1241 σκιμη.

506 1279 555 1333 I.
597 1280 673 1336 De
698 1281 981 1335 constitutis
1020 1279 1387 1342 ecclesiasticis,
1434 1294 1526 1347 pro
1568 1278 1874 1348 temporibus
1909 1275 2074 1342 (ιιι.Ιὺ

574 1379 676 1424 tate
697 1370 1048 1425 moderandis.

510 1460 590 1516 Il.
635 1461 702 1516 Ut
728 1462 812 1514 ubi
833 1461 972 1514 nulla
999 1467 1228 1530 perurget
1260 1459 1550 1521 necessitas,
1569 1458 1837 1510 constituta
1863 1454 2075 1508 Patrum

573 1553 816 1608 inviolata
835 1563 1119 1617 strventur;
1142 1552 1215 1604 vel
1245 1567 1356 1603 cum
1388 1550 1640 1619 defuerint
1665 1550 1855 1613 clerici,
1880 1549 1942 1601 de
1971 1565 2077 1600 mo-

551 1647 749 1703 nachis
776 1645 1051 1716 eligantur.

506 1735 529 1787 I
543 1734 620 1790 II.
665 1735 731 1790 Ut
753 1739 793 1790 si
823 1736 909 1806 qui
943 1735 1006 1788 de
1039 1734 1179 1788 laicis
1218 1733 1475 1804 eliguntur
1515 1735 1580 1785 ad
1621 1731 1882 1797 clericum,
1917 1732 2079 1785 multo

574 1827 840 1881 sollicitius
872 1827 926 1879 in
963 1825 1062 1890 his,
1092 1841 1151 1879 ea
1176 1840 1289 1894 quse
1314 1828 1374 1876 de
1401 1823 1660 1877 monachis
1691 1823 1827 1876 dicta
1851 1833 1970 1875 sunt
1999 1821 2079 1873 in-

573 1921 860 1985 quirantur.

503 2008 530 2064 I
548 2008 608 2061 V.
655 2005 720 2061 Ut
748 2005 811 2060 ab
833 2004 1098 2076 episcopis,
1133 2008 1472 2076 prazceptione
1498 2018 1666 2075 papat,
1692 2017 1832 2057 nova:
1860 2001 2081 2054 basilica:

578 2097 892 2152 dedicentur.

513 2189 577 2245 V.
631 2189 698 2246 Ut
733 2189 878 2243 nulla
904 2188 1097 2259 prtedia
1126 2187 1264 2260 [lege
1287 2186 1487 2258 pretia]
1517 2188 1582 2241 de
1617 2185 1935 2253 baptizandis
1965 2199 2085 2236 con-

569 2282 934 2350 signandisque
984 2279 1219 2346 fidelibus
1254 2280 1539 2347 exigantur.
1589 2276 1736 2341 Quod
1779 2277 1823 2328 si
1861 2274 1948 2342 qui
1991 2273 2084 2325 hoe

571 2371 989 2441 perpetrauerint,
1012 2369 1218 2422 honoris
1247 2369 1328 2421 sui
1352 2366 1578 2435 periculo
1606 2367 1959 2438 subjacebunt.

507 2461 606 2516 VI.
651 2460 718 2516 Ut
740 2459 1014 2530 presbyteri
1036 2461 1239 2511 modum
1263 2457 1484 2510 debitum
1503 2469 1714 2519 servent,
1740 2475 1842 2511 non
1864 2459 2083 2512 chrisma

573 2552 862 2619 conficiant,
905 2566 1002 2604 non
1053 2549 1382 2620 consignent;
1429 2563 1518 2601 nec
1569 2561 1817 2617 prasente
1861 2552 2083 2618 quolibet

570 2644 826 2711 episropo,
861 2640 959 2693 nisi
992 2640 1273 2708 jubeantur
1309 2638 1372 2690 ab
1401 2637 1533 2706 ipso,
1574 2640 1651 2692 vel
1692 2655 1860 2702 orare.
1893 2640 1969 2693 vel
2006 2658 2077 2693 se-

573 2736 691 2787 dere
727 2738 1056 2798 prwsumant,
1103 2745 1192 2782 nec
1237 2729 1551 2798 acolythum,
1596 2729 1674 2783 vel
1714 2730 2082 2785 subdiaconum

575 2824 786 2892 faciant.

511 2913 640 2969 VII.
685 2914 932 2970 Similiter
963 2923 1018 2967 ut
1051 2913 1253 2966 diaconi
1287 2928 1576 2965 ntensuram
1623 2913 1886 2984 propriant
1923 2914 2080 2983 juxta

579 3005 788 3057 Patrum
811 3004 1015 3058 decreta
1041 3002 1352 3056 custodiant.

511 3096 680 3152 VIII.
725 3097 872 3162 Quod
911 3097 1114 3148 diaconi
1142 3097 1192 3147 in
1231 3095 1544 3165 presbyterio
1575 3097 1794 3148 residere
1825 3112 1922 3149 non
1968 3112 2082 3162 pos-

575 3194 696 3256 sint,
721 3206 808 3243 nec
841 3190 970 3242 sacri
1003 3189 1230 3258 corporis
1272 3189 1716 3257 prwrogationem,
1754 3189 2082 3257 pra'sentibus

573 3284 752 3336 debent
779 3295 1023 3350 usurpare
1045 3279 1367 3347 presbyteris.

505 3373 607 3426 IX.
653 3373 800 3438 Quod
831 3370 1112 3436 apostolica
1136 3371 1275 3422 sedes
1299 3379 1531 3438 paternos
1553 3385 1768 3422 canones
1801 3369 1884 3438 pio
1910 3371 2076 3422 studio

573 3463 846 3530 devotaque
872 3460 1144 3513 custodiat.

505 3553 578 3610 Χ.
623 3551 689 3606 Ut
737 3561 915 3620 pra'ter
962 3551 1198 3620 paschale
1246 3558 1439 3618 tempus
1482 3559 1526 3601 et
1574 3559 1887 3618 pentecosteu
1935 3565 2078 3603 nemo

577 3645 832 3710 baptizare
863 3653 1156 3710 prmsumat,
1193 3642 1290 3694 nisi
1318 3658 1402 3695 eos
1441 3651 1637 3694 tantum
1672 3659 1796 3710 quos
1830 3645 2080 3713 tegritudo

574 3744 800 3788 extrema
827 3734 1146 3800 compulerit.

503 3823 609 3879 XI.
655 3824 1070 3893 Presbyterorum
1099 3831 1146 3874 et
1185 3823 1512 3875 diaconorum
1547 3824 1889 3877 ordinationes
1931 3827 2079 3878 certis

570 3915 812 3968 celebrari
842 3929 987 3980 posse
1010 3913 1338 3979 temporibus.

504 4002 645 4058 XII.
692 4003 755 4056 Ut
783 4003 1005 4071 prce/ixi:
1031 4002 1204 4053 diebus
1235 4001 1452 4068 virgines
1483 3992 1856 4055 conseci'entur.

505 4095 680 4152 XIII.
725 4095 790 4150 Ut
821 4096 986 4147 vidua:
1016 4110 1115 4146 non
1136 4096 1377 4145 velentur.

504 4189 664 4245 XIV.
709 4188 775 4243 Ut
825 4187 993 4240 nullus
1029 4186 1220 4254 prtesul
1260 4184 1336 4237 vel
1383 4185 1627 4248 ecclesiae,
1679 4185 1756 4237 vel
1791 4186 2084 4238 monasterii

575 4294 788 4344 servum,
834 4285 921 4331 aut
967 4275 1318 4346 originarium,
1375 4274 1655 4327 nolentibus
1707 4277 1948 4339 dominis,
1992 4275 2083 4328 sub

572 4371 774 4424 nomine
813 4368 1047 4436 religioso
1087 4366 1348 4434 defendat.
1388 4365 1594 4418 honoris
1625 4375 1671 4420 et
1719 4369 2082 4421 communionis

577 4459 861 4529 periculurn
898 4460 1152 4512 subiturus
1189 4457 1415 4526 quisquis
1457 4459 1551 4510 hoc
1580 4469 1874 4528 perpetrare
1916 4469 2079 4515 tenta-

576 4562 721 4605 εεηι.

2251 641 2441 692 incesta
2479 638 2821 701 commiscent,
2864 639 3233 693 communicare
3270 654 3371 692 non
3407 640 3623 708 possint,
3661 639 3757 693 nisi

2251 729 2380 793 forte
2403 728 2655 797 publicam
2686 729 3036 795 ptenitentiam
3067 729 3334 799 gesserint.

2179 819 2338 874 XXI.
2382 821 2528 885 Quod
2560 820 2744 888 viduae,
2781 829 2832 874 ut
2864 822 3211 889 supradictum
3250 828 3345 884 ενι,
3377 835 3477 872 non
3509 822 3752 874 t'elenrnr.

2258 909 2320 964 Et
2345 912 2388 964 si
2417 912 2695 981 profession
2726 909 3083 964 con'inentiam
3116 911 3380 980 pr0posito
3422 920 3614 963 mutato
3659 909 3759 963 cnl-

2253 1005 2498 1067 caverint,
2531 1005 2652 1072 ipsis
2676 1019 2769 1071 pro
2796 1019 2848 1056 se
2876 1002 3125 1055 rationem
3150 1002 3251 1055 sint
3272 1002 3389 1053 ideo
3411 999 3504 1069 [al.
3531 1001 3756 1070 domino]

2251 1097 2543 1147 rcdditurtz’.

2181 1185 2375 1239 XXII.
2419 1184 2569 1252 Quod
2610 1185 2828 1239 secunda
2863 1184 3105 1254 conjugia
3141 1184 3471 1238 saecularibus
3521 1199 3621 1236 non
3673 1198 3757 1234 ne-

2251 1289 2454 1348 gentur,
2486 1277 2663 1341 quibus
2696 1287 2862 1328 tanten
2893 1277 2960 1328 ad
2983 1275 3176 1328 clerum
3212 1274 3416 1327 minime
3445 1275 3611 1326 venire
3646 1288 3759 1325 con-

2249 1371 2463 1423 ceditur.

2180 1459 2406 1515 XXIII.
2453 1459 2517 1515 Ut
2548 1461 2594 1514 si
2625 1461 2737 1530 quis
2765 1461 3039 1529 susceperit
3067 1460 3290 1512 ecclesia:
3327 1457 3550 1526 praprite
3587 1457 3756 1508 descr-

2250 1567 2432 1620 torem,
2479 1562 2526 1605 et
2560 1555 2612 1604 in
2639 1554 2864 1620 aliquam
2904 1552 3190 1620 provexerit
3239 1551 3552 1621 dignitatem,
3588 1549 3762 1617 utique

2251 1645 2513 1698 sententia:
2533 1643 2829 1714 subjaceant
2853 1659 3003 1710 quam
3028 1657 3244 1695 cauom
3271 1641 3598 1692 addixerunt.

2179 1735 2393 1789 XXIV.
2441 1735 2586 1798 Quod
2607 1734 2652 1786 si
2682 1735 2766 1802 qui
2792 1749 2854 1786 ea:
2885 1732 3144 1785 monachis
3184 1739 3273 1784 aut
3313 1730 3460 1782 laicis
3505 1729 3762 1794 eliguntur

2254 1829 2323 1879 ed
2351 1826 2560 1885 clerum.
2590 1841 2702 1876 cum
2728 1823 2873 1876 nulla
2901 1825 3036 1893 cogit
3066 1822 3358 1885 necessitas,
3391 1819 3599 1889 antiqua
3620 1819 3674 1871 in
3693 1821 3764 1872 eis

2109 1926 2154 1982 ιι
2253 1920 2496 1972 debentur
2521 1917 2749 1970 instituta
2775 1916 2986 1968 servari.
3020 1914 3168 1980 Quod
3195 1918 3239 1966 si
3265 1912 3540 1979 probentur
3564 1925 3762 1963 sacram

2253 2009 2463 2063 mercati
2485 2023 2589 2061 esse
2619 2008 2778 2073 pretio
2807 2005 3126 2076 dignitatem,
3151 2002 3212 2056 ab
3235 2003 3397 2072 ofﬁcio
3419 2006 3763 2074 deponantur,

2255 2117 2374 2168 nam
2397 2101 2601 2152 dantem
2630 2109 2673 2152 et
2700 2097 3028 2166 accipientem
3055 2095 3284 2152 Simonis
3311 2097 3446 2167 magi
3469 2095 3660 2150 crimen
3688 2092 3765 2146 in-

2256 2191 2423 2244 volvit.

2186 2281 2364 2336 XXV.
2413 2281 2487 2334 De
2528 2282 2688 2336 sacris
2732 2281 2855 2335 locis
2894 2280 3089 2334 naviter
3116 2279 3385 2345 institutis,
3426 2279 3656 2347 quamvis
3683 2294 3766 2331 su-

2254 2375 2424 2443 perius
2452 2373 2642 2428 dictum
2671 2375 2757 2436 sit,
2789 2373 2884 2425 hoc
2904 2387 3037 2424 nunc
3059 2381 3224 2424 tamen
3251 2370 3514 2440 adjicitur,
3551 2379 3603 2421 ut
3625 2369 3766 2421 nulla

2258 2464 2466 2517 basilica
2485 2465 2575 2516 sub
2593 2463 2947 2531 defunctorum
2959 2471 3248 2515 constructa
3267 2461 3469 2515 nomine
3487 2460 3764 2513 dedicetur.

2185 2552 2397 2606 XXVI.
2441 2553 2588 2617 Quod
2615 2554 2759 2623 nefas
2795 2557 2860 2606 sit
2889 2555 3105 2621 feminas
3135 2554 3296 2606 sacris
3329 2553 3573 2605 altaribus
3613 2554 3766 2604 mini-

2254 2652 2437 2706 strare,
2473 2643 2552 2694 vel
2579 2643 2777 2710 aliquid
2805 2657 2869 2696 ex
2906 2642 2984 2696 his
3013 2657 3128 2710 qua:
3160 2643 3382 2696 virorum
3427 2654 3544 2696 sunt
3587 2641 3764 2710 officiis

2258 2737 2500 2803 deputata
2524 2751 2850 2803 prtesumere.
2875 2739 2878 2742 ’

2189 2824 2436 2879 XXVII.
2485 2826 2636 2891 Quod
2678 2827 2731 2878 in
2767 2842 3066 2893 unaquaque
3119 2826 3328 2879 ecclesia
3375 2840 3453 2877 cut
3503 2825 3766 2893 episcopus

2260 2930 2462 2985 prteest,
2493 2931 2597 2971 tant
2622 2920 2684 2972 de
2715 2919 2997 2972 redditibus
3029 2935 3184 2988 quam
3213 2918 3278 2972 de
3296 2918 3525 2986 ﬁdelium
3548 2917 3766 2970 oblatio-

2253 3010 2398 3062 nibus
2445 3020 2664 3078 quatuor
2704 3009 2914 3062 debeant
2957 3010 3071 3078 ]ieri
3116 3010 3415 3079 portiones:
3457 3017 3511 3059 ut
3554 3023 3658 3061 una
3701 3008 3765 3059 sit

2253 3101 2498 3168 episcopi,
2531 3101 2634 3152 alia
2669 3100 2990 3161 clericorum,
3035 3100 3181 3152 tertia
3233 3114 3539 3167 pauperum,
3584 3107 3765 3166 quarta

2254 3190 2480 3242 ecclesia
2509 3189 2714 3257 fabricis
2739 3188 3044 3260 applicetur.

2104 3287 2149 3348 C
2183 3281 2282 3335 XX
2299 3279 2460 3333 VIII.
2497 3280 2645 3344 Quod
2688 3280 2984 3350 episcopus,
3034 3280 3310 3348 presbyter,
3349 3287 3396 3332 et
3433 3277 3701 3337 diaconus,
3733 3293 3764 3327 a

2247 3387 2544 3441 quocunque
2593 3371 2774 3423 clerico
2825 3371 3066 3422 veraciter
3107 3369 3258 3436 fuerit
3287 3379 3575 3431 accusatus,
3626 3368 3764 3433 quod

2247 3464 2486 3517 adversus
2521 3463 2628 3515 lucc
2671 3462 2940 3514 constituta
2988 3461 3184 3528 fecerit,
3218 3467 3378 3525 potest
3411 3459 3517 3512 sine
3544 3458 3753 3510 dubita-

2251 3556 2386 3608 tione
2414 3553 2644 3622 percelli,
2672 3553 2750 3605 sui
2780 3552 2932 3605 etiam
2954 3551 3158 3604 honoris
3189 3551 3474 3620 periculum
3496 3553 3762 3620 episcopus

2250 3647 2528 3710 subiturus,
2557 3646 2601 3698 si
2628 3645 2736 3699 Itwc
2761 3646 2932 3698 omnia
2958 3645 3179 3698 ecclesia:
3211 3644 3463 3696 noscenda
3495 3645 3727 3695 tacuerit.

2252 3739 2272 3770 ’
2307 3737 2483 3792 Csrur
2521 3752 2741 3790 pntuuu.
2776 3765 2846 3777 -—
2868 3735 3176 3789 Necessaria
3217 3750 3393 3789 rerum
3429 3735 3449 3765 ³
3485 3734 3764 3802 dispensa-

2182 3830 2325 3886 tione
2349 3829 2424 3901 [al
2450 3829 2809 3898 disputatione
2830 3824 3292 3896 veldispositione]
3323 3827 3761 3891 conetringimur,

2183 3931 2237 3975 et
2262 3921 2569 3989 apostolica:
2596 3921 2739 3974 sedis
2766 3919 3129 3974 moderamine
3156 3919 3534 3985 convenimur;
3564 3920 3642 3974 sic
3666 3934 3760 3972 ca-

2189 4023 2389 4061 nonum
2425 4019 2763 4075 paternorum
2800 4010 3013 4063 decreta
3047 4009 3259 4074 librare,
3295 4019 3349 4062 et
3378 4018 3523 4062 retro
3561 4024 3762 4072 praesu-

2189 4097 2296 4150 lum
2319 4097 2768 4165 decessorumque
2810 4109 3113 4151 nostrorum
3147 4106 3409 4166 praecepta
3462 4099 3660 4160 metiri.
3707 4108 3762 4152 ut

2187 4204 2305 4257 quae
2337 4189 2676 4257 praesentium
2726 4190 3015 4243 necessitas
3059 4197 3356 4258 temporum
3395 4188 3762 4244 restauraudis

2189 4278 2444 4333 Ecclesiis
2466 4279 2756 4333 relaxanda
2788 4278 3048 4347 deposcit,
3074 4280 3308 4334 adhibita
3331 4280 3760 4336 consideraticne

2183 4368 2441 4439 diligenti,
2470 4379 2723 4440 quantum
2747 4378 2923 4440 potest
2948 4371 3084 4438 ﬁeri,
3109 4383 3496 4440 temperemus;
3529 4387 3636 4442 quo
3660 4387 3762 4428 nec

2183 4460 2235 4514 in
2268 4469 2437 4514 totum
2461 4459 2685 4514 formam
2719 4471 2957 4514 veterum
2997 4461 3277 4516 videamur
3312 4464 3574 4517 excedere
3604 4478 3762 4532 regis-

2184 4549 2377 4615 larum,
2401 4559 2454 4604 et
2477 4550 2791 4616 reparandis
2821 4550 3020 4604 militiae
3042 4551 3309 4607 clericalis
3335 4553 3526 4607 olticiis
3554 4551 3760 4624 [supple

500 4642 625 4697 XV.
673 4641 741 4696 Ut
762 4635 1087 4694 clericittulla
1103 4638 1299 4709 negotia
1324 4637 1606 4702 inhonesta,
1632 4656 1719 4694 nec
1747 4641 1914 4711 turpia
1936 4640 2077 4695 lucra
2110 4641 2160 4700 D
2185 4641 2546 4713 consulamus]
2569 4657 2686 4709 qua:
2712 4657 2807 4710 per
2841 4643 3081 4698 diversas
3109 4644 3274 4699 Italiae
3307 4651 3486 4713 partes
3528 4646 3599 4699 ita
3632 4646 3758 4700 belli

574 4744 849 4786 sectentur.

499 4824 549 4878 X
565 4823 637 4876 Vl
648 4862 662 4876 .
707 4823 772 4878 Ut
796 4839 939 4877 nemo
965 4822 1158 4876 litteras
1179 4839 1421 4889 nesciens,
1447 4821 1522 4877 vel
1551 4824 1720 4893 aliqua
1740 4835 1880 4893 parte
1900 4841 2079 4897 corpo-

569 4918 642 4970 ris
672 4920 912 4982 minutus,
933 4916 1234 4984 provehatur
1252 4917 1320 4969 ad
1347 4918 1560 4970 clcrum.

504 5008 548 5062 X
568 5008 695 5063 VII.
745 5010 822 5063 De
842 5012 918 5064 his
939 5012 1021 5078 qui
1044 5011 1234 5077 seipsos
1263 5010 1581 5063 abscindunt.

504 5100 730 5156 XVIII.
774 5101 922 5168 Quod
962 5101 1029 5154 ad
1066 5101 1255 5154 clerum
1284 5100 1543 5153 criminosi
1578 5109 1825 5169 nequeant
1870 5117 2074 5170 promo-

571 5192 695 5255 veri,
717 5201 763 5243 et
791 5192 844 5244 in
869 5191 1002 5244 clero
1031 5189 1204 5258 positi,
1233 5190 1276 5241 si
1303 5190 1356 5241 in
1387 5189 1641 5256 aliquibus
1671 5192 1858 5260 fuerint
1887 5190 2072 5246 inventi

570 5283 798 5354 ﬂagitiis,
825 5297 856 5333 a
883 5282 984 5335 suis
1016 5280 1185 5350 ofﬁciis
1213 5285 1506 5332 arceantur.

499 5371 658 5425 XIX.
701 5371 849 5435 Quod
870 5371 1108 5423 dwr‘nonis
1136 5370 1351 5438 aliisque
1377 5369 1694 5438 passionibus
1724 5371 1932 5425 irretitis
1973 5373 2068 5424 mi.

570 5461 780 5514 nisteria
806 5475 953 5513 sacra
984 5469 1198 5512 tractare
1225 5475 1327 5512 non
1355 5460 1527 5514 liceat.

574 5615 589 5644 ³
619 5612 672 5665 In
705 5613 1058 5666 vetustissimo
1081 5611 1301 5667 Lucensi
1329 5612 1447 5668 cod.
1482 5627 1630 5668 num.
1660 5613 1767 5669 690
1796 5615 1895 5669 iste
1924 5616 2054 5669 titu-

504 5683 583 5762 Ius~
611 5684 683 5733 sit:
704 5694 1006 5736 enuntiatur
1032 5701 1043 5734 :
1067 5679 1580 5762 Gelasiusoepiscopus
1603 5685 1846 5738 universis
1865 5687 2061 5746 episco-

500 5754 578 5821 pis
616 5768 702 5817 per
741 5767 1141 5821 unamquamque
1176 5754 1484 5822 provinciam
1523 5755 1823 5808 constitutis.
1873 5755 2056 5808 Msast.

568 5822 589 5853 ³
619 5819 820 5875 Citatur
841 5832 894 5876 et
919 5835 948 5874 tt
977 5823 1195 5877 Nicolao
1229 5837 1360 5894 papa
1393 5827 1443 5875 in
1468 5827 1628 5891 epist.
1657 5827 1690 5875 8
1717 5825 1781 5878 ad
1824 5824 2056 5880 Michae-

2181 4732 2442 4803 Iamisque
2462 4733 2482 4764 ⁸
2507 4734 2833 4803 consumpsit
2861 4734 3114 4803 incursio,
3145 4744 3200 4789 ut
3231 4735 3283 4788 in
3306 4735 3487 4789 multis
3515 4735 3758 4790 ecclesiis

2182 4824 2346 4892 (sicut
2373 4824 2551 4880 fratris
2574 4802 2628 4879 ct
2652 4802 2954 4894 coepiscopi
2986 4802 3155 4881 nostri
3183 4825 3402 4882 Joannis
3435 4827 3757 4882 Ravennatis

2183 4914 2439 4970 Ecclesia:
2460 4916 2773 4980 sacerdotis,
2801 4915 3062 4985 frequenti
3091 4916 3354 4972 relatione
3371 4915 3754 4989 comperimus)

2183 5021 2563 5076 usquequaque
2591 5007 2870 5062 deﬁciente
2889 5010 3106 5063 servitio
3137 5008 3497 5064 ministrorum
3519 5007 3616 5081 [al.
3648 5012 3754 5064 mi-
3805 5071 3810 5075 ,

2178 5097 2542 5168 nisteriornm]
2574 5097 2594 5128 ⁸
2617 5096 2718 5152 nisi
2741 5099 3058 5154 remittendo
3077 5099 3346 5170 paulisper
3373 5093 3752 5156 ecclesiasticis

2177 5191 2596 5260 promotinnibus
2613 5192 2902 5262 antiquitus
2916 5193 3187 5247 intervalla
3205 5191 3425 5261 praeﬁxa
3439 5203 3753 5249 remaneant

2176 5281 2315 5351 (sine
2336 5283 2529 5351 quibus
2557 5283 2936 5338 administrare
2966 5282 3254 5354 nequeant)
3278 5284 3448 5338 sacris
3475 5284 3751 5340 ordinibus

2177 5372 2426 5429 Ecclesia:
2447 5373 2684 5429 funditus
2697 5373 2958 5429 destituta)
2974 5393 2988 5442 ;
3002 5387 3161 5447 atque
3183 5376 3237 5431 in
3253 5377 3640 5446 plurimislocis
3653 5393 3748 5447 per

2175 5463 2404 5532 inopiam
2425 5465 2778 5534 competentis
2796 5467 2994 5531 auxilii,
3013 5468 3244 5524 salutare
3272 5467 3567 5524 subsidium
3599 5468 3744 5525 redi-

2168 5615 2270 5670 lem
2301 5613 2697 5680 imperatorem.
2731 5617 2995 5676 litamus.

2241 5682 2261 5756 ξ
2284 5685 2422 5756 _C_od.
2458 5685 2610 5752 Luc.,
2642 5689 2986 5756 dispositione.

2387 5758 2530 5817 cod.,
2565 5751 2946 5827 consumpserit.

2236 5823 2259 5853 ³
2291 5824 2368 5877 ιιι.
2400 5827 2543 5891 cod.,
2574 5831 2666 5881 nil.
