3994 6408
286 397 357 449 49
1478 377 1832 435 Ef’lSTOLiE
1874 376 1958 432 ET
2000 374 2336 431 DECliETA.
3484 367 3553 421 50

286 507 601 561 tuendarum
628 502 765 558 desit
786 499 1115 554 animarum:
1150 509 1353 564 nosque
1375 506 1565 561 magno
1586 501 1769 555 reatu,
1818 489 1862 543 si
1894 503 1944 560 Α
1974 486 2225 555 rogandis
2260 497 2523 537 canonum
2549 490 2889 548 paternorum
2921 488 3074 533 vetus
3096 477 3261 531 forma
3290 486 3549 531 servetur.

286 610 437 651 tame
475 602 783 649 coarctaute
818 589 1072 661 periculo,
1109 601 1216 641 non
1257 584 1603 653 aliquatenus
1634 584 1651 613 ί
1678 581 1863 635 videa-

286 704 409 741 tnnr
435 685 652 740 innecti.

356 773 490 825 Car.
516 770 575 824 tl.
602 796 674 808 —~
697 766 895 820 Priscis
925 763 1083 832 igitur
1107 777 1200 827 pro
1219 759 1300 814 sui
1324 757 1618 812 reverentia
1651 770 1868 809 manen-

286 863 429 916 tibus
453 861 786 922 constitutis;
820 871 961 924 quae,
992 854 1079 908 ubi
1108 852 1248 905 nulla
1274 851 1358 904 vel
1393 863 1576 904 rerum
1606 848 1692 901 vel
1734 856 1871 901 tern-

285 967 475 1021 porutu
506 956 750 1017 perurget
777 946 1041 1014 angustia,
1071 942 1385 1011 regulariter
1405 938 1660 994 convenit
1686 945 1868 990 custo-

284 1044 426 1106 dire,
452 1051 675 1097 eatenus
715 1036 957 1094 ecclesiis
986 1049 1107 1104 qute
1134 1034 1215 1087 vel
1245 1031 1458 1087 cunctis
1485 1037 1612 1083 sunt
1648 1028 1868 1097 privatzn

288 1130 569 1197 ministris,
582 1129 664 1184 vel
675 1126 1062 1183 sufficientibus
1079 1138 1244 1193 usque
1256 1123 1389 1176 adeo
1402 1120 1696 1189 dispoliatac
1707 1116 1870 1172 servi-

285 1224 398 1287 tiis,
416 1233 470 1275 ut
491 1220 732 1291 plebibus
748 1220 813 1272 ad
836 1232 893 1272 se
908 1217 1293 1286 pertinentibus
1312 1213 1485 1266 divina
1507 1223 1727 1263 munera
1744 1222 1865 1275 sup-

287 1315 440 1382 plere
469 1328 573 1367 non
600 1314 833 1376 valeant,
865 1319 973 1363 tam
1011 1314 1034 1347 ³
1063 1304 1300 1361 intuendi
1332 1319 1489 1373 quam
1520 1299 1867 1370 promovendi

283 1403 550 1460 clericalis
569 1401 814 1470 obsequii
835 1400 915 1454 sic
934 1398 1103 1469 spatia
1121 1393 1481 1466 dispensanda
1498 1392 1863 1449 concedimus.

360 1494 433 1551 Ut
455 1496 500 1547 si
528 1492 649 1563 quis
676 1492 835 1547 etiam
860 1489 927 1545 de
953 1488 1207 1557 reiigioso
1236 1484 1530 1555 proposito,
1560 1490 1615 1536 et
1632 1480 1868 1550 discipli-

285 1582 374 1640 nis
426 1582 893 1639 monasterialibus
947 1578 1215 1642 eruditus,
1266 1575 1333 1630 ad
1387 1567 1642 1631 clericale'
1675 1586 1868 1628 munus

283 1676 532 1741 accedat,
558 1672 823 1743 imprimis
860 1672 977 1740 ejus
1004 1672 1109 1724 vita
1152 1667 1437 1738 praeteritis
1465 1674 1581 1720 acta
1615 1664 1867 1734 tempori-

282 1766 387 1822 bus
411 1767 725 1837 inquiratur.
750 1763 794 1819 si
830 1761 977 1819 nullo
1005 1760 1150 1831 gravi
1183 1759 1420 1814 facinore
1451 1756 1705 1827 probatur
1734 1752 1869 1809 infe-

1970 580 2082 635 Nec
2109 588 2298 632 contra
2338 589 2433 629 eos
2461 574 2564 628 ulla
2597 574 2803 627 ratione
2833 572 3136 641 praevaleat,
3167 567 3306 637 quod
3336 582 3435 634 pro
3460 581 3552 621 ac—

1972 668 2202 724 cidentis
2232 668 2471 721 defectus
2512 664 2754 719 remedio
2780 660 3111 731 providetur,
3146 674 3249 714 non
3297 658 3553 712 adversus

1968 759 2103 814 scita
2132 759 2394 824 majorum
2428 771 2562 808 nova
2608 754 2725 822 lege
2749 752 3065 822 proponitur
3090 769 3103 805 :
3136 750 3345 804 caeteris
3372 748 3549 803 eetle-

1966 852 2061 907 siis
2105 851 2172 905 ab
2211 849 2312 903 hac
2361 847 2644 903 occasione
2671 844 3034 913 cessantibus,
3075 856 3204 912 quas
3238 858 3342 894 non
3389 840 3552 894 simili

1946 926 2121 1001 “clade
2174 947 2427 1003 vastatas,
2480 938 2761 1007 pristinam
2814 934 3073 990 faciendis
3125 919 3553 987 ordinationibus

1967 1033 2220 1087 convenit
2246 1041 2431 1085 tenere
2452 1029 2795 1085 sententiam.
2825 1027 2942 1094 Quo
2971 1025 3141 1095 magis
3171 1026 3269 1078 hac
3298 1030 3555 1091 opportu-

1969 1126 2139 1183 nitate
2181 1123 2517 1187 commoniti,
2550 1120 2946 1176 observantiam
2990 1118 3419 1172 venerandorum
3464 1128 3556 1167 ca-

1969 1229 2169 1268 nonum
2203 1213 2523 1283 propensius
2553 1212 2885 1280 delegamus,
2936 1209 3265 1276 singulorum
3288 1202 3551 1273 graduum

1970 1308 2335 1361 conscientias
2365 1306 2743 1369 admonentes,
2778 1317 2844 1357 ne
2874 1305 2925 1356 in
2965 1300 3557 1367 illicitosproruntpere

1968 1398 2254 1452 moliantur
2275 1411 2555 1452 excessus.

2039 1488 2147 1543 Nec
2176 1490 2256 1542 fas
2273 1502 2391 1543 esse
2416 1487 2652 1542 confidat
2680 1487 2906 1555 quisque
2936 1484 3270 1555 pontificum,
3291 1483 3552 1551 bigamos,

1968 1589 2057 1636 aut
2085 1580 2329 1648 coniugia
2376 1580 2666 1635 st-rtientes
2696 1579 2765 1633 ab
2794 1580 2915 1632 aliis
2945 1576 3222 1641 derelicta,
3257 1576 3370 1629 sive
3395 1588 3557 1643 quos-

1968 1671 2094 1726 libet
2124 1672 2145 1702 ⁸
2173 1669 2547 1740 ptenitentium
2580 1669 2676 1742 [αι.
2706 1678 2826 1739 post
2876 1665 3296 1737 pmnitentiam],
3327 1666 3411 1719 vel
3438 1665 3558 1719 sine

1967 1763 2181 1828 litteris,
2196 1760 2277 1816 vel
2302 1775 2529 1829 corpore
2546 1762 2757 1815 vitiatos
2776 1760 2870 1832 [αι.
2892 1758 3169 1828 minutos],
3183 1758 3268 1813 vel
3286 1755 3557 1811 conditio-

281 1867 425 1919 ctus,
449 1858 491 1910 si
513 1855 803 1911 secundam
835 1869 937 1910 non
970 1851 1408 1908 babuitforlassis
1438 1864 1680 1912 uxorem.
1710 1862 1809 1902 nec
1835 1862 1865 1901 a
1897 1852 1943 1913 Β
1972 1854 2173 1919 narios,
2192 1852 2460 1907 autcuria:
2476 1851 2916 1921 publicarumque
2934 1865 3116 1904 rerum
3136 1848 3358 1902 nexibus
3378 1847 3555 1914 impli-

285 1947 484 2000 maiito
534 1946 773 2001 relictam
847 1942 941 2016 [αι.
1001 1942 1279 2013 rejectam]
1339 1932 1575 1995 sortitus
1624 1937 1863 1993 ostendi-

286 2045 405 2098 tur;
438 2036 481 2088 si
512 2034 877 2099 pmnitentiam
935 2032 1201 2103 publicam
1247 2030 1491 2087 fortassis
1532 2030 1635 2083 non
1677 2028 1861 2097 gessit,

282 2141 386 2179 nec
417 2126 523 2178 ulla
552 2128 792 2193 corporis
824 2135 973 2191 parte
1016 2122 1226 2176 vitiatus
1278 2128 1531 2189 apparet;
1586 2120 1629 2173 si
1679 2118 1861 2173 servili

282 2226 379 2269 aut
406 2215 706 2284 originaria:
737 2229 841 2268 non
864 2223 947 2268 est
972 2212 1268 2267 conditioni
1293 2213 1590 2276 obnoxius;
1633 2211 1678 2265 si
1701 2210 1864 2265 curia:

280 2307 390 2377 jam
421 2305 513 2377 [αι.
538 2305 721 2376 etiam]
741 2306 995 2374 probatur
1030 2306 1254 2360 nexibus
1284 2304 1590 2367 absolutus;
1637 2304 1681 2357 si
1710 2316 1862 2357 asse-

282 2405 441 2449 cutus
488 2404 573 2451 est
618 2396 844 2461 litteras,
877 2396 994 2450 sine
1041 2396 1234 2465 quibus
1265 2394 1351 2448 vix
1386 2392 1627 2447 fortassis
1664 2392 1865 2447 ostiarii

285 2486 459 2555 possit
500 2485 723 2554 implere
751 2486 1103 2540 ministerium
1132 2503 1153 2555 Δε
1185 2494 1241 2538 ut
1270 2484 1313 2538 si
1358 2484 1440 2538 his
1469 2483 1718 2539 omnibus
1747 2497 1867 2551 quae

283 2586 411 2633 sunt
439 2578 689 2646 praedicta
725 2577 965 2640 fulcitur,
1002 2578 1256 2631 continuo
1280 2575 1467 2639 lector,
1492 2574 1575 2628 vel
1605 2574 1863 2637 notarius,

284 2677 375 2721 aut
404 2678 547 2722 certe
570 2667 822 2723 defensor
852 2667 1095 2729 effectus,
1122 2677 1241 2735 post
1281 2674 1392 2720 tres
1430 2680 1643 2720 menses
1671 2663 1868 2717 existat

285 2758 587 2829 acolythus,
629 2757 861 2812 maxime
883 2756 929 2811 si
982 2756 1108 2811 huic
1136 2769 1266 2808 :ctas
1303 2755 1465 2808 etiam
1515 2753 1865 2821 suffragatur;

284 2856 439 2902 sexto
460 2861 643 2901 mense
671 2846 979 2901 subdiaconi
1004 2860 1196 2899 nomen
1220 2844 1472 2912 accipiat;
1521 2858 1585 2897 ac
1607 2843 1651 2897 si
1686 2841 1870 2895 mode.-

286 2948 387 2992 stre
432 2936 860 2992 conversationis
911 2936 1257 3003 honesta'que
1312 2934 1595 2989 voluntatis
1646 2931 1867 2999 existit,

288 3044 431 3081 nono
452 3041 635 3083 mense
656 3027 932 3092 diaconus,
969 3026 1345 3095 completoque
1382 3039 1523 3079 anno
1553 3024 1621 3078 sit
1643 3023 1869 3096 presby-

288 3130 372 3175 ter
394 3137 408 3172 :
427 3120 510 3173 cui
534 3129 729 3182 tamen,
758 3117 897 3187 quod
924 3133 1187 3171 annorum
1222 3117 1503 3170 interstitia
1526 3116 1735 3169 fuerant
1754 3115 1868 3169 col-

1962 1954 2240 2010 catos,aut
2260 1945 2457 2011 passim
2476 1940 2615 1998 nulla
2636 1944 2894 2009 temporis
2917 1940 3263 2010 congruentis
3279 1948 3555 2007 exspecta.

1966 2037 2109 2090 tione
2130 2035 2424 2096 discussos,
2444 2034 2638 2088 divinis
2650 2032 2943 2088 servituros
2959 2030 3229 2101 applicare
3250 2029 3551 2101 mysteriis;

1966 2104 2279 2196 neque'pro
2315 2139 2413 2179 suo
2437 2125 2587 2177 liliitu
2612 2125 2731 2191 jura
2754 2123 3003 2177 studeant
3032 2123 3207 2177 aliena
3239 2125 3551 2188 pervadere,

1965 2218 2165 2284 absque
2193 2216 2337 2271 sedis
2364 2217 2671 2285 apostolica:
2688 2216 2831 2283 justa
2862 2213 3211 2282 dispositione
3243 2214 3549 2267 mandante.

2038 2305 2166 2373 Car.
2194 2306 2283 2359 IV.
2313 2336 2384 2346 —
2411 2307 2662 2359 Basilicas
2695 2306 2905 2358 noviter
2936 2304 3206 2357 institutas
3235 2318 3337 2357 non
3373 2302 3554 2368 petitis

1968 2388 2042 2451 ex
2096 2411 2253 2452 more
2279 2396 2300 2427 ⁸
2331 2395 2805 2464 ρτωεθριίοηὶὺυε,
2836 2394 3087 2449 dedicare
3143 2407 3247 2446 non
3298 2393 3551 2457 audeant,

1968 2505 2067 2545 uec
2109 2489 2349 2543 ambiant
2378 2488 2614 2559 episcopi
2647 2487 2863 2542 sibimet
2908 2486 3183 2542 vindicare
3207 2485 3436 2539 clericos
3458 2498 3555 2553 pu-

1968 2582 2174 2635 testatis
2194 2580 2403 2634 alienae.

2039 2668 2170 2724 CAP.
2204 2668 2273 2724 ν.
2302 2698 2372 2709 -—
2400 2668 2743 2737 Baptizandis
2771 2667 3260 2739 consignandisque
3309 2666 3555 2721 fidelibus

1976 2759 2289 2815 sacerdotes
2335 2760 2503 2828 pretia
2545 2757 2689 2815 nulla
2738 2759 3034 2829 praefigant,
3082 2775 3186 2814 nec
3228 2757 3555 2812 illationibus

1969 2851 2294 2922 quibuslibet
2338 2851 2601 2922 impositis
2627 2852 2899 2921 exagitare
2926 2853 3143 2919 cupiant
3172 2859 3513 2904 renascentes
3540 2866 3552 2901 :

1969 2942 2221 3012 quoniam
2254 2942 2392 3010 quod
2416 2944 2582 3011 gratis
2614 2943 2940 3011 accepimus,
2974 2942 3142 3011 gratis
3172 2940 3301 2994 dare
3326 2937 3547 2994 manda-

1974 3047 2094 3085 mur
2144 3030 2359 3101 (Matth.
2391 3029 2465 3101 x).
2524 3031 2591 3084 Et
2646 3030 2767 3085 ideo
2798 3030 2928 3084 nihil
2956 3045 2983 3083 a
3020 3028 3290 3099 prredictis
3337 3042 3557 3097 prorsus

1973 3122 2187 3190 exigere
2216 3120 2649 3189 moliantur,quo
2670 3121 2753 3175 Vel
2782 3129 3093 3188 paupertate
3116 3129 3342 3189 cogente
3372 3119 3553 3174 detur-

289 3209 497 3276 latura,
546 3212 714 3264 sancti
766 3210 1023 3279 prapositi
1075 3218 1267 3278 sponte
1312 3216 1558 3276 suscepta
1615 3204 1941 3265 doceaturC
1975 3211 2085 3279 riti,
2144 3211 2227 3265 vel
2273 3211 2641 3281 indignatione
2691 3212 2958 3277 revocati,
3017 3211 3406 3279 redemptionis
3439 3224 3552 3263 sua:

288 3300 601 3370 prmstitisse
622 3298 851 3354 devotio.

359 3388 382 3422 ³
418 3389 548 3443 CAP.
588 3389 674 3443 Ill.
704 3419 777 3431 —
801 3389 856 3444 Si
888 3403 1012 3444 vero
1035 3388 1103 3442 de
1130 3389 1279 3444 laicis
1322 3389 1584 3458 quispiam
1615 3389 1869 3444 ecclesia-

261 3479 437 3537 sticis
485 3489 568 3534 est
615 3480 982 3549 aggregandus
1013 3479 1227 3544 officiis,
1278 3490 1426 3533 tanto
1478 3479 1766 3534 sollicitius
1817 3481 1869 3533 in

289 3569 536 3639 singulis,
566 3584 685 3635 qua:
706 3570 953 3638 superius
979 3574 1369 3638 comprehensa
1394 3577 1537 3634 sunt;
1564 3568 1870 3637 hujusmodi

286 3659 440 3713 decet
468 3659 763 3713 examinari
806 3674 1109 3727 personam,
1155 3670 1416 3727 quantum
1476 3658 1621 3713 inter
1648 3660 1871 3711 munda-

287 3764 411 3803 nam
465 3750 873 3818 religiosamque
923 3751 1081 3805 vitam
1105 3759 1316 3805 constat
1358 3764 1478 3805 esse
1507 3750 1868 3803 discriminis:

287 3839 412 3908 quia
448 3840 627 3908 utique
677 3841 1047 3895 convenientia
1098 3840 1343 3896 ecclesia:
1390 3842 1687 3895 ministeria
1717 3855 1873 3909 repa-

287 3929 457 3983 randa
488 3939 631 3993 sunt,
656 3945 760 3984 non
791 3929 1295 3985 inconvenientibus
1326 3930 1529 3986 meritis
1547 3930 1866 3998 ingerenda;

288 4028 545 4089 tantoque
573 4020 762 4090 magis,
790 4022 930 4089 quod
960 4020 1132 4076 sacris
1155 4022 1335 4089 aptum
1367 4022 1534 4089 possit
1554 4035 1675 4075 esse
1702 4022 1870 4075 servi-

288 4113 401 4177 tiis,
460 4114 513 4166 in
567 4127 752 4167 eorum
790 4112 1139 4180 quaerendum
1170 4120 1254 4166 est
1301 4111 1577 4175 institutis,
1610 4122 1868 4179 quantum

289 4202 384 4273 [αι.
421 4201 640 4275 quanto]
670 4204 739 4259 de
764 4212 1006 4273 tempore
1026 4218 1132 4273 quo
1156 4203 1499 4258 fueranthtec
1535 4203 1869 4272 assequenda

285 4293 621 4361 decerpitur:
642 4302 699 4348 ut
725 4309 931 4349 morum
959 4294 1160 4350 habere
1189 4296 1442 4349 doceatur
1471 4295 1572 4350 hoc
1604 4296 1863 4365 probitas,

286 4384 431 4454 quod
464 4384 717 4452 prolixior
744 4385 1076 4441 consuetudo
1104 4399 1213 4439 non
1254 4386 1516 4450 contulit;
1554 4401 1621 4441 ne
1650 4400 1745 4454 per
1776 4400 1868 4441 oc-

288 4476 566 4529 casionem
615 4477 923 4545 supplendas
964 4478 1199 4545 penuria:
1236 4478 1501 4532 clericalis
1532 4481 1657 4531 vitia
1690 4482 1864 4548 potius

1969 3318 2163 3358 causas
2191 3303 2340 3358 adire
2365 3304 2700 3372 despiciant;
2730 3311 2935 3359 certum
2969 3304 3227 3357 habentes
3271 3304 3412 3370 quod
3460 3302 3552 3369 qui

1973 3395 2235 3464 prohibita
2268 3396 2589 3465 deprehensi
2639 3396 2840 3450 fuerint
2866 3396 3170 3458 admisisse,
3196 3397 3279 3450 vel
3302 3393 3554 3450 commis-

1972 3500 2028 3540 sa
2056 3502 2161 3540 non
2181 3486 2357 3554 potius
2374 3501 2467 3539 sua
2487 3494 2679 3555 sponte
2700 3488 3055 3551 correxerint,
3086 3485 3381 3555 periculum
3411 3484 3556 3539 subi-

1975 3579 2078 3630 turi
2109 3577 2305 3644 proprii
2337 3577 2443 3631 sint
2466 3577 2707 3633 honoris.

2044 3668 2171 3723 Car.
2207 3668 2293 3721 \‘l.
2337 3698 2396 3709 -
2426 3668 2533 3723 Nec
2577 3668 2756 3724 minus
2808 3668 2968 3724 etiam
3015 3668 3356 3738 presbyteros
3422 3668 3558 3722 ultra

1976 3763 2192 3814 modum
2236 3776 2391 3813 suum
2437 3762 2659 3815 tendere
2690 3760 3078 3829 prohibemus;
3128 3776 3225 3814 nec
3267 3761 3558 3828 episCOpali

1973 3850 2181 3920 fa'stigio
2206 3852 2380 3905 debita
2410 3851 2623 3905 sibimet
2644 3852 2901 3905 audacter
2921 3866 3199 3905 assumere
3229 3867 3242 3902 :
3277 3866 3384 3903 non
3413 3865 3550 3904 con—

1974 3941 2187 3997 ficiendi
2215 3940 2561 4003 chrismatis,
2611 3955 2717 3994 non
2762 3939 3190 4009 consignationis
3237 3940 3559 4008 pontificalis

1972 4031 2292 4087 adhibenda:
2322 4030 2793 4097 sibimetarripere
2822 4029 3163 4093 facultatem;
3193 4044 3298 4082 non
3324 4044 3559 4097 prmsen-

1971 4132 2024 4177 te
2050 4123 2288 4191 quolibet
2311 4122 2572 4184 antistite.
2600 4121 2703 4176 uisi
2734 4120 2961 4175 fortasse
2982 4121 3291 4190 jubeantur,
3320 4121 3404 4176 vel
3432 4136 3557 4174 ora-

1971 4214 2152 4278 tionis,
2183 4215 2265 4268 vel
2296 4214 2519 4268 actionis
2548 4228 2719 4268 sacrze
2755 4214 3067 4283 supplenda:
3095 4213 3197 4267 sibi
3231 4225 3559 4282 prtesumant

1968 4320 2090 4361 esse
2120 4306 2421 4369 licentiam;
2448 4320 2621 4375 neque
2642 4304 2742 4361 sub
2778 4304 2895 4373 ejus
2921 4313 3161 4373 aspectu,
3204 4306 3303 4358 nisi
3331 4306 3560 4374 jubean-

1954 4386 2076 4460 itur,
2098 4406 2186 4449 aut
2208 4396 2399 4450 sedere
2428 4404 2775 4462 prmsumant,
2804 4403 2896 4448 aut
2920 4397 2940 4428 ⁷
2963 4396 3262 4450 veneranda
3279 4396 3373 4466 [αι.
3399 4412 3560 4450 vene-

1971 4484 2185 4556 rabilia]
2223 4494 2453 4538 tractare
2484 4484 2756 4554 mysteria.
2802 4485 2909 4539 Nec
2930 4486 3032 4539 sibi
3079 4487 3424 4541 meminerint
3452 4488 3559 4539 ulla

288 4564 482 4620 divinis
506 4566 734 4621 cultibus
762 4568 1003 4621 intulisse
1017 4567 1037 4597 ⁸
1044 4568 1370 4635 judicemur,
1386 4584 1491 4621 non
1519 4568 1768 4637 legitimae
1788 4570 1866 4621 fa-

1978 4578 2184 4632 ratione
2211 4578 2455 4641 concedi,
2480 4578 2596 4631 sine
2625 4592 2838 4633 summo
2869 4580 3141 4647 pontifice,
3175 4578 3559 4632 subdiaconum

285 4657 448 4712 milia:
494 4668 868 4727 computemur
898 4673 1213 4728 procurasse
1262 4660 1611 4727 compendia;
1641 4676 1866 4728 quorum

287 4748 711 4816 promotionibus
736 4764 895 4818 super
919 4748 1043 4803 anni
1076 4759 1267 4812 metas,
1310 4764 1403 4803 sex
1436 4763 1650 4804 menses
1677 4748 1865 4803 nihilo-

286 4837 463 4889 minus
491 4837 842 4907 subrogamus
868 4852 882 4891 :
908 4839 1182 4907 quoniam,
1230 4839 1371 4893 sicut
1396 4838 1597 4894 dictum
1632 4850 1736 4904 est,
1785 4840 1867 4894 di-

285 4934 429 4977 stare
454 4930 703 4981 convenit
725 4930 863 4982 inter
889 4944 1194 4998 personam,
1228 4929 1410 4983 divino
1432 4932 1597 4986 cultui
1625 4932 1859 4986 deditam

284 5027 343 5071 et
361 5017 428 5071 de
459 5019 710 5074 laicorum
742 5023 1149 5076 conversatione
1172 5023 1503 5087 venientem;
1533 5038 1652 5092 qum
1686 5034 1861 5079 tamen

284 5116 509 5162 eatenus
537 5110 854 5179 indulgentia
879 5112 1224 5175 credidimus,
1254 5124 1313 5167 ut
1342 5114 1449 5168 illis
1475 5115 1720 5169 ecclesiis
1747 5118 1862 5185 qui-

288 5198 751 5260 busiinfcstatione
772 5202 1032 5257 bellorum
1056 5203 1135 5257 vel
1152 5203 1297 5257 nulla
1322 5205 1551 5271 penitus,
1572 5206 1653 5260 vel
1669 5206 1862 5275 exigua

286 5300 689 5355 remanserunt,
742 5293 1034 5349 ministeria
1078 5306 1425 5361 renoventur,
1472 5306 1732 5366 quatenus
1782 5298 1865 5353 his

286 5376 400 5433 Deo
430 5381 659 5449 prepitio
688 5385 966 5447 restitutis.
996 5386 1047 5439 in
1070 5386 1445 5443 ecclesiasticis
1465 5388 1720 5458 gradibus
1735 5392 1862 5446 sub-

359 5532 378 5563 ί
408 5529 483 5584 Id.
517 5534 660 5599 cod.,
698 5536 1038 5593 consulamus.

362 5602 383 5631 ²
408 5602 477 5653 Id.
512 5604 656 5665 cod..
682 5609 999 5661 instituendi.

362 5668 383 5701 ⁸
411 5672 612 5726 Οιιιοιιιι·
639 5690 667 5747 a
721 5676 937 5731 Nicolau
966 5693 1095 5746 papa
1126 5682 1176 5734 in
1222 5679 1377 5747 epist.
1402 5680 1438 5733 2
1467 5683 1530 5735 ad
1554 5682 1865 5738 Michaelem

285 5742 655 5811 itnp.,tatnctsi
674 5747 913 5815 quaedam
938 5742 1006 5801 ibi
1033 5742 1229 5804 abistis
1244 5742 1575 5821 discrepant.
1602 5756 1864 5810 “annuis.

1971 4679 2063 4721 aut
2094 4667 2496 4737 acolythumjus
2521 4669 2717 4722 habere
2733 4666 2989 4733 faciendi;
3026 4683 3124 4722 nec
3144 4683 3364 4736 prorsus
3385 4669 3557 4722 addu-

1973 4758 2166 4823 bitent,
2185 4759 2228 4812 si
2252 4759 2541 4829 quidquam
2558 4761 2620 4813 ad
2637 4760 2943 4829 episcopale
2961 4760 3317 4814 ministerium
3348 4761 3557 4830 specia-

1969 4852 2091 4905 liter
2123 4853 2396 4918 pertinens
2445 4864 2544 4904 suo
2596 4860 2741 4903 motu
2793 4850 3097 4918 putaverint
3129 4850 3553 4919 exsequendum,

1972 4941 2224 4994 continuo
2272 4956 2332 4995 se
2383 4940 2701 5010 presbyterii
2731 4939 2986 5009 dignitate
3016 4949 3070 4995 ct
3119 4954 3270 4995 sacra
3318 4954 3560 5002 commu-

1971 5033 2131 5086 nione
2178 5032 2395 5101 privari.
2437 5032 2591 5097 Quod
2625 5032 2737 5086 fieri
2766 5044 2986 5086 necesse
3016 5040 3098 5086 est
3145 5045 3479 5096 censeamus,
3514 5032 3557 5085 si

1969 5137 2155 5177 corum
2188 5124 2419 5191 prmsulc
2450 5122 2748 5188 deferente,
2774 5121 3080 5191 hujusmodi
3114 5121 3279 5177 fuerit
3308 5121 3559 5191 praevari-

1969 5216 2109 5267 catio
2141 5214 2237 5287 [αι.
2265 5213 2629 5285 praesumptio]
2675 5213 3046 5283 comprobata,
3094 5229 3194 5270 nec
3225 5215 3345 5284 ipso
3371 5226 3557 5268 eorum

1970 5304 2236 5371 episcopo
2272 5320 2299 5355 a
2326 5305 2480 5372 culpa
2498 5304 2858 5359 c'onniventize
2890 5314 2947 5359 et
2976 5307 3176 5361 ultione
3201 5317 3472 5369 vacaturo,
3513 5303 3557 5356 si

1971 5393 2327 5448 immoderata
2371 5393 2655 5451 facientem
2682 5395 3101 5452 dissimulaverit
3125 5397 3415 5453 vindicare.

2064 5546 2084 5623 ξ
2109 5546 2172 5623 _|n
2199 5546 2321 5623 cod.
2350 5547 2479 5602 Luc.
2512 5549 2661 5604 deest
2684 5555 2997 5623 judicenmr.

2054 5616 2074 5688 έ
2105 5616 2181 5688 id.
2208 5618 2353 5681 cod.,
2379 5630 2489 5688 post
2513 5616 2875 5688 prem'téntiam.

2057 5687 2076 5764 ξ
2104 5686 2243 5764 intra
2266 5686 2386 5764 cap.
2415 5686 2792 5764 G{tispra'ceptn
2818 5694 2952 5749 sedis
2968 5694 3259 5764 apostolica:

2058 5754 2074 5782 '
2109 5756 2240 5809 Cod.
2273 5757 2400 5811 Luc.
2430 5754 2558 5826 ἄυοᾲ
2588 5754 2911 5817 verterabilia.
