3992 6452
452 549 512 602 Μ
1794 538 2020 595 ϐΕΙΛδ]

2126 540 2182 592 ’Δ
2192 539 2300 594 PE
2335 539 2356 597 Ι
3617 548 3685 604 5‘3

517 659 644 713 Car.
671 656 779 714 VII.
809 688 878 697 —
898 655 1157 712 Diaconos
1185 669 1393 726 quoque
1418 655 1687 723 propriam
1732 656 2010 712 Constitui-

2126 657 2209 710 ilia
2255 667 2435 713 tamen
2465 675 2506 713 st
2530 666 2585 712 nt
2613 673 2934 730 magnopere
2971 663 3334 732 praecavenda,
3363 679 3480 733 qum
3524 665 3683 731 recini

448 765 568 826 ntus
621 765 843 805 scrvare
893 763 1211 809 mensuram.
1266 761 1364 801 nec
1418 750 1550 801 ultra
1583 757 1819 802 tenorem
1859 746 2004 817 (Nic.

451 857 538 896 avt
563 842 601 910 t)
631 841 862 908 paternis
886 837 1175 893 canonibus
1205 839 1512 908 deputatum
1536 841 1800 910 quippiam
1833 847 2007 892 tenta-

451 946 510 985 re
543 925 1073 997 permittimus;nihil
1102 943 1282 983 eorum
1321 931 1529 996 penitus
1569 945 1666 982 suo
1707 928 2009 982 ministerio

452 1021 736 1089 applicare,
764 1033 881 1087 quae
911 1019 1093 1087 primis
1115 1019 1389 1073 ordinibus
1415 1020 1885 1086 pr0priedecrevit
1915 1033 2010 1072 an-

451 1111 684 1180 tiquitas.
732 1110 947 1179 Absque
986 1111 1238 1179 episcopo
1271 1112 1356 1166 vel
1394 1110 1703 1178 presbytero
1743 1110 2011 1178 baptizare

448 1216 556 1257 non
602 1202 856 1269 audeant,
885 1203 1007 1270 nisi,
1038 1203 1303 1272 praedictis
1335 1203 1557 1258 fortasse
1579 1201 1770 1255 officiis
1802 1201 2012 1269 longius

448 1294 777 1361 constitutis,
822 1296 1111 1350 necessitas
1146 1306 1382 1349 extrema
1430 1294 1737 1363 compellat.
1778 1293 1928 1359 Quod
1960 1300 2014 1347 et

451 1384 604 1440 laicis
623 1384 938 1439 Christianis
966 1384 1141 1441 facere
1174 1387 1482 1454 plerumque
1507 1387 1834 1441 conceditur.

521 1475 652 1530 Car.
682 1473 814 1529 Vill.
840 1504 911 1517 —
933 1475 1047 1529 Non
1073 1477 1123 1528 in
1149 1475 1474 1544 presbyterio
1498 1475 1753 1534 residere.
1782 1488 1902 1528 cum
1931 1472 2016 1526 di-

451 1567 571 1620 vina
594 1567 947 1630 celebrantur,
975 1568 1056 1620 vel
1080 1567 1472 1620 ecclesiasticus
1510 1565 1736 1618 habetur
1754 1562 1849 1634 [αι.
1877 1565 2020 1617 cele-

454 1656 660 1730 bratur]
685 1659 980 1727 quicunque
1010 1665 1285 1710 tractatus.
1315 1656 1464 1710 Sacri
1494 1655 1732 1722 corporis
1755 1667 2018 1720 prteroga-

454 1748 672 1813 tionem,
704 1747 802 1800 sub
833 1753 1120 1813 conspectu
1147 1745 1410 1814 pontificis
1440 1759 1535 1798 seu
1565 1741 1882 1811 pre~byteri,
1912 1741 2012 1795 nisi

453 1837 536 1892 his
565 1836 898 1900 absentibus,
917 1839 1003 1903 jus
1033 1851 1137 1890 non
1160 1835 1388 1890 habeant
1413 1834 1720 1889 exercendi.

522 1926 655 1982 Cum
698 1927 840 1982 enim
871 1926 1082 1981 decreta
1128 1925 1505 1980 venerabilium
1541 1923 1872 1979 sanctionum
1924 1935 2022 1976 nos

2111 750 2213 802 nisi
2248 749 2527 804 manifesta
2572 750 2967 806 decoloratioue
3010 769 3116 807 non
3145 753 3367 822 possint.
3415 756 3493 809 Ac
3540 757 3584 810 si
3622 771 3682 812 ea

2109 841 2245 909 ipsa,
2304 855 2422 908 qua
2479 840 2621 892 nullo
2662 840 2986 896 detrimento
3040 841 3322 910 aliquoties
3365 842 3684 912 indulgentia

2110 929 2432 994 creduntur,
2470 929 2551 983 vel
2577 945 2754 983 rerum
2787 930 2803 960 ⁸
2830 939 3234 1000 temporumque
3267 930 3408 1000 cogit
3439 931 3681 1002 intuitus,

2110 1021 2196 1076 vel
2223 1019 2538 1074 accelerate:
2557 1019 2875 1086 provisionis
2903 1027 3177 1087 respectus
3205 1031 3424 1076 excusat
3450 1037 3466 1086 ;
3489 1033 3684 1091 quanto

2113 1111 2281 1181 magis
2317 1110 2405 1165 illa
2443 1109 2743 1162 nullatenus
2785 1107 3068 1163 mutilanda
3113 1120 3257 1179 sunt,
3282 1125 3402 1180 quae
3430 1126 3528 1166 nec
3577 1113 3682 1165 ulla

2113 1205 2422 1270 necessitas,
2472 1215 2571 1257 nec
2611 1203 2977 1258 ecclesiastica
3024 1193 3244 1272 prorsus
3274 1211 3556 1272 extorquet
3580 1202 3678 1258 uti-

2115 1297 2235 1352 litas
2259 1299 2276 1352 l

2184 1386 2313 1440 (λιι).
2343 1382 2415 1438 X.
2434 1413 2504 1426 --
2533 1382 2839 1453 Baptizandi
2896 1381 2997 1437 sibi
3029 1384 3307 1453 quisquam
3339 1383 3533 1452 passim
3555 1397 3686 1454 quo-

2116 1491 2328 1543 cunque
2353 1485 2591 1543 lcmpore
2613 1474 2807 1528 nullam
2838 1474 3024 1527 credat
3046 1475 3223 1528 inesse
3249 1473 3519 1540 fiduciam,
3553 1489 3684 1542 prte-

2121 1576 2201 1619 ter
2229 1565 2474 1632 paschale
2505 1563 2696 1618 festum
2726 1573 2779 1617 et
2810 1572 3149 1632 pentecostes
3177 1563 3485 1618 venerabile
3510 1577 3686 1617 sacra-

2118 1663 2378 1717 mentum,
2411 1663 2632 1721 excepto
2675 1655 2932 1708 duntaxat
2970 1651 3268 1721 gravissimi
3318 1653 3585 1722 languoris
3609 1653 3688 1706 iu-

2119 1759 2313 1808 cursu;
2364 1745 2414 1798 in
2465 1759 2569 1812 quo
2612 1743 2903 1798 verendum
2949 1753 3030 1797 est
3061 1758 3162 1810 ne,
3195 1743 3364 1798 morbi
3411 1754 3689 1798 crescente

2122 1834 2381 1905 periculo,
2436 1835 2555 1889 sine
2603 1833 2840 1888 remedio
2886 1833 3104 1889 salutari
3152 1833 3389 1889 fortassis
3425 1844 3688 1903 tegmtans

2122 1929 2293 1984 exitio
2318 1936 2620 1996 praeventus
2648 1926 2920 1981 abscedat.

453 2031 665 2088 quoque
691 2030 1010 2084 magnopere
1036 2015 1300 2069 custodire
1332 2013 1585 2077 nitamur,
1610 2027 1672 2067 ac
1701 2014 1816 2082 sine
1835 2027 2018 2066 eorum
2055 1999 2098 2056 Β
2193 2017 2324 2073 ειν,
2351 2017 2444 2073 XI,
2470 2046 2540 2060 .-
2566 2016 2942 2071 ordinationes
2990 2015 3148 2070 etiam
3183 2015 3615 2086 presbyterorum
3636 2023 3691 2069 et

454 2107 734 2177 dispendio
769 2107 929 2162 etiam
963 2107 1049 2158 ida
1091 2122 1208 2175 qua:
1235 2120 1330 2174 pro
1356 2105 1578 2173 alicujus
1609 2105 1844 2157 utilitatis
1875 2117 2020 2157 com-

458 2201 654 2270 pendio
708 2199 934 2253 furuisse
966 2197 1244 2252 videantur
1265 2196 1511 2262 laxanda,
1551 2197 1854 2252 credamus.

525 2288 658 2344 Car.
687 2288 777 2342 IX.
807 2318 873 2329 —
900 2288 1137 2357 Cumque
1155 2288 1303 2341 nobis
1317 2297 1500 2341 contra
1531 2285 1839 2340 salutarium
1871 2300 2022 2340 reve-

458 2379 682 2433 rentiam
713 2379 1011 2446 regularum
1048 2377 1323 2445 cupiamus
1353 2387 1551 2432 temere
1581 2377 1713 2429 nihil
1747 2378 1927 2440 licere,
1967 2384 2021 2430 et

457 2484 577 2523 cum
605 2469 764 2523 sedes
807 2468 1094 2535 apostolica
1124 2469 1371 2536 superior
1403 2468 1483 2520 his
1505 2468 1774 2532 omnibus,
1814 2466 2023 2522 favente

457 2556 703 2624 Domino,
733 2572 852 2627 qua:
903 2558 1136 2627 paternis
1180 2557 1469 2613 canonibus
1507 2567 1629 2611 sunt
1658 2558 1892 2627 pnrflxa,
1936 2558 2023 2626 pio

458 2649 758 2718 devotaque
783 2649 990 2704 studeat
1013 2659 1195 2705 tenere
1228 2650 1528 2719 pr0posito;
1575 2651 1725 2704 satis.
1746 2648 2020 2718 indignum

457 2749 541 2796 est
583 2755 897 2810 quemquam
948 2741 1027 2794 vel
1067 2740 1395 2807 pontificum,
1426 2740 1508 2793 vel
1549 2739 1794 2794 ordinum
1839 2740 2024 2794 subse-

457 2829 754 2900 quentium,
803 2830 940 2884 hanc
969 2831 1360 2884 observantiam
1389 2829 1640 2894 refutare,
1667 2845 1824 2899 quam
1880 2829 2021 2886 beati

456 2918 597 2977 Petri
627 2919 810 2975 sedem
836 2930 890 2976 et
927 2921 1078 2990 sequi
1118 2921 1292 2976 videat
1319 2934 1370 2975 et
1392 2921 1583 2974 doct-re
1604 2938 1616 2973 :
1640 2922 1874 2989 satisque
1895 2934 2023 2974 con-

455 3012 680 3067 veniens
699 3013 791 3076 sit,
823 3021 878 3067 ut
900 3021 1065 3067 totum
1088 3028 1282 3081 corpus
1314 3013 1636 3066 Ecclesizein
1668 3012 1766 3066 hac
1807 3011 2024 3067 sibimet

457 3101 830 3158 observatione
853 3106 1160 3171 concordet,
1182 3119 1339 3171 quam
1369 3105 1476 3160 illic
1505 3103 1681 3174 vigere
1708 3103 2018 3172 conspiciat,

458 3193 550 3249 ubi
582 3194 834 3249 Dominus
867 3195 1118 3251 Ecclesia:
1144 3197 1304 3250 totius
1333 3196 1510 3264 posuit
1541 3195 1916 3264 principatum,
1942 3195 2024 3250 di-

456 3293 612 3339 cente
633 3283 905 3350 Scriptura
937 3301 950 3338 :
987 3284 1235 3338 Ordinate
1258 3285 1704 3341 inmehcaritolem
1734 3281 1904 3353 (Cant.
1937 3285 2016 3352 tt).

455 3371 522 3426 Et
551 3373 673 3426 item
697 3388 711 3426 :
748 3371 933 3427 Omnia
953 3390 1068 3427 cum
1093 3374 1269 3428 ordine
1299 3375 1424 3440 ﬁant
1445 3373 1493 3443 (Ι
1519 3371 1636 3428 Cor.
1667 3374 1802 3444 xiv).
1851 3377 2022 3442 Atque

459 3463 653 3517 iterum
700 3463 971 3530 psalmista
1027 3463 1355 3533 praedicante
1387 3481 1400 3516 τ
1434 3463 1755 3518 Circumdate
1795 3463 1944 3532 Sion,
1977 3474 2021 3518 et

458 3550 848 3622 complectimini
891 3569 1028 3620 eam,
1085 3564 1293 3608 narrate
1336 3555 1390 3608 in
1417 3557 1637 3609 turribus
1679 3560 1814 3627 ejus.
1838 3554 2023 3611 Ponite

458 3643 615 3696 corda
635 3649 796 3705 vestra
825 3644 876 3695 in
903 3643 1086 3697 virtute
1120 3645 1251 3712 ejus,
1278 3654 1324 3696 et
1352 3645 1643 3698 dislribuite
1670 3648 1861 3717 gradus
1886 3649 2020 3718 ejus,

459 3743 514 3786 at
544 3733 784 3786 enarrett's
807 3732 860 3785 in
883 3734 1146 3802 progenies
1170 3735 1379 3794 alteras.
1410 3737 1648 3804 quoniam
1670 3737 1756 3789 Itic
1767 3745 1839 3790 est
1866 3735 2021 3802 Deus,

457 3821 598 3877 Deus
638 3831 807 3878 noster
846 3824 899 3874 in
939 3831 1212 3888 (sternunt;
1255 3835 1303 3878 et
1342 3825 1450 3893 ipse
1473 3833 1615 3895 reget
1640 3841 1731 3878 nos
1756 3829 1809 3879 in
1836 3827 2024 3879 secula

457 3909 630 3979 (Psal.
660 3911 842 3980 van).
869 3911 964 3964 ilic
985 3911 1168 3980 procul
1202 3913 1385 3979 dubio,
1431 3914 1520 3982 qui
1551 3915 1600 3967 in
1631 3915 2021 3970 ecclesiastica-

458 4015 576 4054 rum
599 4009 850 4053 narratur
876 4000 1153 4054 altitudine
1196 4001 1528 4070 dignitatum,
1569 4011 1624 4058 et
1652 4003 1705 4057 in
1739 4004 1890 4072 cujus
1916 4005 2025 4058 vir-

462 4099 575 4145 tute
595 4089 746 4144 bonis
766 4089 1016 4158 operibus
1045 4089 1207 4144 corda
1224 4091 1465 4158 ponenda
1490 4101 1633 4159 sunt,
1655 4093 1905 4162 gradibus
1923 4095 2024 4147 uti-

459 4193 566 4248 que
587 4178 908 4247 distributis,
940 4181 1147 4234 cunctis
1163 4180 1305 4234 Deus
1331 4190 1512 4237 noster
1531 4190 1587 4236 et
1614 4167 1793 4238 rector
1815 4183 2024 4252 pupulis

461 4269 831 4338 praedicandus
869 4278 952 4324 est
993 4269 1335 4325 christianis:
1364 4272 1450 4326 ubi
1480 4286 1641 4327 nemo
1685 4272 1899 4328 sibimet
1921 4273 2022 4325 ali-

459 4357 584 4426 quid
607 4358 717 4429 jam
743 4358 1013 4414 existimet
1037 4360 1394 4426 imminutum,
1425 4377 1546 4416 cum
1582 4373 1637 4417 et
1673 4361 1743 4417 de
1772 4361 2022 4417 uniuscu-

460 4447 648 4516 jusque
672 4448 869 4516 gradus
893 4448 1218 4517 perfectione
1239 4451 1370 4504 nihil
1385 4450 1612 4520 deperit,
1630 4459 1684 4505 et
1701 4450 2024 4507 convenien-

462 4545 546 4590 ter
575 4536 872 4601 retinendo,
902 4539 1042 4605 quod
1089 4540 1292 4595 cmlestl
1337 4541 1734 4610 dispensatione
1768 4543 2018 4597 collatum

463 4635 565 4690 est,
621 4629 820 4696 pariter
860 4627 1014 4684 nobis
1065 4640 1119 4685 et
1155 4633 1568 4700 cognoscibilem
1607 4633 1770 4688 Deum
1798 4635 1933 4702 fieri,
1961 4643 2015 4690 et

463 4715 646 4772 tribuit
673 4733 793 4773 esse
809 4726 1092 4774 rectorem.
1132 4721 1262 4775 Nam
1294 4730 1349 4776 et
1383 4722 1428 4775 si
1463 4722 1589 4793 quid
1629 4723 1933 4793 indulgetur
1957 4726 2022 4781 de

465 4815 762 4876 temporum
800 4811 1096 4876 quantitate
1124 4811 1362 4866 moribus
1400 4824 1679 4884 aggregata
1711 4817 2022 4872 strenuitate

465 4906 744 4963 pensatur:
769 4900 813 4950 si
835 4899 956 4952 vitae
973 4899 1079 4966 jam
1096 4899 1188 4973 [αι.
1211 4898 1393 4971 etiam]
1419 4905 1686 4972 proposito
1698 4907 2020 4975 continetur,

465 4983 607 5052 quod
657 4985 912 5052 protelata
955 4987 1127 5042 fuerat
1170 4999 1328 5046 atate
1371 4992 1689 5064 curandum,
1737 4994 2024 5051 dummodo

467 5074 554 5128 illa
583 5076 884 5129 nullatenus
921 5077 1242 5132 dissimulata
1271 5081 1556 5150 subrepant
1586 5081 1678 5153 [aL
1711 5085 2023 5156 subripiunt]

466 5179 688 5233 quorum
735 5166 1029 5235 quodlibet,
1058 5169 1102 5221 si
1134 5169 1308 5223 inesse
1353 5170 1628 5238 claruerit,
1654 5175 1841 5227 merito
1869 5177 2025 5229 «leri-

468 5254 668 5310 calibus
690 5255 867 5310 infulis
887 5259 1270 5326 reprobabilem
1291 5262 1572 5316 convincat
1586 5276 1705 5318 esse
1725 5280 2026 5333 personam.

469 5342 583 5398 Etsi
607 5343 692 5397 illa
718 5359 1090 5416 nonnunquam
1133 5348 1354 5403 sinenda
1375 5357 1519 5415 sunt,
1550 5367 1688 5418 qua,
1721 5355 1764 5406 si
1809 5367 2032 5408 celero-

471 5445 586 5490 rum
634 5445 839 5491 constet
890 5437 1184 5509 integritas,
1233 5442 1343 5494 sola
1396 5455 1590 5498 nocere
1643 5459 1747 5500 non
1793 5447 2028 5512 valeant,

661 5608 846 5690 eodem
875 5610 994 5664 cod.
1023 5612 1168 5690 deest
1198 5623 1600 5690 temporumque.

543 5677 562 5704 ¹
593 5675 668 5727 id.
695 5679 840 5736 cod..
872 5697 969 5733 non
998 5685 1237 5737 audeant.

482 5742 697 5864 ,ϐῖὶζυχ
741 5765 891 5800 curua
937 5751 1084 5805 (ilics!
1112 5767 1140 5806 a
1180 5755 1298 5810 cod.
1327 5758 1460 5812 Just.
1489 5769 1542 5813 ct
1570 5761 1636 5814 ab
1662 5763 1788 5817 edit.
1819 5764 1949 5819 1325
1977 5774 2033 5821 οι

547 5879 603 5929 ‘l
675 5884 786 5935 cuti.
821 5901 946 5940 ch.
975 5887 1077 5941 490
1099 5888 1248 5946 deest
1273 5907 1357 5948 ant
1379 5900 1425 5949 in
1451 5901 1588 5954 Albis
1619 5905 1954 5959 paschalibus.

2053 4683 2104 4743 D

2123 2109 2493 2172 diaconorum,
2523 2107 2623 2162 nisi
2652 2106 2814 2161 certis
2843 2106 3172 2173 temporibus
3211 2117 3262 2158 et
3290 2105 3501 2170 diebus,
3532 2119 3690 2160 exer-

2121 2213 2244 2252 cere
2290 2211 2394 2250 non
2422 2198 2442 2228 ¹
2470 2195 2688 2259 debent,
2739 2195 2789 2248 id
2830 2202 2935 2254 est.
2991 2195 3162 2262 quarti
3211 2194 3411 2248 mensis
3453 2194 3689 2262 jejunio,

2120 2288 2436 2356 septitui,_et
2461 2286 2676 2353 decimi,
2713 2286 2806 2340 sed
2837 2294 2890 2338 et
2916 2286 3073 2338 etiam
3097 2284 3565 2353 quadragesimalis
3593 2284 3692 2338 ini-

2124 2382 2203 2446 tii,
2256 2395 2318 2434 ac
2357 2379 2600 2433 mediana
2654 2377 3084 2443 Quadragesimte
3111 2375 3218 2438 die,
3258 2375 3462 2430 sabbati
3488 2374 3701 2444 jejunio

2121 2472 2261 2526 circa
2294 2483 2566 2536 vesperam
2598 2468 2846 2522 noverint
2870 2465 3242 2520 celebrandas.
3277 2465 3387 2520 Nec
3410 2466 3694 2534 cujuslibet

2122 2561 2364 2614 utilitatis
2389 2557 2410 2589 ³
2432 2572 2616 2622 causa,
2655 2571 2748 2610 seu
2779 2555 3147 2624 presbyterum
3174 2569 3267 2609 seu
3298 2553 3579 2609 diaconum
3613 2555 3692 2609 his

2126 2650 2375 2720 pra‘ferre
2418 2649 2511 2721 [αι.
2547 2647 2828 2720 praferri],
2871 2647 2959 2717 qui
3007 2653 3132 2700 ante
3181 2646 3324 2716 ipsos
3358 2645 3553 2700 fuerint
3605 2660 3693 2701 or-

2123 2740 2311 2795 dinati.

2191 2829 2315 2884 Cap.
2349 2828 2460 2883 Xli.
2487 2857 2558 2870 --
2582 2829 2795 2884 Devotis
2831 2842 3043 2897 quoque
3085 2828 3194 2881 Deo
3223 2827 3544 2896 virginibus.
3577 2829 3685 2881 nisi

2121 2933 2206 2976 au‘
2240 2923 2292 2976 i"
2343 2921 2759 2989 Epiphaniarum
2789 2919 2916 2992 [legs
2961 2918 3397 2989 Epiphaniorutu]
3437 2919 3524 2972 die
3555 2918 3574 2948 ⁸
3601 2929 3691 2972 aut

2123 3015 2174 3068 in
2204 3015 2350 3069 Albis
2394 3013 2762 3079 paschalibus,
2793 3022 2884 3065 aut
2929 3013 2978 3064 in
3029 3011 3394 3080 apostolorum
3442 3011 3692 3064 natalitiis

2122 3119 2330 3159 sacrum
2378 3105 2594 3156 minium
2639 3104 2878 3156 velamen
2927 3102 3234 3170 itnponant,
3264 3102 3285 3133 ⁸
3328 3101 3428 3155 nisi
3473 3102 3692 3154 forsitan

2125 3195 2282 3264 (sicut
2313 3194 2379 3248 de
2408 3194 2725 3262 baptismate
2762 3193 2962 3247 dictum
2989 3198 3094 3260 est)
3123 3198 3269 3263 grani
3301 3195 3366 3245 E-v
3389 3209 3484 3260 32w
3646 3211 3694 3246 :-

2125 3287 2308 3354 reptis,
2333 3300 2400 3340 ne
2423 3289 2539 3340 sine
2571 3285 2670 3339 hoc
2696 3299 2919 3339 munere
2945 3283 3012 3339 de
3037 3286 3234 3338 sacculo
3257 3295 3470 3349 exeant,
3499 3278 3694 3354 implo-

2047 3343 2095 3408 ϐ
2126 3343 2367 3428 rentibus
2395 3389 2501 3426 non
2533 3381 2775 3442 negetur.

2192 3463 2324 3520 Car.
2371 3464 2508 3518 χιιι.
2539 3493 2611 3505 -υ-
2638 3464 2659 3494 ⁸
2702 3463 2897 3518 Viduas
2937 3472 3116 3517 autem
3155 3464 3339 3519 velare
3384 3464 3694 3533 pontificum

2124 3555 2303 3609 nullus
2338 3561 2569 3608 attentet
2587 3593 2603 3618 ,
2626 3553 2765 3620 quod
2797 3568 2896 3607 nec
2918 3553 3212 3609 auctoritas
3239 3553 3417 3608 divina
3462 3554 3691 3626 delegat,

2085 3710 2091 3718 .
2125 3660 2226 3700 nec
2249 3658 2510 3698 canonum
2534 3643 2702 3698 forma
2733 3645 3030 3713 praestituit.
3060 3646 3174 3700 Non
3209 3655 3292 3699 est
3320 3660 3448 3715 ergo
3478 3647 3690 3715 penitus

2124 3733 2520 3801 usurpandum,
2566 3733 2749 3799 eisque
2786 3733 2864 3788 sic
2906 3734 3270 3789 ecclesiastica
3309 3744 3435 3788 sunt
3471 3734 3690 3790 ferenda

2125 3820 2277 3892 [forte
2320 3820 2646 3876 coiifereuda
2685 3822 2761 3876 vel
2797 3820 3095 3894 inferenda]
3138 3823 3418 3892 prmsidia,
3460 3835 3520 3880 ut
3563 3825 3695 3883 nihil

2121 3909 2488 3964 committatur
2517 3909 2787 3963 illicitum.

2192 4001 2320 4054 Car.
2373 3999 2511 4054 XIV.
2549 4023 2621 4041 --
2659 4000 2936 4056 Generalis
2983 4000 3146 4057 etiam
3198 4003 3430 4073 querela:
3478 4004 3693 4060 vitanda

2123 4089 2469 4158 prasamptio
2507 4099 2620 4154 est,
2677 4105 2779 4156 qua
2822 4093 3207 4159 propemodum
3249 4103 3537 4150 causantur
3576 4097 3696 4151 uni-

2124 4180 2286 4244 versi,
2314 4180 2511 4249 passim
2533 4194 2718 4236 servos
2747 4189 2796 4237 el
2830 4183 3178 4252 originarios,
3208 4184 3548 4240 dominorum
3574 4189 3692 4255 jura

2123 4271 2630 4340 possessionumque
2680 4271 2776 4343 [aL
2807 4271 3225 4345 possessionem]
3256 4274 3550 4344 fugientes,
3593 4278 3693 4332 sub

2123 4359 2389 4430 religiosa
2414 4362 2840 4416 conversationis
2867 4361 3118 4425 obtentu.
3151 4364 3237 4418 vel
3264 4365 3328 4418 ad
3371 4368 3693 4423 monasteria

2122 4463 2244 4505 sese
2294 4447 2578 4513 conferre,
2625 4449 2709 4504 vel
2752 4449 2821 4505 ad
2877 4451 3298 4507 ecclesiasticum
3352 4455 3692 4521 famulatum,

2123 4538 2533 4593 conniventibus
2564 4537 2660 4611 [αι.
2692 4538 3087 4612 cohibentibus]
3119 4557 3329 4612 quoque
3359 4545 3693 4612 praesulibus,

2127 4629 2488 4686 indiderenter
2521 4630 2730 4684 admitti
2761 4646 2775 4681 :
2805 4645 2920 4699 qua:
2953 4632 3125 4686 modis
3153 4632 3399 4688 omnibus
3437 4642 3522 4689 est
3549 4648 3696 4690 amo-

2129 4726 2299 4782 venda
2324 4727 2616 4795 pernicies,
2651 4740 2718 4780 ne
2765 4741 2860 4794 per
2887 4725 3173 4781 Christiani
3213 4727 3445 4782 nominis
3485 4728 3694 4783 institu-

2131 4827 2240 4872 tum
2259 4858 2274 4884 ,
2299 4827 2389 4871 aut
2424 4817 2597 4872 aliena
2632 4816 2884 4886 pervadi,
2920 4826 3011 4872 aut
3039 4818 3246 4887 publica
3271 4820 3514 4874 videatur
3540 4820 3696 4876 disci-

2130 4910 2272 4979 plina
2309 4909 2546 4964 subverti
2576 4929 2588 4963 :
2623 4909 2890 4978 praecipue
2918 4925 3037 4964 cum
3071 4925 3170 4966 nec
3213 4911 3382 4979 ipsam
3413 4911 3696 4967 ministerii

2106 4995 2108 4997 ’
2131 5000 2388 5056 clericalis
2409 5003 2506 5056 hac
2519 5001 2845 5069 obligatione
2859 5000 3050 5057 fuscari
3066 5003 3347 5058 conveniat
3362 5003 3693 5072 dignitatem,

2131 5102 2454 5160 cogaturque
2484 5105 2580 5160 pro
2604 5100 2744 5146 statu
2773 5091 3111 5147 militantium
3149 5094 3250 5147 sibi
3290 5095 3697 5164 conditioncquc

2127 5183 2352 5253 jurgari,
2384 5194 2474 5237 aut
2498 5181 2690 5246 videri,
2721 5182 2861 5250 quod
2893 5184 3057 5247 absit,
3085 5184 3334 5237 obnoxia.
3366 5185 3567 5252 Quibus
3590 5187 3696 5240 sol-

2135 5273 2279 5326 licita
2316 5279 2682 5338 competenter
2723 5270 3090 5326 interdictione
3119 5274 3431 5341 prohibitis,
3462 5273 3697 5342 quisquis

2136 5365 2449 5433 episcopus,
2494 5364 2796 5433 presbyter,
2845 5372 2934 5416 ant
2963 5364 3219 5418 diaconus
3239 5405 3253 5429 ,
3285 5365 3366 5419 vel
3397 5380 3579 5418 eorum
3611 5365 3697 5430 qui

2139 5454 2476 5510 monasteriis
2504 5468 2735 5523 praeesse
2760 5463 3080 5518 noscuntur,
3120 5453 3418 5523 hujusmodi
3450 5470 3698 5524 personas

2216 5629 2237 5660 ⁸
2269 5628 2609 5682 Burchardus
2635 5627 2728 5682 lib.
2763 5642 2888 5688 vni,
2920 5642 3034 5696 cap.
3064 5630 3159 5692 15.
3197 5632 3382 5686 inserit
3405 5644 3449 5686 et
3472 5637 3700 5688 nisinnte

2135 5696 2206 5751 25
2237 5715 2419 5750 annos.
2455 5700 2528 5751 Ita
2556 5699 2673 5765 lego
2703 5698 2753 5750 in
2783 5713 2903 5752 meo
2933 5714 3032 5754 ms.
3054 5701 3209 5765 cod.;
3237 5718 3360 5756 num
3392 5713 3445 5758 et
3474 5705 3524 5758 in
3546 5707 3700 5759 editis

2136 5778 2310 5822 exstet
2344 5768 2546 5834 ignoro.
2581 5769 2767 5820 himsr.

2210 5838 2231 5868 ⁶
2251 5837 2467 5914 -Οὲηῇμιν
2487 5847 2541 5890 et
2570 5839 2823 5914 augurale
2855 5838 3040 5902 Magno
3069 5840 3120 5894 in
3146 5840 3365 5911 capitnl.
3390 5844 3697 5914 Aquisgrau.

2141 5911 2262 5962 anni
2297 5907 2423 5962 789.
2455 5922 2573 5979 cap.
2600 5909 2687 5962 59.
2723 5906 2976 5960 Ιιλιωιιτί.
