3994 6390
333 440 399 496 5'5
1528 422 1881 483 EPISTOLA'.
1924 420 2010 475 ET
2052 415 2399 475 DECRETA.
3546 410 3620 470 fiei-

328 549 472 617 apud
494 563 554 604 ,ο
584 554 830 604 tenentes
850 560 956 601 ηοη
985 538 1339 598 restituendas
1364 535 1623 604 patronis,
1654 545 1746 588 aut
1764 532 1920 587 dein-
1948 533 1995 591 Α
2029 537 2171 583 mota
2192 567 2210 593 ,
2258 542 2363 581 non
2404 526 2577 582 solum
2610 524 2679 617 de
2728 523 2879 577 factis
2912 522 3204 617 atrocibus
3259 523 3617 577 necessariam

332 652 461 706 ceps
490 636 577 692 vel
598 635 977 691 ecclesiastica:
994 632 1257 694 servituti,
1286 629 1365 681 vel
1395 623 1662 694 religiosis
1690 634 1920 690 congrec

334 726 638 796 gationibus
684 723 987 795 putaverint
1032 720 1380 791 applicandas
1409 756 1424 779 ,
1481 716 1583 769 nisi
1644 714 1919 768 voluntate

338 817 562 872 forsitan
589 815 961 877 dominorum,
1004 812 1105 867 sub
1135 811 1425 874 Scriptura:
1466 803 1771 861 testimonio
1807 801 1921 872 pri-

337 907 500 961 mitus
524 905 822 969 absolutas,
852 905 936 959 vel
964 903 1196 971 legitima
1221 900 1584 953 transactione
1613 906 1921 959 concessas,

339 997 639 1065 periculum
673 1010 732 1050 se
762 995 980 1050 honoris
1022 992 1219 1064 proprii
1250 1005 1353 1044 non
1387 988 1661 1056 ambigant
1680 999 1925 1041 commu-

340 1088 626 1155 nionisque
646 1086 944 1154 subituros,
969 1088 1013 1139 si
1041 1098 1203 1152 super
1223 1082 1325 1136 hac
1346 1096 1403 1135 re
1427 1079 1743 1147 cujusquam
1764 1090 1926 1130 verax

343 1191 448 1230 nos
473 1175 689 1245 querela
715 1174 1026 1244 pulsaverit.
1063 1171 1271 1241 Magnis
1291 1171 1479 1238 quippe
1500 1168 1707 1231 studiis,
1730 1180 1927 1219 secun-

343 1267 471 1321 dum
510 1268 723 1322 beatum
750 1264 1089 1335 Apostolum,
1124 1260 1513 1331 priscavendum
1538 1267 1610 1312 est
1638 1274 1699 1311 ne
1728 1256 1858 1324 ﬁdes
1880 1264 1929 1310 et

347 1356 621 1426 disciplina
647 1355 857 1409 Domini
882 1355 1259 1423 blasphematur
1294 1349 1344 1421 (I
1376 1348 1515 1403 Tim.
1549 1346 1647 1417 vt).

416 1444 547 1501 Car.
568 1446 688 1500 XV.
718 1474 789 1486 —
816 1444 1165 1514 Consequens
1206 1441 1307 1496 fuit
1345 1451 1400 1495 ut
1448 1439 1537 1493 illa
1572 1451 1785 1518 quoque
1812 1450 1933 1506 qua

346 1536 415 1593 de
461 1537 641 1594 Piceni
668 1536 909 1606 partibus
955 1548 1125 1603 nuper
1151 1532 1218 1587 ad
1250 1546 1348 1586 nos
1383 1529 1545 1584 missa
1575 1529 1764 1583 relatio
1792 1540 1932 1581 nun—

350 1630 521 1695 tiavit,
550 1644 659 1684 non
679 1626 1051 1697 praetereunda
1084 1636 1425 1693 putaremus,
1459 1622 1510 1675 id
1537 1630 1642 1682 est,
1674 1621 1935 1689 plurimos

349 1717 665 1775 clericorum
694 1716 1149 1788 negotiationibus
1176 1711 1475 1769 inhonestis
1504 1720 1559 1767 et
1584 1709 1746 1765 lucris
1768 1709 1934 1779 turpi-

349 1812 452 1867 bus
474 1810 785 1875 imminere,
820 1806 967 1862 nullo
1002 1806 1208 1877 pudore
1247 1810 1532 1859 cernentes
1572 1799 1933 1869 evangelicam

2028 616 2419 685 paenitudinem
2449 628 2555 668 non
2585 613 2805 675 habere,
2833 612 2925 666 scd
2959 625 3057 665 nec
3086 612 3264 680 aliqua
3284 613 3619 667 corrccﬁone

2028 708 2240 777 penitus
2268 706 2623 781 succede'ite,
2671 704 2736 756 ad
2784 703 3025 756 divinum
3061 702 3418 755 ministerium
3453 702 3596 757 bono

2029 812 2252 867 remque
2275 795 2624 850 contendere.
2666 792 2962 848 Nonnullos
3007 802 3186 845 autem
3217 790 3377 844 etiam
3410 792 3460 844 in
3494 794 3623 860 ipsis

2029 889 2312 944 ordinibus
2347 889 2693 954 constitutos,
2721 887 2974 956 gravibus
3015 883 3386 953 delinquentes
3421 882 3624 940 facino-

2030 982 2201 1046 ribus,
2234 997 2341 1036 non
2365 979 2578 1051 repelli,
2606 994 2727 1033 cum
2755 988 2811 1033 et
2836 977 3121 1047 Apostolus
3142 976 3337 1031 clamet
3370 992 3383 1029 :
3418 976 3621 1033 Nemini

2028 1073 2130 1126 cito
2158 1086 2341 1124 manus
2365 1070 2723 1139 imponendos,
2750 1083 2911 1137 neque
2935 1064 3419 1120 communicandum
3448 1083 3625 1132 pecca-

2030 1162 2095 1217 tis
2117 1162 2300 1215 alienis
2330 1161 2379 1231 (1
2409 1160 2547 1215 Tim.
2577 1160 2667 1229 v);
2694 1170 2751 1214 et
2776 1159 3039 1227 majorum
3082 1156 3386 1212 veneranda
3420 1159 3624 1213 consti-

2032 1261 2144 1308 tuta
2188 1252 2589 1325 (Nicazuitxg)
2608 1251 2980 1321 pronuntient,
3020 1247 3350 1317 hujusmodi,
3388 1250 3550 1302 etiam
3584 1251 3626 1304 si

2035 1344 2173 1401 forte
2202 1342 2597 1413 subrepserint,
2632 1352 2739 1396 tam
2784 1340 2874 1411 qui
2917 1349 3044 1394 ante
3077 1346 3455 1408 peccaverunt,
3480 1338 3629 1393 dete-

2033 1445 2151 1491 ctos
2177 1444 2433 1503 oportere
2472 1433 2687 1503 repelli,
2719 1446 2879 1503 quam
2910 1444 3083 1485 sacrae
3112 1428 3467 1497 professionis
3496 1428 3629 1484 obli-

2036 1534 2143 1591 tos,
2174 1525 2723 1593 praevaricatoresque
2750 1520 2923 1577 sancti
2943 1518 3225 1591 propositi,
3257 1520 3442 1590 procul
3468 1519 3632 1575 dubio

2036 1612 2462 1673 submovendas.

2106 1705 2239 1761 Car.
2278 1705 2422 1760 XIX.
2450 1733 2519 1746 —-
2548 1704 2731 1772 Usque
2771 1702 2908 1757 adeo
2953 1716 3085 1757 sane
3130 1702 3492 1769 comperimus
3533 1702 3633 1757 illi-

2038 1798 2143 1851 cita
2175 1809 2402 1866 quaeque
2434 1807 2814 1865 prorumpere,
2844 1802 2903 1848 ut
2925 1792 2946 1822 ⁵
2968 1792 3316 1847 dznmoniacis
3342 1794 3635 1849 similibus-

353 1892 662 1968 lectionem',
686 1916 789 1972 qua
830 1899 946 1969 ipse
980 1898 1238 1953 Dominus
1273 1895 1635 1966 negotiatores
1674 1908 1705 1948 e
1738 1892 1937 1962 templo
1969 1892 2015 1952 B
2042 1902 2145 1958 que
2170 1883 2267 1958 [αι.
2292 1886 2537 1940 (ἰωιηοηο
2564 1880 2812 1955 aliisque]
2848 1882 3190 1953 passionibus
3227 1882 3454 1937 irretitis
3479 1883 3634 1937 mini-

350 1992 664 2047 verberatos
696 1989 923 2061 flagellis
967 1992 1228 2043 asset-itur
1254 1985 1525 2056 expulisse
1563 1982 1783 2053 (Matth.
1818 1997 1935 2048 ut;

350 2080 509 2137 Joan.
542 2081 635 2152 u);
662 2094 767 2151 nec
792 2080 1036 2150 Apostoli
1063 2079 1225 2134 verba
1248 2078 1546 2132 recolentes
1562 2115 1578 2142 ,
1601 2075 1796 2146 quibus
1815 2073 1889 2127 ait
1919 2090 1935 2127 :

354 2173 521 2229 Nemo
566 2173 793 2227 militans
840 2172 953 2227 'Deo
997 2171 1225 2242 implicat
1263 2185 1318 2222 se
1358 2168 1570 2239 negotiis
1608 2165 1943 2222 swcularibus

352 2262 439 2335 (II
470 2262 602 2317 Tim.
607 2262 721 2351 41);
748 2261 1086 2318 Psalmistam
1132 2273 1348 2329 quoque
1395 2258 1559 2312 David
1589 2256 1752 2311 surda
1784 2255 1942 2310 dissi-

353 2355 621 2410 mulantes
637 2346 771 2407 aure
792 2360 1099 2407 cantantem
1132 2364 1148 2402 :
1182 2348 1439 2416 Quoniam
1472 2364 1573 2400 non
1592 2346 1802 2418 cognovi
1852 2360 1943 2400 ne-

353 2442 676 2515 gotiationes,
705 2440 929 2495 introibo
956 2440 1008 2493 in
1045 2439 1298 2508 potentia
1348 2436 1558 2492 Domini
1586 2434 1763 2506 (Psal.
1789 2434 1941 2506 cxx).

357 2531 592 2589 Proinde
634 2529 939 2601 hujustnodi
978 2537 1069 2582 aut
1092 2528 1160 2584 ab
1187 2528 1420 2599 indignis
1456 2527 1698 2595 posthac
1726 2526 1945 2595 qutesti-

353 2628 456 2682 bus
496 2624 746 2680 noverint
780 2620 1158 2678 asbtinendum
1186 2663 1201 2688 ,
1250 2629 1305 2675 et
1348 2623 1416 2675 ab
1459 2619 1607 2674 omni
1663 2617 1947 2687 cujuslibet

355 2716 732 2789 negotiationis
776 2712 994 2783 ingenio
1038 2711 1123 2767 vel
1151 2710 1445 2781 cupiditate
1470 2707 1822 2774 cessandum;
1854 2716 1948 2763 aut

356 2809 411 2864 in
435 2818 758 2879 quocunque
796 2802 967 2874 gradu
1008 2801 1117 2857 sint
1156 2802 1355 2871 positi,
1384 2814 1508 2855 mox
1535 2814 1567 2854 a
1608 2797 1947 2854 clericalibus

355 2896 550 2955 ofﬁciis
582 2897 600 2931 ⁸
628 2894 903 2951 abstinere
954 2902 1254 2962 cogantur:
1296 2890 1552 2962 quoniam
1592 2888 1790 2945 domus
1825 2888 1944 2955 Dei,

356 2988 563 3043 domus
595 2984 863 3039 orationis
891 2990 946 3038 et
978 2996 1103 3039 esse
1145 2981 1326 3047 debet,
1367 2991 1419 3035 et
1452 2980 1583 3045 dici,
1623 2994 1692 3035 ne
1726 2978 1942 3034 oﬂlcina

364 3076 755 3149 negotiationis
785 3084 840 3130 et
870 3074 1131 3145 spelunca
1164 3069 1346 3143 potius
1376 3069 1450 3128 sit
1481 3070 1755 3126 latronum
1787 3066 1942 3132 (Luc.

366 3187 461 3227 ιιι
483 3186 499 3236 ;
530 3168 642 3225 Isa.
671 3168 809 3237 va).

2043 1977 2205 2033 steria
2235 1975 2328 2048 [αι.
2367 1973 2645 2047 mysteria]
2679 1984 3019 2029 sacrosancta
3060 1980 3294 2027 tractare
3339 1973 3627 2029 tribuatur.

2042 2068 2249 2133 Quibus
2273 2067 2319 2121 si
2344 2064 2445 2120 hoc
2471 2079 2637 2135 opere
2654 2064 2845 2133 positis
2865 2063 3063 2133 aliquid
3089 2062 3320 2131 prolirite
3346 2062 3637 2118 neceSsita-

2045 2162 2113 2217 tis
2139 2170 2411 2226 occurrat,
2443 2158 2565 2229 quis
2610 2158 2680 2214 de
2721 2171 2816 2212 sua
2850 2156 3052 2229 [supple
3078 2156 3163 2228 ac]
3204 2156 3439 2210 ﬁdelium
3467 2156 3640 2211 salute

2044 2254 2299 2319 confidet,
2322 2250 2413 2306 ubi
2438 2250 2716 2305 ministros
2741 2249 2889 2319 ipsos
2909 2247 3204 2302 curationis
3227 2247 3474 2301 humanze
3494 2255 3639 2301 tanta

2044 2343 2387 2415 perspexerit
2412 2340 2719 2401 calamitate
2742 2338 2961 2392 vexari?
2976 2337 3154 2406 Atque
3176 2336 3301 2392 ideo
3331 2337 3640 2393 necessario

2046 2430 2356 2489 removendi
2389 2436 2538 2495 sunt,
2569 2443 2636 2483 ne
2655 2427 3009 2497 quibuslibet,
3044 2441 3145 2498 pro
3173 2427 3365 2497 quibus
3393 2428 3641 2485 Christus

2046 2536 2131 2580 est
2174 2530 2442 2590 mortuus,
2473 2520 2790 2577 scandalum
2839 2528 3130 2590 generetur
3176 2520 3407 2573 inlirmis
3459 2520 3637 2593 (Rom.

2046 2630 2164 2678 xiv;
2192 2612 2256 2667 11
2283 2614 2403 2670 Cor.
2457 2611 2594 2682 vin).
2627 2611 2941 2675 Postremo,
2993 2610 3037 2665 si
3079 2623 3310 2678 corpore
3343 2611 3642 2668 sauciatum

2049 2705 2290 2761 lortassis
2318 2711 2411 2761 aut
2438 2701 2673 2758 debilem
2694 2744 2709 2770 ,
2746 2714 3082 2771 nequaquam
3112 2709 3299 2755 sancta
3328 2702 3644 2771 contingere

2050 2795 2139 2851 lex
2167 2795 2352 2851 divina
2384 2793 2644 2862 permittit
2672 2790 2858 2863 (Leuit.
2897 2788 3044 2859 ut);
3078 2800 3282 2859 quanto
3310 2791 3482 2859 magis
3517 2791 3643 2846 doni

2048 2885 2285 2942 caelestis
2324 2884 2727 2954 dispensatores
2776 2897 2899 2938 esse
2948 2897 3056 2938 non
3097 2884 3370 2947 convenit,
3395 2882 3541 2953 quod
3562 2896 3645 2941 est

2049 2978 2310 3041 deterius,
2335 2985 2518 3032 mente
2544 2976 2821 3043 perculsos
2848 2973 2944 3046 [αι.
2974 2972 3313 3045 percussost

2119 3066 2249 3121 Cn.
2282 3066 2403 3123 XX.
2427 3094 2499 3108 —
2526 3064 2835 3135 Virginibus
2876 3071 3058 3118 autem
3109 3062 3281 3117 sacris
3334 3071 3539 3119 temere
3588 3079 3646 3120 se

2049 3157 2309 3227 quosdam
2340 3156 2551 3211 sociare
2598 3154 2970 3225 cognovimus,
3005 3162 3062 3209 et
3110 3163 3230 3223 post
3254 3154 3491 3211 dicatum
3532 3156 3647 3211 Deo

426 3251 557 3312 Car.
586 3252 813 3307 XVI.—
838 3250 1145 3307 "litteratos
1173 3264 1405 3322 quoque,
1430 3258 1487 3305 et
1508 3250 1760 3305 nonnulla
1798 3259 1949 3321 parte
1974 3248 2021 3312 C
2056 3248 2411 3320 propositum,
2465 3249 2667 3303 incesta
2713 3247 2916 3304 foedera
2974 3246 3345 3315 sacrilegaque
3393 3248 3645 3303 miscere.

356 3346 598 3411 corporis
619 3341 956 3408 imminutos,
986 3341 1105 3397 sine
1132 3332 1505 3411 ullorespectu
1531 3340 1596 3395 ad
1617 3341 1947 3397 ecclesiasti—

356 3449 480 3491 cum
508 3434 796 3491 didicimus
825 3434 1014 3489 venire
1040 3434 1342 3489 servitium.
1366 3433 1520 3501 Quod
1551 3434 1708 3488 simul
1729 3437 1947 3505 antiqua

359 3525 602 3592 traditio,
630 3532 685 3579 et
713 3522 1028 3592 apostolica:
1047 3522 1191 3579 sedis
1216 3532 1372 3579 vetus
1394 3524 1562 3577 forma
1593 3539 1698 3578 non
1727 3525 1945 3594 recipit;

358 3616 481 3685 quia
507 3630 608 3672 nec
638 3615 829 3671 litteris
856 3603 1048 3669 carens
1075 3616 1246 3670 sacris
1281 3629 1404 3670 esse
1433 3623 1610 3683 potest
1636 3624 1794 3681 aptus
1823 3615 1947 3671 offi-

358 3708 456 3765 ciis
533 3714 591 3763 et
630 3707 879 3763 vitiosum
924 3691 1058 3761 nihil
1106 3721 1327 3777 prorsus
1375 3706 1484 3762 Deo
1528 3707 1711 3762 offerri
1756 3708 1949 3780 legalia

357 3808 628 3868 precepts
667 3808 960 3855 sanxerunt
997 3797 1180 3871 (Leuit.
1208 3815 1333 3866 ut;
1371 3799 1525 3854 Deut.
1558 3798 1717 3868 xvii).
1765 3802 1949 3871 Itaque

358 3889 425 3943 de
465 3896 665 3945 eastern
711 3889 884 3945 modis
912 3889 1163 3945 omnibus
1184 3891 1205 3921 ⁸
1237 3890 1352 3945 bare
1381 3891 1640 3958 vitentur,
1681 3904 1781 3946 nec
1802 3891 1948 3961 quis-

357 3995 519 4052 quam
560 3980 683 4035 talis
726 3979 1050 4050 suscipiatur
1087 3980 1140 4036 in
1183 3980 1410 4036 clerum.
1457 3980 1518 4037 Si
1555 3981 1647 4050 qui
1696 3995 1829 4036 vero
1864 3980 1949 4037 vel

359 4072 664 4130 temeritate
709 4073 925 4143 propria
951 4113 969 4141 ,
998 4072 1087 4127 vel
1135 4070 1341 4128 incuria
1382 4073 1784 4143 prasidentinm
1813 4074 1950 4129 tales

358 4174 482 4220 ante
507 4167 740 4234 suscepti
770 4172 918 4235 sunt,
950 4164 1006 4219 in
1037 4162 1120 4218 bis
1141 4162 1337 4233 quibus
1360 4164 1639 4220 constituti
1666 4173 1792 4220 sunt
1816 4164 1949 4222 locis

358 4264 580 4310 eatenus
611 4262 993 4324 perseverent,
1033 4262 1095 4308 ut
1150 4252 1286 4308 nihil
1314 4267 1547 4324 unquam
1594 4254 1951 4324 promotionis

359 4344 382 4376 ³
414 4342 715 4413 accipiant;
741 4344 982 4413 satisque
1008 4342 1243 4398 habeant
1271 4343 1375 4399 hoc
1418 4342 1592 4413 ipsum
1615 4342 1717 4399 sibi
1740 4358 1838 4413 pro
1862 4344 1950 4401 ni-

359 4434 465 4489 mia
496 4435 840 4489 miseratione
868 4434 1210 4503 permissum.

429 4522 569 4577 CAP.
608 4520 772 4577 XVII.
804 4549 873 4563 --
902 4520 979 4577 De
1020 4521 1106 4577 his
1133 4532 1313 4577 autem
1348 4521 1439 4591 qni
1485 4521 1697 4593 seipsos
1734 4523 1949 4580 abscin-

2050 3343 2197 3411 Quos
2244 3342 2490 3411 protinus
2539 3354 2750 3410 equum
2780 3348 2861 3394 est
2883 3354 2913 3393 a
2953 3352 3107 3393 sacra
3137 3339 3519 3394 communione
3547 3339 3647 3394 de-

2051 3434 2214 3499 trudi,
2248 3441 2300 3487 et
2349 3432 2450 3487 nisi
2506 3447 2602 3502 per
2634 3430 2900 3499 publicam
2946 3432 3334 3502 probatamque
3380 3435 3648 3501 pteniten-

2052 3527 2203 3589 tiam,
2258 3524 2480 3577 omnino
2529 3538 2633 3576 non
2678 3521 2870 3591 recipi,
2898 3522 2920 3552 ⁸
2948 3522 3044 3577 sed
3085 3532 3263 3577 tamen
3302 3523 3555 3577 viaticum
3581 3521 3649 3576 de

2051 3615 2253 3670 saeculo
2269 3613 2688 3676 transeuntibus,
2714 3613 2758 3667 si
2783 3624 2959 3668 tamen
2978 3615 3349 3684 ptenituerint,
3373 3627 3481 3667 non
3507 3611 3528 3643 '
3550 3625 3647 3667 ne-

2052 3716 2226 3778 getur.

2120 3798 2251 3853 CAP.
2282 3797 2426 3852 XXI.
2448 3828 2519 3838 —
2540 3797 2670 3853 Nam
2700 3798 2768 3853 de
2790 3798 2964 3853 viduis
2980 3800 3082 3854 sub
3106 3797 3249 3853 nulla
3274 3795 3648 3852 benedictione

2051 3889 2311 3956 velandis,
2360 3889 2651 3960 superius"
2680 3890 2787 3945 late
2832 3889 3272 3959 sufﬁcienterqne
3304 3888 3650 3958 praediximus

2051 3980 2209 4054 [forte
2237 3980 2337 4051 leg.
2368 3981 2527 4036 latius
2558 3981 2808 4035 duximus
2837 3979 3253 4053 disserendum].
3288 3981 3419 4048 Quae
3448 3980 3493 4035 si
3524 3995 3651 4051 pro-

2054 4072 2169 4142 pria
2198 4071 2475 4126 voluntate
2501 4071 2799 4141 professam
2828 4071 3037 4139 pristini
3082 4072 3317 4139 coniugii
3343 4071 3650 4126 castitatem

2053 4161 2299 4216 mutabili
2332 4171 2514 4216 mente
2538 4160 2888 4226 calcaverint,
2920 4161 3145 4231 periculi
3162 4175 3350 4216 carum
3380 4161 3648 4227 intererit,

2052 4253 2197 4324 quali
2244 4252 2413 4308 Deum
2457 4252 2693 4308 debeant
2728 4252 3095 4308 satisfactione
3146 4252 3397 4322 placare,
3450 4252 3473 4283 "
3524 4252 3651 4319 quia

2056 4342 2227 4413 (juxta
2260 4342 2602 4413 Apostolum)
2629 4343 2851 4411 primam
2881 4343 3037 4411 fidem
3081 4344 3282 4397 irritam
3323 4343 3553 4410 fecerunt
3597 4342 3652 4411 (1

2053 4431 2191 4488 Tim.
2219 4434 2297 4504 v).
2322 4432 2473 4489 Sicut
2499 4435 2667 4500 enim,
2695 4433 2740 4488 si
2768 4447 2828 4489 se
2853 4434 3076 4488 forsitan
3108 4432 3387 4488 continere
3418 4447 3527 4487 non
3558 4450 3652 4502 po-

2055 4532 2270 4591 terant,
2330 4524 2626 4579 secnndum
2675 4525 3034 4591 Apostolum.
3087 4524 3399 4580 nullatenus
3449 4524 3652 4579 nubere

358 4610 513 4678 dunt,
539 4612 748 4680 paterni
768 4625 1003 4667 cationes
1019 4611 1298 4667 evidenter
1321 4614 1593 4683 sequenda
1618 4627 1943 4684 posuerunt;
1974 4607 2025 4669 Ι)
2054 4618 2371 4673 vetabantur
2418 4616 2471 4689 (I
2506 4616 2626 4672 Cor.
2654 4614 2789 4686 vn);
2819 4616 2899 4673 sic
2928 4615 3110 4672 habita
3156 4630 3339 4671 secum
3381 4614 3652 4669 delibera-

358 4714 586 4769 qunrum
629 4707 870 4756 tenorem
912 4700 1141 4755 sufficiat
1182 4700 1464 4756 indidisse.
1523 4701 1716 4758 Dicunt
1766 4705 1945 4772 enim,

362 4791 488 4845 talia
519 4799 914 4862 perpetrantes,
945 4806 1067 4846 mox
1110 4800 1170 4847 ut
1205 4792 1367 4862 agniti
1397 4793 1632 4863 fuerint,
1662 4808 1694 4848 a
1723 4810 1949 4852 munere

360 4879 596 4936 clericali
626 4881 823 4937 debere
847 4882 1074 4937 secludi.
1102 4882 1253 4949 Quod
1285 4883 1458 4937 modis
1490 4886 1738 4939 omnibus
1769 4898 1950 4942 custo-

361 4972 478 5024 dire
507 4986 605 5027 nos
633 4972 904 5039 convenit,
925 4973 1052 5043 quia
1075 4972 1154 5028 fas
1171 4987 1293 5029 esse
1312 4975 1441 5028 nulli
1466 4976 1768 5044 suppeditat
1785 4978 1946 5048 quid-

360 5077 521 5132 quam
567 5070 764 5132 prseter
806 5062 898 5119 illa
925 5078 1046 5134 qua:
1092 5065 1457 5120 memorabilis
1492 5065 1731 5121 decrevit
1774 5069 1943 5124 l‘orma

362 5161 602 5225 censere.

434 5246 563 5302 Car.
593 5241 777 5300 XVIII.
807 5275 879 5288 —
906 5245 1279 5318 Comperimus
1303 5248 1463 5302 etiam
1503 5248 1791 5308 horrendis
1819 5256 1957 5325 quia

364 5335 586 5391 busdam
613 5334 927 5392 criminibus
950 5337 1287 5408 immicatos,
1319 5345 1428 5393 tota
1460 5339 1787 5399 discretione
1816 5346 1945 5403 sub-

434 5517 449 5547 ³
482 5512 614 5569 Cod.
639 5514 749 5567 Luc
777 5513 905 5581 490,
936 5514 1095 5568 abire.

431 5587 452 5616 '
479 5584 533 5638 In
562 5585 750 5639 eodem
775 5584 896 5639 eod.
918 5584 1114 5639 desunt
1140 5586 1247 5640 lucc
1269 5587 1506 5643 vitentur.

430 5656 453 5723 ἒ
483 5653 558 5707 Id.
581 5654 727 5720 cod.,
768 5653 1043 5723 arripiant.

431 5722 455 5756 δ
480 5724 556 5778 Id.
581 5726 727 5790 cod.,
756 5722 1021 5777 daznionis.

430 5795 453 5827 ⁸
478 5794 607 5850 Cod.
639 5794 768 5850 Luc.
789 5792 914 5859 490,
945 5803 1035 5848 aut
1058 5793 1136 5851 Itis
1166 5807 1310 5849 certe.

2058 4709 2240 4771 tione.
2275 4711 2596 4777 promissam
2651 4708 2761 4765 Deo
2804 4709 3076 4779 pudicitiae
3128 4707 3289 4764 fidem
3320 4706 3523 4763 debent
3552 4707 3647 4781 (al.

2054 4798 2380 4869 debuerunt]
2421 4800 2714 4857 custodire.
2745 4801 2855 4857 Nos
2895 4811 3075 4857 autem
3114 4799 3310 4855 talibus
3339 4799 3547 4854 nullum
3578 4799 3654 4853 la-

2055 4907 2251 4962 queum
2299 4892 2557 4947 debemus
2586 4892 2841 4961 injicere;
2888 4892 2984 4948 sed
3030 4893 3205 4948 solum
3248 4890 3655 4947 adhortationes

2058 4987 2264 5057 przemii
2292 4989 2631 5058 sempiterni,
2660 5002 2953 5057 pinnasque
2975 5000 3281 5057 pr0ponere
3310 4984 3477 5041 divini
3499 4984 3643 5053 judi-

2056 5077 2146 5138 cii.
2180 5086 2240 5131 ut
2283 5088 2338 5133 et
2366 5089 2547 5132 nostra
2574 5079 2645 5130 sit
2684 5078 2930 5133 absoluta
2970 5075 3326 5147 conscientia,
3353 5084 3409 5132 et
3440 5075 3653 5130 illarum

2056 5181 2156 5239 pro
2177 5184 2238 5225 se
2283 5171 2546 5225 rationem
2583 5168 2697 5225 Deo
2726 5169 2917 5225 reddat
2945 5169 3197 5225 intentio.
3232 5165 3542 5224 Cavendum
3570 5174 3655 5217 est

2055 5259 2292 5329 quippe,
2339 5270 2400 5314 ut
2441 5260 2510 5316 de
2545 5276 2729 5317 carum
2776 5261 3018 5317 moribus
3046 5264 3068 5295 ’
3107 5260 3424 5329 actibusqns
3467 5259 3655 5313 beatus

2052 5353 2349 5422 Δροσιοιυδ
2397 5352 2450 5418 (Ι
2499 5353 2635 5407 Tim.
2680 5354 2738 5426 γ)
2789 5362 3053 5424 testatur,
3102 5352 3246 5424 quod
3303 5350 3512 5423 plenius
3556 5349 3649 5421 lat.

2122 5525 2143 5555 ⁸
2175 5525 2251 5579 Id.
2276 5528 2423 5591 cod.,
2457 5528 2657 5591 negari.

2116 5595 2135 5626 '
2169 5596 2244 5649 Id.
2273 5600 2418 5661 cod.,
2444 5599 2600 5652 latins
2632 5598 2863 5653 diximus
2896 5597 3269 5652 disserendum.

2116 5664 2219 5738 f'In
2248 5667 2436 5723 eodem
2477 5668 2599 5723 cod.
2630 5669 2829 5725 desum
2876 5669 3154 5738 sequentia
3196 5680 3367 5737 usque
3407 5666 3474 5720 ad
3520 5668 3651 5716 εέευι

2041 5735 2199 5789 enim.

2111 5809 2130 5838 ’
2164 5806 2235 5858 lsi.
2273 5806 2416 5874 cod.,
2451 5809 2668 5877 actibus,
2702 5826 2838 5877 qua.
