3994 6400
502 375 574 434 55
1834 371 2041 426 GELAS

2148 370 2332 427 ΡΑΡᾸΞ
2370 375 2389 428 ι
3673 369 3739 421 :‘i'i

504 491 744 560 planius;
766 490 840 544 ita
881 492 931 543 in
968 487 1111 557 Lua]
1139 499 1407 553 exponere
1432 486 1784 554 praeterimus,
1814 500 1880 538 ne
1904 499 2063 538 sexus
2094 487 2140 541 Α
2171 484 2214 538 si
2247 493 2424 539 tamen
2454 483 2792 540 sacerdotum
2830 485 2937 552 jam
2969 485 3072 540 sint
3091 485 3350 540 vorabqu
3377 487 3738 557 nuncnpandi,

501 583 762 636 instabilis
790 597 892 634 non
931 590 1034 633 tam
1079 577 1335 632 deterreri
1379 591 1536 646 quam
1560 575 1836 630 admoueri
1887 575 2064 631 videa-
2166 576 2256 642 qui
2286 575 2307 606 ⁸
2337 575 2636 644 delegatum
2678 575 2777 628 sibi
2817 577 3086 646 religionis
3127 577 3358 630 ofﬁcium
3396 580 3474 633 s'c
3507 591 3742 644 proster-

500 685 605 728 tur.
2165 679 2295 719 nere
2340 666 2644 725 moliuntur,
2674 673 2733 717 ut
2777 665 2827 717 in
2858 680 3104 732 perversa
3156 683 3378 735 qumque
3410 667 3742 738 profanaque

566 761 693 816 Car.
729 759 887 814 XX'I.
924 791 990 800 —
1015 758 1283 816 Secundas
1313 757 1520 825 nuptias
1549 756 1689 810 sicut
1718 753 2061 809 stccularihus
2164 756 2419 821 declives,
2467 759 2581 810 sine
2612 757 2718 809 ullo
2740 769 2984 824 rcspeetu
3013 759 3211 826 regula:
3254 756 3573 812 Cbri~tianm
3605 776 3743 826 ιιι-τε-

500 853 633 906 inire
667 853 1003 914 conceditur,
1052 851 1120 904 ita
1154 861 1270 918 post
1289 864 1382 904 eas
1407 848 1581 901 nullus
1607 848 1671 900 ad
1712 847 1962 901 elericale
1990 846 2061 899 si-
2163 847 2341 914 cipitia
2378 847 2580 901 funesta
2607 856 2898 900 sectentur.
2933 848 3172 915 Cumque
3202 851 3461 916 scriptum
3491 851 3557 902 sit
3590 869 3603 902 :
3640 850 3742 904 Μὶ-

2162 938 2297 990 nima
2342 939 2428 1007 qui
2471 938 2683 1006 spernit,
2717 938 2966 1003 paulatim
3002 938 3200 994 decidet
3236 938 3424 1004 (Eccli.
3475 956 3561 993 nx
3585 981 3600 1003 ,
3636 942 3687 1006 I)
3722 959 3735 993 :

2160 1029 2284 1096 quid
2314 1043 2393 1082 εει
2438 1029 2502 1082 de
2547 1029 2739 1081 talibus
2780 1028 3190 1081 existimandum
3230 1029 3320 1096 qui
3355 1031 3632 1084 immensis
3675 1047 3732 1083 ac

2161 1119 2534 1188 multiplicibus
2563 1121 2878 1185 pravitatum
2905 1119 3131 1174 molibus
3160 1120 3427 1187 occupati,
3465 1121 3734 1188 ingentem

2161 1213 2362 1264 ruinam
2389 1210 2712 1264 multimodis
2736 1211 3141 1277 impulsionibus
3165 1210 3466 1275 ediderunt,
3493 1227 3612 1280 qua:
3631 1229 3734 1266 non

2157 1300 2327 1354 solum
2369 1301 2400 1361 i,
2424 1314 2514 1352 sos
2546 1300 2787 1353 videatur
2831 1302 3083 1364 obruere,
3117 1301 3211 1354 sed
3242 1311 3295 1355 et
3333 1301 3588 1356 Ecclesiis
3621 1305 3721 1356 uni

2158 1395 2326 1444 vi'rsis
2368 1391 2720 1457 mortiferam,
2751 1391 2794 1444 si
2849 1407 2952 1444 non
2997 1403 3275 1458 sanentur,
3309 1392 3507 1448 inferre
3550 1396 3733 1461 perni-

2155 1482 2328 1534 ciem?
2359 1482 2464 1534 Nec
2513 1481 2784 1550 ambigunt
2835 1483 2922 1549 qui
2974 1482 3086 1534 haec
3128 1483 3242 1535 ausi
3291 1494 3416 1536 sunt
3454 1498 3733 1545 exererre,

2153 1572 2244 1624 sed
2275 1573 2434 1623 etiam
2465 1570 2552 1639 qui
2587 1573 2843 1625 hactenus
2874 1572 3087 1639 cognita
3119 1571 3400 1636 siluerunt,
3438 1573 3539 1625 sub
3563 1573 3734 1626 hesio-

2153 1661 2225 1715 ris
2258 1662 2458 1728 proprii
2490 1661 2744 1728 sejacere
2773 1662 3072 1730 dispendio,
3104 1662 3148 1715 si
3173 1677 3278 1715 non
3302 1673 3496 1729 quanta
3527 1665 3733 1730 possint

2151 1751 2425 1806 celeritate
2476 1751 2746 1815 festinent,
2793 1765 2844 1804 ul
2880 1753 3094 1806 letbalia
3145 1753 3364 1806 vulnera
3404 1756 3733 1820 competenti

497 944 637 995 nitur
664 942 849 994 venire
872 941 1173 1010 collegium.
1205 941 1318 995 Alia
1344 949 1427 994 est
1456 939 1596 991 enim
1622 937 1865 990 humanae
1897 935 2058 1003 fragi-

493 1032 625 1085 Iitati
654 1033 972 1101 generaliter
994 1047 1243 1086 concessa
1269 1031 1500 1092 licentia,
1522 1029 1622 1081 alia
1637 1028 1718 1081 dei
1742 1036 1797 1081 et
1819 1042 1938 1081 esse
1953 1027 2057 1079 vita

492 1123 788 1177 divinarum
822 1139 998 1178 rerum
1025 1123 1240 1177 servitio
1271 1123 1285 1152 ‘
1312 1121 1572 1174 dedicata.

559 1211 685 1266 Car.
719 1212 909 1267 XXIII.
926 1211 1252 1281 —‘Qttisqttis
1276 1210 1502 1278 propriae
1529 1208 1769 1264 desertor
1792 1203 2056 1270 ecclesiae,

491 1303 650 1357 nullis
679 1303 1027 1358 existentibus
1053 1302 1256 1365 causis,
1287 1299 1352 1354 ad
1391 1298 1546 1353 aliam
1580 1297 1848 1368 putaverit
1873 1307 2055 1350 trans-

491 1395 758 1458 eundum,
793 1404 1097 1461 temereque
1139 1400 1417 1459 srsceptus
1445 1390 1605 1445 fuerit
1642 1399 1699 1444 et
1741 1397 2014 1456 prometus
2036 1427 2052 1454 ,

492 1485 909 1539 reverendorum
955 1499 1211 1538 canonum
1259 1483 1343 1538 vel
1389 1484 1501 1551 ipse
1547 1480 1631 1535 vel
1680 1489 1924 1548 receptor
1964 1478 2052 1551 [ad

489 1589 646 1640 quem
689 1574 956 1642 profectus
1004 1573 1102 1644 est]
1152 1577 1268 1639 ejus
1314 1583 1473 1640 atque
1521 1581 1807 1640 provector
1855 1571 2052 1622 consti-

490 1677 595 1718 tuta
637 1681 738 1718 non
766 1666 1011 1736 effugiet,
1048 1682 1164 1734 qua:
1195 1666 1260 1718 de
1300 1663 1598 1732 hujusmodi
1645 1661 2047 1731 prsesumptori-

485 1754 580 1808 bus
616 1756 891 1824 praeﬁxere
920 1755 1178 1811 servanda
1210 1754 1435 1825 (Νίσαεηὶ
1458 1769 1521 1808 xv
1542 1762 1589 1806 et
1617 1753 1745 1819 xvi).

554 1844 681 1899 CAP.
720 1845 905 1900 XXIV.
952 1875 1014 1885 —
1058 1846 1131 1900 De
1171 1843 1444 1899 monachis
1484 1843 1738 1911 laicisque
1780 1843 1830 1895 in
1877 1842 2046 1911 prima
2078 1832 2123 1891 Β
2154 1843 2503 1896 tncdicatinnc
2529 1854 2799 1896 curentur.
2832 1844 2946 1908 Quo
2996 1844 3135 1896 enim
3180 1858 3329 1896 more
3357 1851 3580 1897 teneant
3606 1843 3731 1910 jura

483 1936 748 2004 copiosius
787 1935 1160 2005 praeceptionis
1206 1933 1364 2004 hujus
1404 1935 1424 1965 ⁸
1467 1943 1615 2002 parte
1652 1933 1915 2001 digestum
1945 1941 2048 2000 est,

482 2026 638 2096 (Vide
666 2041 822 2094 supra
871 2041 987 2095 etp.
1022 2026 1056 2078 2
1079 2037 1132 2080 et
1161 2025 1214 2093 5)
1239 2069 1253 2093 ,
1297 2040 1417 2094 quae
1443 2024 1527 2077 vel
1555 2033 1816 2090 quatenus
1846 2023 1925 2076 his
1957 2037 2051 2090 pro

483 2132 661 2172 rerum
705 2127 1106 2185 temporumque
1143 2118 1458 2170 necessitate
1503 2126 1755 2167 concessa
1807 2113 1932 2177 sint,
1966 2111 2048 2164 vel

482 2207 963 2276 quemadmodum,
998 2207 1085 2260 ubi
1118 2206 1313 2258 nullius
1361 2204 1695 2257 necessitatis
1736 2202 1886 2273 [forte
1927 2201 2047 2254 lacti

481 2298 790 2368 necessitas]
841 2301 1099 2353 interesse
1131 2297 1383 2365 probatur
1408 2336 1422 2358 ,
1452 2310 1556 2347 non
1595 2294 1694 2347 nisi
1720 2305 1871 2346 vetus
1901 2293 2049 2345 insti-

479 2391 609 2444 tutio
639 2388 830 2443 debeat
854 2388 1127 2442 custodiri.
1159 2386 1305 2452 Quos
1329 2399 1454 2440 vero
1475 2386 1774 2439 constiterit
1805 2384 2048 2448 indignos

479 2479 724 2545 m'ritis,
755 2492 959 2532 sacram
1002 2487 1264 2532 mereatos
1316 2491 1435 2531 esse
1490 2473 1663 2544 pretio
1711 2473 2043 2540 dignitatem,

479 2572 750 2626 convictos
789 2580 998 2638 Oportet
1035 2570 1204 2623 arceri
1248 2583 1354 2621 non
1403 2567 1520 2620 sine
1564 2567 1798 2632 pericqu
1844 2565 2048 2618 facinus

479 2662 584 2717 tale
611 2662 630 2693 ³
660 2670 1026 2732 perpetrautes
1061 2676 1074 2713 :
1102 2659 1220 2728 quia
1245 2657 1456 2713 dantem
1485 2657 1681 2723 pariter
1701 2664 1754 2708 et
1781 2655 2047 2719 accipien-

479 2764 584 2810 tem
613 2755 882 2808 damuat'o
912 2753 1181 2819 Simonis,
1213 2766 1371 2822 quam
1402 2765 1550 2805 sacra
1583 2749 1738 2803 lectio
1763 2747 1900 2817 (Act.
1929 2749 2042 2818 vin)

477 2855 722 2913 testatur,
757 2845 998 2898 involvit.

546 2936 675 2991 Car.
701 2934 866 2990 XXV.
899 2963 968 2975 —
991 2934 1069 2989 De
1106 2933 1344 2987 locorum
1385 2929 1789 2986 consecratione
1832 2937 2044 2983 sancto—

477 3038 613 3090 rum,
658 3026 902 3095 quamvis
930 3025 1172 3093 supetius
1202 3021 1352 3094 (Cap.
1385 3021 1438 3091 4)
1467 3021 1690 3075 strictim
1722 3020 1878 3074 fuerit
1898 3035 2041 3075 eom-

477 3118 819 3186 prehensum.
839 3115 994 3170 nobis
1005 3129 1215 3184 quoque
1233 3114 1546 3180 patefactum
1566 3121 1666 3176 est,
1687 3111 1826 3181 quod
1845 3112 2043 3181 absque

2156 1935 2482 2000 pontiﬁcum,
2509 1936 2598 2002 qui
2626 1935 3016 2003 pontilicalibus
3045 1935 3283 1989 excubiis
3303 1944 3526 1989 eatenus
3553 1936 3732 2003 injun-

2151 2035 2234 2079 cta
2266 2025 2625 2085 dissimulant.
2661 2033 2717 2078 ut
2746 2025 3012 2078 contraria
3036 2025 3214 2077 domui
3269 2025 3382 2089 Dei,
3416 2026 3496 2079 cui
3534 2027 3726 2094 praesi-

2150 2115 2298 2177 dent,
2323 2115 2496 2183 potius
2522 2120 2848 2184 operentur?
2875 2115 2970 2182 Qui
2995 2125 3253 2183 quantum
3285 2117 3422 2181 apud
3447 2119 3728 2170 Dominum

2151 2217 2387 2274 possent,
2415 2208 2457 2260 si
2484 2222 2586 2260 non
2606 2207 2704 2260 nisi
2729 2207 3103 2260 convenientia
3129 2218 3496 2275 procurarent,
3523 2219 3729 2262 tantum

2149 2297 2272 2366 quid
2307 2307 2609 2352 mereantur
2631 2297 2910 2364 aspiciant,
2940 2313 3060 2351 cum
3089 2298 3402 2350 exsecrabili
3433 2297 3611 2352 studio
3638 2313 3724 2353 se-

2149 2397 2360 2441 ctentur
2397 2387 2640 2440 adversa.
2681 2386 2747 2439 Et
2784 2387 2933 2455 quasi
2968 2388 3136 2456 magis
3165 2387 3283 2440 haec
3313 2389 3492 2453 regula
3530 2390 3600 2440 sit
3627 2403 3728 2457 qua

2151 2476 2405 2531 ECC18>iLB
2433 2477 2666 2531 debeant
2708 2478 3022 2547 gubernari,
3066 2479 3108 2543 si
3136 2479 3390 2548 quidquid
3440 2489 3521 2534 est
3557 2482 3728 2535 eccle.

2146 2568 2374 2622 siasticis
2395 2567 2663 2622 inimicum
2711 2569 2905 2637 regulis
2929 2577 3285 2637 perpetratur,
3316 2585 3436 2623 eum
3468 2581 3522 2624 et
3550 2571 3596 2625 si
3633 2585 3727 2625 co-

2148 2661 2325 2726 gnitos
2349 2658 2530 2712 habuit
2557 2674 2792 2714 canones
2821 2662 3182 2729 unusquisque
3215 2663 3523 2729 pontiﬁcum
3543 2701 3558 2726 ,
3590 2665 3726 2715 inte.

2147 2757 2344 2801 inerata
2397 2748 2644 2802 debuerit
2703 2757 2886 2804 tenere
2944 2750 3203 2804 custodia.
3267 2751 3332 2804 Et
3389 2751 3434 2804 si
3501 2751 3724 2807 forsitan

2147 2839 2443 2902 nesciebat,
2491 2838 2774 2893 consulere
2826 2839 3052 2893 ﬁdenter
3108 2841 3408 2908 oportuerit
3452 2843 3716 2896 scientem

2146 2929 2238 3000 lat.
2273 2926 2647 3000 iguoran'tem].
2679 2929 2794 2996 Quo
2815 2931 2980 3000 magis
3010 2931 3283 2985 excusatio
3326 2931 3469 2984 nulla
3498 2947 3721 2987 succur-

2147 3021 2216 3072 rit
2251 3018 2550 3072 errantibus
2581 3034 2596 3072 :
2625 3021 2745 3088 quia
2777 3022 3018 3074 nesciens
3045 3018 3167 3092 [nec
3193 3023 3372 3075 sciens
3401 3022 3613 3075 omnino
3646 3024 3715 3077 Ie-

2145 3109 2364 3178 gendum
2394 3119 2484 3174 est,
2517 3119 2571 3162 ut
2602 3108 2746 3162 habet
2772 3111 2888 3163 cod.
2918 3108 3058 3164 Just.
3106 3120 3153 3163 et
3188 3112 3315 3163 edit.
3348 3109 3572 3182 Conon],
3597 3128 3721 3180 pro-

478 3217 747 3276 przecepto
776 3207 919 3260 sedis
957 3205 1265 3274 apostolica:
1297 3203 1538 3256 nonnulli
1583 3201 1750 3256 factas
1787 3202 2043 3258 ecclesias
2071 3189 2117 3250 Ο
2150 3202 2325 3269 posuit
2369 3215 2582 3256 servare
2610 3201 2750 3270 quod
2781 3211 3032 3270 noverat,
3080 3216 3180 3258 nec
3223 3203 3476 3272 ignorans
3515 3209 3721 3261 curavit

477 3298 818 3354 vel'oratoria
869 3311 1080 3351 sacrare
1105 3303 1424 3364 prxsumant
1457 3311 1468 3345 :
1505 3292 1606 3347 hoc
1630 3308 1814 3348 sumus
1863 3303 2037 3348 tamen

477 3389 674 3444 indicio
725 3386 1120 3442 detestabiliore
1162 3385 1419 3453 permoti,
1456 3383 1596 3451 quod
1636 3385 1690 3437 in
1723 3399 2040 3454 quocunque

478 3479 569 3550 lat.
606 3476 1063 3550 quorumcunque]
1092 3476 1306 3530 nomine
1344 3475 1742 3541 defunctorum,
1776 3485 1829 3530 et
1851 3476 2041 3545 (quan-

479 3583 590 3625 tum
637 3570 852 3640 dicitur)
889 3584 985 3624 nec
1032 3567 1250 3622 omnino
1298 3566 1567 3635 ﬁdelium,
1617 3567 2042 3620 constructiones

478 3659 768 3717 adiﬁcatas
797 3661 964 3715 sacris
993 3656 1568 3728 processionibits[Al.,
1599 3654 2040 3727 professionibus]

477 3753 732 3807 audacter
763 3752 1040 3804 instituere
1067 3756 1428 3802 memorantur
1457 3765 1469 3798 :
1501 3760 1619 3814 qua:
1653 3747 1904 3814 quoniam
1931 3755 2036 3799 tant

477 3843 667 3896 acerba
691 3852 794 3892 tam
825 3841 957 3892 dura
987 3847 1109 3893 sunt
1133 3837 1231 3902 κεί
1259 3852 1445 3890 revera
1475 3836 1888 3889 Christianitatis
1907 3835 2038 3890 affe.

477 3943 592 3986 ctus
615 3932 666 3984 in
695 3930 803 3983 illis
823 3927 1125 3997 regionibus
1147 3935 1320 3979 certus
1337 3937 1389 3978 et
1405 3926 1541 3976 ﬁxus
1562 3935 1663 3990 est;
1678 3935 1729 3978 et
1749 3926 2040 3978 districtius

476 4021 576 4076 ista
606 4028 928 4088 qumrantur,
952 4026 1006 4071 et
1025 4033 1053 4070 a
1071 4017 1260 4085 quibus
1285 4015 1478 4068 fuerint
1504 4026 1673 4084 gesta,
1700 4015 1992 4083 prodantur
2025 4033 2038 4069 :

475 4113 726 4184 quoniam
754 4113 889 4164 sicut
918 4108 1205 4165 latentibus
1232 4108 1284 4160 in
1310 4107 1407 4160 hac
1434 4107 1710 4160 atrocitate
1736 4108 2039 4161 nominibus

475 4218 582 4258 non
614 4208 804 4266 exstat,
838 4200 889 4254 in
913 4213 1066 4268 quem
1097 4197 1360 4252 sententia
1404 4196 1578 4250 debita
1610 4196 1935 4265 proferatur;
1967 4198 2038 4252 ita

473 4307 594 4347 cum
643 4289 934 4344 manifesds
975 4288 1131 4342 fuerit
1179 4286 1511 4341 documentis
1537 4286 1832 4355 expositus,
1880 4304 2036 4358 quem

474 4385 624 4458 [forte
650 4383 830 4456 quam]
859 4386 990 4438 tanti
1025 4384 1239 4438 sceleris
1266 4384 1429 4451 poscit
1476 4383 1797 4448 immanitas,
1830 4397 1931 4439 n0n
1961 4383 2038 4439 ef-

475 4476 635 4544 fugiet
661 4473 813 4547 [forte
841 4473 1043 4545 vitabit]
1075 4474 1338 4528 ullatenus
1370 4474 1641 4528 ultionem.

2144 3307 2302 3347 nosse
2330 3293 2468 3363 quod
2496 3303 2725 3363 gereret.

2224 3387 2352 3440 Car.
2399 3385 2613 3440 XXVII.
2641 3415 2712 3426 —
2757 3387 2999 3451 Quatuor
3049 3397 3224 3440 autem
3275 3394 3380 3439 tam
3433 3384 3503 3441 de
3546 3387 3722 3447 redita

2141 3491 2298 3545 quam
2327 3474 2392 3529 de
2420 3475 2689 3530 oblatione
2731 3475 2962 3529 ﬁdelium
2983 3517 2998 3541 ,
3040 3485 3195 3544 prout
3223 3476 3506 3542 cujuslibet
3548 3480 3720 3532 eccle-

2141 3568 2234 3621 sia:
2269 3567 2490 3622 facultas
2519 3567 2784 3631 admittit,
2810 3567 2948 3622 sicut
2977 3567 3174 3621 dudum
3203 3568 3594 3623 rationabiliter
3633 3581 3718 3625 est

2141 3657 2448 3722 decretum,
2481 3659 2731 3713 convenit
2761 3659 2873 3712 ﬁeri
2915 3660 3206 3726 portiones.
3238 3659 3472 3726 Quarum
3508 3664 3577 3714 sit
3611 3679 3715 3716 una

2141 3747 2427 3815 pontiﬁcis,
2451 3749 2614 3802 altera
2645 3749 2983 3812 clericorum,
3012 3764 3300 3817 pauperum
3327 3753 3503 3816 tertia,
3527 3764 3714 3818 quarta

2139 3837 2354 3893 fabricis
2396 3838 2727 3907 applicanda.
2766 3839 2838 3893 De
2866 3840 3084 3905 quibus,
3118 3843 3254 3894 sicut
3295 3843 3594 3896 sacerdolis
3635 3845 3715 3897 in-

2141 3931 2361 3995 tererit,
2417 3931 2676 3998 integram
2717 3931 2998 3986 'ministris
3061 3933 3305 3987 ecclesiae
3361 3944 3712 3988 memoratam

2141 4018 2442 4086 dependere
2471 4022 2846 4089 quantitatem,
2873 4021 2950 4075 sic
2972 4023 3147 4076 clerus
3177 4023 3266 4096 [αι.
3293 4021 3547 4094 clerieu~]
3577 4025 3714 4082 ultra

2141 4109 2434 4179 delegatam
2483 4109 2586 4165 sibi
2635 4127 2900 4165 summam
2935 4113 3092 4184 nihil
3155 4112 3451 4168 insolenter
3505 4119 3714 4170 noverit

2141 4202 2513 4269 expetendum.
2544 4202 2615 4256 Ea
2646 4217 2773 4257 vero
2802 4218 2920 4271 qute
2956 4205 3328 4258 ecclesiasticis
3358 4205 3598 4259 aediliciis
3628 4217 3712 4259 at-

2143 4295 2334 4346 tributa
2364 4302 2518 4358 suut,
2553 4294 2677 4347 huic
2706 4295 2853 4358 oleri
2897 4296 3160 4348 veraciter
3198 4306 3522 4363 prazrogata,
3568 4297 3713 4352 luco-

2139 4399 2253 4438 rum
2294 4383 2481 4437 doceat
2525 4384 2839 4437 instauratio
2883 4384 3163 4438 manifesta
3202 4395 3510 4440 sanctorum
3542 4405 3556 4442 :
3587 4391 3713 4458 quia

2140 4476 2285 4528 nefas
2331 4482 2444 4540 est,
2491 4475 2538 4528 si
2589 4475 2757 4528 sacris
2801 4474 3005 4529 aedibus
3055 4474 3354 4541 destitutis,
3404 4477 3455 4529 in
3505 4477 3710 4534 lucrum

545 4568 672 4622 Car.
703 4566 888 4620 XXVI.
909 4595 979 4604 ——
1000 4565 1350 4619 Nihilominus
1379 4565 1714 4633 impatienter
1735 4565 2032 4621 audivimus
2060 4549 2109 4606 Π
2139 4581 2290 4618 suum
2335 4565 2525 4632 praesul
2569 4564 2835 4631 impendia
2879 4564 2961 4619 bis
3000 4565 3274 4633 designata
3315 4568 3411 4641 [αι.
3436 4568 3712 4641 deputata]

472 4668 677 4713 tantum
721 4658 1014 4712 divinarum
1047 4673 1224 4711 rerum
1257 4657 1483 4710 subiisse
1511 4659 1840 4726 despectum,
1869 4669 1924 4713 ut
1957 4660 2031 4714 fe-

472 4751 630 4802 minae
654 4750 822 4802 sacris
844 4748 1097 4801 altaribus
1122 4743 1423 4800 ministrare
1443 4747 1679 4802 ferantur
1701 4748 1789 4819 lat.
1818 4753 2033 4804 ﬁrmen-

472 4849 588 4903 tur;
617 4840 688 4892 ita
718 4847 763 4892 ct
803 4839 856 4890 in
881 4837 1028 4907 Lua]
1054 4856 1067 4902 ;
1091 4851 1143 4894 et
1169 4848 1492 4907 cunctaquze
1523 4855 1626 4892 non
1664 4840 1762 4893 nisi
1792 4840 2029 4895 virorum

469 4931 739 4985 famulatui
771 4931 1017 4999 deputata
1057 4943 1175 4984 sunt
1203 4970 1218 4996 ,
1267 4945 1451 4986 sexum
1497 4931 1580 4985 cui
1627 4947 1731 4986 non
1777 4935 2030 5002 competit

473 5023 746 5076 exhibere.

543 5114 668 5167 Viso
681 5112 774 5183 [αι.
789 5114 910 5177 nisi;
926 5113 996 5165 ita
1010 5123 1054 5165 et
1068 5114 1118 5166 in
1142 5110 1292 5183 Luc.]
1308 5112 1444 5181 quod
1459 5112 1693 5176 omnium
1709 5113 2027 5168 delictorum

469 5220 583 5271 qua:
611 5203 875 5271 sigillat-im
902 5204 1326 5271 perstrinximus,
1355 5217 1488 5256 noxa
1516 5205 1686 5257 omnis
1717 5204 1810 5276 [αι.
1843 5207 2029 5259 noxio-

467 5309 584 5347 rum
613 5304 794 5348 reatus
819 5293 1012 5364 omuis]
1042 5305 1094 5348 et
1129 5296 1330 5349 crimen
1361 5310 1456 5348 eos
1482 5294 1695 5362 respicit
1723 5299 2030 5351 sacerdotes

467 5385 552 5451 qui
583 5384 665 5438 vel
704 5387 804 5436 ista
845 5385 1208 5448 committunt,
1240 5385 1322 5438 vel
1368 5385 1765 5440 committentes
1809 5388 2031 5443 minime

466 5475 801 5542 publicando,
831 5477 1004 5545 pravis
1038 5476 1344 5532 excessibus
1372 5491 1431 5533 se
1456 5477 1648 5550 favere
1678 5478 1979 5549 signiﬁcant
2013 5499 2024 5532 :

538 5611 547 5638 '
584 5609 658 5663 Id.
683 5611 824 5675 cod.,
855 5613 1272 5668 dedicandorum.

534 5681 553 5709 ’
585 5681 660 5751 Ill.
694 5684 835 5744 cod.,
863 5694 1002 5745 parte
1027 5684 1238 5751 digesta.

584 5750 657 5804 id.
685 5752 828 5814 cod.,
862 5756 1118 5806 vendente.

2133 4665 2426 4710 convertat.
2475 4655 2645 4724 Ipsam
2681 4655 3022 4711 nihilominus
3050 4658 3336 4727 ascriptarn
3383 4662 3711 4729 pauperibus

2136 4750 2430 4814 portionem
2452 4785 2465 4808 ,
2488 4748 2729 4816 quamvis
2753 4746 2944 4800 divinis
2969 4747 3263 4802 rationibus
3283 4763 3342 4804 se
3367 4751 3710 4818 dispensasse

2133 4849 2522 4892 monstraturus
2553 4854 2672 4902 esse
2712 4837 2969 4900 videatur,
3004 4847 3178 4893 tamen
3208 4841 3355 4907 juxta
3387 4841 3528 4909 quod
3574 4843 3710 4896 seri~

2137 4941 2280 4997 ptum
2314 4937 2430 4982 est:
2469 4928 2536 4982 Ut
2565 4929 2763 4982 videant
2791 4945 2946 4996 opera
2972 4939 3136 4984 vestra
3165 4929 3314 4994 bona,
3343 4939 3386 4983 et
3420 4931 3710 5000 gloriﬁcent

2141 5019 2342 5075 Patrem
2380 5029 2623 5085 vestrum,
2652 5021 2738 5090 qui
2777 5021 2830 5073 in
2859 5022 2993 5075 cretis
3023 5033 3095 5076 est
3138 5021 3352 5094 (Matth.
3381 5022 3435 5094 ν)
3454 5065 3466 5085 .
3493 5035 3708 5092 Oportet
3737 5020 3751 5074 ἔ

2133 5113 2292 5165 etiam
2358 5113 2604 5180 prlesenti
2661 5111 3030 5168 testiﬁcatione
3085 5113 3393 5182 praedicari,
3445 5125 3500 5170 et
3546 5115 3703 5172 bona:

2135 5203 2285 5258 famre
2313 5206 2592 5272 prteconiis
2619 5219 2722 5258 non
2753 5205 2939 5262 taceri.

2206 5295 2330 5349 Car.
2364 5295 2595 5348 XXVIII.
2619 5325 2689 5334 —-
2717 5295 3049 5365 Quapropter
3093 5312 3190 5351 nec
3227 5297 3320 5368 fol.
3352 5296 3438 5368 ne]
3479 5300 3700 5354 clerico.

2131 5402 2248 5442 rum
2300 5388 2562 5457 quispiam
2608 5401 2668 5442 se
2719 5386 2874 5456 hujus
2925 5387 3144 5442 offensa:
3191 5389 3424 5443 futurum
3470 5393 3708 5447 conﬁdat

2131 5481 2458 5547 immunem,
2495 5479 2536 5532 si
2587 5477 2639 5531 in
2680 5477 2763 5533 his
2801 5493 2918 5547 quas
2954 5464 3241 5534 salubriter
3287 5481 3558 5550 sequenda
3615 5483 3710 5538 de.

2195 5613 2216 5644 δ
2251 5613 2341 5687 Id._
2365 5613 2484 5667 eod.
2523 5614 2671 5668 addit
2693 5624 2745 5668 ut
2772 5615 2946 5670 eadem
2975 5616 3058 5670 vix
3079 5625 3247 5671 noster
3271 5620 3404 5686 ferre
3429 5621 3591 5687 possit
3616 5640 3707 5678 σας

2129 5685 2269 5737 ditus
2300 5684 2342 5735 si
2373 5700 2561 5749 revera,
2593 5695 2698 5738 etc.

2197 5755 2216 5784 '
2252 5752 2326 5807 Id.
2362 5757 2504 5822 cum,
2537 5758 2779 5812 delatum.
