3994 6416
225 418 294 475 57
1438 404 1795 465 EPISTULAE

1912 406 1922 423 ‘
1964 405 2304 460 DECRETA.

3455 407 3521 464 58

236 529 625 601 μοιηρςίιηυς,
677 528 791 584 sive
846 524 1155 593 episcopum
1183 562 1196 586 ,
1249 522 1363 577 sive
1414 522 1817 591 presbyterum,
1852 525 1899 582 Α
1936 521 2183 589 quoniam
2218 534 2312 587 pro
2338 517 2484 573 sedis
2513 518 2825 588 apostolica:
2867 521 3199 589 principatu,
3233 523 3385 591 cujus
3413 527 3520 579 sol-

232 626 340 677 sive
371 625 657 677 diaconum
699 620 895 676 viderit
922 618 1271 673 excedentem
1292 661 1305 685 ,
1339 631 1445 670 non
1472 617 1720 684 protinus
1747 616 1814 670 ad

231 728 387 766 aures
419 723 629 767 nostras
656 710 867 765 deferre
898 708 1200 770 curaverit,
1235 706 1639 774 probationibus
1678 707 1816 760 dun-

230 813 378 858 taxat
415 814 783 870 competenter
825 800 1099 863 exhibitis,
1132 810 1190 854 ut
1222 800 1635 868 transgress-iris
1680 800 1812 853 ultio

231 898 352 958 ﬁat,
384 905 437 949 ct
461 896 673 949 creti-ris
704 894 1013 947 interdictio
1042 891 1407 960 delinquendi.
1442 890 1531 944 Sui
1575 889 1669 961 [al.
1701 888 1812 961 Sic]

230 1002 356 1039 Vt'ru
390 986 559 1039 modis
589 984 837 1037 omnibus
861 984 964 1038 erit
992 984 1356 1050 unusquisque
1388 981 1695 1047 pontificum
1725 995 1815 1033 or-

226 1078 369 1131 dinis
408 1089 455 1130 et
510 1078 726 1129 honoris
755 1076 936 1139 elisnr,
970 1075 1011 1127 si
1044 1073 1289 1142 cuiquam
1340 1073 1691 1136 clericorum,
1728 1071 1808 1125 vel

227 1171 483 1224 Ecclesia:
522 1172 682 1222 totius
720 1169 919 1221 audi:ui
951 1168 1063 1220 luce
1108 1165 1369 1233 mutaverit
1409 1165 1807 1231 supprimenda.

224 1262 355 1315 Data
388 1277 420 1312 v
458 1261 575 1315 idus
621 1260 793 1314 Martii
848 1262 1009 1326 (anno
1047 1257 1246 1311 Christi
1292 1254 1459 1323 494),
1503 1255 1718 1309 Αςιρῐίο
1760 1263 1812 1308 et

221 1351 481 1406 Praesidio
505 1351 635 1406 viris
673 1349 989 1404 clarissimis
1016 1348 1346 1402 consulibus.
1384 1346 1447 1400 Et
1476 1347 1581 1400 alia
1614 1363 1766 1400 manu
1790 1362 1809 1400 :

221 1442 365 1497 Deus
394 1458 489 1498 vos
513 1441 807 1496 incolumes
834 1439 1127 1507 custodiat,
1158 1440 1350 1493 fratres
1378 1437 1664 1493 carissimi.

804 1551 1132 1606 EPISTULA
1172 1551 1237 1605 X.

707 1660 773 1698 ΑΙ)
809 1657 1087 1696 EPISCOPOS
1116 1657 1340 1697 SlClthE.

215 1734 467 1789 Ecclesia:
505 1735 774 1804 facultates
801 1736 864 1785 ab
896 1736 1163 1803 episcopis,
1196 1734 1393 1786 clericis
1421 1742 1467 1786 et
1502 1732 1808 1802 pauperibus

289 1807 527 1858 distribui
566 1806 779 1869 debere;
810 1804 1047 1855 dia'ceses
1084 1815 1128 1856 et
1170 1806 1300 1855 bona
1341 1804 1563 1856 ecclesia?
1593 1805 1653 1854 ab
1699 1804 1807 1869 epi-

284 1878 427 1944 c0pis
458 1876 663 1944 triginta
694 1890 854 1927 annos
888 1889 1122 1939 possessa
1144 1875 1216 1927 eis
1246 1890 1347 1926 non
1378 1875 1678 1941 auferenda.

287 1984 537 2040 Gelasius
569 1986 820 2037 Romana:
848 1984 1100 2037 Ecclesia:
1129 1985 1413 2052 episcopus
1441 1983 1805 2036 dilectissimis

212 2088 266 2132 et
300 2077 352 2131 in
396 2076 594 2131 Christi
633 2077 855 2130 caritate
885 2076 1212 2129 unanimiter
1248 2076 1505 2129 connexis
1554 2075 1806 2130 fratribus

210 2169 479 2237 episc0pis
502 2168 589 2237 qui
615 2169 667 2223 in
696 2168 878 2223 Sicilia
907 2176 1032 2220 sunt
1060 2167 1358 2220 constituti.

286 2261 586 2316 Prtesulutn
627 2260 919 2314 auctoritas
959 2270 1267 2313 nostrorum
1314 2261 1612 2323 emanavit,
1643 2268 1700 2311 ut
1731 2257 1806 2312 fa-

210 2353 441 2408 cultates
472 2351 714 2406 ecclesia:
740 2351 982 2420 episcopi
1024 2351 1088 2403 ad
1123 2350 1413 2420 regendum
1450 2350 1681 2404 habeant
1714 2366 1807 2417 po-

211 2455 493 2510 testatem;
524 2446 598 2499 ita
632 2458 806 2498 tamen
834 2454 890 2497 nt
915 2443 1225 2509 viduarttm,
1259 2443 1577 2513 pupillorum
1598 2484 1612 2506 ,
1645 2452 1807 2513 atque

211 2551 508 2606 pauperum
528 2578 541 2600 ,
572 2552 672 2590 nec
698 2553 802 2589 non
833 2537 1150 2591 clericorum
1179 2536 1450 2602 stipendia
1482 2536 1807 2591 distribuere

212 2628 461 2681 debeant.
498 2626 609 2680 lloe
646 2630 725 2682 eis
761 2628 920 2681 etiam
952 2627 1237 2681 statuimus
1273 2626 1421 2693 dari,
1450 2627 1591 2695 quod
1626 2626 1807 2681 hacte-

212 2734 315 2773 nus
345 2720 618 2776 decretum
652 2727 753 2773 est.
785 2719 1068 2788 Reliquum
1105 2719 1207 2773 sibi
1236 2719 1471 2786 episcopi
1506 2718 1803 2785 vindicent,

212 2819 270 2862 ut
301 2811 462 2878 (sicut
489 2818 613 2863 ante
644 2806 899 2877 diximus)
933 2808 1336 2878 peregrinorum
1367 2817 1531 2878 atque
1567 2808 1807 2877 captivo-

211 2915 333 2955 rum
360 2898 636 2968 largitores
657 2914 777 2953 esse
809 2898 1038 2967 possint.

282 2989 419 3043 lllud
463 2989 625 3043 etiam
656 2988 867 3043 adnecti
900 2988 1124 3056 placuit,
1158 2997 1219 3043 ut
1250 2989 1293 3041 si
1334 2988 1496 3058 (quod
1536 2989 1699 3059 absit)
1732 2990 1807 3044 fa-

212 3078 440 3133 cultates
467 3077 735 3143 ecclesiae,
772 3090 871 3131 nec
910 3090 1014 3131 non
1046 3086 1100 3131 et
1139 3075 1404 3132 diteceses
1446 3092 1568 3146 quae
1603 3080 1672 3132 ab
1708 3078 1807 3133 ali-

212 3168 408 3237 quibus
460 3167 802 3235 possldeutur
842 3167 1142 3235 episcopis,
1183 3168 1303 3235 jure
1348 3167 1451 3222 sibi
1494 3168 1800 3235 vindicent,

1835 1885 1882 1943 B
1912 1885 2225 1938 intemerata
2280 1886 2510 1939 servetis
2554 1902 2565 1936 :

1921 610 2145 663 licitutlo
2176 610 2416 678 delegata
2450 610 2707 662 divinitus
2737 614 2945 665 cunctis
2982 612 3210 666 debetur
3244 613 3516 683 Ecelesiis,

1919 715 2018 754 nos
2066 702 2323 767 vivimus,
2367 703 2407 754 si
2454 718 2550 754 vos
2597 704 2750 756 statis
2797 702 2849 757 in
2903 704 3159 767 Domino,
3199 706 3516 774 magnisque

1918 792 2129 861 gaudiis
2170 791 2584 860 triumphamus.
2620 792 2751 846 Cum
2785 794 2982 861 ubique
3026 794 3289 847 terrarum
3338 795 3517 847 Domi-

1918 899 2044 937 num
2101 884 2337 938 Sabaoth
2388 900 2571 938 semen
2625 900 2769 952 purae
2814 885 3169 941 confessionis
3221 886 3507 954 reliquisse

1915 975 2313 1041 cognoscimus,
2345 975 2485 1042 quod
2520 991 2625 1028 non
2666 975 2718 1027 in
2768 986 2979 1041 petrosa
3028 976 3343 1041 deveniens,
3382 987 3513 1030 {BSUI

1917 1066 2225 1118 teutatiouis
2270 1067 2507 1131 exaruit,
2552 1081 2653 1120 nec
2698 1065 2797 1120 vite
2846 1068 3148 1134 proximum
3192 1069 3385 1121 cecidit
3426 1084 3518 1121 va-

1915 1156 2157 1207 cantibus
2210 1155 2441 1208 inimicis
2488 1156 2831 1221 expositum,
2885 1170 2984 1209 nec
3034 1157 3085 1209 in
3135 1157 3306 1223 spinis
3358 1159 3515 1212 irruit

1914 1248 2314 1312 suﬁ'ocandum,
2353 1248 2447 1301 sed
2494 1247 2545 1301 in
2582 1248 2773 1301 bonam
2823 1259 3021 1304 tetram
3056 1250 3161 1317 pice
3209 1249 3516 1305 devotionis

1913 1347 2107 1392 vestrae
2152 1339 2359 1393 ctelesti
2414 1340 2644 1393 factione
2691 1338 2786 1411 [al.
2820 1337 3059 1409 satione]
3104 1338 3406 1406 dispersum
3460 1338 3512 1391 itt

1915 1428 2245 1495 trigesimum
2292 1438 2344 1482 et
2391 1429 2788 1496 sexagesimum
2833 1427 3065 1483 fructum
3112 1429 3512 1482 centenarium-

1916 1532 2018 1585 que
2062 1516 2320 1585 profecit,
2358 1518 2855 1585 profectionemque
2896 1518 3103 1571 scilicet
3137 1516 3387 1571 frumenti
3418 1517 3512 1571 (ιον

1914 1610 2092 1662 tninici
2128 1609 2349 1678 mystica
2393 1610 2661 1662 locutione
2700 1610 3006 1678 designans.
3044 1608 3383 1677 QuaprOpter
3418 1622 3513 1663 ex-

1912 1701 2236 1755 sultantibus
2291 1702 2486 1755 animis
2538 1701 2897 1754 conﬁdentius
2951 1702 3273 1763 incitamus,
3330 1708 3388 1753 ut
3442 1700 3511 1753 ab

1915 1792 2263 1862 Entychianae
2298 1794 2462 1860 pestis
2505 1792 2722 1846 incursu
2767 1802 2983 1859 pectora
3016 1804 3192 1845 vestra
3238 1807 3333 1861 sap
3355 1802 3509 1847 euter

2619 1885 2875 1955 quoniam
2926 1885 3032 1953 jam
3082 1887 3171 1953 qui
3220 1892 3510 1954 perseverat

1908 1993 2064 2045 usque
2109 1979 2161 2028 in
2193 1977 2379 2044 ﬁnem,
2418 1977 2501 2029 hic
2544 1978 2719 2029 salvus
2760 1978 2852 2029 erit
2896 1976 3108 2047 (Matth.
3140 1977 3218 2043 it).
3258 1977 3509 2029 Dominus

1908 2084 2067 2138 prepe
2107 2078 2211 2135 est,
2255 2068 2385 2121 nihil
2427 2068 2638 2124 solliciti
2681 2070 2792 2123 sitis
2832 2068 3069 2138 (Philip.
3100 2075 3208 2137 tv);
3243 2070 3506 2139 siquidem

1818 2186 1824 2191 ·
1908 2165 2081 2230 major
2104 2175 2184 2218 est
2215 2163 2356 2233 quod
2387 2164 2438 2217 in
2472 2164 2628 2217 nobis
2656 2172 2918 2231 estquam
2944 2162 3031 2229 qui
3065 2164 3116 2215 in
3149 2164 3251 2217 hoc
3280 2162 3505 2226 mundo.

1908 2272 2238 2325 regnumque
2273 2258 2481 2311 Domini
2526 2259 2663 2311 intra
2698 2272 2795 2311 nos
2824 2256 3008 2329 (etiam
3040 2256 3316 2325 Scriptura
3348 2255 3500 2329 [Lua

1912 2346 2044 2416 xvtt]
2085 2351 2339 2417 testante)
2382 2349 2450 2402 sit
2496 2359 2728 2404 certum.
2761 2350 2829 2403 Ut
2856 2356 3034 2403 autem
3067 2348 3137 2402 ab
3182 2364 3368 2401 eorum
3415 2349 3505 2417 qui

1910 2440 1963 2493 in
1992 2448 2176 2493 errore
2206 2450 2331 2494 sunt
2360 2442 2553 2510 positi,
2596 2442 2753 2494 noxia
2795 2440 3056 2495 societate
3096 2442 3351 2504 caveatis,
3384 2443 3506 2494 nul—

1910 2530 2019 2584 lum
2066 2521 2262 2586 talibus
2307 2532 2793 2585 eommunicantem
2842 2530 2908 2583 ad
2951 2541 3189 2585 vestrum
3233 2530 3506 2597 recipiatis

1908 2622 2146 2690 qualibet
2173 2623 2532 2692 sulireptione-
2550 2623 2879 2675 consortium
2907 2639 2920 2675 :
2954 2622 3077 2692 quia
3119 2623 3260 2677 sicut
3292 2622 3343 2676 in
3377 2638 3507 2676 una-

1910 2730 2121 2784 quaque
2154 2714 2347 2770 hmresi
2384 2731 2504 2770 cum
2554 2718 2830 2784 pravitatis
2859 2724 3080 2770 auctore
3107 2716 3359 2770 damnato
3387 2731 3507 2770 suc-

1908 2819 2153 2861 cesseres
2194 2808 2309 2873 ejus
2350 2816 2404 2861 et
2433 2808 2728 2875 complices
2772 2817 2933 2875 atque
2980 2806 3284 2876 linjusmodi
3331 2816 3507 2861 secta-

1910 2892 2117 2952 toribus
2180 2899 2385 2967 polluta
2440 2900 2822 2954 communione
2887 2899 3182 2966 permixtos
3243 2899 3508 2953 catholica

1906 2990 2078 3042 vitare
2108 2988 2267 3042 debet
2300 2990 2599 3058 integritas,
2633 2991 2704 3043 ita
2732 3005 2853 3044 cum
2888 2989 3187 3059 Eutycliete
3218 2989 3507 3043 Dioscorus

1907 3080 2173 3149 simuique
2217 3080 2536 3135 Timotheus
2580 3082 2808 3137 λειω-οε
2849 3089 2905 3135 et
2952 3082 3140 3135 Petrus
3186 3080 3509 3135 Alexandri-

1908 3186 2030 3234 nus,
2059 3172 2283 3240 ejusque
2309 3173 2735 3228 communicator
2769 3173 3018 3237 Aeacius,
3052 3188 3152 3227 nec
3187 3187 3294 3227 non
3338 3173 3505 3228 etiam

212 3256 354 3323 quod
392 3255 695 3310 tricennalis
735 3254 831 3327 [al.
862 3254 1208 3327 tricennariaj
1241 3257 1325 3310 lex
1349 3257 1644 3323 conclusit,
1678 3258 1801 3326 quia
1832 3247 1878 3309 C
1911 3262 2275 3316 Antiochenus
2309 3262 2521 3327 Petrus,
2560 3280 2681 3318 eum
2728 3265 2842 3320 suis
2874 3274 3001 3319 sunt
3043 3265 3265 3318 omnino
3295 3263 3510 3332 perlici.

212 3354 270 3401 et
297 3344 527 3399 filiorum
557 3353 862 3397 nostrorum
894 3345 1192 3413 principum
1220 3345 1291 3399 ita
1322 3349 1585 3400 emanavit
1623 3358 1807 3403 aucto-

212 3435 381 3502 ritas,
424 3436 486 3489 ιιι
530 3433 668 3489 ultra
715 3433 930 3504 triginta
980 3450 1151 3488 annos
1208 3437 1340 3490 nulli
1389 3436 1549 3491 liceat
1594 3454 1692 3507 pro
1740 3453 1806 3493 eo

212 3527 515 3596 appellare,
546 3524 687 3595 quod
732 3527 908 3593 legum
952 3537 1161 3595 tempus
1206 3526 1300 3600 [aL
1333 3531 1527 3593 tutela,
1571 3533 1674 3585 sive
1717 3548 1804 3585 rc-

211 3617 371 3686 gttla,
401 3623 489 3668 aut
519 3616 686 3684 potius
718 3614 944 3687 cautela]
988 3618 1235 3671 exclusit.
1282 3619 1409 3671 Data
1446 3619 1619 3673 idibus
1651 3620 1802 3691 Maii,

214 3707 431 3777 A~terio
453 3717 505 3761 et
538 3706 793 3761 Praesidio
819 3708 946 3761 viris
971 3709 1287 3764 clarissimis
1308 3712 1616 3767 consulibus
1641 3714 1805 3783 (anno

212 3797 414 3854 ῦιιινίειί
442 3797 568 3870 tat)
594 3800 633 3853 ι.

772 3891 1106 3949 EPISTULA
1147 3893 1239 3948 XI.

480 4020 545 4057 AD
578 4018 852 4058 BPlaCOPOS
883 4012 1160 4058 υΑιιιιΑΝιιε
1192 4018 1259 4057 ΕΤ
1290 4018 1539 4057 ιιωιιιιϐι.

213 4134 549 4190 Commendat
592 4152 765 4189 eorum
802 4137 1135 4205 religionem;
1169 4136 1671 4189 Thessalonicensem
1698 4136 1807 4200 epi-

284 4223 495 4273 scopum
512 4249 525 4265 ,
554 4208 641 4276 qui
668 4206 735 4257 Ito
750 4209 1016 4259 micorum
1038 4210 1243 4258 nomina
1266 4210 1513 4258 damnare
1536 4207 1805 4269 recusarit,

284 4280 577 4340 apostolica:
604 4278 738 4329 sedis
768 4278 1117 4329 communione
1156 4282 1410 4344 privatum
1440 4292 1566 4339 esse,
1600 4287 1643 4327 et
1678 4277 1807 4327 Aca-

282 4350 419 4400 cium
453 4348 502 4397 in
544 4348 1065 4399 eacommunicatione
1093 4358 1353 4399 mortuum
1382 4363 1481 4399 non
1523 4353 1672 4410 posse
1716 4350 1808 4398 ub-

284 4418 413 4471 sulut'
441 4418 716 4485 significat.

286 4528 530 4581 Gelasius
574 4528 857 4595 episcopm
902 4527 1165 4582 universis
1208 4530 1477 4596 episcopis
1529 4544 1628 4598 per
1673 4530 1808 4584 Dar-

1912 3351 2072 3421 pibus
2107 3353 2411 3411 abdicandi.
2450 3353 2561 3409 Nec
2589 3356 2900 3424 quisquam,
2934 3356 3141 3409 etiamsi
3192 3354 3509 3423 pravitatem

1911 3444 2185 3512 deponere
2215 3460 2275 3500 se
2302 3446 2613 3515 promittat,
2656 3448 2947 3502 recitandis
2990 3458 3169 3502 tamen
3202 3446 3537 3501 nominibus

1911 3538 2253 3590 consentiens
2285 3536 2651 3605 perditorum,
2684 3538 2769 3592 vel
2806 3538 2999 3593 eadem
3032 3539 3372 3593 recitautiutn
3404 3540 3510 3591 mi-

1913 3628 2057 3680 nime
2084 3629 2460 3682 communione
2487 3629 2754 3685 discretus
2785 3631 2851 3684 ad
2897 3624 3242 3684 im’maeulata
3287 3631 3510 3685 sacrile-

1909 3722 2011 3788 giis
2068 3720 2227 3774 ovilia
2283 3722 2688 3791 quibuscunque
2740 3723 2918 3778 modis
2971 3735 3055 3779 est
3116 3722 3510 3792 permltteudus

1910 3813 2134 3875 intrare,
2162 3825 2217 3865 ut
2249 3812 2487 3867 Ecclesia
2524 3815 2612 3867 Dei
2644 3819 2846 3880 nostri,
2873 3831 2988 3884 qua:
3016 3816 3273 3867 maculam
3299 3830 3509 3883 rugam-

1910 3917 2008 3969 que
2054 3916 2156 3953 non
2201 3904 2413 3956 sustinet
2460 3903 2692 3972 (Ephes.
2732 3906 2817 3973 v),
2867 3906 3120 3959 inviolata
3171 3914 3507 3973 permaneat.

1910 3991 2104 4045 Albim.
2142 4006 2272 4060 ergo
2303 4006 2331 4044 a
2374 3993 2622 4046 fidelibus
2663 3995 2863 4048 Christi
2913 3994 3114 4061 viperae
3157 3996 3348 4061 capitis
3392 3994 3509 4051 dira

1910 4085 2234 4137 commercia
2254 4127 2268 4151 ,
2295 4096 2346 4137 et
2380 4086 2564 4152 procul
2591 4101 2620 4137 a
2649 4087 2961 4141 caelestibus
2993 4088 3201 4154 pascuis
3234 4088 3508 4143 mortifera

1912 4188 2116 4227 venena
2150 4176 2437 4241 pellantur,
2484 4188 2540 4229 ut
2584 4177 2836 4230 salutaris
2879 4178 3132 4232 alimonia
3166 4180 3318 4247 panis
3365 4179 3509 4234 illius

1912 4266 2000 4333 qui
2029 4266 2098 4320 de
2128 4266 2267 4321 caelo
2315 4266 2594 4322 descendit
2638 4268 2821 4336 (Joan.
2848 4270 2958 4340 vt),
3007 4270 3192 4323 ﬁdeles
3240 4270 3382 4323 hanc
3420 4284 3510 4324 su-

1914 4370 2123 4413 mentes
2153 4361 2219 4413 ad
2248 4361 2406 4415 vitam
2440 4364 2697 4428 perducat
2726 4374 3005 4417 aeternam.

1984 4451 2115 4516 Qua:
2144 4462 2201 4505 ut
2242 4463 2421 4506 mutua
2453 4453 2725 4506 valeamus
2754 4456 3135 4511 exhortatione
3176 4455 3507 4524 prospicere,

1913 4542 2003 4597 det
2029 4557 2247 4611 operam
2272 4554 2447 4597 vestra
2475 4544 2615 4598 dilec
2643 4551 2691 4598 to
2719 4556 2772 4598 ut
2800 4549 3115 4612 sOSpitatem
3147 4559 3340 4601 vestra:
3370 4548 3507 4601 cari-

209 4619 427 4673 daniam
473 4617 547 4690 [in
576 4637 658 4687 qq.
686 4622 839 4672 codd.
869 4621 969 4691 leg.
999 4632 1052 4675 et
1081 4619 1316 4693 Daciam]
1347 4624 1461 4677 sive
1509 4638 1605 4691 per
1635 4624 1801 4694 Illyri-

1912 4634 2036 4687 tatis
2085 4645 2357 4702 Optatam,
2406 4647 2462 4691 et
2512 4637 2632 4689 fidei
2684 4638 2988 4691 communis
3040 4640 3291 4693 instantia
3351 4640 3509 4695 nobis

210 4726 336 4765 cum
374 4711 697 4764 COl‘l‘lllUllS.

285 4801 577 4855 Audientes
599 4803 950 4857 orthodoxam
977 4814 1168 4857 vestra:
1189 4802 1495 4859 dilectionis
1515 4805 1565 4859 in
1591 4805 1806 4862 Christo

207 4895 597 4958 constantiam,
643 4903 803 4962 atque
848 4897 917 4948 ita
960 4910 1054 4949 vos
1100 4897 1337 4964 antiquae
1386 4897 1507 4951 ﬁdei
1556 4914 1801 4953 commu-

211 4984 491 5052 nionisque
530 4989 753 5041 sincera:
784 4987 1154 5039 traditionibus
1184 4979 1528 5054 inhaerentes,
1568 5000 1625 5043 ut
1658 5009 1800 5044 men-

211 5087 318 5130 tem
353 5072 668 5129 Christinna:
689 5078 922 5130 deditam
950 5079 1160 5131 veritati
1190 5079 1495 5133 nullatenus
1521 5082 1803 5135 infecerint

209 5169 688 5238 pravariratorum
714 5171 882 5222 vicina
911 5172 1174 5238 contagia,
1210 5172 1666 5239 tnagniﬁcavimus
1699 5175 1801 5228 Do-

208 5254 420 5311 minum
441 5298 456 5319 ,
489 5258 874 5327 caritatemque
903 5271 1134 5312 vestram
1167 5260 1345 5313 missis
1374 5262 1566 5315 litteris
1598 5263 1799 5331 alloqui

214 5364 311 5413 per
343 5349 622 5417 religiosos
662 5351 806 5403 viros
848 5352 987 5405 ﬁlios
1028 5336 1239 5403 uestros'
1278 5353 1601 5422 Cyprianum
1638 5365 1801 5422 atque

212 5439 503 5494 Macariunt
530 5440 782 5495 diacones
814 5452 921 5497 tota
961 5443 1137 5497 cordis
1167 5444 1423 5499 aviditate
1450 5447 1758 5502 curavimus
1783 5466 1795 5501 :

292 5598 307 5629 ¹
339 5598 389 5649 In
422 5612 539 5650 meo
567 5610 671 5649 ms.
705 5598 965 5651 Bucbardi
994 5598 1115 5671 cod.
1161 5600 1252 5671 lib.
1281 5616 1401 5665 vm,
1434 5616 1553 5671 cap.
1579 5604 1668 5669 46,
1701 5607 1801 5663 hoe

212 5666 490 5723 decretum
523 5676 772 5736 tanquam
802 5684 867 5722 ex
899 5670 1124 5735 epistola
1159 5668 1353 5724 Gelasii
1381 5673 1443 5724 atl
1495 5666 1803 5731 Sicilienses

215 5739 494 5805 episcopos
520 5754 639 5803 cap.
668 5740 701 5791 9
732 5749 1007 5807 acceptum
1029 5740 1246 5794 all'ortur
1272 5760 1283 5794 :
1322 5742 1499 5809 Neque
1522 5746 1705 5799 viduus
1731 5750 1801 5800 ad

213 5810 423 5872 nuptias
462 5809 673 5861 transire
694 5810 923 5878 patimur
962 5826 1075 5875 quo:
1114 5810 1351 5879 religioso
1388 5819 1649 5881 proposito
1686 5818 1801 5871 (liu-

1909 4725 2154 4779 crebrius
2187 4727 2401 4794 aperire
2445 4742 2550 4781 non
2587 4728 2828 4798 desinat,
2860 4741 3131 4799 quatenus
3153 4732 3378 4785 alternis
3408 4747 3508 4787 nos

1908 4816 2353 4871 instructionibus
2392 4820 2717 4887 excitantes,
2764 4808 3123 4889 legitimorum
3160 4823 3370 4877 Domrni
3417 4839 3508 4877 sa-

1905 4910 2183 4964 cerdotum
2217 4914 2486 4978 possimus
2519 4916 2763 4971 invenire
2808 4919 3139 4971 mercedem.
3174 4918 3275 4972 Per
3306 4918 3507 4974 vicinas

1908 5016 2120 5070 quoque
2167 5006 2469 5070 provincias
2503 5008 2617 5062 lucc
2646 5010 2833 5062 eadem
2877 5010 3179 5076 patefacere
3215 5021 3385 5063 vestra
3417 5026 3505 5062 ca-

1909 5092 2038 5145 ritas
2068 5093 2622 5161 vigilanter‘insistnt;
2667 5112 2716 5151 ut
2747 5111 2800 5153 et
2826 5104 2912 5167 qui
2953 5102 3232 5153 catholicae
3264 5116 3505 5154 commn-

1912 5182 2088 5236 nionis
2132 5186 2441 5241 sinceritate
2488 5189 2819 5253 subsistunt,
2866 5193 3297 5259 competentibus
3346 5193 3507 5245 robo-

1909 5284 2097 5327 rentur
2126 5275 2403 5344 alloquiis;
2437 5289 2489 5333 et
2517 5283 2607 5348 qui
2633 5280 2860 5335 forsitan
2892 5282 2960 5337 ab
2998 5282 3157 5349 hujus
3189 5281 3505 5336 rectitudine

1909 5365 2222 5432 deviarnnt,
2252 5369 2322 5423 ad
2371 5372 2735 5439 integritatem
2784 5376 3050 5444 dogmatis
3080 5374 3375 5429 Christiani
3423 5390 3506 5426 Sua

1846 5524 1847 5527 η
1910 5456 2153 5512 lubrihus
2196 5462 2411 5517 monitis
2461 5465 2805 5521 reducantur.
2837 5467 3055 5520 Noverit
3102 5477 3278 5519 autem
3322 5478 3505 5519 vestra

1912 5622 2065 5695 turno
2096 5617 2445 5695 obseruatione
2472 5634 2880 5690 permanserunt.
2917 5625 3166 5681 Similiter
3193 5634 3365 5678 autem
3408 5626 3501 5679 uir-

1911 5689 2057 5753 gines
2092 5689 2289 5769 nubere
2330 5689 2656 5773 prohibemus
2685 5713 2812 5760 quas
2841 5700 2990 5751 annis
3024 5697 3262 5767 plurima
3306 5698 3360 5752 in
3390 5713 3499 5749 mo-

1912 5768 2146 5811 nasteriis
2171 5771 2369 5816 attutcm
2400 5768 2650 5835 peregisse
2677 5768 2960 5835 contigerit.
