3994 6390
585 459 654 516 89
1922 434 2191 494 θεωδιι
2230 429 2431 487 PA‘PA‘S
2468 430 2489 485 l
3757 414 3832 472 eo

490 637 493 640 _
583 569 886 627 fraternitas
914 563 1164 638 Ecclesiae
1193 556 1687 631 Thessalonicensis
1713 527 2030 611 antistitem.
2055 567 2154 607 no-
2183 552 2232 610 Δ
2263 547 2586 615 nionemque
2625 531 2942 600 catholicam
2989 546 3363 613 revertantur:
3407 535 3822 645 secundm:

583 663 708 717 stris
736 655 1216 714 adhortationibus
1271 639 1466 720 sepius
1526 638 1847 714 incitatum,
1897 643 2142 714 contagia

583 750 970 806 communionis
997 756 1233 804 caterua
1261 755 1527 813 nunquam
1571 738 1847 794 declinare
1884 737 2141 801 voluisse,

586 857 686 898 nec
707 841 844 910 apud
868 853 964 893 nos
995 850 1184 892 nomen
1210 831 1418 897 Acacii,
1443 831 1527 885 vel
1547 837 1866 884 caterorum
1890 825 2137 899 similium

588 932 939 1001 perfidorum,
977 927 1169 997 hisque
1201 921 1708 979 communicandum
1749 933 1984 989 congrua
2022 931 2145 986 pro-

589 1023 817 1076 fessione
857 1019 1160 1072 damnasse.
1186 1013 1522 1082 Quapropter
1549 1026 1669 1066 eum
1713 1009 2142 1065 communionem

587 1113 728 1166 sedis
751 1108 1057 1178 apostolicae
1085 1121 1190 1160 non
1218 1105 1488 1174 recepisse
1511 1102 1845 1157 manifestum
1875 1109 1988 1163 est,
2012 1112 2147 1166 quo-

588 1202 728 1254 niam
760 1199 856 1252 nisi
889 1196 1037 1268 puris
1065 1196 1308 1252 sensibus
1335 1203 1391 1248 et
1428 1193 1496 1248 ab
1529 1192 1674 1248 omni
1713 1189 1936 1245 nefanda
1976 1188 2150 1242 socie-

588 1299 718 1353 tate,
745 1287 886 1343 beati
919 1287 1057 1342 Petri
1088 1283 1312 1352 apostoli
1343 1297 1442 1337 nec
1466 1294 1744 1351 possumus
1773 1292 1871 1332 nec
1893 1278 2149 1331 debemus

589 1378 843 1433 Ecclesiae
906 1375 1143 1446 praebere
1201 1371 1539 1427 commercia.
1595 1368 1878 1436 Propterea
1942 1365 2152 1420 cautius

590 1468 851 1536 agendum
878 1475 959 1520 est
984 1478 1105 1519 cum
1137 1461 1354 1532 praefato
1374 1475 1441 1516 ne
1469 1457 1746 1514 catholicis
1776 1455 2063 1520 mentibus,
2097 1463 2153 1508 ut

590 1559 713 1623 fiat,
738 1558 1042 1626 apostolica:
1062 1554 1205 1609 sedis
1231 1550 1662 1608 reconciliatione
1688 1550 1967 1618 subrepat;
1993 1563 2151 1618 quam

589 1650 728 1703 sicut
776 1648 974 1701 dolosis
1020 1645 1229 1701 artibus
1274 1644 1462 1699 fallere
1503 1652 1560 1699 et
1607 1640 1994 1697 circumvenire
2045 1655 2152 1694 nou

590 1739 873 1806 praevalet,
905 1736 975 1790 ita
1005 1736 1103 1790 sub
1129 1736 1281 1803 cuius
1319 1749 1426 1790 non
1468 1742 1646 1802 potest
1687 1732 1928 1786 obtinere
1969 1741 2154 1786 aucto-

589 1828 799 1881 ritatem
837 1840 1049 1895 quoque
1092 1834 1358 1892 nostram,
1388 1837 1510 1893 qua:
1542 1822 1609 1877 ad
1656 1822 2030 1876 Dalmatiarum
2073 1828 2155 1877 est

2248 637 2494 707 gulamm
2545 635 2807 689 tramitem
2850 639 3222 700 paternarum,
3263 637 3378 682 toto
3414 625 3597 682 cordis
3640 619 3822 675 all'ertu

2246 727 2548 788 venientes,
2577 731 2632 777 et
2662 722 2816 788 plena
2845 719 3072 773 caritate
3098 718 3375 784 suscipiat.
3411 715 3540 769 Data
3572 728 3628 766 Ill
3659 721 3822 762 nonas

2248 816 2503 882 Augusti.
2544 814 2755 869 Asterie
2793 820 2847 866 ct
2885 810 3142 866 Praesidio
3185 809 3315 865 viris
3351 802 3664 864 clarissimis
3697 815 3820 856 con-

2247 907 2456 963 sulibus
2484 891 2643 977 (anno
2667 901 2865 958 Christi
2895 898 3048 967 tat).

2793 1009 3118 1097 EPISTQLA
3161 1007 3274 1062 XII.

2482 1120 2551 1159 ao
2587 1111 2614 1141 ⁸
2639 1116 2851 1157 somni
2883 1112 3264 1154 ABBLA‘I‘BNSEI
3298 1109 3602 1150 srtscorul.

2585 1193 2658 1246 De
2685 1191 3024 1259 episcopatus
3052 1189 3130 1242 sui
3167 1185 3497 1256 primordiis.

2254 1283 2485 1339 Matutam
2513 1282 2778 1333 caritatem
2805 1295 2922 1331 cum
2953 1278 3056 1344 ﬁde
3085 1274 3338 1398 catholica
3379 1272 3698 1328 retinendam
3729 1286 3832 1323 esse

2940 1362 3087 1398 mone
3116 1385 3131 1398 .

2940 1362 3131 1399 monet.

2325 1439 2679 1496 Dilectissimo
2711 1437 2856 1491 fratri
2889 1435 3085 1491 £onio
3109 1433 3370 1491 Gelasius.

2326 1532 2471 1586 inter
2535 1529 2877 1583 difﬁcultates
2925 1528 3104 1580 varias
3158 1527 3366 1592 copiam
3425 1535 3522 1575 nos
3570 1519 3836 1588 reperiam

2253 1620 2606 1690 gratulamur,
2629 1634 2732 1687 qua
2775 1633 2868 1687 per
2891 1615 3127 1671 divinam
3170 1614 3394 1684 gratiam
3439 1613 3584 1667 sedis
3617 1619 3835 1678 aposto-

2255 1715 2371 1769 lica:
2415 1713 2652 1780 regimen
2692 1725 2791 1765 nos
2833 1708 3008 1764 adisse
3050 1707 3373 1776 pandentes,
3414 1702 3836 1772 praetermissum

2257 1805 2349 1860 diu
2379 1819 2502 1860 cum
2529 1810 2620 1857 tua
2653 1801 3003 1857 misceremus
3048 1796 3380 1853 fraternitate
3419 1807 3724 1850 sermonem
3743 1833 3759 1856 ,
3787 1801 3843 1847 et

590 1917 789 1971 directa
821 1881 1118 1984 ponti-lices,
1157 1915 1316 1970 etiam
1343 1881 1428 1968 ad
1467 1927 1563 1969 vos
1603 1913 1873 1968 credimus
1917 1912 2150 1981 dirigen-
2183 1900 2235 1963 Β
2259 1895 2580 1950 saluum)”
2603 1891 2838 1954 ἀίτθοιδν
2881 1896 3061 1943 mum“
3087 1887 3313 1942 επίίθιθ
3340 1883 3556 1984 “uici”
3588 1881 3842 1984 quem?"

592 2007 745 2070 dam,
795 2015 1056 2074 quatenus
1115 2005 1167 2059 in
1229 2003 1456 2059 veritate
1519 2002 1813 2071 catholica,
1859 2002 2155 2057 secundum

593 2099 818 2154 formam
870 2098 1168 2153 traditionis
1215 2098 1447 2166 antiqua:
1492 2106 1675 2152 tenere
1718 2112 1818 2152 nos
1866 2110 2156 2150 consonam

595 2188 849 2243 noveritis
879 2188 1073 2256 ubique
1099 2188 1436 2244 sententiam.
1465 2187 1521 2243 Si
1557 2201 1693 2255 quos
1718 2201 1846 2240 vero
1877 2199 2042 2238 novos
2071 2184 2156 2237 di-

595 2278 833 2333 diceritis
880 2285 1053 2331 motus
1100 2290 1422 2345 exsurgere,
1470 2275 1622 2329 nobis
1671 2275 1904 2329 fraterna
1950 2273 2157 2328 debetis

593 2365 949 2422 sollicitudine
993 2379 1266 2435 reserare,
1311 2379 1419 2434 quo
1464 2364 1720 2430 subinde,
1769 2379 1887 2433 qua:
1940 2364 2156 2419 Patrum

595 2457 790 2528 regulis
817 2466 1144 2527 congruant,
1174 2464 1460 2525 praestante
1490 2455 1737 2520 Domino,
1771 2455 2007 2510 remedia
2036 2468 2161 2525 pro-

596 2563 863 2604 curemus.

669 2642 777 2696 Nec
791 2641 1066 2712 quisquam
1082 2641 1299 2700 omnino
1311 2639 1460 2696 vobis
1482 2639 1797 2709 persuadeat
1811 2639 2002 2693 Acacio
2025 2652 2163 2707 prte-

597 2732 934 2788 varicationis
977 2745 1089 2786 suat
1129 2732 1332 2786 crimen
1377 2731 1540 2787 fuisse
1588 2731 1854 2793 laxatum,
1903 2730 2023 2799 quia
2069 2728 2162 2798 qui

597 2833 877 2891 postquam
917 2821 969 2874 in
1007 2821 1286 2889 collegium
1321 2819 1564 2875 recidens
1606 2819 1900 2888 pravitatis,
1937 2819 2163 2888 iureque

597 2912 789 2968 meruit
823 2912 893 2967 ab
938 2912 1227 2980 apostolica
1264 2909 1642 2965 communione
1682 2910 1916 2974 secludi,
1959 2911 2010 2964 in
2063 2909 2164 2964 bac

602 3005 782 3060 eadem
829 3005 1124 3074 persistens
1161 3004 1503 3060 damnatione
1546 3005 1824 3059 defunctus
1861 3013 1961 3059 est.
1997 3005 2166 3059 Abso-

603 3094 854 3150 lutionem
889 3109 1046 3163 quam
1085 3104 1357 3164 superstes
1394 3109 1493 3149 nec
1521 3095 1761 3162 quaesivit
1786 3097 2026 3158 omnino,
2055 3108 2168 3148 nec

604 3189 826 3253 meruit,
853 3197 1094 3244 mortuus
1131 3189 1240 3257 iam
1293 3203 1398 3244 non
1429 3195 1603 3257 potest
1644 3189 1959 3257 impetrare,
2004 3187 2168 3252 siqui-

601 3280 721 3335 dem
750 3277 879 3346 ipsis
898 3277 1156 3348 apostolis
1181 3277 1381 3339 Christi
1409 3291 1540 3331 voce
1561 3277 1859 3345 delegatum
1887 3284 2004 3330 est:
2039 3277 2167 3340 Qum

600 3368 876 3436 ligaveruis
901 3383 1053 3439 super
1072 3377 1288 3432 terram,
1313 3378 1360 3421 et
1384 3383 1497 3437 qua:
1523 3367 1770 3421 solveritt's
1799 3381 1950 3436 super
1978 3377 2166 3423 terram

601 3454 1282 3529 (Matth.XVItt).Cmterum
1306 3458 1415 3527 jam
1459 3459 1527 3513 de
1553 3473 1619 3514 eo
1647 3458 1734 3525 qui
1774 3460 1828 3512 in
1871 3457 2054 3512 divino
2082 3468 2168 3513 est

602 3546 800 3616 judicio
820 3547 1162 3615 cnnstitutns,
1191 3547 1345 3602 nobis
1365 3547 1443 3605 fas
1468 3563 1574 3602 non
1597 3556 1679 3603 est
1703 3547 1844 3604 aliud
1875 3549 2166 3605 decernere

603 3644 799 3705 prater
826 3636 880 3691 id
906 3637 958 3692 in
987 3652 1094 3705 quo
1115 3652 1240 3699 eum
1267 3637 1388 3694 dies
1421 3651 1703 3707 supremus
1733 3639 1962 3706 invenit;
2007 3647 2167 3710 atque

605 3727 725 3785 ideo
763 3728 863 3784 nisi
901 3728 1017 3799 ejus
1059 3729 1275 3785 nomine
1302 3729 1550 3797 refutatu,
1589 3732 1904 3801 ceterisque
1945 3745 2169 3788 consor-

605 3815 944 3887 tibusbujus
979 3819 1202 3886 erroris,
1228 3835 1348 3888 cum
1383 3821 1531 3876 nullo
1574 3836 1795 3891 prorsus
1822 3836 2008 3876 eorum
2045 3837 2168 3891 par-

602 3905 820 3973 ticipare
854 3907 1061 3963 debetis
1089 3923 1288 3964 mensa:
1329 3909 1611 3965 dominicae
1651 3911 1964 3980 puritatem,
2003 3926 2162 3980 quam

605 3996 836 4064 majores
873 3999 1039 4051 nostri
1068 4013 1282 4067 semper
1305 3999 1376 4052 ab
1403 4000 1654 4054 hearetica
1694 4015 2015 4069 magnopere
2048 4017 2167 4055 ser-

609 4092 864 4140 vaverunt
894 4085 1186 4154 pollutione
1218 4086 1522 4143 discretam.
1565 4088 1669 4144 Sed
1701 4104 1874 4159 neque
1903 4105 1996 4145 vos
2021 4093 2170 4159 quieo

605 4187 709 4242 que
756 4171 1143 4232 circumvenire
1194 4183 1468 4245 pertentet
1497 4195 1510 4232 :
1535 4179 1694 4248 quod
1752 4178 1895 4235 dicat
1950 4195 2057 4236 non
2102 4181 2170 4235 de

602 4263 879 4332 religione,
913 4264 1010 4319 sed
1043 4265 1112 4320 de
1157 4266 1392 4323 moribus
1435 4281 1555 4324 esse
1581 4279 1890 4336 certamen,
1928 4273 2010 4327 vel
2039 4285 2170 4339 apo-

601 4353 843 4407 stolicam
871 4353 1055 4409 sedem
1086 4369 1191 4409 non
1219 4369 1433 4410 causam
1463 4359 1853 4416 communionis
1889 4362 2170 4418 catholicae

606 4441 836 4514 fideique
857 4450 1106 4510 tractare,
1135 4444 1229 4500 sed
1259 4446 1505 4515 iniuriam
1530 4449 1734 4516 dolere,
1764 4466 1860 4506 cur
1889 4452 2171 4508 videantur

603 4531 672 4586 ab
715 4533 911 4588 Acacio
936 4533 1101 4590 fuisse
1126 4545 1462 4606 contempta;
1489 4541 1738 4609 quoniam
1764 4543 1877 4598 haec
1897 4553 1951 4598 et
1988 4543 2170 4613 hujus-

2261 1986 2345 2039 nis
2374 1996 2585 2052 quoque
2611 1989 2714 2035 tua:
2750 1991 3002 2048 prospera
3031 1987 3413 2046 quaereremus.
3440 1972 3655 2037 Quanto
3696 1971 3842 2025 enim

2260 2075 2424 2130 totius
2451 2073 2606 2128 ovilis
2643 2084 2850 2134 curam,
2878 2067 3094 2124 Christo
3120 2065 3345 2134 Domino
3387 2061 3693 2131 delegaute,
3725 2074 3845 2113 sus-

2257 2171 2468 2232 ceptam
2500 2162 2561 2215 B.
2594 2160 2733 2215 Petri
2779 2156 3007 2226 apostoli
3035 2153 3348 2225 gubernatio
3374 2149 3685 2223 principalis
3726 2149 3846 2203 uui-

2256 2267 2417 2310 verso
2453 2253 2598 2323 gregi
2643 2251 2806 2306 debet
2845 2251 2897 2305 in
2928 2249 3058 2304 orbe
3099 2256 3397 2311 terrarum,
3439 2254 3587 2298 tanto
3626 2243 3846 2312 pietatis

2258 2345 2450 2401 all‘ectu
2479 2354 2700 2399 cunctas
2730 2341 2996 2399 Ecclesiae
3034 2353 3329 2409 earumque
3359 2346 3600 2394 rectores
3643 2335 3862 2402 ample-'

2259 2437 2442 2505 ctitur,
2470 2445 2524 2491 et
2563 2436 2703 2489 inter
2729 2435 2972 2489 diversos
3009 2431 3193 2486 mundi
3238 2430 3498 2496 turbines,
3529 2429 3574 2484 si
3620 2437 3844 2497 paterna

2267 2525 2373 2582 lide
2397 2526 2479 2581 vel
2510 2523 2796 2597 traditione
2834 2521 3060 2577 lirmiter
3085 2530 3457 2589 perseverant,
3487 2518 3576 2572 ubi
3609 2521 3845 2588 primum

2264 2616 2490 2672 facultas
2519 2615 2789 2680 arriserit,
2819 2621 2874 2668 et
2902 2613 3092 2681 quaerit
3119 2614 3306 2678 anxia,
3338 2620 3394 2667 et
3429 2612 3611 2682 gavisa
3641 2627 3844 2681 cogno-

2262 2707 2386 2762 scit.
2433 2691 2787 2775 Quapropter,
2832 2703 2999 2758 frater
3037 2702 3346 2768 carissime,
3385 2702 3674 2756 instantius
3714 2703 3842 2756 reli-

2262 2797 2428 2867 giosis
2476 2795 2604 2850 viris
2659 2795 2783 2849 llliis
2833 2793 3030 2849 nostris
3073 2792 3384 2861 Euphronio
3431 2791 3752 2862 presbytero
3793 2802 3848 2846 et

2264 2885 2530 2958 Restituto
2558 2885 2674 2939 viro
2704 2881 2977 2950 religioso,
3006 2881 3095 2950 qui
3125 2882 3190 2935 ad
3221 2879 3385 2934 italiae
3415 2888 3597 2946 partes
3620 2879 3687 2932 ad
3723 2892 3848 2947 pro—

2266 2977 2550 3031 videndam
2597 2973 2997 3044 congregationi
3046 2982 3246 3027 sancta:
3292 2970 3645 3025 substantiam
3694 2984 3851 3024 com-

2268 3073 2546 3128 mearent,
2588 3063 2955 3118 remeantibus
2997 3061 3063 3115 ad
3113 3060 3360 3130 propria,
3406 3061 3566 3116 silere
3613 3062 3851 3129 nequivi-

2269 3169 2389 3209 mus
2436 3172 2450 3207 :
2497 3153 2591 3208 sed
2641 3155 2812 3208 omni-
2841 3163 2965 3206 voto
3016 3151 3359 3206 dilectionem
3406 3157 3549 3204 tuam
3602 3150 3852 3205 duximus

2196 3248 2243 3312 ο
2274 3241 2660 3299 admonendam
2680 3284 2695 3306 ,
2729 3252 2991 3310 quatenus
3018 3248 3072 3294 et
3110 3241 3291 3308 vigere
3318 3238 3458 3308 apud
3501 3254 3600 3294 nos
3629 3240 3853 3296 alternae

2264 3336 2470 3391 viscera
2490 3335 2678 3406 gratia:
2705 3333 2915 3398 fratres,
2938 3342 2994 3388 et
3016 3330 3323 3402 coepiscopi
3345 3331 3514 3386 nostri
3538 3347 3635 3400 per
3652 3331 3854 3388 Gallias

2262 3427 2572 3488 constituti,
2618 3425 2840 3480 caritate
2885 3433 2975 3478 tua
3023 3423 3307 3492 vulgante,
3347 3431 3702 3490 cognosceret
3737 3440 3752 3475 :
3793 3434 3852 3479 et

2264 3514 2699 3570 desiderantibus
2723 3513 2962 3568 omnium
2994 3526 3090 3580 per
3117 3524 3250 3580 quos
3293 3519 3381 3566 tua
3425 3511 3625 3566 caritas
3655 3512 3856 3566 voluis-

2265 3613 2350 3660 set
2375 3644 2392 3671 ,
2420 3604 2647 3660 referret
2683 3613 2869 3659 mutuo
2896 3601 3209 3670 sospitatem
3230 3641 3245 3666 ,
3275 3608 3656 3669 constaretque
3682 3603 3857 3657 nulla-

2269 3705 2423 3758 tenus
2462 3693 2855 3765 quantumlibet
2893 3690 3092 3748 szeculo
3135 3690 3454 3746 detrahente
3493 3689 3707 3757 divelli,
3758 3692 3853 3747 sed

2267 3784 2586 3840 catholicam
2644 3782 3033 3852 professionem
3095 3795 3314 3835 manere
3373 3793 3588 3847 semper
3642 3780 3846 3852 ubique

2265 3873 2624 3944 conjunctam.
2649 3871 2906 3926 Dominus
2936 3877 2988 3924 te
3017 3869 3337 3927 incolumem
3359 3868 3654 3934 custodiat,
3685 3871 3854 3927 frater

2266 3966 2564 4021 carissime.
2596 3963 2729 4017 Data
2774 3978 2804 4015 ι
2847 3961 3100 4017 calendas
3141 3959 3507 4030 Septembris,
3547 3960 3773 4017 Asterie
3799 3971 3854 4020 et

2270 4053 2526 4109 Prasidio
2573 4052 2702 4107 viris
2743 4050 3054 4106 clarissimis
3099 4050 3411 4107 consulibus
3454 4053 3620 4121 (anno
3657 4051 3853 4112 Christi

2324 4233 2392 4289 IN
2427 4229 2846 4301 SEQUENTE“
2887 4228 3274 4286 EPISTOLAM
3313 4227 3793 4291 PREMONITIO.

2343 4325 2591 4397 Epistolc
2619 4324 2774 4397 hujus
2817 4319 3015 4397 Gelasii
3037 4323 3105 4375 ad
3133 4320 3428 4397 Qardanos
3455 4324 3624 4397 {arma
3661 4325 3856 4397 dupla:

2270 4391 2645 4463 circumfertur,
2671 4391 2833 4463 altera
2858 4391 3074 4454 breuior,
3104 4391 3207 4444 alia
3231 4406 3348 4444 vero
3375 4391 3493 4444 hinc
3521 4395 3642 4446 inde
3667 4391 3856 4463 ampli-

2270 4465 2424 4532 licata
2451 4460 2717 4532 ili/fusior.
2737 4460 2845 4532 Pro
2872 4469 3083 4526 utraque
3109 4470 3242 4512 stant
3271 4470 3475 4532 ueteres,
3495 4477 3616 4532 mss.
3649 4460 3854 4520 codices

2269 4527 2581 4587 vetustate—et
2609 4531 2914 4598 antiquitate
2935 4538 3252 4598 prwstantes.
3284 4527 3622 4585 Vetustissimi
3646 4535 3855 4588 sitinter

604 4621 781 4685 modi.
819 4631 1082 4691 quatenus
1106 4598 1374 4693 simplices
1402 4598 1611 4697 quoilue
1649 4629 1944 4698 decipiant.
1989 4598 2168 4702 hi'qui
2195 4599 2250 4658 θ
2271 4598 3613 4702 Ξίξῖῗὶθεηῗξζῖῗῗῗὶῗηῗί,ῖῗῗξῧῗεῗῖῗνἫῗξέἳξξζ
3635 4603 3854 4702 θηθιῖἒῗξῖ

602 4709 658 4765 in
684 4725 868 4766 errore
895 4721 1020 4769 sunt
1047 4713 1204 4782 positi
1230 4729 1483 4786 spargere
1510 4734 1614 4776 non
1639 4722 1936 4790 quiescunt.
1967 4722 2168 4779 Videtis

607 4803 781 4870 enim,
835 4803 974 4858 sicut
1024 4817 1184 4874 supra
1231 4804 1588 4878 jamdictum
1639 4820 1758 4876 est,
1809 4826 1905 4879 per
1954 4812 2169 4868 nomina

607 4892 1110 4961 prmvaﬁcatomm,
1148 4895 1228 4964 si,
1269 4897 1410 4966 quod
1450 4899 1617 4954 absitl
1664 4901 1716 4954 in
1761 4901 1987 4955 ecclesia
2037 4902 2171 4956 reci-

609 4981 764 5036 tanda
794 4983 1096 5050 credantur,
1126 4986 1284 5041 simul
1311 4996 1364 5044 et
1387 4991 1688 5059 contagium
1719 4993 2172 5060 prmvaricationis

611 5073 807 5139 lnduci,
845 5072 1012 5128 Sedes
1051 5085 1228 5132 autem
1257 5080 1542 5147 apostolica
1573 5083 1623 5134 in
1663 5093 1866 5136 tantum
1909 5099 2013 5138 non
2043 5073 2172 5139 cen-

612 5163 879 5219 tumeliam
906 5163 1082 5232 dolet,
1121 5167 1218 5223 sed
1246 5167 1403 5224 ﬁdem
1443 5168 1706 5237 defendit,
1738 5175 2170 5230 communionem

612 5255 904 5323 sinceram,
931 5266 989 5311 ut
1017 5257 1175 5315 hodie
1201 5262 1378 5317 cuncti
1410 5263 1500 5332 qui
1540 5265 1591 5316 in
1622 5265 1737 5332 ejus
1760 5266 1856 5319 visi
1887 5277 2008 5322 sunt
2050 5283 2172 5336 pro-

614 5347 816 5414 rupisse
845 5346 1182 5418 despectum,
1213 5354 1260 5407 si
1288 5353 1356 5408 ad
1385 5353 1736 5424 integritatem
1779 5357 1899 5413 fidei
1936 5373 2173 5415 commu-

687 5529 712 5556 ⁸
770 5520 916 5602 lianc
978 5524 1372 5602 inscriptionem
1433 5528 1823 5602 illustrissimus
1889 5533 2172 5589 cardinalis

618 5589 871 5672 Duronius
913 5589 1220 5672 mendosam
1261 5611 1379 5650 esse
1416 5608 1581 5664 putat,
1613 5601 1763 5668 quasi
1805 5603 2036 5655 Cisarin
2069 5620 2172 5658 nun

618 5659 812 5744 {licinio
852 5664 1044 5741 scripta
1075 5665 1264 5743 fuerit;
1296 5659 1477 5721 veru-tn
1507 5659 1806 5738 eaui'quam
1849 5688 1874 5723 a
1907 5673 2080 5728 Felice
2115 5673 2173 5726 lll

617 5733 682 5808 ad
712 5730 996 5809 (Euserium
1032 5737 1280 5809 scriptam
1313 5751 1468 5809 supra
1519 5730 1816 5809 recensuit,
1857 5744 1906 5792 in
1941 5747 2177 5809 recogni-

621 5801 848 5854 tlombus
876 5805 998 5858 ιοιηί
1029 5805 1216 5859 (16ιὶιηὶ
1249 5822 1274 5856 a
1322 5801 1494 5862 Felice
1538 5808 1597 5861 ιν
1639 5801 1813 5864 datam
1863 5829 1978 5866 esse
2029 5801 2178 5867 ιιὶιεσε-

2273 4672 2408 4725 uella
2451 4669 2683 4740 vulgatus
2713 4669 2986 4740 breviorem
3015 4667 3313 4740 prtem-unt:
3344 4663 3614 4740 ttsiorem
3655 4663 3854 4725 eius“

2272 4735 2614 4794 vetustissima
2641 4738 2868 4792 collectio
2909 4735 3152 4790 Asellam:
3179 4737 3233 4790 in
3268 4735 3519 4790 Vaticana
3552 4739 3854 4794 bibliotheca

2273 4820 2500 4869 serrata;
2529 4811 2651 4878 quin
2701 4817 2750 4861 et
2794 4803 3078 4878 Facunda
3106 4805 3496 4878 Hermionensis
3518 4823 3585 4860 ea:
3623 4801 3686 4861 ea
3712 4813 3847 4864 testi-

2274 4882 2502 4932 monium
2530 4873 2769 4945 allegavit
2797 4875 2887 4927 lib.
2916 4889 2970 4940 ν,
2998 4891 3112 4945 cap.
3140 4873 3204 4945 4.
3225 4873 3364 4929 Hinc
3385 4883 3557 4928 natum
3584 4887 3853 4934 auctorum

2279 4949 2580 5008 dissidium;
2607 4944 2726 4998 nam
2773 4944 3553 5015 aliiauctioreminterpolatum
3589 4948 3852 5015 judicent,

2277 5018 2615 5070 sinceritatem
2664 5015 2753 5068 uni
2798 5014 3024 5080 epistola:
3061 5013 3272 5065 breviorl
3308 5013 3642 5069 vindicantes.
3683 5013 3857 5071 Belle;

2276 5088 2378 5138 riui
2421 5099 2688 5154 utramque
2714 5082 3304 5154 sinceram‘arbitrantur
3329 5081 3631 5154 ingDissert.
3657 5086 3722 5138 de
3753 5091 3853 5140 An-

2278 5155 2366 5220 tii).
2400 5151 2611 5208 Collect.
2638 5169 2750 5206 can.
2795 5161 2926 5221 part.
2958 5151 3012 5214 ἓ,
3040 5168 3154 5221 cap.
3187 5152 3248 5204 11
3276 5191 3293 5219 ,
3326 5151 3352 5218 §
3384 5152 3439 5216 3,
3465 5157 3561 5205 rati
3591 5153 3854 5210 Gelasium

2278 5225 2441 5291 primo
2468 5223 2668 5291 quidem
2698 5223 2970 5275 breviorem
2999 5222 3291 5291 scripsisse;
3323 5229 3429 5274 tum
3457 5226 3695 5276 rotundis
3719 5229 3854 5278 curis

2279 5289 2486 5344 auctam
2503 5295 2802 5359 evulgarse;
2830 5291 2886 5342 id
2912 5305 3027 5341 vero
3057 5306 3154 5342 non
3180 5289 3329 5342 unico
3357 5292 3590 5358 exemplo
3632 5295 3695 5346 ab
3722 5299 3855 5347 anti-

2279 5364 2392 5427 quis
2415 5368 2701 5428 pra’stltum
2728 5362 3093 5416 demonstrant.
3121 5359 3252 5413 Vide
3279 5361 3395 5415 illos
3423 5362 3478 5414 in
3501 5361 3766 5419 Admonit.
3789 5367 3854 5418 ad

2281 5533 2490 5607 gnnvit.
2537 5535 2763 5604 Ideoque
2812 5534 3211 5607 relinquendam
3260 5551 3382 5593 esse
3438 5538 3855 5607 putavitinscri-

2285 5605 2518 5671 p’ionem
2550 5608 2786 5672 epistula:
2827 5605 2986 5665 hanc,
3020 5620 3173 5668 quam
3205 5609 3379 5673 priore
3402 5605 3636 5664 editione
3666 5614 3855 5666 tollen-

2283 5674 2404 5726 dam
2432 5688 2550 5748 esse
2577 5677 2848 5748 judicavit.
2879 5675 3052 5748 Spero
3095 5674 3228 5730 hanc
3270 5687 3506 5748 nostram
3535 5685 3856 5748 recognitio-

2287 5759 2404 5796 ncm
2438 5745 2720 5813 Annalium
2752 5742 3000 5810 scripturi
3048 5755 3344 5811 pergratam
3377 5745 3520 5813 fore,
3551 5749 3641 5804 ubi
3670 5742 3756 5806 'de
3797 5769 3851 5805 ea

2286 5815 2470 5867 tertio.
2513 5812 2679 5870 lactus
2710 5819 2885 5870 fuerit.
2914 5813 3040 5868 δίεν.
3072 5813 3265 5866 Βιωυε.
