3994 6394
576 393 642 448 σθ
1906 373 2169 432 GELASlI
2212 372 2412 433 nam
2451 373 2471 429 t
2567 372 2594 382 τ
3750 380 3818 434 et

574 507 713 558 illius
728 503 825 556 .vel
855 498 1244 556 communionis
1284 496 1539 551 exstitere
1584 494 1892 562 participes,
1925 491 2141 546 univer-
2167 490 2217 548 Δ
2249 504 2315 544 ne
2339 505 2400 546 se
2447 504 2478 544 a
2519 504 2744 559 corpore
2785 487 3058 550 catholica:
3087 485 3302 546 unitatis
3340 485 3706 548 abscindat-et:
3748 499 3816 550 si.

571 595 698 646 salis
735 591 982 646 Ecclesia
1032 590 1182 644 duxit
1225 601 1344 645 esse
1390 584 1722 640 refutandus.
1764 585 1877 658 _Sic
1924 595 2139 654 prepter

575 684 929 753 blasplietnias
973 681 1084 736 Arii
1129 679 1294 732 forma
1345 675 1465 729 ﬁdei
1507 674 2006 742 communionisque
2050 686 2140 727 ca-

575 777 805 838 tholicae,
851 771 1062 825 Nicmno
1093 768 1291 836 prolata
1319 774 1606 828 convento,
1653 763 1888 818 Arianos
1919 777 2138 828 omnes,

574 868 654 917 vct
687 862 923 932 quisquis
967 862 1016 912 in
1066 858 1202 910 hanc
1229 866 1452 924 pestem,
1503 855 1618 907 sive
1663 853 1679 884 ⁸
1712 867 1977 906 consensu
2026 855 2138 906 sive

575 951 946 1008 communione
971 947 1244 1008 deciderit,
1273 945 1386 996 sine
1409 942 1781 997 retractatione
1811 943 1830 972 '
1853 940 2134 994 conclusit.

572 1042 663 1099 Sic
695 1037 1030 1100 Eunomium,
1080 1033 1480 1096 Macedoniuvn,
1525 1031 1854 1095 Nestorium,
1898 1031 2138 1100 synodus

571 1132 738 1186 semel
775 1139 918 1199 gesta
964 1127 1347 1188 rondcmnans,
1383 1123 1600 1178 ulterius
1637 1123 1704 1176 ad
1743 1137 1876 1175 nova
1914 1121 2135 1176 concilia

572 1223 756 1276 venire
777 1234 880 1272 non
914 1217 1037 1274 sivit
1057 1215 1082 1278 ;‘
1113 1215 1205 1269 sed
1238 1213 1516 1268 universos
1543 1227 1859 1280 quocunque
1891 1211 2049 1266 modo
2083 1212 2137 1265 in

571 1311 593 1343 ⁸
623 1312 738 1365 haec
764 1309 1032 1364 consortia
1062 1305 1383 1368 recidentes,
1423 1302 1614 1359 tradito
1640 1302 1739 1356 sibi
1769 1303 1933 1356 limite
1972 1318 2138 1372 syno-

571 1401 700 1460 dali,
733 1399 975 1454 refutaiit
1020 1395 1288 1459 Ecclesia;
1332 1408 1430 1447 nec
1460 1407 1686 1460 unquam
1739 1403 1885 1446 recte
1913 1395 2140 1448 cessisse

573 1491 911 1546 manifesmm
955 1497 1056 1552 est,
1085 1485 1320 1556 qualibet
1345 1482 1659 1538 necessitate
1674 1495 1908 1554 cogente
1937 1485 1959 1515 δ
1987 1486 2136 1540 novis

571 1584 806 1647 ausibus,
829 1596 944 1650 qua:
968 1575 1475 1632 fuerantsalubritcr
1490 1575 1799 1640 constituta,
1826 1587 2135 1630 temerasse.

573 1678 674 1749 [αι.
707 1676 818 1730 Non
848 1682 1024 1728 autem
1071 1687 1167 1726 nos
1212 1672 1338 1726 latet
1363 1670 1653 1740 plurimos,
1678 1669 1824 1742 etc.]
1850 1670 2135 1736 PrOpterea

573 1773 883 1834 tempestate
944 1775 1156 1831 quoque
1213 1759 1600 1829 persecutionis
1658 1757 1869 1813 Arianae
1921 1757 2135 1826 plurimi

2246 580 2463 648 mulque
2479 581 2723 652 quoniam
2749 579 2888 634 hunc
2908 581 3147 637 Joannes
3165 581 3411 636 secundae
3433 583 3579 635 sedis
3595 583 3813 638 antistes

2241 675 2494 743 gravibus
2513 672 2745 743 pulsaret
2763 672 3007 742 objectis,
3033 675 3097 728 ad
3122 677 3302 742 prima:
3328 672 3471 728 sedis
3491 674 3811 735 audientiam

2240 765 2548 820 cohortatus
2577 773 2682 829 est,
2705 765 2789 819 vel
2835 765 3017 818 venire
3043 765 3241 820 debere
3275 765 3355 817 vel
3405 767 3637 818 mittere.
3670 762 3814 819 Licet

2240 857 2381 910 enim
2409 855 2644 924 synodus
2676 851 2917 909 iteranda
2949 869 3053 910 non
3075 865 3240 919 esset,
3271 864 3446 909 tamen
3475 863 3810 924 congrueret,

2241 957 2298 1001 ut
2323 947 2602 1016 cujuslibet
2628 945 2860 1001 civitatis
2880 948 3160 1016 episcopus
3185 946 3377 1015 prima,
3393 947 3535 1000 sedis
3553 946 3812 1014 judicium

2241 1051 2346 1092 non
2376 1040 2585 1102 vitaret,
2612 1037 2677 1090 ad
2706 1037 2847 1102 quod
2889 1045 3216 1091 convenerat
3253 1037 3505 1090 secundae
3540 1036 3685 1090 sedis
3722 1052 3814 1089 an-

2243 1131 2411 1195 tistes,
2463 1128 2551 1196 qui
2611 1129 2711 1182 nisi
2759 1142 2789 1181 a
2838 1127 3010 1198 prima
3053 1130 3182 1182 sede
3224 1143 3330 1182 non
3389 1135 3570 1195 posset
3613 1127 3812 1188 audiri,

2244 1220 2284 1252 “
2316 1219 2577 1285 praecipue
2605 1219 2692 1288 qui
2733 1217 3088 1287 pra-iudicatis
3124 1219 3320 1272 animis
3357 1218 3499 1272 nulla
3535 1219 3747 1286 synodo
3783 1233 3812 1271 a

2241 1309 2439 1366 Graecis
2467 1309 2652 1362 fuisset
2668 1309 2941 1374 exclusus;
2963 1311 3125 1364 etiam
3155 1309 3293 1375 apud
3313 1322 3408 1366 eos
3425 1323 3639 1363 causam
3663 1321 3812 1361 suam

2241 1412 2337 1452 nec
2364 1401 2544 1465 posset
2566 1385 2787 1452 omnino
2811 1398 3011 1464 dit-ere,
3059 1413 3159 1454 nec
3187 1399 3444 1453 deberet:
3472 1399 3599 1467 quia
3630 1399 3700 1452 ab
3740 1398 3815 1452 in-

2241 1485 2518 1541 ferioribus
2541 1488 2805 1555 episcopis
2835 1488 3031 1557 potior,
3081 1488 3182 1542 nisi
3212 1503 3242 1540 a
3283 1488 3448 1556 prima
3496 1487 3624 1542 sede
3649 1488 3815 1558 (sicut

2238 1576 2438 1632 dictum
2487 1577 2599 1647 est)
2637 1579 2720 1632 vel
2770 1579 2962 1632 discuti
2995 1579 3294 1646 potuisset.
3341 1579 3420 1632 vel
3465 1579 3508 1632 si
3561 1581 3634 1634 ita
3683 1579 3817 1632 ratio

2241 1667 2561 1736 postulasset
2607 1669 2778 1723 addici
2833 1672 2993 1723 etiam
3049 1670 3254 1723 cunctis
3301 1670 3663 1725 Orientalibus
3707 1669 3816 1737 epi-

2239 1758 2417 1824 scopis
2441 1773 2559 1812 cum
2591 1759 2707 1827 ipso
2731 1760 2924 1813 Acacio
2955 1760 3004 1814 in
3037 1759 3178 1814 Petri
3205 1761 3640 1814 communionem
3674 1760 3815 1814 reci-

569 1855 814 1910 catholici
841 1854 1147 1907 sacerdotes
1175 1851 1242 1906 de
1268 1851 1492 1919 exsiliis,
1523 1864 1651 1919 pace
1678 1849 1878 1904 reddta
1907 1889 1922 1912 ,
1973 1847 2140 1915 respi-
2173 1834 2214 1893 Β
2243 1848 2490 1903 dentibus
2513 1863 2632 1904 cum
2665 1850 2913 1905 secunda
2935 1852 3077 1905 sedis
3105 1851 3386 1920 episcopus
3415 1853 3714 1907 catholicus
3745 1852 3815 1906 ab

571 1955 777 2009 rantes;
809 1944 910 2016 [σι.
955 1957 1049 2011 per
1076 1951 1252 1996 certas
1281 1943 1579 2010 provincias
1603 1941 1935 2010 congregatis
1959 1955 2137 1995 secum

574 2035 823 2088 fratribus
868 2033 1124 2088 ecclesias
1161 2029 1549 2101 composuisse}
1576 2030 1656 2085 slc
1700 2045 1820 2084 cum
1863 2030 2139 2086 catholicis

573 2123 916 2179 nihilominus
945 2123 1190 2176 fratribus
1215 2117 1476 2176 Ecclesiae
1502 2135 1848 2189 composuere
1876 2122 2136 2186 turbatas,

573 2226 628 2270 ut
657 2231 758 2268 non
784 2224 960 2267 tamen
1006 2213 1144 2266 illius
1173 2212 1360 2282 synodi
1403 2211 1630 2264 Nicaeae
1654 2210 1906 2279 quidquid
1936 2211 2002 2265 de
2034 2211 2138 2264 tlde

571 2314 624 2359 et
668 2304 1038 2358 communione
1067 2299 1328 2356 cathtlica
1375 2310 1430 2354 et
1472 2301 1492 2332 ⁸
1523 2301 1812 2367 apostolica
1860 2301 2140 2357 deﬁnierat

571 2396 931 2456 immutarent,
985 2407 1082 2445 nec
1131 2406 1264 2444 nova
1307 2406 1626 2459 quemquam
1657 2391 1957 2460 prolapsum
1984 2393 2138 2445 dam-

572 2485 782 2536 natione
809 2483 1194 2551 pcrcellerent,
1227 2485 1322 2534 sed
1352 2480 1496 2535 illius
1520 2491 1703 2535 tenore
1728 2481 1963 2546 decreti,
1997 2482 2018 2513 ‘
2039 2481 2140 2535 nisi

572 2573 940 2639 resipuissent,
969 2581 1250 2627 censerent
1278 2569 1381 2642 [αι.
1407 2570 1804 2644 iudicarentur]
1835 2587 1957 2627 esse
1985 2572 2148 2627 dam-'

573 2674 742 2718 natos.
781 2663 981 2728 Quibus
1014 2664 1391 2718 convenienter
1435 2662 1534 2734 (ut
1567 2663 1765 2718 dictum
1793 2663 1917 2732 est)
1943 2680 2009 2717 ex
2045 2679 2139 2733 pa-

573 2765 722 2808 terna
747 2755 1028 2810 traditione
1081 2755 1357 2823 perpensis
1381 2795 1397 2820 ,
1427 2755 1768 2822 conﬁdimus,
1796 2757 1936 2825 quod
1966 2757 2141 2810 nullus

571 2844 678 2914 iam
705 2846 961 2922 veraciter
987 2845 1320 2899 Christianus
1360 2847 1567 2913 ignoret
1597 2846 2008 2916 uniuscujusque
2047 2861 2138 2915 sy-

572 2939 696 2992 nodi
726 2941 1069 2992 coustitutum
1101 2939 1243 3006 quod
1273 2939 1584 2992 miversalis
1614 2936 1867 2992 Ecclesia:
1895 2939 2140 3006 probavit

571 3045 854 3096 assensus,
886 3031 906 3062 "
937 3045 1042 3084 non
1081 3030 1309 3098 aliquam
1340 3031 1508 3098 magis
1551 3031 1774 3099 exsequi
1804 3032 1988 3085 sedem
2033 3048 2142 3100 pra:

571 3119 784 3174 casteria
807 3127 1074 3188 oportere,
1103 3133 1275 3188 quam
1290 3119 1535 3188 primam,
1563 3132 1683 3188 quin
1709 3129 1764 3173 et
1791 3135 2023 3190 unamqu
2042 3136 2140 3173 im-

2241 1947 2478 1994 externa:
2517 1941 2908 1995 communionis
2960 1942 3263 1996 hominibus
3310 1953 3452 1998 esset
3511 1943 3820 1996 nullatenus

2235 2026 2576 2096 iudicandus.
2617 2030 2719 2083 Sed
2759 2032 2985 2085 Aeacius
3027 2047 3131 2085 non
3169 2033 3345 2085 solum
3379 2032 3622 2100 despexit
3660 2034 3821 2086 satis~

2241 2118 2416 2172 facere
2448 2121 2745 2188 postulatis,
2776 2136 2961 2174 verum
2988 2122 3149 2174 etiam
3176 2121 3347 2190 ipsam
3379 2122 3702 2190 legationem
3735 2137 3821 2176 se-

2240 2210 2322 2264 dis
2374 2214 2679 2280 apostolicze
2733 2213 3129 2280 blandimentis,
3161 2213 3413 2281 praemiis,
3463 2212 3826 2281 perjuriisque

2241 2299 2540 2367 deceptam,
2565 2302 2753 2368 quibus
2792 2304 2840 2356 ei
2867 2317 2988 2355 cum
3022 2303 3347 2370 imperatore
3389 2303 3654 2370 promisit,
3687 2302 3824 2356 inte-

2242 2405 2388 2457 gram
2433 2391 2676 2458 praesulis
2721 2391 2994 2458 apostolici
3047 2405 3261 2446 causam
3302 2390 3370 2446 de
3413 2392 3666 2446 omnibus
3703 2407 3829 2450 esse

2242 2478 2561 2536 servandam
2613 2480 2754 2536 Petri
2795 2483 3169 2536 communione
3207 2483 3463 2548 pollutam
3499 2483 3678 2536 redire
3705 2498 3826 2552 per-

2244 2570 2399 2634 fecit,
2445 2573 2498 2626 in
2537 2580 2738 2626 tantum
2781 2572 2924 2626 sedis
2960 2573 3269 2640 apostolica:
3311 2573 3617 2640 despiciens
3669 2583 3827 2641 pote-

2241 2672 2461 2729 statem,
2509 2674 2565 2718 ut
2607 2680 2710 2717 non
2755 2665 2926 2718 solum
2963 2667 3080 2734 ejus
3116 2666 3417 2719 auctoritati
3448 2680 3553 2719 non
3579 2663 3826 2725 cederet.

2242 2757 2332 2808 sed
2356 2756 2516 2809 etiam
2542 2757 2717 2824 potius
2747 2756 2798 2809 in
2823 2756 3146 2811 consortium
3171 2756 3562 2811 communionis
3582 2766 3828 2812 externa:

2243 2861 2337 2912 per
2366 2846 2569 2914 legatos
2597 2861 2722 2900 suos
2759 2847 3023 2902 niteretur
3063 2838 3363 2911 abducere;
3405 2847 3664 2916 ﬁeretque
3693 2863 3826 2916 apo-

2241 2937 2443 2990 stolica:
2469 2938 2582 2992 sedi
2610 2938 2897 2992 necessitas
2917 2952 3012 2992 eos
3031 2937 3174 3007 ipsos
3198 2953 3329 3008 quos
3343 2939 3612 2994 direxerat
3637 2940 3827 2996 sacer.

2249 3026 2402 3080 dotes
2463 3027 2663 3088 honore
2715 3030 2912 3096 pariter
2954 3037 3008 3082 et
3051 3031 3426 3084 commuuime
3470 3030 3706 3098 privare,
3762 3048 3828 3086 ne

2249 3116 2339 3171 tall
2360 3119 2680 3187 contagione
2706 3118 2977 3173 videretur
2997 3118 3211 3184 intecta,
3237 3120 3474 3189 satisque
3498 3130 3829 3179 monstraret

569 3227 679 3280 quo
719 3202 1003 3284 synodum
1030 3227 1125 3265 sua
1171 3213 1486 3266 auctoritate
1526 3212 1829 3276 conﬁrmat,
1875 3221 1933 3267 et
1977 3214 2146 3268 contl-
2173 3189 2221 3248 c
2250 3223 2357 3261 non
2384 3223 2442 3262 se
2475 3208 2646 3261 Acacii
2685 3209 2990 3275 specialiter
3030 3209 3210 3264 odisse
3237 3225 3545 3280 personam,
3589 3211 3689 3267 sed
3735 3228 3828 3268 re-

571 3312 734 3358 tutata
770 3303 1136 3358 moderatione
1163 3302 1416 3364 custodit,
1444 3318 1540 3372 pro
1569 3317 1668 3357 suo
1697 3303 1900 3358 scilicet
1941 3304 2143 3372 princi-

574 3402 729 3463 patu,
761 3409 920 3463 quem
970 3395 1154 3448 [reatus
1202 3393 1392 3448 Petrus
1435 3394 1712 3461 apostolus
1761 3393 1968 3448 Domini
2012 3409 2144 3449 voce

574 3492 881 3553 perceptum
903 3523 919 3548 ,
951 3484 1186 3539 Ecclesia
1205 3475 1564 3538 nihilominus
1605 3485 1962 3554 subsequente
1987 3495 2041 3540 et
2068 3495 2147 3539 te-

576 3576 691 3628 nuit
735 3588 945 3642 semper
987 3583 1041 3628 et
1086 3575 1299 3629 retinet.
1348 3573 1472 3629 Hac
1515 3576 1642 3627 dum
1682 3575 1939 3630 Acacium
1985 3576 2146 3629 certis

572 3665 917 3735 comperisset
961 3665 1167 3722 indiciis
1206 3667 1229 3698 '
1268 3680 1296 3718 a
1337 3667 1715 3721 communione
1750 3668 2009 3722 catholica
2051 3669 2146 3722 de-

575 3755 769 3822 viasse,
795 3755 994 3810 diutius
1023 3758 1120 3810 ista
1159 3770 1265 3810 non
1290 3756 1538 3822 credens,
1571 3757 1769 3825 quippe
1794 3773 1952 3822 quem
1981 3773 2142 3811 nove-

574 3852 656 3896 rat
697 3853 1062 3898 exsecutorem
1091 3858 1235 3912 sape
1273 3845 1590 3899 necessaria:
1619 3845 1988 3913 dispositionis
2031 3831 2144 3902 sure

573 3943 759 3985 contra
782 3934 1059 3986 lmreticos
1074 3935 1364 3994 exstitisse,
1388 3948 1480 4002 per
1503 3932 1789 3986 trienninni
1819 3936 1929 3988 iere
1954 3938 2144 3992 littoris

576 4021 852 4076 destinatis
875 4021 1120 4076 eumdem
1149 4036 1367 4077 monere
1398 4037 1505 4077 non
1536 4022 1766 4088 destitit,
1792 4024 1928 4078 sicut
1954 4039 2045 4091 per
2067 4025 2148 4079 di-

576 4127 759 4168 versos
774 4115 931 4167 missa
952 4115 973 4147 θ
995 4112 1301 4182 frequenter
1330 4119 1526 4182 scripta
1548 4123 1827 4168 testantur.
1862 4116 1905 4148 ⁸⁸
1925 4145 1995 4155 -—
2015 4117 2142 4182 Qui-

573 4202 674 4256 bus
697 4203 786 4256 ille
806 4217 924 4256 cum
964 4202 1146 4257 debito
1165 4201 1270 4274 [αι.
1319 4212 1565 4272 tanquam
1586 4203 1797 4274 debito]
1821 4204 2032 4259 silentio
2054 4207 2142 4259 diu

575 4307 681 4346 non
699 4294 1022 4361 respondere
1036 4303 1377 4363 proponeret,
1395 4295 1711 4363 episeopalis
1724 4310 1933 4365 quoque
1943 4295 2142 4350 directa

577 4383 768 4450 legatio
782 4392 890 4447 est,
912 4397 974 4436 ac
998 4384 1128 4448 nihil
1144 4384 1355 4439 ominus
1379 4383 1565 4452 pagina
1584 4385 1846 4439 destinata
1867 4400 1987 4454 quae
2011 4402 2143 4451 prsc-

576 4479 814 4526 moneret
825 4487 944 4525 eum
959 4487 1175 4526 suorum
1193 4484 1316 4528 ante
1331 4474 1641 4528 meminisse
1650 4486 1939 4543 gestorum.
1957 4485 2011 4530 et
2023 4492 2143 4545 qttte

573 4561 818 4630 primitus
835 4576 930 4628 pro
949 4562 1050 4615 ﬁde
1066 4563 1326 4617 catholica
1346 4564 1678 4628 desudasset,
1697 4575 1947 4634 oportere
1964 4568 2109 4636 respi
2121 4598 2138 4608 -

2245 3312 2438 3363 apuere
2469 3298 2669 3352 ﬁedera
2699 3299 3062 3367 perditorum:
3091 3315 3210 3370 qua:
3236 3304 3396 3357 etiam
3426 3301 3481 3357 in
3511 3306 3625 3359 suis
3652 3307 3830 3374 ponti-

2247 3390 2434 3444 licibus
2461 3391 2722 3446 detestata
2752 3394 3138 3446 convenienter
3178 3392 3444 3462 horreret,
3477 3395 3830 3452 nihilominus

2245 3489 2422 3533 autem
2469 3480 2659 3534 litteris
2689 3481 2801 3536 suis
2832 3482 3058 3536 Aeacius
3090 3483 3375 3550 indicarat;
3408 3495 3462 3540 et
3504 3485 3558 3539 in
3590 3489 3833 3549 Alexan-

2246 3569 2392 3623 drini
2443 3568 2596 3626 Petri
2628 3587 2688 3626 se
2725 3577 3180 3640 communionem,
3203 3591 3360 3652 quem
3402 3577 3646 3646 expetita
3683 3578 3837 3632 sedis

2244 3668 2551 3737 aposme
2591 3671 2907 3726 auctoritate
2946 3684 3230 3728 exsecutor
3274 3676 3388 3744 ipse
3415 3689 3633 3746 quoque
3674 3677 3831 3731 dam-

2245 3767 2482 3832 naverat,
2514 3767 2630 3824 sine
2659 3767 2902 3834 ejusdem
2931 3770 3240 3840 apostolica)
3265 3771 3411 3828 sedis
3432 3773 3832 3831 consultatione

2248 3870 2642 3936 promptissime
2683 3869 2982 3934 recidisse,
3025 3880 3082 3927 et
3125 3874 3516 3929 accusationem
3566 3875 3831 3942 Joannis,

2249 3967 2536 4035 laudesque
2565 3967 2708 4022 Petri
2738 3971 2954 4038 proprio
2973 3985 3225 4028 sermone
3248 3973 3479 4030 deferre.
3507 3975 3584 4030 De
3611 3976 3827 4046 quibus,

2249 4065 2291 4118 si
2322 4066 2502 4131 utique
2545 4065 2846 4122 conﬁdebat
2885 4070 3053 4137 magis
3079 4069 3164 4123 vel
3209 4071 3392 4126 venire
3416 4111 3432 4138 ,
3479 4073 3563 4128 vel
3612 4077 3833 4131 mittere

2249 4164 2540 4232 debuisset,
2573 4173 2631 4218 ut
2659 4176 2713 4220 et
2743 4175 3061 4234 pmsentem
3091 4168 3158 4223 de
3186 4170 3480 4225 mendaciis
3519 4187 3640 4240 qua:
3680 4174 3832 4228 dice-

2249 4255 2338 4309 bat
2381 4264 2562 4323 posset
2597 4255 3210 4321 confutare'Joannem,
3267 4269 3321 4314 et
3367 4263 3636 4330 prmconia
3687 4264 3831 4319 Petri

2249 4370 2366 4423 quae
2395 4355 2685 4422 digesserat
2732 4357 3121 4412 rationabiliter
3167 4360 3464 4430 allegaret,
3522 4363 3669 4431 quod
3707 4380 3832 4418 cum

2251 4462 2469 4517 minime
2512 4459 2717 4527 fecerit,
2747 4461 2877 4516 satis
2917 4462 3200 4517 evidenter
3227 4465 3616 4533 ostendit,_nec
3663 4467 3831 4522 Joan-

2250 4575 2370 4613 nem
2416 4573 2474 4614 se
2519 4575 2677 4629 posse
2725 4559 3074 4629 convincere,
3116 4576 3214 4616 nec
3261 4562 3499 4632 legitime
3545 4545 3828 4634 receptum

575 4666 718 4708 cere.
746 4651 1078 4720 Contestans,
1105 4662 1162 4715 et
1193 4653 1518 4710 blandiendo
1547 4656 1744 4726 pariter
1767 4667 1820 4713 et
1861 4659 2133 4728 minando,
2168 4652 2217 4712 D
2245 4662 2461 4716 Petrum
2491 4653 2966 4717 bibere-ﬁduciam
2998 4663 3343 4731 perdocendi,
3392 4665 3678 4736 solumque
3729 4669 3831 4723 sibi

647 4830 664 4860 ⁸
689 4828 765 4882 Id.
795 4830 942 4894 cod.,
966 4846 1133 4885 sensu.

645 4901 664 4930 ²
700 4899 773 4952 Id.
804 4900 947 4963 cod.,
976 4899 1253 4956 concludit.

644 4968 664 4997 ³
699 4969 772 5020 Μ.
799 4969 939 5030 cod.,
967 4969 1020 5020 in
1050 4972 1139 5020 ltus
1167 4970 1521 5037 blasphemiae.

646 5037 668 5066 ι
699 5037 771 5090 Id.
799 5040 944 5101 eod.,
972 5039 1179 5091 nouiter.

645 5107 666 5138 ⁵
694 5107 845 5160 Deest
872 5109 1158 5171 Apostolica
1189 5110 1238 5162 in
1269 5108 1456 5162 eodem
1484 5111 1605 5165 cod.

645 5176 666 5206 ⁸
696 5176 770 5229 Id.
824 5179 967 5234 cod.,
1021 5179 1115 5228 nisi
1159 5179 1482 5250 resipuisset,
1528 5181 1764 5250 judicare
1802 5181 2135 5244 damnatam.

575 5254 809 5321 essetque
840 5259 1142 5321 consequens
1165 5286 1178 5308 .
1225 5257 1279 5302 ut
1327 5249 1425 5321 nisi
1458 5251 1770 5320 corrigeret,
1819 5253 2136 5306 damnationi

575 5314 750 5388 procul
776 5313 928 5365 dubio
956 5315 1228 5388 aubjizccret
1250 5333 1272 5382 ί
1295 5318 1472 5385 quibus
1489 5361 1504 5388 ,
1537 5313 1645 5377 etc.

649 5384 667 5413 "
693 5383 769 5438 Id.
797 5387 939 5448 cod.,
973 5385 1185 5438 nullam.

695 5457 770 5513 Id.
791 5459 935 5521 cod.,
959 5477 991 5512 a
1009 5461 1242 5513 veritate.

784 5529 929 5600 cod.,
955 5531 1298 5600 familiariter,

650 5594 692 5625 ⁸⁸
723 5597 920 5671 Inclusa
955 5594 1262 5671 parenthesi
1305 5604 1547 5670 pet-duas
1579 5599 1745 5657 I’crme
1790 5603 2007 5671 paginas
2034 5601 2137 5656 de-

577 5676 700 5739 sunt
740 5669 790 5739 in
816 5669 996 5725 codice
1021 5669 1339 5738 Veroncnsi,
1378 5688 1670 5738 eorumque
1696 5669 1812 5725 loco
1856 5677 2134 5739 sequentia

576 5735 958 5798 subjiciuntur:
1003 5743 1192 5806 Quibus
1222 5747 1306 5799 ille
1328 5735 1550 5809 primum
1577 5735 1816 5808 tauquam
1845 5735 2015 5795 dedito
2057 5745 2128 5796 si-

2243 4839 2398 4914 lentio
2445 4837 2928 4914 nihilfespondere
2973 4855 3256 4914 praponens
3305 4843 3504 4914 tandem
3547 4845 3830 4914 aliquando

2245 4911 2412 4983 missis
2448 4907 2628 4962 litteris
2665 4907 2933 4983 proﬁtetur
2979 4925 3031 4962 se
3068 4907 3414 4983 Alexandrino
3459 4907 3644 4977 Petro;
3681 4933 3829 4983 quem

2242 4979 2465 5054 expetita
2489 4979 2781 5054 apostolicae
2807 4978 2939 5031 sedis
2973 4981 3555 5054 auctoritateexsecutor
3575 4978 3829 5054 ipseque-

2246 5060 2342 5116 que
2370 5053 2654 5108 damnarat,
2691 5047 2876 5115 absque
2901 5049 3036 5102 sedis
3071 5052 3364 5115 apostolica!
3393 5055 3573 5106 notitia
3593 5047 3828 5109 cominu-

2245 5119 2427 5181 itione,
2457 5120 2761 5186 permixtum
2787 5133 2806 5170 :
2839 5116 2965 5168 beati
2994 5129 3164 5172 autem
3191 5118 3333 5173 Petri
3356 5124 3521 5185 aedes,
3550 5141 3664 5187 qua
3701 5128 3823 5179 Ale-

2241 5187 2448 5238 drimtm
2475 5187 2681 5239 Petrum
2709 5189 3060 5240 tantummodo
3087 5191 3377 5253 damnasse,
3409 5209 3512 5245 non
3537 5195 3692 5246 etiam
3720 5198 3821 5248 solo

2243 5256 2382 5328 cisse
2402 5265 2624 5328 nouerat,
2655 5272 2758 5328 non
2787 5258 3008 5328 recepit;
3036 5267 3184 5326 atque
3219 5260 3334 5311 ideo
3363 5277 3424 5316 ne
3454 5279 3544 5328 per
3579 5264 3821 5316 Arat-ium

2241 5327 2296 5378 in
2350 5324 2493 5400 Petri
2532 5327 2839 5400 consortium
2883 5324 3166 5400 duceretiir,
3215 5329 3378 5392 ipsum
3421 5324 3620 5400 quoque
3656 5351 3687 5384 a
3732 5351 3823 5387 sua

2241 5397 2592 5468 communione
2627 5396 2873 5468 artemooit
2902 5406 2950 5447 et
2991 5397 3304 5468 muttimodis
3335 5396 3761 5468 transgressorcm
3792 5422 3823 5456 ιι

2242 5481 2337 5534 sua
2363 5467 2594 5518 societate
2624 5467 2741 5534 fecit
2776 5465 3022 5518 alienum.
3049 5466 3146 5519 Hic
3169 5468 3214 5521 si
3244 5465 3586 5534 exantinatio,
3617 5483 3724 5530 etc.
3753 5501 3822 5514 —-

2240 5533 2348 5609 Nos
2377 5535 2672 5609 parenthesi
2691 5537 3005 5604 signum—,
3029 5545 3087 5590 ut
3110 5537 3277 5606 magis
3306 5533 3670 5609 perspicuum,
3691 5545 3818 5599 sub-

2240 5604 2534 5661 stituimus.
2564 5606 2714 5659 Eorr.

2314 5675 2354 5705 "
2388 5674 2548 5729 Forte
2577 5691 2691 5730 cum
2718 5677 2990 5747 praciptu.
3019 5673 3282 5733 Balbum.
