3994 6428
222 424 289 478 6:;
1426 407 1782 464 El’iSTOL.E
1826 405 1913 461 ET
1953 404 2132 460 DECR
2142 405 2297 460 ETA.
3440 403 3507 455 66

222 533 540 589 monstravit
587 532 762 586 inesse
792 528 1125 600 propositum
1174 524 1445 580 laceraudi
1485 524 1799 587 catholicos,
1834 527 1884 586 Α
1909 524 2168 595 judicium
2199 521 2531 595 apostolatus
2558 520 2751 573 adesse
2776 517 3097 585 contempsit
3124 533 3137 583 ;
3170 532 3269 572 nec
3300 530 3509 583 poterat

221 625 609 693 lueretieosque
639 621 912 686 laudandi,
954 633 1182 687 seseque
1226 631 1413 672 eorum
1448 616 1642 684 potius,
1673 627 1812 683 quos

220 716 490 779 laudabat,
536 713 722 769 docuit
762 726 882 766 esse
930 709 1265 781 participem,
1307 722 1468 776 quam
1516 706 1812 759 catholico-

220 823 362 873 rum,
392 821 527 877 quos
550 804 819 859 nitebatur
843 803 1181 871 decolorare,
1213 809 1518 855 consortem
1548 814 1562 850 :
1589 798 1815 865 tulitque

218 899 286 953 de
312 914 372 953 se
404 897 520 966 ipse
546 894 829 964 judicium,
860 909 982 948 cum
1025 892 1265 947 damnati
1296 890 1530 944 hominis
1568 904 1814 943 commu-

221 989 385 1043 nione
410 986 669 1054 pollutus,
689 984 1050 1037 damnationis
1075 983 1192 1050 ejus
1214 980 1387 1035 factus
1408 988 1491 1034 est
1522 977 1811 1047 particeps.

223 1078 295 1131 lta
328 1088 380 1131 et
414 1076 569 1131 sedes
599 1075 889 1143 apostolica
915 1072 1054 1143 quod
1103 1073 1168 1126 ad
1202 1070 1559 1127 necessariam
1589 1069 1818 1138 diligen-

225 1173 351 1224 tiam
384 1172 675 1238 resp'ceret
706 1167 776 1220 nil
817 1164 1015 1229 omisit,
1047 1172 1099 1217 et
1128 1163 1358 1218 Aeacius
1390 1162 1681 1217 secundum
1707 1160 1816 1214 for-

223 1276 368 1315 mant
399 1260 589 1331 synodi
612 1256 1089 1320 Chalcedonensis,
1121 1269 1224 1324 qua
1254 1268 1409 1308 error
1447 1252 1534 1308 cui
1575 1266 1819 1307 commu-

224 1352 427 1406 nicavit
449 1350 613 1405 elisus
639 1358 742 1413 est,
770 1349 907 1401 sicut
936 1346 1003 1401 de
1034 1344 1288 1400 ltarretico
1311 1343 1530 1399 homine
1558 1344 1817 1410 scriptum

225 1455 345 1507 cst,
396 1459 495 1498 suo
537 1442 740 1510 judicio
787 1440 1177 1495 condemnatus
1223 1437 1509 1506 apparuit,
1570 1435 1820 1505 justeque

225 1536 382 1589 sedes
402 1532 714 1603 apostolica,
740 1546 858 1601 quas
883 1531 1065 1598 utique
1081 1544 1140 1585 se
1160 1528 1580 1583 Alexandrinum
1601 1527 1819 1582 Petrum

226 1629 534 1691 damnasse,
564 1641 669 1679 non
698 1625 859 1679 etiam
882 1622 1107 1677 solvisse
1139 1632 1425 1688 memorat,
1456 1636 1523 1675 ne
1551 1635 1644 1689 per
1684 1620 1821 1675 Aca-

227 1723 296 1771 cti
331 1716 608 1786 pristinam
633 1715 1068 1771 communionem
1098 1712 1240 1766 Petri
1262 1726 1476 1781 quoque
1503 1710 1817 1781 collegium,

226 1810 313 1863 cui
343 1808 570 1862 Aeacius
600 1805 1114 1867 communicaverat,
1146 1803 1434 1867 incideret,
1469 1803 1643 1868 ipsum
1673 1815 1821 1853 com-

1918 618 2057 672 ultra
2096 614 2319 681 diﬁerri,
2369 627 2459 677 tte,
2515 612 2654 665 sicut
2703 610 2905 663 dictum
2952 617 3056 673 est,
3103 608 3318 677 antiqua
3367 609 3510 663 illius

1916 705 2294 764 communione
2320 704 2572 767 durante,
2604 701 2727 755 cum
2756 713 2877 753 sese
2897 699 3007 768 jam
3041 697 3303 752 sociasset
3325 708 3505 753 exter-

1916 813 2023 862 nae,
2068 796 2225 850 sedes
2270 807 2485 864 quoque
2524 790 2819 861 apostolica
2869 804 2964 858 per
3012 803 3134 841 eum
3179 788 3511 856 pollueretur

1916 888 2180 957 contagiis
2204 885 2552 956 perﬁdorum,
2589 881 2917 950 dignumque
2947 887 3094 932 esset
3125 878 3209 931 vel
3262 878 3512 945 pr:cvari-

1915 988 2177 1046 eatorem,
2206 977 2291 1033 vel
2312 983 2735 1042 contemptorem
2762 971 2949 1042 judicii
2979 970 3358 1039 competentia,
3390 984 3512 1023 ma-

1919 1068 2268 1125 nifestissime
2297 1066 2505 1120 scilicet
2554 1065 2623 1117 de
2667 1077 2766 1115 suo
2810 1061 3023 1129 negotio
3053 1062 3455 1127 desperantem,
3488 1073 3518 1112 a

1918 1160 2185 1218 catholica
2215 1165 2375 1226 atque
2405 1156 2699 1225 apostolica
2730 1151 3036 1221 integritate
3057 1160 3109 1205 et
3140 1149 3520 1205 communione

1920 1252 2147 1309 secludi.
2162 1279 2231 1290 —
2246 1249 2344 1303 llic
2362 1254 2404 1301 si
2425 1246 2753 1301 examinatio
2768 1245 3050 1313 quieritur,
3069 1247 3176 1309 jam
3188 1240 3391 1309 judicio
3412 1253 3523 1294 non

1920 1353 2039 1399 erat
2064 1355 2234 1412 opus;
2260 1342 2281 1372 ³
2309 1347 2659 1409 posteaquam
2682 1345 2735 1388 et
2760 1334 2953 1389 litteris
2974 1332 3084 1386 suis
3106 1334 3222 1400 ipse
3243 1328 3524 1384 confessus

1921 1446 2027 1500 est,
2058 1443 2114 1488 et
2157 1431 2225 1487 ad
2270 1429 2564 1499 legitimum
2590 1426 2850 1496 judicium
2886 1434 3108 1479 vocatus
3154 1421 3305 1475 adire
3354 1422 3505 1489 perti:

1922 1525 2079 1591 mult,
2102 1527 2148 1579 si
2174 1521 2510 1577 auctoritatis
2540 1519 2745 1589 pondus
2778 1517 3089 1586 inquiritur,
3118 1512 3529 1567 Chalt‘edonend

1917 1618 1998 1671 sis
2027 1614 2217 1687 synodi
2253 1612 2450 1667 ‘tenor
2479 1626 2600 1666 cum
2647 1609 2939 1679 apostolica
2975 1606 3107 1661 sede
3151 1603 3520 1668 consentiens,

1922 1716 1980 1762 et
2022 1708 2165 1761 illius
2206 1702 2536 1760 deﬁnitionis
2577 1703 2851 1757 exsecutio
2882 1698 3148 1776 reperitur
3180 1696 3527 1751 condemnati

1927 1799 2044 1854 illic
2074 1798 2280 1853 erroris
2310 1795 2740 1850 communicator
2768 1791 2995 1846 eﬁ‘ectus
3020 1805 3034 1841 :
3067 1787 3301 1856 praefixae
3332 1784 3527 1842 nihilo-

230 1908 476 1965 |eteuter
502 1896 753 1951 Acacium
783 1912 810 1947 a
838 1910 933 1950 sua
964 1895 1343 1949 communione
1371 1893 1655 1946 submovit.
1682 1891 1822 1958 Qna-
1855 1911 1899 1969 Β
1929 1891 2105 1945 minus
2137 1888 2333 1944 ibidem
2365 1885 2632 1956 particeps
2671 1881 3033 1937 damnationis
3059 1879 3080 1910 ⁸
3102 1880 3368 1946 apparuit,
3398 1892 3531 1946 quo—

231 2001 455 2060 propter
483 2000 660 2043 utrum
691 1992 861 2042 errori
896 1987 976 2041 vel
1010 1985 1435 2055 pratvaricatioui
1459 1987 1825 2039 communica-

230 2082 373 2137 verit
419 2079 684 2146 Aeacius,
753 2078 881 2147 quid
942 2092 1075 2144 Opus
1121 2085 1238 2131 erat
1292 2090 1427 2131 nova
1492 2076 1825 2130 discussione

229 2172 598 2241 cognoscere?
625 2185 747 2225 cum
770 2170 879 2238 jam
914 2169 1105 2222 litteris
1134 2170 1246 2222 suis
1286 2177 1430 2222 esset
1461 2168 1575 2237 ipse
1614 2166 1828 2221 confes-

230 2277 343 2326 sus,
373 2276 455 2324 ac,
498 2261 640 2314 sicut
666 2259 925 2328 scriptum
958 2268 1061 2323 est,
1096 2256 1201 2312 Ore
1239 2266 1327 2312 tuo
1354 2256 1741 2327 justificaberis,
1778 2265 1827 2311 et

229 2373 318 2409 ore
344 2368 432 2408 tuo
459 2352 871 2409 condemnaberis
903 2350 1117 2422 (Matth.
1146 2350 1265 2423 ιιι),
1291 2354 1578 2406 verborum
1604 2364 1825 2404 suorum

232 2448 461 2502 vinculis
498 2456 555 2501 et
604 2459 728 2500 reus
768 2456 1045 2500 teneretur
1090 2452 1143 2498 et
1184 2443 1305 2513 jure
1338 2442 1673 2512 plectendas.
1719 2442 1830 2496 Cur

232 2540 351 2606 ipse
379 2539 433 2593 in
465 2553 599 2593 nova
617 2550 801 2603 causa,
824 2550 983 2606 quam
1012 2535 1251 2606 synodus
1278 2536 1419 2589 nulla
1451 2541 1825 2605 prazccsserat,

232 2630 520 2694 Joannem,
552 2642 711 2697 quem
742 2627 857 2682 suis
900 2626 1091 2682 litteris
1120 2626 1437 2696 impetebat,
1479 2624 1830 2695 qualemcun-

234 2736 341 2789 que
370 2720 623 2774 secundae
649 2718 795 2773 sedis
821 2718 1152 2787 episcopum,
1184 2719 1236 2771 itt
1269 2718 1455 2787 primae
1499 2716 1646 2771 sedis
1688 2716 1830 2770 beati

237 2812 381 2868 l’etri
412 2809 635 2878 apostoli
662 2808 867 2879 judicio
909 2808 1188 2864 confutare
1225 2808 1508 2876 despexit;
1537 2814 1593 2860 et
1623 2816 1674 2859 ut
1704 2820 1835 2861 cau-

236 2919 348 2958 sam
377 2902 601 2968 diceret,
630 2915 726 2955 seu
757 2916 851 2969 per
878 2914 959 2967 se,
1004 2914 1100 2955 seu
1149 2915 1244 2969 per
1290 2900 1475 2964 alium,
1510 2898 1591 2953 vel
1625 2898 1830 2961 venire,

238 2996 321 3049 vel
352 2995 623 3048 destinare
650 2992 978 3061 contempsit
1020 3008 1035 3043 :
1072 2991 1348 3060 indignum
1380 2989 1587 3043 habens
1618 2988 1835 3057 cujusli-

237 3088 329 3141 liet
358 3084 586 3139 civitatis
607 3083 831 3137 antistes
852 3083 918 3136 ad
950 3083 1137 3151 prima:
1162 3081 1309 3136 sedis
1339 3081 1523 3135 venire
1548 3080 1831 3149 judicium,

240 3177 308 3230 ad
336 3174 479 3244 quod
517 3172 768 3227 secunda:
790 3173 934 3226 sedis
963 3181 1213 3227 cerneret
1242 3173 1453 3226 venisse
1501 3168 1831 3239 pontiﬁcem,

1933 1982 2073 2036 niam
2103 1979 2243 2034 idem
2275 1980 2389 2047 ipse
2424 1991 2578 2030 error
2608 1977 2695 2045 qui
2727 1974 2899 2027 semel
2928 1980 3009 2025 est
3035 1986 3158 2025 cum
3184 1985 3280 2023 suo
3309 1980 3530 2023 auctore

1930 2073 2235 2135 danmatus,
2264 2071 2314 2124 iu
2345 2067 2603 2137 participe
2630 2065 2873 2136 quolibet
2920 2076 3097 2132 prava:
3136 2058 3531 2117 communionis

1930 2168 2144 2231 eﬁ‘ccto,
2177 2176 2229 2219 et
2256 2162 2684 2218 exsecrationem
2716 2159 2799 2213 sui
2831 2166 3010 2227 gestat
3052 2165 3109 2211 et
3153 2169 3389 2224 pinnam.
3420 2153 3534 2206 Hoc

1932 2272 2122 2314 tenore
2142 2258 2305 2311 etiam
2333 2254 2651 2309 Timotheus
2671 2250 2915 2316 IElut-us,
2948 2259 3109 2318 atque
3155 2250 3271 2316 ipse
3301 2246 3535 2300 Alexan-

1930 2352 2121 2406 drinus
2163 2350 2378 2414 Petrus,
2427 2348 2517 2416 qui
2551 2346 2845 2399 secundam
2878 2353 3025 2396 certe
3064 2341 3248 2395 sedem
3280 2351 3526 2408 quoquo-

1939 2422 2102 2498 modo
2132 2441 2373 2495 tenuisse
2403 2436 2743 2497 videbantur,
2776 2448 2883 2487 uou
2927 2431 3151 2500 repetita
3180 2429 3406 2507 synodo,
3439 2426 3535 2481 scd

1937 2533 2264 2587 auctoritate
2286 2526 2657 2584 tantummodo
2676 2525 2821 2580 sedis
2842 2521 3307 2593 apostoliemﬁpso
3328 2516 3535 2589 quoque

1936 2624 2136 2679 Aeacio
2185 2621 2490 2692 postulante
2536 2617 2621 2671 vel
2668 2623 3002 2685 exsequente
3060 2611 3361 2682 'probatur
3416 2624 3515 2665 ess.

1937 2718 2254 2780 damnatus;
2286 2728 2428 2768 nunc
2456 2719 2636 2767 autem
2667 2710 2769 2779 ipsi
2800 2709 3030 2763 doceant
3057 2705 3297 2777 legitime
3321 2704 3516 2759 Petrun

1937 2813 2100 2866 fuisse
2134 2817 2436 2879 purgatum,
2459 2814 2515 2861 et
2544 2804 2611 2859 ab
2634 2803 2781 2859 omni
2813 2802 3188 2857 ltmreticorum
3217 2797 3529 2865 contagione

1935 2904 2037 2959 rite
2060 2901 2351 2956 discretum
2383 2913 2504 2953 cum
2532 2898 2580 2952 ei
2609 2893 3029 2951 communicavit
3058 2893 3307 2955 Aeacius,
3339 2893 3382 2944 si
3414 2888 3533 2956 ejus

1936 2993 2447 3047 communicatorem
2496 2996 2683 3058 putant
2712 2985 2969 3041 Acacium
3001 2983 3340 3053 aliquatenus
3369 2994 3533 3035 excu-

1936 3083 2185 3146 sandum,
2219 3089 2312 3135 aut
2355 3082 2423 3146 si,
2454 3080 2596 3150 quod
2646 3077 2815 3146 magis
2841 3086 2925 3131 est
2962 3090 3173 3141 verum,
3206 3071 3537 3129 convenien-

1941 3188 2022 3231 ter
2050 3185 2212 3246 atque
2261 3174 2499 3243 legitime
2531 3173 2745 3227 Petrum
2769 3171 2789 3202 ⁸
2814 3169 3042 3239 probare
3090 3184 3195 3222 tton
3253 3174 3542 3237 potuerunt

240 3266 381 3335 quod
409 3264 689 3317 Anatolius
715 3261 1320 3331 (loostantinopolitana:
1364 3262 1512 3316 urbis
1548 3265 1836 3330 episcopus
1864 3280 1908 3339 ο
1942 3269 2213 3331 expiatum
2236 3267 2254 3296 ⁷
2286 3266 2527 3333 (prepter
2556 3264 2697 3332 quod
2743 3264 2904 3316 etiam
2936 3260 3000 3315 ad
3038 3260 3349 3327 aposmlictc
3396 3258 3542 3311 sedis

242 3358 426 3412 missis
456 3352 814 3423 legationibus
847 3367 942 3421 pro
968 3367 1064 3407 sua
1089 3351 1317 3422 persona
1345 3353 1540 3407 fecisse
1568 3363 1836 3406 monstra-

242 3449 368 3502 tur?
396 3448 535 3501 Ecce
561 3447 722 3500 etiam
752 3445 802 3498 in
828 3444 926 3499 hac
958 3452 1108 3514 parte
1134 3459 1317 3499 vocem
1350 3459 1456 3498 non
1490 3444 1688 3499 habent
1708 3459 1837 3498 con-

243 3525 530 3610 qucreutcs
561 3554 573 3589 :
608 3552 755 3605 ecce,
798 3536 1037 3605 inquam,
1082 3535 1147 3589 ad
1180 3536 1475 3606 legitimum
1503 3546 1589 3591 est
1618 3546 1839 3592 vocatus

244 3644 498 3695 t-xautctt,
526 3628 615 3682 ubi
649 3627 731 3681 vel
760 3641 885 3681 suas
913 3636 1091 3695 partes
1110 3628 1269 3697 jusﬁs
1297 3627 1704 3697 allegationibus
1731 3630 1841 3683 de-

247 3726 507 3783 fensaret,
550 3721 593 3774 si
633 3721 723 3774 ille
768 3719 1077 3787 apostolica:
1124 3720 1269 3773 sedis
1301 3722 1493 3789 rel‘ugit
1525 3734 1752 3773 examen
1787 3722 1838 3773 in

248 3814 473 3871 Joannis
489 3812 737 3866 catholici
765 3808 1030 3879 pontiﬁcis
1056 3810 1271 3879 negotio
1291 3810 1628 3879 vestigando,
1653 3825 1841 3879 quem-

248 3905 540 3961 admodum
581 3902 739 3956 sedes
781 3900 1074 3969 apostolica
1115 3902 1183 3955 de
1226 3901 1532 3969 receptione
1563 3901 1702 3955 Petri
1734 3903 1843 3954 ita;-

251 3999 407 4055 retici
436 4012 531 4051 sua
562 3996 882 4048 auctoritate
912 3994 1151 4057 resoluti,
1186 3995 1365 4048 Aeacii
1397 3993 1569 4048 fuerat
1595 4003 1842 4049 secutura

251 4088 544 4161 judicium?
576 4089 655 4141 An
686 4088 867 4139 sedem
899 4085 1247 4153 apostolicam
1280 4085 1615 4155 congruebat
1663 4099 1846 4153 parm-

253 4185 355 4237 cia:
382 4179 740 4235 Heraclieusis
770 4175 1051 4241 Ecclesiae,
1081 4177 1133 4231 id
1161 4186 1244 4232 cst
1269 4176 1847 4245 Constantinopolitani

253 4270 546 4344 pontilicis,
571 4271 654 4323 vel
683 4268 1046 4337 quorumlibet
1074 4268 1326 4331 aliorum,
1358 4270 1446 4336 qui
1478 4281 1596 4320 cum
1632 4268 1845 4334 eodem,

254 4366 340 4419 vel
377 4372 591 4431 prepter
616 4374 737 4415 eum
768 4359 977 4413 fuerant
1003 4358 1385 4428 congregandi,
1426 4359 1683 4427 judicium
1713 4374 1849 4429 prte-

257 4454 481 4511 stolari?
513 4454 646 4508 Cum
689 4450 1036 4521 apostolicam
1081 4450 1323 4518 ejusdem
1361 4452 1546 4519 primae
1587 4453 1732 4505 sedis
1757 4469 1851 4505 au-

259 4548 519 4602 dtcntiam
564 4541 1192 4610 Constantinopolitanus
1218 4542 1502 4611 episcopus
1531 4543 1845 4609 declinaret,

1935 3358 2193 3427 judicium
2225 3357 2452 3413 Aeacius
2480 3357 2561 3411 vel
2594 3358 2780 3409 venire
2808 3355 2891 3409 vel
2940 3354 3212 3408 destinare
3240 3368 3344 3406 non
3377 3367 3541 3405 ausus

1941 3451 2092 3520 est);
2124 3459 2292 3503 restat
2334 3459 2393 3503 ut
2434 3448 2486 3503 in
2533 3448 2655 3517 ejus
2675 3447 3164 3502 communicatione
3209 3444 3314 3517 [AL
3340 3458 3396 3497 ιιι
3425 3444 3542 3513 rjus

1941 3539 2326 3612 inexpiatione]
2358 3539 2536 3605 fuerit,
2561 3548 2616 3593 et
2644 3538 2734 3609 qtti
2763 3539 2811 3593 ei
2837 3539 3254 3592 communicavit
3287 3536 3535 3594 infectus.

1940 3636 1963 3667 ⁸
1984 3632 2099 3688 Νοη
2132 3636 2421 3689 reticetnus
2448 3630 2555 3704 [AL
2578 3631 2685 3687 Nec
2709 3630 2869 3701 plane
2897 3630 3161 3702 tacemus]
3193 3640 3371 3684 autem
3394 3629 3537 3700 quod

1941 3734 2135 3781 cuncta
2179 3740 2274 3793 per
2309 3725 2569 3778 mundum
2611 3723 2760 3778 novit
2790 3722 3065 3787 Ecclesia;
3113 3724 3365 3792 quoniam
3411 3738 3541 3789 quo-

1944 3816 2195 3869 rumlith
2244 3813 2527 3869 sententiis
2572 3813 2728 3882 ligata
2777 3813 3089 3882 pontificum
3120 3853 3134 3877 ,
3196 3812 3353 3865 sedes
3401 3811 3542 3864 beati

1946 3907 2087 3960 Petri
2121 3906 2352 3974 apostoli
2379 3906 2468 3974 jus
2491 3906 2683 3959 habeat
2712 3904 3039 3967 resolvendi,
3059 3910 3245 3968 utpote
3265 3903 3404 3968 quod
3431 3904 3539 3973 [AL

1946 3995 2087 4067 quae]
2114 3998 2180 4050 de
2209 3997 2354 4051 omni
2393 3995 2637 4049 Ecclesia
2688 3994 2768 4047 fas
2810 3995 3001 4049 ltabeat
3039 3994 3336 4061 judicandi,
3372 4011 3546 4064 neque

1946 4091 2195 4158 cuiquam
2224 4086 2292 4141 de
2322 4086 2438 4155 ejus
2467 4086 2619 4140 liceat
2648 4084 3138 4154 judicarejudicio,
3171 4087 3433 4155 siquidem
3478 4086 3545 4140 ad

1949 4179 2095 4233 illam
2125 4177 2191 4232 de
2219 4178 2461 4246 qualibet
2487 4177 2667 4229 mundi
2700 4187 2850 4243 parte
2877 4190 3116 4229 canones
3161 4177 3420 4246 appellari
3453 4193 3547 4231 vo-

1950 4270 2167 4333 luerint,
2198 4269 2265 4322 ab
2298 4268 2383 4321 illa
2415 4276 2595 4321 autem
2639 4280 2801 4321 nemo
2829 4267 2901 4320 sit
2930 4266 3199 4337 appellare
3228 4269 3547 4336 permissus.

1950 4364 2291 4431 QuaprOpter
2321 4375 2441 4413 cum
2479 4360 2609 4413 satis
2640 4370 2852 4413 constet
2904 4360 3157 4413 Acacium
3211 4361 3414 4414 nullum
3458 4361 3550 4412 lia-

1951 4456 2134 4509 buisse
2177 4451 2529 4523 pontiﬁcium,
2580 4453 2857 4519 sententia
2892 4450 3001 4524 [AL
3050 4454 3373 4508 sententiam
3408 4456 3554 4509 sedis

1951 4545 2261 4618 apostolicae
2306 4546 2444 4612 sine,
2493 4542 2628 4615 ete.]
2676 4542 2824 4599 sedis
2871 4545 3179 4611 apostolica:
3220 4544 3552 4608 damnatum,

258 4641 349 4708 qui
382 4638 562 4707 utique
589 4636 797 4692 etiamsi
826 4634 1223 4703 metropolitani
1263 4644 1409 4689 esset
1429 4636 1552 4704 jure
1581 4636 1849 4701 sulfultus,
1877 4635 1930 4694 D
1956 4640 2072 4694 sine
2101 4637 2208 4691 ulla
2251 4636 2369 4704 ejus
2419 4635 2638 4688 nctione
2663 4633 2935 4699 solvendi;
2986 4633 3169 4689 dicant
3222 4648 3371 4689 certe
3398 4639 3418 4669 '
3452 4652 3555 4704 qua

258 4732 421 4787 etiam
453 4729 591 4783 inter
620 4729 774 4782 sedes
797 4726 1018 4781 haberet
1046 4726 1222 4779 locum
1247 4741 1262 4790 ;
1295 4726 1483 4795 primae
1508 4736 1683 4781 tamen
1707 4729 1852 4783 sedis

259 4822 619 4893 cognitionem
653 4822 733 4873 l'as
778 4833 882 4871 non
924 4817 1106 4870 habuit
1136 4816 1426 4882 refutandi,
1458 4817 1523 4871 ad
1573 4834 1733 4887 quam
1767 4834 1850 4875 se-

260 4916 494 4971 cundum
527 4926 783 4975 canones,
808 4911 1111 4980 appellante
1142 4910 1392 4965 secundae
1421 4913 1569 4967 sedis
1589 4915 1848 4982 antistite,

274 5009 554 5063 meabatur
596 5007 664 5060 ad
709 5008 723 5037 ³
759 5018 1062 5059 nostrorum
1111 5018 1351 5059 causam.
1398 5004 1510 5059 Hoc
1561 5008 1675 5075 ipso
1721 5008 1853 5063 satis

286 5101 500 5155 stendit
528 5114 676 5153 reum
708 5114 767 5152 se
794 5112 915 5151 esse
945 5099 1274 5163 confessum,
1305 5100 1391 5167 qui
1438 5100 1503 5152 ad
1525 5100 1851 5175 Jt-gititnum

340 5212 357 5241 '
398 5211 566 5265 Locus
590 5210 850 5263 obsrurus
872 5220 964 5260 aut
986 5208 1299 5263 mendosus.
1329 5208 1595 5266 “annum.

341 5284 363 5313 ³
398 5283 534 5337 Cod.
566 5280 786 5343 Verow,
819 5290 1083 5347 postquam
1112 5278 1296 5331 litteris
1326 5289 1424 5332 tuis
1450 5282 1558 5350 ἔρρε
1589 5282 1849 5352 confessus

309 5368 365 5418 tt,
394 5356 437 5407 si
458 5352 795 5413 auc.’oritatis,
828 5357 935 5403 etc.

339 5417 361 5456 ³
400 5424 474 5477 Id.
497 5424 644 5495 cod.,
672 5429 841 5495 tenore
862 5419 1003 5472 illius
1030 5417 1342 5487 deﬁnitionis
1374 5423 1628 5477 exsecutio
1662 5426 1855 5495 rrpcri-

268 5508 353 5553 tttr
371 5509 472 5563 quo
496 5490 875 5563 damnati,_ctc.

341 5564 360 5595 ⁵
384 5560 477 5617 Ἰά.
503 5565 645 5621 cod.,
681 5560 935 5614 existeret.

341 5636 363 5667 ³
401 5634 456 5687 ltt
478 5633 597 5687 cod.
624 5631 862 5685 Justelli:
894 5647 911 5679 t
939 5629 1236 5683 Proltantur
1265 5642 1385 5683 esse
1405 5629 1661 5687 damnati.
1692 5634 1846 5700 Quod

267 5708 314 5764 si
359 5721 532 5761 utrum
582 5701 751 5756 errori
804 5700 885 5753 vel
935 5700 1357 5767 prtevaricationi
1422 5706 1841 5759 communicavit

274 5777 494 5833 Aeacius
518 5775 732 5828 forsitan
755 5771 965 5824 dicatur
988 5772 1288 5833 oportuisse
1316 5781 1585 5840 constare,
1610 5775 1844 5831 breviter

266 5849 572 5916 pracbemus
612 5845 679 5899 ad
722 5843 821 5897 ista
862 5855 1202 5911 responsum.
1249 5843 1355 5897 Aut
1409 5846 1554 5899 enim
1600 5847 1699 5918 ipsi
1740 5846 1840 5902 ἀο-

1957 4730 2166 4803 synodo
2194 4730 2296 4783 ltoe
2327 4730 2415 4782 ille
2446 4727 2868 4797 praesumpserit,
2895 4728 3037 4793 quod
3085 4742 3183 4781 nec
3213 4728 3291 4781 sic
3337 4729 3555 4797 quidem

1959 4824 2162 4892 absque
2208 4819 2502 4890 apostolica
2550 4818 2679 4872 sede
2723 4816 2803 4871 fas
2842 4816 3064 4871 haberet
3109 4816 3359 4871 efﬁcere?
3404 4818 3559 4886 cujus

1961 4915 2107 4969 sedis
2134 4911 2458 4982 episcopus?
2503 4909 2658 4979 cujus
2688 4907 3118 4979 metropolitanze
3159 4908 3393 4963 civitatis
3424 4912 3561 4963 anti-

1960 5008 2109 5063 stes?
2140 5006 2329 5060 Nonne
2374 5005 2626 5074 parmcia:
2668 5004 3025 5059 llcracliensis
3064 5004 3361 5059 Ecele~ia:?
3401 5005 3456 5060 Si
3484 5005 3561 5059 illi

1963 5111 2110 5157 certe
2140 5095 2289 5154 ﬁeuit
2318 5098 2437 5153 sine
2466 5096 2675 5168 synodo
2702 5096 3027 5151 sententiam
3058 5096 3371 5167 apostolicae
3415 5098 3562 5152 sedis

1956 5222 2154 5276 ceant,
2200 5222 2307 5268 etc.
2361 5210 2580 5266 Petrum
2646 5210 2884 5281 legitime
2938 5211 3311 5282 veraciterque
3360 5228 3558 5282 purga-

1956 5295 2066 5339 tum
2108 5293 2214 5337 etc.
2249 5302 2267 5334 i
2299 5282 2562 5335 Lanaeus.

2028 5355 2050 5386 ⁸
2089 5353 2163 5406 Id.
2188 5353 2338 5416 cod.,
2369 5368 2470 5405 non
2501 5351 2822 5421 probaverim
2851 5352 3131 5421 expiatum.

2031 5426 2051 5456 "
2092 5424 2310 5478 Ansulis
2342 5423 2543 5477 inclusa
2577 5440 2682 5476 non
2709 5435 2922 5477 exstant
2947 5440 2998 5477 tn
3029 5424 3163 5476 tzod.
3196 5421 3397 5477 Veron.

2031 5496 2053 5527 ⁸
2093 5495 2344 5548 Nicolaus
2372 5508 2505 5563 papa
2547 5493 2687 5549 hunc
2717 5494 2893 5563 locum
2925 5495 3055 5549 citat
3083 5496 3134 5548 in
3162 5494 3318 5561 epist.
3346 5494 3411 5547 ad
3438 5494 3557 5563 epi-

1958 5579 2154 5635 scopos
2183 5564 2371 5618 Gallia:
2415 5578 2477 5635 ex
2526 5564 2752 5635 epistola
2790 5562 2992 5618 Gelasii
3038 5566 3102 5617 ad
3134 5565 3418 5632 episcopos
3458 5562 3556 5634 per

1964 5633 2280 5690 Dardaniam
2310 5634 2630 5688 constitutos
2658 5651 2670 5686 :
2698 5633 2808 5688 Nec
2839 5636 2993 5705 plane
3023 5644 3266 5688 tacemus.
3296 5633 3553 5688 Minerua-

1950 5721 2044 5763 rus
2071 5706 2313 5760 Laudun.
2342 5720 2406 5759 es
2431 5707 2598 5776 epist.
2625 5706 2693 5758 ad
2717 5707 3060 5760 Anastasium
3092 5706 3416 5776 principem.
3442 5705 3555 5759 Nec

1950 5778 2397 5849 planc_taceamtts.
2427 5774 2694 5830 “ARDUIN.

2021 5851 2042 5882 '
2080 5846 2214 5902 Cod.
2251 5845 2474 5912 Verou.,
2506 5861 2607 5916 qua
2633 5855 2767 5900 rem
2796 5845 2994 5915 synodo
