  <div class='ocr_page' id='page_1' title='image "/cluster/home/n/w/nwhite01/storage/ocr_20150623/58-59/uc1.31175013991289/653.png"; bbox 0 0 3992 6412; ppageno 0'>
   <div class='ocr_carea' id='block_1_1' title="bbox 473 314 2035 388">
    <p class='ocr_par' dir='ltr' id='par_1_1' title="bbox 473 319 2035 388">
     <span class='ocr_line' id='line_1_1' title="bbox 473 319 2035 388; baseline -0.01 -1"><span class='ocrx_word' id='word_1_1' title='bbox 473 333 542 388; x_wconf 76' lang='lat'><strong>67</strong></span> <span class='ocrx_word' id='word_1_2' title='bbox 1810 319 2035 375; x_wconf 39' lang='lat' dir='ltr'><strong>GELAS.</strong></span> 
     </span>
    </p>
   </div>
   <div class='ocr_carea' id='block_1_2' title="bbox 2138 314 3725 388">
    <p class='ocr_par' dir='ltr' id='par_1_2' title="bbox 2138 314 3725 381">
     <span class='ocr_line' id='line_1_2' title="bbox 2138 314 3725 381; baseline 0.006 -9"><span class='ocrx_word' id='word_1_3' title='bbox 2138 314 2318 373; x_wconf 72' lang='grc' dir='ltr'><strong>ἈΡᾸΞ</strong></span> <span class='ocrx_word' id='word_1_4' title='bbox 2355 316 2376 371; x_wconf 83' lang='grc' dir='ltr'><strong>Ι</strong></span> <span class='ocrx_word' id='word_1_5' title='bbox 3656 326 3725 381; x_wconf 87' lang='lat' dir='ltr'><strong>(i8</strong></span> 
     </span>
    </p>
   </div>
   <div class='ocr_carea' id='block_1_3' title="bbox 467 425 3726 509">
    <p class='ocr_par' dir='ltr' id='par_1_3' title="bbox 467 425 3726 509">
     <span class='ocr_line' id='line_1_3' title="bbox 467 425 3726 509; baseline -0.003 -13"><span class='ocrx_word' id='word_1_6' title='bbox 467 444 803 509; x_wconf 69' lang='lat' dir='ltr'><strong>abrumpere,</strong></span> <span class='ocrx_word' id='word_1_7' title='bbox 852 437 995 492; x_wconf 85' lang='lat' dir='ltr'><strong>nulla</strong></span> <span class='ocrx_word' id='word_1_8' title='bbox 1039 436 1155 504; x_wconf 82' lang='lat' dir='ltr'><strong>ejus</strong></span> <span class='ocrx_word' id='word_1_9' title='bbox 1182 430 1573 487; x_wconf 71' lang='lat' dir='ltr'><strong>consultatione</strong></span> <span class='ocrx_word' id='word_1_10' title='bbox 1612 430 1873 500; x_wconf 71' lang='lat' dir='ltr'><strong>quassita,</strong></span> <span class='ocrx_word' id='word_1_11' title='bbox 1904 427 2048 482; x_wconf 87' lang='lat' dir='ltr'><strong>itane</strong></span> <span class='ocrx_word' id='word_1_12' title='bbox 2074 435 2115 491; x_wconf 74' lang='grc' dir='ltr'><strong>Α</strong></span> <span class='ocrx_word' id='word_1_13' title='bbox 2155 426 2280 492; x_wconf 89' lang='lat' dir='ltr'><strong>tari,</strong></span> <span class='ocrx_word' id='word_1_14' title='bbox 2320 439 2506 481; x_wconf 82' lang='lat' dir='ltr'><strong>rursus</strong></span> <span class='ocrx_word' id='word_1_15' title='bbox 2549 425 2664 481; x_wconf 65' lang='lat' dir='ltr'><strong>hac</strong></span> <span class='ocrx_word' id='word_1_16' title='bbox 2710 442 2753 483; x_wconf 88' lang='lat' dir='ltr'><strong>c.</strong></span> <span class='ocrx_word' id='word_1_17' title='bbox 2776 426 2811 484; x_wconf 88' lang='lat' dir='ltr'><strong>d</strong></span> <span class='ocrx_word' id='word_1_18' title='bbox 2849 442 2898 481; x_wconf 92' lang='lat' dir='ltr'><strong>m</strong></span> <span class='ocrx_word' id='word_1_19' title='bbox 2947 441 3066 496; x_wconf 80' lang='lat' dir='ltr'><strong>qua:</strong></span> <span class='ocrx_word' id='word_1_20' title='bbox 3088 442 3245 495; x_wconf 79' lang='lat' dir='ltr'><strong>supra</strong></span> <span class='ocrx_word' id='word_1_21' title='bbox 3277 429 3726 500; x_wconf 85' lang='lat' dir='ltr'><strong>deprontpsimus,</strong></span> 
     </span>
    </p>
   </div>
   <div class='ocr_carea' id='block_1_4' title="bbox 467 517 2043 595">
    <p class='ocr_par' dir='ltr' id='par_1_4' title="bbox 467 517 2043 595">
     <span class='ocr_line' id='line_1_4' title="bbox 467 517 2043 595; baseline -0.008 -10"><span class='ocrx_word' id='word_1_22' title='bbox 467 548 595 587; x_wconf 88' lang='lat' dir='ltr'><strong>vero</strong></span> <span class='ocrx_word' id='word_1_23' title='bbox 638 546 741 585; x_wconf 91' lang='lat' dir='ltr'><strong>non</strong></span> <span class='ocrx_word' id='word_1_24' title='bbox 790 528 937 584; x_wconf 91' lang='lat' dir='ltr'><strong>licuit</strong></span> <span class='ocrx_word' id='word_1_25' title='bbox 972 527 1152 595; x_wconf 70' lang='lat' dir='ltr'><strong>prima:</strong></span> <span class='ocrx_word' id='word_1_26' title='bbox 1197 522 1313 578; x_wconf 89' lang='lat' dir='ltr'><strong>sedi</strong></span> <span class='ocrx_word' id='word_1_27' title='bbox 1359 519 1821 593; x_wconf 85' lang='lat' dir='ltr'><strong>Chalcedonensis</strong></span> <span class='ocrx_word' id='word_1_28' title='bbox 1851 517 2043 589; x_wconf 89' lang='lat' dir='ltr'><strong>synodi</strong></span> 
     </span>
    </p>
   </div>
   <div class='ocr_carea' id='block_1_5' title="bbox 463 608 2043 687">
    <p class='ocr_par' dir='ltr' id='par_1_5' title="bbox 463 608 2043 687">
     <span class='ocr_line' id='line_1_5' title="bbox 463 608 2043 687; baseline -0.009 -10"><span class='ocrx_word' id='word_1_29' title='bbox 463 623 773 687; x_wconf 85' lang='lat' dir='ltr'><strong>constituta,</strong></span> <span class='ocrx_word' id='word_1_30' title='bbox 801 620 939 675; x_wconf 86' lang='lat' dir='ltr'><strong>sicut</strong></span> <span class='ocrx_word' id='word_1_31' title='bbox 963 616 1160 680; x_wconf 89' lang='lat' dir='ltr'><strong>decuit,</strong></span> <span class='ocrx_word' id='word_1_32' title='bbox 1186 612 1524 683; x_wconf 91' lang='lat' dir='ltr'><strong>exsequenti,</strong></span> <span class='ocrx_word' id='word_1_33' title='bbox 1572 608 1873 679; x_wconf 90' lang='lat' dir='ltr'><strong>hujusmodi</strong></span> <span class='ocrx_word' id='word_1_34' title='bbox 1902 623 2043 678; x_wconf 67' lang='lat' dir='ltr'><strong>prte-</strong></span> 
     </span>
    </p>
   </div>
   <div class='ocr_carea' id='block_1_6' title="bbox 464 698 2041 767">
    <p class='ocr_par' dir='ltr' id='par_1_6' title="bbox 464 698 2041 767">
     <span class='ocr_line' id='line_1_6' title="bbox 464 698 2041 767; baseline -0.008 -3"><span class='ocrx_word' id='word_1_35' title='bbox 464 714 812 767; x_wconf 86' lang='lat' dir='ltr'><strong>varicatorem</strong></span> <span class='ocrx_word' id='word_1_36' title='bbox 841 722 935 763; x_wconf 91' lang='lat' dir='ltr'><strong>sua</strong></span> <span class='ocrx_word' id='word_1_37' title='bbox 963 704 1279 760; x_wconf 74' lang='lat' dir='ltr'><strong>auctoritate</strong></span> <span class='ocrx_word' id='word_1_38' title='bbox 1329 701 1649 759; x_wconf 79' lang='lat' dir='ltr'><strong>detrudere?</strong></span> <span class='ocrx_word' id='word_1_39' title='bbox 1679 699 1785 755; x_wconf 90' lang='lat' dir='ltr'><strong>Sed</strong></span> <span class='ocrx_word' id='word_1_40' title='bbox 1830 713 1930 754; x_wconf 87' lang='lat' dir='ltr'><strong>nec</strong></span> <span class='ocrx_word' id='word_1_41' title='bbox 1955 698 2041 753; x_wconf 90' lang='lat' dir='ltr'><strong>illa</strong></span> 
     </span>
    </p>
   </div>
   <div class='ocr_carea' id='block_1_7' title="bbox 464 788 2043 870">
    <p class='ocr_par' dir='ltr' id='par_1_7' title="bbox 464 788 2043 870">
     <span class='ocr_line' id='line_1_7' title="bbox 464 788 2043 870; baseline -0.009 -15"><span class='ocrx_word' id='word_1_42' title='bbox 464 803 831 870; x_wconf 66' lang='lat' dir='ltr'><strong>praeterimus,</strong></span> <span class='ocrx_word' id='word_1_43' title='bbox 869 795 1009 867; x_wconf 89' lang='lat' dir='ltr'><strong>quod</strong></span> <span class='ocrx_word' id='word_1_44' title='bbox 1046 795 1061 825; x_wconf 83' lang='grc'>¹</span> <span class='ocrx_word' id='word_1_45' title='bbox 1094 792 1385 863; x_wconf 89' lang='lat' dir='ltr'><strong>apostolica</strong></span> <span class='ocrx_word' id='word_1_46' title='bbox 1424 791 1579 846; x_wconf 86' lang='lat' dir='ltr'><strong>sedes</strong></span> <span class='ocrx_word' id='word_1_47' title='bbox 1622 788 1955 860; x_wconf 88' lang='lat' dir='ltr'><strong>frequenter,</strong></span> <span class='ocrx_word' id='word_1_48' title='bbox 1986 795 2043 842; x_wconf 92' lang='lat' dir='ltr'><strong>ut</strong></span> 
     </span>
    </p>
   </div>
   <div class='ocr_carea' id='block_1_8' title="bbox 461 878 2040 953">
    <p class='ocr_par' dir='ltr' id='par_1_8' title="bbox 461 878 2040 953">
     <span class='ocr_line' id='line_1_8' title="bbox 461 878 2040 953; baseline -0.007 -8"><span class='ocrx_word' id='word_1_49' title='bbox 461 891 661 946; x_wconf 89' lang='lat' dir='ltr'><strong>dictum</strong></span> <span class='ocrx_word' id='word_1_50' title='bbox 692 897 791 952; x_wconf 81' lang='lat' dir='ltr'><strong>est,</strong></span> <span class='ocrx_word' id='word_1_51' title='bbox 819 882 970 942; x_wconf 81' lang='lat' dir='ltr'><strong>mere</strong></span> <span class='ocrx_word' id='word_1_52' title='bbox 1013 884 1298 953; x_wconf 77' lang='lat' dir='ltr'><strong>majorum,</strong></span> <span class='ocrx_word' id='word_1_53' title='bbox 1331 883 1489 937; x_wconf 83' lang='lat' dir='ltr'><strong>etiam</strong></span> <span class='ocrx_word' id='word_1_54' title='bbox 1519 880 1637 936; x_wconf 92' lang='lat' dir='ltr'><strong>sine</strong></span> <span class='ocrx_word' id='word_1_55' title='bbox 1686 880 1792 935; x_wconf 89' lang='lat' dir='ltr'><strong>ulla</strong></span> <span class='ocrx_word' id='word_1_56' title='bbox 1835 878 2040 951; x_wconf 81' lang='lat' dir='ltr'><strong>synodo</strong></span> 
     </span>
    </p>
   </div>
   <div class='ocr_carea' id='block_1_9' title="bbox 464 972 2038 1049">
    <p class='ocr_par' dir='ltr' id='par_1_9' title="bbox 464 972 2038 1049">
     <span class='ocr_line' id='line_1_9' title="bbox 464 972 2038 1049; baseline -0.006 -14"><span class='ocrx_word' id='word_1_57' title='bbox 464 979 815 1049; x_wconf 75' lang='lat' dir='ltr'><strong>praecedente,</strong></span> <span class='ocrx_word' id='word_1_58' title='bbox 846 985 902 1033; x_wconf 91' lang='lat' dir='ltr'><strong>et</strong></span> <span class='ocrx_word' id='word_1_59' title='bbox 927 976 1244 1034; x_wconf 82' lang='lat' dir='ltr'><strong>absolvendi</strong></span> <span class='ocrx_word' id='word_1_60' title='bbox 1272 989 1405 1043; x_wconf 85' lang='lat' dir='ltr'><strong>quos</strong></span> <span class='ocrx_word' id='word_1_61' title='bbox 1426 972 1665 1045; x_wconf 79' lang='lat' dir='ltr'><strong>synodus</strong></span> <span class='ocrx_word' id='word_1_62' title='bbox 1693 973 1873 1043; x_wconf 86' lang='lat' dir='ltr'><strong>inique</strong></span> <span class='ocrx_word' id='word_1_63' title='bbox 1893 973 2038 1027; x_wconf 58' lang='lat' dir='ltr'><strong>dam.</strong></span> 
     </span>
    </p>
   </div>
   <div class='ocr_carea' id='block_1_10' title="bbox 463 1060 2040 1134">
    <p class='ocr_par' dir='ltr' id='par_1_10' title="bbox 463 1060 2040 1134">
     <span class='ocr_line' id='line_1_10' title="bbox 463 1060 2040 1134; baseline -0.004 -11"><span class='ocrx_word' id='word_1_64' title='bbox 463 1079 705 1134; x_wconf 89' lang='lat' dir='ltr'><strong>naverat,</strong></span> <span class='ocrx_word' id='word_1_65' title='bbox 730 1078 785 1122; x_wconf 92' lang='lat' dir='ltr'><strong>et</strong></span> <span class='ocrx_word' id='word_1_66' title='bbox 826 1065 1117 1121; x_wconf 80' lang='lat' dir='ltr'><strong>damnandi</strong></span> <span class='ocrx_word' id='word_1_67' title='bbox 1170 1065 1310 1119; x_wconf 88' lang='lat' dir='ltr'><strong>nulla</strong></span> <span class='ocrx_word' id='word_1_68' title='bbox 1354 1064 1618 1118; x_wconf 78' lang='lat' dir='ltr'><strong>existente</strong></span> <span class='ocrx_word' id='word_1_69' title='bbox 1662 1060 1868 1131; x_wconf 83' lang='lat' dir='ltr'><strong>synodo</strong></span> <span class='ocrx_word' id='word_1_70' title='bbox 1906 1076 2040 1130; x_wconf 84' lang='lat' dir='ltr'><strong>quos</strong></span> 
     </span>
    </p>
   </div>
   <div class='ocr_carea' id='block_1_11' title="bbox 460 1156 2040 1230">
    <p class='ocr_par' dir='ltr' id='par_1_11' title="bbox 460 1156 2040 1230">
     <span class='ocr_line' id='line_1_11' title="bbox 460 1156 2040 1230; baseline -0.004 -15"><span class='ocrx_word' id='word_1_71' title='bbox 460 1161 737 1230; x_wconf 87' lang='lat' dir='ltr'><strong>oportuit,</strong></span> <span class='ocrx_word' id='word_1_72' title='bbox 784 1158 1029 1214; x_wconf 82' lang='lat' dir='ltr'><strong>habuerit</strong></span> <span class='ocrx_word' id='word_1_73' title='bbox 1067 1156 1372 1211; x_wconf 78' lang='lat' dir='ltr'><strong>facultatem</strong></span> <span class='ocrx_word' id='word_1_74' title='bbox 1407 1171 1422 1209; x_wconf 89' lang='lat'><strong>:</strong></span> <span class='ocrx_word' id='word_1_75' title='bbox 1463 1156 1484 1186; x_wconf 81' lang='grc'><strong><em>⁸</em></strong></span> <span class='ocrx_word' id='word_1_76' title='bbox 1525 1165 1723 1209; x_wconf 65' lang='lat' dir='ltr'><strong>sancta</strong></span> <span class='ocrx_word' id='word_1_77' title='bbox 1769 1158 2040 1209; x_wconf 66' lang='lat' dir='ltr'><strong>memoria</strong></span> 
     </span>
    </p>
   </div>
   <div class='ocr_carea' id='block_1_12' title="bbox 460 1243 2034 1321">
    <p class='ocr_par' dir='ltr' id='par_1_12' title="bbox 460 1243 2034 1321">
     <span class='ocr_line' id='line_1_12' title="bbox 460 1243 2034 1321; baseline -0.005 -18"><span class='ocrx_word' id='word_1_78' title='bbox 460 1251 659 1321; x_wconf 79' lang='lat' dir='ltr'><strong>quippe</strong></span> <span class='ocrx_word' id='word_1_79' title='bbox 706 1248 1051 1305; x_wconf 78' lang='lat' dir='ltr'><strong>Athanasium</strong></span> <span class='ocrx_word' id='word_1_80' title='bbox 1099 1245 1338 1316; x_wconf 86' lang='lat' dir='ltr'><strong>synodus</strong></span> <span class='ocrx_word' id='word_1_81' title='bbox 1384 1243 1674 1299; x_wconf 72' lang='lat' dir='ltr'><strong>Orientalis</strong></span> <span class='ocrx_word' id='word_1_82' title='bbox 1736 1243 2034 1309; x_wconf 76' lang='lat' dir='ltr'><strong>addixerat,</strong></span> 
     </span>
    </p>
   </div>
   <div class='ocr_carea' id='block_1_13' title="bbox 459 1326 2037 1412">
    <p class='ocr_par' dir='ltr' id='par_1_13' title="bbox 459 1326 2037 1412">
     <span class='ocr_line' id='line_1_13' title="bbox 459 1326 2037 1412; baseline -0.004 -17"><span class='ocrx_word' id='word_1_83' title='bbox 459 1356 618 1412; x_wconf 84' lang='lat' dir='ltr'><strong>quem</strong></span> <span class='ocrx_word' id='word_1_84' title='bbox 641 1350 816 1394; x_wconf 86' lang='lat' dir='ltr'><strong>tamen</strong></span> <span class='ocrx_word' id='word_1_85' title='bbox 842 1348 1122 1406; x_wconf 87' lang='lat' dir='ltr'><strong>exceptum</strong></span> <span class='ocrx_word' id='word_1_86' title='bbox 1156 1326 1316 1392; x_wconf 86' lang='lat' dir='ltr'><strong>sedes</strong></span> <span class='ocrx_word' id='word_1_87' title='bbox 1335 1336 1649 1406; x_wconf 87' lang='lat' dir='ltr'><strong>apostolica,</strong></span> <span class='ocrx_word' id='word_1_88' title='bbox 1675 1336 1796 1404; x_wconf 85' lang='lat' dir='ltr'><strong>quia</strong></span> <span class='ocrx_word' id='word_1_89' title='bbox 1816 1336 2037 1389; x_wconf 77' lang='lat' dir='ltr'><strong>damna-</strong></span> 
     </span>
    </p>
   </div>
   <div class='ocr_carea' id='block_1_14' title="bbox 2147 514 3726 588">
    <p class='ocr_par' dir='ltr' id='par_1_14' title="bbox 2147 514 3726 588">
     <span class='ocr_line' id='line_1_14' title="bbox 2147 514 3726 588; baseline 0.003 -21"><span class='ocrx_word' id='word_1_90' title='bbox 2147 515 2360 583; x_wconf 87' lang='lat' dir='ltr'><strong>planius</strong></span> <span class='ocrx_word' id='word_1_91' title='bbox 2405 514 2629 584; x_wconf 88' lang='lat' dir='ltr'><strong>repetita</strong></span> <span class='ocrx_word' id='word_1_92' title='bbox 2679 516 3095 584; x_wconf 88' lang='lat' dir='ltr'><strong>perpendantur,</strong></span> <span class='ocrx_word' id='word_1_93' title='bbox 3144 516 3196 572; x_wconf 92' lang='lat' dir='ltr'><strong>id</strong></span> <span class='ocrx_word' id='word_1_94' title='bbox 3224 526 3329 582; x_wconf 86' lang='lat' dir='ltr'><strong>est,</strong></span> <span class='ocrx_word' id='word_1_95' title='bbox 3376 519 3498 588; x_wconf 86' lang='lat' dir='ltr'><strong>quia</strong></span> <span class='ocrx_word' id='word_1_96' title='bbox 3540 532 3726 573; x_wconf 74' lang='lat' dir='ltr'><strong>contra</strong></span> 
     </span>
    </p>
   </div>
   <div class='ocr_carea' id='block_1_15' title="bbox 2146 602 3725 676">
    <p class='ocr_par' dir='ltr' id='par_1_15' title="bbox 2146 602 3725 676">
     <span class='ocr_line' id='line_1_15' title="bbox 2146 602 3725 676; baseline 0.003 -19"><span class='ocrx_word' id='word_1_97' title='bbox 2146 602 2328 671; x_wconf 87' lang='lat' dir='ltr'><strong>fidem,</strong></span> <span class='ocrx_word' id='word_1_98' title='bbox 2351 613 2537 660; x_wconf 89' lang='lat' dir='ltr'><strong>contra</strong></span> <span class='ocrx_word' id='word_1_99' title='bbox 2556 603 2831 659; x_wconf 81' lang='lat' dir='ltr'><strong>veritatem</strong></span> <span class='ocrx_word' id='word_1_100' title='bbox 2854 606 3390 676; x_wconf 83' lang='lat' dir='ltr'><strong>communionemque</strong></span> <span class='ocrx_word' id='word_1_101' title='bbox 3408 607 3725 663; x_wconf 88' lang='lat' dir='ltr'><strong>catholicam</strong></span> 
     </span>
    </p>
   </div>
   <div class='ocr_carea' id='block_1_16' title="bbox 2144 696 3727 770">
    <p class='ocr_par' dir='ltr' id='par_1_16' title="bbox 2144 696 3727 770">
     <span class='ocr_line' id='line_1_16' title="bbox 2144 696 3727 770; baseline -0.002 -18"><span class='ocrx_word' id='word_1_102' title='bbox 2144 712 2375 768; x_wconf 79' lang='lat' dir='ltr'><strong>vereque</strong></span> <span class='ocrx_word' id='word_1_103' title='bbox 2402 696 2778 763; x_wconf 74' lang='lat' dir='ltr'><strong>Christianam,</strong></span> <span class='ocrx_word' id='word_1_104' title='bbox 2811 712 2919 753; x_wconf 90' lang='lat' dir='ltr'><strong>non</strong></span> <span class='ocrx_word' id='word_1_105' title='bbox 2962 708 3106 755; x_wconf 89' lang='lat' dir='ltr'><strong>recte</strong></span> <span class='ocrx_word' id='word_1_106' title='bbox 3147 709 3293 770; x_wconf 82' lang='lat' dir='ltr'><strong>gesta</strong></span> <span class='ocrx_word' id='word_1_107' title='bbox 3323 698 3562 770; x_wconf 80' lang='lat' dir='ltr'><strong>synodus</strong></span> <span class='ocrx_word' id='word_1_108' title='bbox 3593 699 3727 769; x_wconf 73' lang='lat' dir='ltr'><strong>legi-</strong></span> 
     </span>
    </p>
   </div>
   <div class='ocr_carea' id='block_1_17' title="bbox 2144 788 3728 877">
    <p class='ocr_par' dir='ltr' id='par_1_17' title="bbox 2144 788 3728 877">
     <span class='ocr_line' id='line_1_17' title="bbox 2144 788 3728 877; baseline 0.001 -34"><span class='ocrx_word' id='word_1_109' title='bbox 2144 788 2277 877; x_wconf 59' lang='lat' dir='ltr'><strong>tima</strong></span> <span class='ocrx_word' id='word_1_110' title='bbox 2298 789 2505 860; x_wconf 85' lang='lat' dir='ltr'><strong>synodo</strong></span> <span class='ocrx_word' id='word_1_111' title='bbox 2532 804 2631 859; x_wconf 88' lang='lat' dir='ltr'><strong>pro</strong></span> <span class='ocrx_word' id='word_1_112' title='bbox 2678 789 2801 857; x_wconf 85' lang='lat' dir='ltr'><strong>fide,</strong></span> <span class='ocrx_word' id='word_1_113' title='bbox 2829 793 3079 859; x_wconf 79' lang='lat' dir='ltr'><strong>veritate,</strong></span> <span class='ocrx_word' id='word_1_114' title='bbox 3117 796 3598 862; x_wconf 83' lang='lat' dir='ltr'><strong>communioneque</strong></span> <span class='ocrx_word' id='word_1_115' title='bbox 3636 806 3728 845; x_wconf 83' lang='lat' dir='ltr'><strong>ca-</strong></span> 
     </span>
    </p>
   </div>
   <div class='ocr_carea' id='block_1_18' title="bbox 2140 880 3723 951">
    <p class='ocr_par' dir='ltr' id='par_1_18' title="bbox 2140 880 3723 951">
     <span class='ocr_line' id='line_1_18' title="bbox 2140 880 3723 951; baseline 0.001 -16"><span class='ocrx_word' id='word_1_116' title='bbox 2140 880 2363 949; x_wconf 80' lang='lat' dir='ltr'><strong>tholica,</strong></span> <span class='ocrx_word' id='word_1_117' title='bbox 2393 895 2626 951; x_wconf 82' lang='lat' dir='ltr'><strong>vereque</strong></span> <span class='ocrx_word' id='word_1_118' title='bbox 2669 882 2989 949; x_wconf 88' lang='lat' dir='ltr'><strong>Christiana,</strong></span> <span class='ocrx_word' id='word_1_119' title='bbox 3036 881 3212 937; x_wconf 84' lang='lat' dir='ltr'><strong>modis</strong></span> <span class='ocrx_word' id='word_1_120' title='bbox 3249 882 3505 938; x_wconf 90' lang='lat' dir='ltr'><strong>omnibus</strong></span> <span class='ocrx_word' id='word_1_121' title='bbox 3547 882 3723 939; x_wconf 83' lang='lat' dir='ltr'><strong>seclu-</strong></span> 
     </span>
    </p>
   </div>
   <div class='ocr_carea' id='block_1_19' title="bbox 2138 972 3721 1046">
    <p class='ocr_par' dir='ltr' id='par_1_19' title="bbox 2138 972 3721 1046">
     <span class='ocr_line' id='line_1_19' title="bbox 2138 972 3721 1046; baseline -0.001 -17"><span class='ocrx_word' id='word_1_122' title='bbox 2138 972 2313 1029; x_wconf 74' lang='lat' dir='ltr'><strong>denda</strong></span> <span class='ocrx_word' id='word_1_123' title='bbox 2339 984 2441 1039; x_wconf 88' lang='lat' dir='ltr'><strong>est,</strong></span> <span class='ocrx_word' id='word_1_124' title='bbox 2470 983 2525 1029; x_wconf 85' lang='lat' dir='ltr'><strong>et</strong></span> <span class='ocrx_word' id='word_1_125' title='bbox 2561 974 2761 1042; x_wconf 88' lang='lat' dir='ltr'><strong>injusta</strong></span> <span class='ocrx_word' id='word_1_126' title='bbox 2802 974 3040 1046; x_wconf 85' lang='lat' dir='ltr'><strong>synodus</strong></span> <span class='ocrx_word' id='word_1_127' title='bbox 3064 975 3208 1043; x_wconf 87' lang='lat' dir='ltr'><strong>justa</strong></span> <span class='ocrx_word' id='word_1_128' title='bbox 3253 975 3462 1045; x_wconf 84' lang='lat' dir='ltr'><strong>synodo</strong></span> <span class='ocrx_word' id='word_1_129' title='bbox 3499 975 3721 1030; x_wconf 82' lang='lat' dir='ltr'><strong>submo-</strong></span> 
     </span>
    </p>
   </div>
   <div class='ocr_carea' id='block_1_20' title="bbox 2138 1062 3723 1130">
    <p class='ocr_par' dir='ltr' id='par_1_20' title="bbox 2138 1062 3723 1130">
     <span class='ocr_line' id='line_1_20' title="bbox 2138 1062 3723 1130; baseline 0.001 -12"><span class='ocrx_word' id='word_1_130' title='bbox 2138 1063 2330 1119; x_wconf 80' lang='lat' dir='ltr'><strong>venda.</strong></span> <span class='ocrx_word' id='word_1_131' title='bbox 2360 1064 2463 1118; x_wconf 89' lang='lat' dir='ltr'><strong>Pro</strong></span> <span class='ocrx_word' id='word_1_132' title='bbox 2492 1062 2596 1118; x_wconf 84' lang='lat' dir='ltr'><strong>fide</strong></span> <span class='ocrx_word' id='word_1_133' title='bbox 2618 1076 2825 1130; x_wconf 87' lang='lat' dir='ltr'><strong>autem,</strong></span> <span class='ocrx_word' id='word_1_134' title='bbox 2866 1074 2922 1119; x_wconf 90' lang='lat' dir='ltr'><strong>et</strong></span> <span class='ocrx_word' id='word_1_135' title='bbox 2965 1065 3211 1128; x_wconf 85' lang='lat' dir='ltr'><strong>veritate,</strong></span> <span class='ocrx_word' id='word_1_136' title='bbox 3243 1074 3299 1120; x_wconf 89' lang='lat' dir='ltr'><strong>et</strong></span> <span class='ocrx_word' id='word_1_137' title='bbox 3344 1065 3723 1120; x_wconf 82' lang='lat' dir='ltr'><strong>communione</strong></span> 
     </span>
    </p>
   </div>
   <div class='ocr_carea' id='block_1_21' title="bbox 2138 1154 3720 1227">
    <p class='ocr_par' dir='ltr' id='par_1_21' title="bbox 2138 1154 3720 1227">
     <span class='ocr_line' id='line_1_21' title="bbox 2138 1154 3720 1227; baseline 0.001 -17"><span class='ocrx_word' id='word_1_138' title='bbox 2138 1156 2422 1215; x_wconf 87' lang='lat' dir='ltr'><strong>catholica.</strong></span> <span class='ocrx_word' id='word_1_139' title='bbox 2457 1156 2592 1209; x_wconf 88' lang='lat' dir='ltr'><strong>bona</strong></span> <span class='ocrx_word' id='word_1_140' title='bbox 2623 1157 2885 1226; x_wconf 85' lang='lat' dir='ltr'><strong>synodus,</strong></span> <span class='ocrx_word' id='word_1_141' title='bbox 2911 1171 3142 1227; x_wconf 88' lang='lat' dir='ltr'><strong>vereque</strong></span> <span class='ocrx_word' id='word_1_142' title='bbox 3184 1154 3510 1223; x_wconf 87' lang='lat' dir='ltr'><strong>Christiana,</strong></span> <span class='ocrx_word' id='word_1_143' title='bbox 3551 1156 3720 1211; x_wconf 91' lang='lat' dir='ltr'><strong>semel</strong></span> 
     </span>
    </p>
   </div>
   <div class='ocr_carea' id='block_1_22' title="bbox 2135 1244 3722 1316">
    <p class='ocr_par' dir='ltr' id='par_1_22' title="bbox 2135 1244 3722 1316">
     <span class='ocr_line' id='line_1_22' title="bbox 2135 1244 3722 1316; baseline -0.001 -16"><span class='ocrx_word' id='word_1_144' title='bbox 2135 1254 2278 1311; x_wconf 91' lang='lat' dir='ltr'><strong>acta,</strong></span> <span class='ocrx_word' id='word_1_145' title='bbox 2306 1244 2448 1299; x_wconf 92' lang='lat' dir='ltr'><strong>nulla</strong></span> <span class='ocrx_word' id='word_1_146' title='bbox 2479 1259 2579 1299; x_wconf 91' lang='lat' dir='ltr'><strong>nec</strong></span> <span class='ocrx_word' id='word_1_147' title='bbox 2606 1253 2786 1314; x_wconf 66' lang='lat' dir='ltr'><strong>potest</strong></span> <span class='ocrx_word' id='word_1_148' title='bbox 2831 1260 2931 1301; x_wconf 90' lang='lat' dir='ltr'><strong>nec</strong></span> <span class='ocrx_word' id='word_1_149' title='bbox 2970 1246 3129 1301; x_wconf 84' lang='lat' dir='ltr'><strong>debet</strong></span> <span class='ocrx_word' id='word_1_150' title='bbox 3170 1260 3323 1300; x_wconf 76' lang='lat' dir='ltr'><strong>nova:</strong></span> <span class='ocrx_word' id='word_1_151' title='bbox 3341 1245 3533 1316; x_wconf 87' lang='lat' dir='ltr'><strong>synodi</strong></span> <span class='ocrx_word' id='word_1_152' title='bbox 3562 1245 3722 1301; x_wconf 87' lang='lat' dir='ltr'><strong>itera-</strong></span> 
     </span>
    </p>
   </div>
   <div class='ocr_carea' id='block_1_23' title="bbox 2137 1335 3716 1407">
    <p class='ocr_par' dir='ltr' id='par_1_23' title="bbox 2137 1335 3716 1407">
     <span class='ocr_line' id='line_1_23' title="bbox 2137 1335 3716 1407; baseline 0 -17"><span class='ocrx_word' id='word_1_153' title='bbox 2137 1337 2281 1390; x_wconf 91' lang='lat' dir='ltr'><strong>tione</strong></span> <span class='ocrx_word' id='word_1_154' title='bbox 2306 1336 2558 1398; x_wconf 84' lang='lat' dir='ltr'><strong>convelli,</strong></span> <span class='ocrx_word' id='word_1_155' title='bbox 2591 1336 2684 1391; x_wconf 88' lang='lat' dir='ltr'><strong>scd</strong></span> <span class='ocrx_word' id='word_1_156' title='bbox 2716 1336 3008 1392; x_wconf 90' lang='lat' dir='ltr'><strong>secundum</strong></span> <span class='ocrx_word' id='word_1_157' title='bbox 3038 1337 3175 1393; x_wconf 88' lang='lat' dir='ltr'><strong>bene</strong></span> <span class='ocrx_word' id='word_1_158' title='bbox 3221 1336 3423 1407; x_wconf 83' lang='lat' dir='ltr'><strong>gestain</strong></span> <span class='ocrx_word' id='word_1_159' title='bbox 3452 1335 3716 1407; x_wconf 84' lang='lat' dir='ltr'><strong>synodum</strong></span> 
     </span>
    </p>
   </div>
   <div class='ocr_carea' id='block_1_24' title="bbox 460 1424 3716 1497">
    <p class='ocr_par' dir='ltr' id='par_1_24' title="bbox 460 1424 3716 1497">
     <span class='ocr_line' id='line_1_24' title="bbox 460 1424 3716 1497; baseline -0.002 -10"><span class='ocrx_word' id='word_1_160' title='bbox 460 1434 590 1488; x_wconf 91' lang='lat' dir='ltr'><strong>tioni</strong></span> <span class='ocrx_word' id='word_1_161' title='bbox 620 1430 925 1485; x_wconf 68' lang='lat' dir='ltr'><strong>Graecorum</strong></span> <span class='ocrx_word' id='word_1_162' title='bbox 957 1442 1062 1482; x_wconf 92' lang='lat' dir='ltr'><strong>non</strong></span> <span class='ocrx_word' id='word_1_163' title='bbox 1096 1427 1391 1489; x_wconf 86' lang='lat' dir='ltr'><strong>consensit,</strong></span> <span class='ocrx_word' id='word_1_164' title='bbox 1421 1426 1669 1479; x_wconf 74' lang='lat' dir='ltr'><strong>absolet.</strong></span> <span class='ocrx_word' id='word_1_165' title='bbox 1696 1424 1909 1480; x_wconf 69' lang='lat' dir='ltr'><strong>Sanctae</strong></span> <span class='ocrx_word' id='word_1_166' title='bbox 1931 1439 2043 1479; x_wconf 66' lang='lat' dir='ltr'><strong>meo</strong></span> <span class='ocrx_word' id='word_1_167' title='bbox 2138 1433 2390 1495; x_wconf 80' lang='lat' dir='ltr'><strong>recteq-te</strong></span> <span class='ocrx_word' id='word_1_168' title='bbox 2420 1426 2709 1494; x_wconf 67' lang='lat' dir='ltr'><strong>praefixum,</strong></span> <span class='ocrx_word' id='word_1_169' title='bbox 2741 1428 2784 1481; x_wconf 89' lang='lat' dir='ltr'><strong>si</strong></span> <span class='ocrx_word' id='word_1_170' title='bbox 2807 1427 2929 1496; x_wconf 90' lang='lat' dir='ltr'><strong>quis</strong></span> <span class='ocrx_word' id='word_1_171' title='bbox 2971 1427 3039 1481; x_wconf 89' lang='lat' dir='ltr'><strong>ab</strong></span> <span class='ocrx_word' id='word_1_172' title='bbox 3080 1428 3197 1497; x_wconf 89' lang='lat' dir='ltr'><strong>ejus</strong></span> <span class='ocrx_word' id='word_1_173' title='bbox 3228 1428 3439 1482; x_wconf 85' lang='lat' dir='ltr'><strong>tramite</strong></span> <span class='ocrx_word' id='word_1_174' title='bbox 3465 1426 3716 1493; x_wconf 89' lang='lat' dir='ltr'><strong>deviarit,</strong></span> 
     </span>
    </p>
   </div>
   <div class='ocr_carea' id='block_1_25' title="bbox 461 1516 3719 1588">
    <p class='ocr_par' dir='ltr' id='par_1_25' title="bbox 461 1516 3719 1588">
     <span class='ocr_line' id='line_1_25' title="bbox 461 1516 3719 1588; baseline -0.001 -11"><span class='ocrx_word' id='word_1_175' title='bbox 461 1522 646 1578; x_wconf 73' lang='lat' dir='ltr'><strong>mor-ite</strong></span> <span class='ocrx_word' id='word_1_176' title='bbox 698 1519 1037 1577; x_wconf 88' lang='lat' dir='ltr'><strong>nihilominus</strong></span> <span class='ocrx_word' id='word_1_177' title='bbox 1072 1518 1333 1573; x_wconf 83' lang='lat' dir='ltr'><strong>Joannem</strong></span> <span class='ocrx_word' id='word_1_178' title='bbox 1380 1516 2034 1585; x_wconf 72' lang='lat' dir='ltr'><strong>Coustantinopoiitanum</strong></span> <span class='ocrx_word' id='word_1_179' title='bbox 2133 1527 2528 1586; x_wconf 84' lang='lat' dir='ltr'><strong>consequenter</strong></span> <span class='ocrx_word' id='word_1_180' title='bbox 2555 1533 2617 1579; x_wconf 88' lang='lat' dir='ltr'><strong>ac</strong></span> <span class='ocrx_word' id='word_1_181' title='bbox 2648 1518 2976 1575; x_wconf 88' lang='lat' dir='ltr'><strong>sufficienter</strong></span> <span class='ocrx_word' id='word_1_182' title='bbox 3001 1519 3119 1587; x_wconf 87' lang='lat' dir='ltr'><strong>ejus</strong></span> <span class='ocrx_word' id='word_1_183' title='bbox 3144 1519 3455 1574; x_wconf 83' lang='lat' dir='ltr'><strong>definitione</strong></span> <span class='ocrx_word' id='word_1_184' title='bbox 3484 1520 3719 1588; x_wconf 87' lang='lat' dir='ltr'><strong>plecten-</strong></span> 
     </span>
    </p>
   </div>
   <div class='ocr_carea' id='block_1_26' title="bbox 458 1606 3717 1681">
    <p class='ocr_par' dir='ltr' id='par_1_26' title="bbox 458 1606 3717 1681">
     <span class='ocr_line' id='line_1_26' title="bbox 458 1606 3717 1681; baseline 0.001 -16"><span class='ocrx_word' id='word_1_185' title='bbox 458 1612 694 1681; x_wconf 88' lang='lat' dir='ltr'><strong>synodus</strong></span> <span class='ocrx_word' id='word_1_186' title='bbox 722 1611 880 1664; x_wconf 90' lang='lat' dir='ltr'><strong>etiam</strong></span> <span class='ocrx_word' id='word_1_187' title='bbox 908 1607 1290 1662; x_wconf 89' lang='lat' dir='ltr'><strong>catholicorum</strong></span> <span class='ocrx_word' id='word_1_188' title='bbox 1320 1606 1604 1675; x_wconf 66' lang='lat' dir='ltr'><strong>praesulum</strong></span> <span class='ocrx_word' id='word_1_189' title='bbox 1632 1615 1780 1660; x_wconf 88' lang='lat' dir='ltr'><strong>certe</strong></span> <span class='ocrx_word' id='word_1_190' title='bbox 1812 1606 2035 1659; x_wconf 85' lang='lat' dir='ltr'><strong>damna-</strong></span> <span class='ocrx_word' id='word_1_191' title='bbox 2134 1608 2257 1672; x_wconf 86' lang='lat' dir='ltr'><strong>dus,</strong></span> <span class='ocrx_word' id='word_1_192' title='bbox 2288 1612 2588 1678; x_wconf 88' lang='lat' dir='ltr'><strong>meritoque</strong></span> <span class='ocrx_word' id='word_1_193' title='bbox 2633 1610 2773 1665; x_wconf 91' lang='lat' dir='ltr'><strong>illius</strong></span> <span class='ocrx_word' id='word_1_194' title='bbox 2816 1612 3055 1681; x_wconf 87' lang='lat' dir='ltr'><strong>subjacet</strong></span> <span class='ocrx_word' id='word_1_195' title='bbox 3085 1612 3413 1675; x_wconf 87' lang='lat' dir='ltr'><strong>constitutis,</strong></span> <span class='ocrx_word' id='word_1_196' title='bbox 3456 1626 3555 1665; x_wconf 91' lang='lat' dir='ltr'><strong>nec</strong></span> <span class='ocrx_word' id='word_1_197' title='bbox 3580 1625 3717 1681; x_wconf 86' lang='lat' dir='ltr'><strong>opus</strong></span> 
     </span>
    </p>
   </div>
   <div class='ocr_carea' id='block_1_27' title="bbox 458 1696 2026 1768">
    <p class='ocr_par' dir='ltr' id='par_1_27' title="bbox 458 1696 2026 1768">
     <span class='ocr_line' id='line_1_27' title="bbox 458 1696 2026 1768; baseline -0.003 -15"><span class='ocrx_word' id='word_1_198' title='bbox 458 1708 561 1765; x_wconf 85' lang='lat' dir='ltr'><strong>rat,</strong></span> <span class='ocrx_word' id='word_1_199' title='bbox 594 1713 752 1768; x_wconf 88' lang='lat' dir='ltr'><strong>quem</strong></span> <span class='ocrx_word' id='word_1_200' title='bbox 783 1697 944 1752; x_wconf 83' lang='lat' dir='ltr'><strong>simili</strong></span> <span class='ocrx_word' id='word_1_201' title='bbox 988 1697 1145 1750; x_wconf 90' lang='lat' dir='ltr'><strong>modo</strong></span> <span class='ocrx_word' id='word_1_202' title='bbox 1187 1696 1345 1750; x_wconf 86' lang='lat' dir='ltr'><strong>sedes</strong></span> <span class='ocrx_word' id='word_1_203' title='bbox 1384 1696 1672 1764; x_wconf 80' lang='lat' dir='ltr'><strong>apostolica</strong></span> <span class='ocrx_word' id='word_1_204' title='bbox 1707 1696 1866 1750; x_wconf 87' lang='lat' dir='ltr'><strong>etiam</strong></span> <span class='ocrx_word' id='word_1_205' title='bbox 1893 1698 2026 1760; x_wconf 87' lang='lat' dir='ltr'><strong>sola,</strong></span> 
     </span>
    </p>
   </div>
   <div class='ocr_carea' id='block_1_28' title="bbox 2136 1700 3714 1770">
    <p class='ocr_par' dir='ltr' id='par_1_28' title="bbox 2136 1700 3714 1770">
     <span class='ocr_line' id='line_1_28' title="bbox 2136 1700 3714 1770; baseline 0.004 -21"><span class='ocrx_word' id='word_1_206' title='bbox 2136 1707 2217 1749; x_wconf 88' lang='lat' dir='ltr'><strong>est</strong></span> <span class='ocrx_word' id='word_1_207' title='bbox 2248 1712 2343 1766; x_wconf 91' lang='lat' dir='ltr'><strong>per</strong></span> <span class='ocrx_word' id='word_1_208' title='bbox 2367 1700 2603 1769; x_wconf 90' lang='lat' dir='ltr'><strong>singulos</strong></span> <span class='ocrx_word' id='word_1_209' title='bbox 2625 1713 2868 1769; x_wconf 89' lang='lat' dir='ltr'><strong>quosque</strong></span> <span class='ocrx_word' id='word_1_210' title='bbox 2894 1700 3191 1768; x_wconf 78' lang='lat' dir='ltr'><strong>deviantes,</strong></span> <span class='ocrx_word' id='word_1_211' title='bbox 3215 1700 3439 1770; x_wconf 90' lang='lat' dir='ltr'><strong>jnreque</strong></span> <span class='ocrx_word' id='word_1_212' title='bbox 3472 1701 3714 1768; x_wconf 83' lang='lat' dir='ltr'><strong>plecten-</strong></span> 
     </span>
    </p>
   </div>
   <div class='ocr_carea' id='block_1_29' title="bbox 459 1781 3716 1861">
    <p class='ocr_par' dir='ltr' id='par_1_29' title="bbox 459 1781 3716 1861">
     <span class='ocr_line' id='line_1_29' title="bbox 459 1781 3716 1861; baseline -0 -16"><span class='ocrx_word' id='word_1_213' title='bbox 459 1791 581 1861; x_wconf 87' lang='lat' dir='ltr'><strong>quia</strong></span> <span class='ocrx_word' id='word_1_214' title='bbox 615 1806 720 1845; x_wconf 83' lang='lat' dir='ltr'><strong>neu</strong></span> <span class='ocrx_word' id='word_1_215' title='bbox 751 1791 1043 1850; x_wconf 88' lang='lat' dir='ltr'><strong>consensit.</strong></span> <span class='ocrx_word' id='word_1_216' title='bbox 1065 1789 1290 1843; x_wconf 77' lang='lat' dir='ltr'><strong>absolvit</strong></span> <span class='ocrx_word' id='word_1_217' title='bbox 1314 1806 1329 1853; x_wconf 88' lang='lat'><strong>;</strong></span> <span class='ocrx_word' id='word_1_218' title='bbox 1354 1788 1587 1857; x_wconf 88' lang='lat' dir='ltr'><strong>itemque</strong></span> <span class='ocrx_word' id='word_1_219' title='bbox 1607 1799 1805 1843; x_wconf 61' lang='lat' dir='ltr'><strong>sancte</strong></span> <span class='ocrx_word' id='word_1_220' title='bbox 1830 1804 2029 1844; x_wconf 82' lang='lat' dir='ltr'><strong>memo-</strong></span> <span class='ocrx_word' id='word_1_221' title='bbox 2063 1781 2112 1841; x_wconf 87' lang='lat' dir='ltr'><strong>B</strong></span> <span class='ocrx_word' id='word_1_222' title='bbox 2138 1789 2264 1855; x_wconf 89' lang='lat' dir='ltr'><strong>dos,</strong></span> <span class='ocrx_word' id='word_1_223' title='bbox 2300 1804 2462 1843; x_wconf 83' lang='lat' dir='ltr'><strong>novas</strong></span> <span class='ocrx_word' id='word_1_224' title='bbox 2491 1804 2675 1844; x_wconf 80' lang='lat' dir='ltr'><strong>rursus</strong></span> <span class='ocrx_word' id='word_1_225' title='bbox 2703 1789 2938 1860; x_wconf 84' lang='lat' dir='ltr'><strong>synodos</strong></span> <span class='ocrx_word' id='word_1_226' title='bbox 2977 1789 3269 1852; x_wconf 85' lang='lat' dir='ltr'><strong>introduci;</strong></span> <span class='ocrx_word' id='word_1_227' title='bbox 3302 1804 3423 1844; x_wconf 89' lang='lat' dir='ltr'><strong>cum</strong></span> <span class='ocrx_word' id='word_1_228' title='bbox 3468 1805 3534 1845; x_wconf 91' lang='lat' dir='ltr'><strong>ex</strong></span> <span class='ocrx_word' id='word_1_229' title='bbox 3572 1790 3716 1845; x_wconf 88' lang='lat' dir='ltr'><strong>illius</strong></span> 
     </span>
    </p>
   </div>
   <div class='ocr_carea' id='block_1_30' title="bbox 458 1879 2030 1953">
    <p class='ocr_par' dir='ltr' id='par_1_30' title="bbox 458 1879 2030 1953">
     <span class='ocr_line' id='line_1_30' title="bbox 458 1879 2030 1953; baseline -0.003 -16"><span class='ocrx_word' id='word_1_230' title='bbox 458 1883 553 1937; x_wconf 67' lang='lat' dir='ltr'><strong>ria:</strong></span> <span class='ocrx_word' id='word_1_231' title='bbox 601 1880 908 1936; x_wconf 85' lang='lat' dir='ltr'><strong>Flavianum</strong></span> <span class='ocrx_word' id='word_1_232' title='bbox 957 1881 1263 1950; x_wconf 89' lang='lat' dir='ltr'><strong>pontificum</strong></span> <span class='ocrx_word' id='word_1_233' title='bbox 1308 1879 1402 1952; x_wconf 84' lang='grc' dir='ltr'><strong>[αι.</strong></span> <span class='ocrx_word' id='word_1_234' title='bbox 1447 1881 1656 1934; x_wconf 85' lang='lat' dir='ltr'><strong>additur</strong></span> <span class='ocrx_word' id='word_1_235' title='bbox 1701 1880 2030 1953; x_wconf 64' lang='lat' dir='ltr'><strong>Graecorum]</strong></span> 
     </span>
    </p>
   </div>
   <div class='ocr_carea' id='block_1_31' title="bbox 457 1971 2031 2040">
    <p class='ocr_par' dir='ltr' id='par_1_31' title="bbox 457 1971 2031 2040">
     <span class='ocr_line' id='line_1_31' title="bbox 457 1971 2031 2040; baseline -0.001 -14"><span class='ocrx_word' id='word_1_236' title='bbox 457 1972 869 2040; x_wconf 72' lang='lat' dir='ltr'><strong>congregatione</strong></span> <span class='ocrx_word' id='word_1_237' title='bbox 894 1971 1223 2034; x_wconf 89' lang='lat' dir='ltr'><strong>damnatum,</strong></span> <span class='ocrx_word' id='word_1_238' title='bbox 1257 1972 1369 2039; x_wconf 86' lang='lat' dir='ltr'><strong>pari</strong></span> <span class='ocrx_word' id='word_1_239' title='bbox 1402 1978 1608 2033; x_wconf 85' lang='lat' dir='ltr'><strong>tenore,</strong></span> <span class='ocrx_word' id='word_1_240' title='bbox 1636 1971 1885 2039; x_wconf 89' lang='lat' dir='ltr'><strong>quoniam</strong></span> <span class='ocrx_word' id='word_1_241' title='bbox 1916 1973 2031 2025; x_wconf 89' lang='lat' dir='ltr'><strong>sola</strong></span> 
     </span>
    </p>
   </div>
   <div class='ocr_carea' id='block_1_32' title="bbox 458 2062 2031 2131">
    <p class='ocr_par' dir='ltr' id='par_1_32' title="bbox 458 2062 2031 2131">
     <span class='ocr_line' id='line_1_32' title="bbox 458 2062 2031 2131; baseline -0.001 -14"><span class='ocrx_word' id='word_1_242' title='bbox 458 2062 615 2117; x_wconf 85' lang='lat' dir='ltr'><strong>sedes</strong></span> <span class='ocrx_word' id='word_1_243' title='bbox 644 2062 930 2131; x_wconf 85' lang='lat' dir='ltr'><strong>apostolica</strong></span> <span class='ocrx_word' id='word_1_244' title='bbox 981 2077 1085 2115; x_wconf 92' lang='lat' dir='ltr'><strong>non</strong></span> <span class='ocrx_word' id='word_1_245' title='bbox 1128 2062 1418 2124; x_wconf 88' lang='lat' dir='ltr'><strong>consensit,</strong></span> <span class='ocrx_word' id='word_1_246' title='bbox 1461 2062 1708 2126; x_wconf 73' lang='lat' dir='ltr'><strong>absolvit,</strong></span> <span class='ocrx_word' id='word_1_247' title='bbox 1754 2062 2031 2129; x_wconf 89' lang='lat' dir='ltr'><strong>potiusque</strong></span> 
     </span>
    </p>
   </div>
   <div class='ocr_carea' id='block_1_33' title="bbox 457 2148 2028 2221">
    <p class='ocr_par' dir='ltr' id='par_1_33' title="bbox 457 2148 2028 2221">
     <span class='ocr_line' id='line_1_33' title="bbox 457 2148 2028 2221; baseline 0 -19"><span class='ocrx_word' id='word_1_248' title='bbox 457 2154 547 2221; x_wconf 85' lang='lat' dir='ltr'><strong>qui</strong></span> <span class='ocrx_word' id='word_1_249' title='bbox 580 2153 687 2206; x_wconf 87' lang='lat' dir='ltr'><strong>illic</strong></span> <span class='ocrx_word' id='word_1_250' title='bbox 716 2159 961 2219; x_wconf 87' lang='lat' dir='ltr'><strong>receptus</strong></span> <span class='ocrx_word' id='word_1_251' title='bbox 992 2150 1168 2204; x_wconf 83' lang='lat' dir='ltr'><strong>fuerat</strong></span> <span class='ocrx_word' id='word_1_252' title='bbox 1196 2148 1292 2221; x_wconf 80' lang='grc' dir='ltr'><strong>[αι.</strong></span> <span class='ocrx_word' id='word_1_253' title='bbox 1328 2150 1449 2217; x_wconf 86' lang='lat' dir='ltr'><strong>quia</strong></span> <span class='ocrx_word' id='word_1_254' title='bbox 1481 2150 1585 2202; x_wconf 90' lang='lat' dir='ltr'><strong>illic</strong></span> <span class='ocrx_word' id='word_1_255' title='bbox 1630 2158 1877 2217; x_wconf 88' lang='lat' dir='ltr'><strong>receptus</strong></span> <span class='ocrx_word' id='word_1_256' title='bbox 1922 2165 2028 2203; x_wconf 91' lang='lat' dir='ltr'><strong>non</strong></span> 
     </span>
    </p>
   </div>
   <div class='ocr_carea' id='block_1_34' title="bbox 459 2239 2031 2311">
    <p class='ocr_par' dir='ltr' id='par_1_34' title="bbox 459 2239 2031 2311">
     <span class='ocr_line' id='line_1_34' title="bbox 459 2239 2031 2311; baseline -0.001 -16"><span class='ocrx_word' id='word_1_257' title='bbox 459 2240 671 2311; x_wconf 80' lang='lat' dir='ltr'><strong>fuerat],</strong></span> <span class='ocrx_word' id='word_1_258' title='bbox 698 2240 1007 2294; x_wconf 81' lang='lat' dir='ltr'><strong>Dioscorutn</strong></span> <span class='ocrx_word' id='word_1_259' title='bbox 1035 2241 1284 2294; x_wconf 77' lang='lat' dir='ltr'><strong>secunda:</strong></span> <span class='ocrx_word' id='word_1_260' title='bbox 1324 2239 1465 2292; x_wconf 90' lang='lat' dir='ltr'><strong>sedis</strong></span> <span class='ocrx_word' id='word_1_261' title='bbox 1506 2240 1785 2307; x_wconf 63' lang='lat' dir='ltr'><strong>praesulem</strong></span> <span class='ocrx_word' id='word_1_262' title='bbox 1816 2255 1908 2292; x_wconf 91' lang='lat' dir='ltr'><strong>sua</strong></span> <span class='ocrx_word' id='word_1_263' title='bbox 1938 2255 2031 2294; x_wconf 86' lang='lat' dir='ltr'><strong>au-</strong></span> 
     </span>
    </p>
   </div>
   <div class='ocr_carea' id='block_1_35' title="bbox 457 2330 2032 2399">
    <p class='ocr_par' dir='ltr' id='par_1_35' title="bbox 457 2330 2032 2399">
     <span class='ocr_line' id='line_1_35' title="bbox 457 2330 2032 2399; baseline -0.001 -13"><span class='ocrx_word' id='word_1_264' title='bbox 457 2333 701 2386; x_wconf 83' lang='lat' dir='ltr'><strong>ctnritate</strong></span> <span class='ocrx_word' id='word_1_265' title='bbox 728 2331 1017 2394; x_wconf 85' lang='lat' dir='ltr'><strong>damnavit,</strong></span> <span class='ocrx_word' id='word_1_266' title='bbox 1050 2338 1106 2383; x_wconf 88' lang='lat' dir='ltr'><strong>et</strong></span> <span class='ocrx_word' id='word_1_267' title='bbox 1131 2331 1346 2398; x_wconf 76' lang='lat' dir='ltr'><strong>impiim</strong></span> <span class='ocrx_word' id='word_1_268' title='bbox 1376 2330 1638 2399; x_wconf 85' lang='lat' dir='ltr'><strong>synodum</strong></span> <span class='ocrx_word' id='word_1_269' title='bbox 1672 2347 1776 2383; x_wconf 90' lang='lat' dir='ltr'><strong>non</strong></span> <span class='ocrx_word' id='word_1_270' title='bbox 1806 2345 2032 2385; x_wconf 80' lang='lat' dir='ltr'><strong>consen-</strong></span> 
     </span>
    </p>
   </div>
   <div class='ocr_carea' id='block_1_36' title="bbox 458 2418 2034 2489">
    <p class='ocr_par' dir='ltr' id='par_1_36' title="bbox 458 2418 2034 2489">
     <span class='ocr_line' id='line_1_36' title="bbox 458 2418 2034 2489; baseline -0.001 -16"><span class='ocrx_word' id='word_1_271' title='bbox 458 2420 638 2473; x_wconf 88' lang='lat' dir='ltr'><strong>tiendo</strong></span> <span class='ocrx_word' id='word_1_272' title='bbox 661 2420 679 2449; x_wconf 83' lang='lat'><strong>&#39;</strong></span> <span class='ocrx_word' id='word_1_273' title='bbox 700 2419 987 2483; x_wconf 85' lang='lat' dir='ltr'><strong>submovit,</strong></span> <span class='ocrx_word' id='word_1_274' title='bbox 1020 2434 1083 2472; x_wconf 88' lang='lat' dir='ltr'><strong>ac</strong></span> <span class='ocrx_word' id='word_1_275' title='bbox 1112 2432 1209 2486; x_wconf 88' lang='lat' dir='ltr'><strong>pro</strong></span> <span class='ocrx_word' id='word_1_276' title='bbox 1244 2419 1485 2483; x_wconf 85' lang='lat' dir='ltr'><strong>veritate,</strong></span> <span class='ocrx_word' id='word_1_277' title='bbox 1527 2428 1585 2472; x_wconf 85' lang='lat' dir='ltr'><strong>ut</strong></span> <span class='ocrx_word' id='word_1_278' title='bbox 1614 2420 1848 2489; x_wconf 87' lang='lat' dir='ltr'><strong>synodus</strong></span> <span class='ocrx_word' id='word_1_279' title='bbox 1874 2418 2034 2474; x_wconf 87' lang='lat' dir='ltr'><strong>Chal-</strong></span> 
     </span>
    </p>
   </div>
   <div class='ocr_carea' id='block_1_37' title="bbox 459 2508 2033 2578">
    <p class='ocr_par' dir='ltr' id='par_1_37' title="bbox 459 2508 2033 2578">
     <span class='ocr_line' id='line_1_37' title="bbox 459 2508 2033 2578; baseline 0.001 -17"><span class='ocrx_word' id='word_1_280' title='bbox 459 2509 777 2564; x_wconf 69' lang='lat' dir='ltr'><strong>cedonensis</strong></span> <span class='ocrx_word' id='word_1_281' title='bbox 794 2509 971 2571; x_wconf 82' lang='lat' dir='ltr'><strong>fieret,</strong></span> <span class='ocrx_word' id='word_1_282' title='bbox 991 2508 1100 2561; x_wconf 91' lang='lat' dir='ltr'><strong>sola</strong></span> <span class='ocrx_word' id='word_1_283' title='bbox 1128 2508 1399 2562; x_wconf 70' lang='lat' dir='ltr'><strong>decrevit‘</strong></span> <span class='ocrx_word' id='word_1_284' title='bbox 1416 2508 1553 2562; x_wconf 92' lang='lat' dir='ltr'><strong>—in</strong></span> <span class='ocrx_word' id='word_1_285' title='bbox 1573 2525 1673 2577; x_wconf 90' lang='lat' dir='ltr'><strong>qua</strong></span> <span class='ocrx_word' id='word_1_286' title='bbox 1699 2509 2033 2578; x_wconf 84' lang='lat' dir='ltr'><strong>pontificibus</strong></span> 
     </span>
    </p>
   </div>
   <div class='ocr_carea' id='block_1_38' title="bbox 460 2598 2035 2667">
    <p class='ocr_par' dir='ltr' id='par_1_38' title="bbox 460 2598 2035 2667">
     <span class='ocr_line' id='line_1_38' title="bbox 460 2598 2035 2667; baseline -0.001 -13"><span class='ocrx_word' id='word_1_287' title='bbox 460 2600 777 2665; x_wconf 89' lang='lat' dir='ltr'><strong>innumeris,</strong></span> <span class='ocrx_word' id='word_1_288' title='bbox 820 2600 910 2667; x_wconf 89' lang='lat' dir='ltr'><strong>qui</strong></span> <span class='ocrx_word' id='word_1_289' title='bbox 956 2600 1231 2653; x_wconf 87' lang='lat' dir='ltr'><strong>latrocinio</strong></span> <span class='ocrx_word' id='word_1_290' title='bbox 1260 2607 1572 2659; x_wconf 85' lang='lat' dir='ltr'><strong>corruerant</strong></span> <span class='ocrx_word' id='word_1_291' title='bbox 1620 2598 1911 2666; x_wconf 83' lang='lat' dir='ltr'><strong>Ephesino,</strong></span> <span class='ocrx_word' id='word_1_292' title='bbox 1944 2615 2035 2653; x_wconf 89' lang='lat' dir='ltr'><strong>ve-</strong></span> 
     </span>
    </p>
   </div>
   <div class='ocr_carea' id='block_1_39' title="bbox 458 2687 2029 2757">
    <p class='ocr_par' dir='ltr' id='par_1_39' title="bbox 458 2687 2029 2757">
     <span class='ocr_line' id='line_1_39' title="bbox 458 2687 2029 2757; baseline -0.001 -16"><span class='ocrx_word' id='word_1_293' title='bbox 458 2691 600 2741; x_wconf 88' lang='lat' dir='ltr'><strong>niam</strong></span> <span class='ocrx_word' id='word_1_294' title='bbox 629 2688 988 2756; x_wconf 89' lang='lat' dir='ltr'><strong>poscentibus,</strong></span> <span class='ocrx_word' id='word_1_295' title='bbox 1018 2687 1128 2740; x_wconf 89' lang='lat' dir='ltr'><strong>sola</strong></span> <span class='ocrx_word' id='word_1_296' title='bbox 1160 2692 1445 2753; x_wconf 58' lang='lat' dir='ltr'><strong>conc-assit,</strong></span> <span class='ocrx_word' id='word_1_297' title='bbox 1491 2695 1547 2740; x_wconf 87' lang='lat' dir='ltr'><strong>et</strong></span> <span class='ocrx_word' id='word_1_298' title='bbox 1583 2688 1633 2740; x_wconf 90' lang='lat' dir='ltr'><strong>in</strong></span> <span class='ocrx_word' id='word_1_299' title='bbox 1680 2701 1773 2741; x_wconf 92' lang='lat' dir='ltr'><strong>sua</strong></span> <span class='ocrx_word' id='word_1_300' title='bbox 1812 2687 2029 2757; x_wconf 87' lang='lat' dir='ltr'><strong>perfidia</strong></span> 
     </span>
    </p>
   </div>
   <div class='ocr_carea' id='block_1_40' title="bbox 458 2777 2029 2848">
    <p class='ocr_par' dir='ltr' id='par_1_40' title="bbox 458 2777 2029 2848">
     <span class='ocr_line' id='line_1_40' title="bbox 458 2777 2029 2848; baseline 0.001 -15"><span class='ocrx_word' id='word_1_301' title='bbox 458 2788 852 2848; x_wconf 72' lang='lat' dir='ltr'><strong>permanentes,</strong></span> <span class='ocrx_word' id='word_1_302' title='bbox 886 2777 1227 2833; x_wconf 87' lang='lat' dir='ltr'><strong>nihilominus</strong></span> <span class='ocrx_word' id='word_1_303' title='bbox 1255 2791 1351 2832; x_wconf 85' lang='lat' dir='ltr'><strong>sua</strong></span> <span class='ocrx_word' id='word_1_304' title='bbox 1372 2779 1690 2833; x_wconf 82' lang='lat' dir='ltr'><strong>auctoritate</strong></span> <span class='ocrx_word' id='word_1_305' title='bbox 1712 2781 2029 2847; x_wconf 87' lang='lat' dir='ltr'><strong>prostravit:</strong></span> 
     </span>
    </p>
   </div>
   <div class='ocr_carea' id='block_1_41' title="bbox 458 2867 2030 2938">
    <p class='ocr_par' dir='ltr' id='par_1_41' title="bbox 458 2867 2030 2938">
     <span class='ocr_line' id='line_1_41' title="bbox 458 2867 2030 2938; baseline 0.001 -17"><span class='ocrx_word' id='word_1_306' title='bbox 458 2884 614 2938; x_wconf 84' lang='lat' dir='ltr'><strong>quam</strong></span> <span class='ocrx_word' id='word_1_307' title='bbox 640 2867 986 2937; x_wconf 77' lang='lat' dir='ltr'><strong>congregatio</strong></span> <span class='ocrx_word' id='word_1_308' title='bbox 1028 2882 1146 2937; x_wconf 68' lang='lat' dir='ltr'><strong>quae</strong></span> <span class='ocrx_word' id='word_1_309' title='bbox 1194 2867 1303 2922; x_wconf 90' lang='lat' dir='ltr'><strong>illic</strong></span> <span class='ocrx_word' id='word_1_310' title='bbox 1335 2880 1429 2935; x_wconf 84' lang='lat' dir='ltr'><strong>pro</strong></span> <span class='ocrx_word' id='word_1_311' title='bbox 1473 2868 1696 2923; x_wconf 85' lang='lat' dir='ltr'><strong>veritate</strong></span> <span class='ocrx_word' id='word_1_312' title='bbox 1733 2870 2030 2937; x_wconf 85' lang='lat' dir='ltr'><strong>reparanda</strong></span> 
     </span>
    </p>
   </div>
   <div class='ocr_carea' id='block_1_42' title="bbox 460 2958 2033 3029">
    <p class='ocr_par' dir='ltr' id='par_1_42' title="bbox 460 2958 2033 3029">
     <span class='ocr_line' id='line_1_42' title="bbox 460 2958 2033 3029; baseline 0.001 -15"><span class='ocrx_word' id='word_1_313' title='bbox 460 2959 684 3014; x_wconf 89' lang='lat' dir='ltr'><strong>collecta</strong></span> <span class='ocrx_word' id='word_1_314' title='bbox 710 2958 903 3023; x_wconf 87' lang='lat' dir='ltr'><strong>fuerat,</strong></span> <span class='ocrx_word' id='word_1_315' title='bbox 932 2964 1016 3012; x_wconf 89' lang='lat' dir='ltr'><strong>est</strong></span> <span class='ocrx_word' id='word_1_316' title='bbox 1055 2967 1278 3023; x_wconf 88' lang='lat' dir='ltr'><strong>secuta;</strong></span> <span class='ocrx_word' id='word_1_317' title='bbox 1312 2960 1563 3027; x_wconf 82' lang='lat' dir='ltr'><strong>quoniam</strong></span> <span class='ocrx_word' id='word_1_318' title='bbox 1610 2958 1743 3013; x_wconf 87' lang='lat' dir='ltr'><strong>sicut</strong></span> <span class='ocrx_word' id='word_1_319' title='bbox 1793 2960 1843 3013; x_wconf 89' lang='lat' dir='ltr'><strong>id</strong></span> <span class='ocrx_word' id='word_1_320' title='bbox 1891 2958 2033 3029; x_wconf 92' lang='lat' dir='ltr'><strong>quod</strong></span> 
     </span>
    </p>
   </div>
   <div class='ocr_carea' id='block_1_43' title="bbox 462 3048 2034 3118">
    <p class='ocr_par' dir='ltr' id='par_1_43' title="bbox 462 3048 2034 3118">
     <span class='ocr_line' id='line_1_43' title="bbox 462 3048 2034 3118; baseline 0.001 -16"><span class='ocrx_word' id='word_1_321' title='bbox 462 3050 630 3118; x_wconf 88' lang='lat' dir='ltr'><strong>prima</strong></span> <span class='ocrx_word' id='word_1_322' title='bbox 656 3048 811 3102; x_wconf 89' lang='lat' dir='ltr'><strong>sedes</strong></span> <span class='ocrx_word' id='word_1_323' title='bbox 841 3062 945 3101; x_wconf 92' lang='lat' dir='ltr'><strong>non</strong></span> <span class='ocrx_word' id='word_1_324' title='bbox 980 3048 1311 3115; x_wconf 87' lang='lat' dir='ltr'><strong>probaverat,</strong></span> <span class='ocrx_word' id='word_1_325' title='bbox 1340 3057 1587 3102; x_wconf 86' lang='lat' dir='ltr'><strong>constare</strong></span> <span class='ocrx_word' id='word_1_326' title='bbox 1610 3063 1713 3102; x_wconf 91' lang='lat' dir='ltr'><strong>non</strong></span> <span class='ocrx_word' id='word_1_327' title='bbox 1736 3049 1925 3117; x_wconf 89' lang='lat' dir='ltr'><strong>potuit,</strong></span> <span class='ocrx_word' id='word_1_328' title='bbox 1956 3050 2034 3103; x_wconf 88' lang='lat' dir='ltr'><strong>sic</strong></span> 
     </span>
    </p>
   </div>
   <div class='ocr_carea' id='block_1_44' title="bbox 2139 1879 3719 1948">
    <p class='ocr_par' dir='ltr' id='par_1_44' title="bbox 2139 1879 3719 1948">
     <span class='ocr_line' id='line_1_44' title="bbox 2139 1879 3719 1948; baseline 0.002 -15"><span class='ocrx_word' id='word_1_329' title='bbox 2139 1879 2374 1944; x_wconf 88' lang='lat' dir='ltr'><strong>tramite,</strong></span> <span class='ocrx_word' id='word_1_330' title='bbox 2408 1895 2525 1947; x_wconf 79' lang='lat' dir='ltr'><strong>qua:</strong></span> <span class='ocrx_word' id='word_1_331' title='bbox 2550 1886 2684 1933; x_wconf 73' lang='lat' dir='ltr'><strong>au‘ct-</strong></span> <span class='ocrx_word' id='word_1_332' title='bbox 2711 1894 2822 1932; x_wconf 89' lang='lat' dir='ltr'><strong>rem</strong></span> <span class='ocrx_word' id='word_1_333' title='bbox 2846 1894 2968 1933; x_wconf 90' lang='lat' dir='ltr'><strong>cum</strong></span> <span class='ocrx_word' id='word_1_334' title='bbox 3012 1894 3198 1934; x_wconf 86' lang='lat' dir='ltr'><strong>errore</strong></span> <span class='ocrx_word' id='word_1_335' title='bbox 3239 1879 3531 1944; x_wconf 84' lang='lat' dir='ltr'><strong>damnavit,</strong></span> <span class='ocrx_word' id='word_1_336' title='bbox 3569 1880 3719 1948; x_wconf 87' lang='lat' dir='ltr'><strong>quis-</strong></span> 
     </span>
    </p>
   </div>
   <div class='ocr_carea' id='block_1_45' title="bbox 2134 1968 3715 2039">
    <p class='ocr_par' dir='ltr' id='par_1_45' title="bbox 2134 1968 3715 2039">
     <span class='ocr_line' id='line_1_45' title="bbox 2134 1968 3715 2039; baseline 0.003 -18"><span class='ocrx_word' id='word_1_337' title='bbox 2134 1969 2255 2037; x_wconf 90' lang='lat' dir='ltr'><strong>quis</strong></span> <span class='ocrx_word' id='word_1_338' title='bbox 2283 1970 2523 2037; x_wconf 89' lang='lat' dir='ltr'><strong>qnolibct</strong></span> <span class='ocrx_word' id='word_1_339' title='bbox 2551 1968 2729 2034; x_wconf 87' lang='lat' dir='ltr'><strong>modo,</strong></span> <span class='ocrx_word' id='word_1_340' title='bbox 2764 1969 3002 2038; x_wconf 90' lang='lat' dir='ltr'><strong>quolibet</strong></span> <span class='ocrx_word' id='word_1_341' title='bbox 3032 1969 3182 2024; x_wconf 89' lang='lat' dir='ltr'><strong>titulo</strong></span> <span class='ocrx_word' id='word_1_342' title='bbox 3207 1970 3447 2039; x_wconf 87' lang='lat' dir='ltr'><strong>complex</strong></span> <span class='ocrx_word' id='word_1_343' title='bbox 3474 1970 3715 2039; x_wconf 85' lang='lat' dir='ltr'><strong>ejusdem</strong></span> 
     </span>
    </p>
   </div>
   <div class='ocr_carea' id='block_1_46' title="bbox 2134 2057 3715 2131">
    <p class='ocr_par' dir='ltr' id='par_1_46' title="bbox 2134 2057 3715 2131">
     <span class='ocr_line' id='line_1_46' title="bbox 2134 2057 3715 2131; baseline 0.004 -23"><span class='ocrx_word' id='word_1_344' title='bbox 2134 2057 2291 2111; x_wconf 82' lang='lat' dir='ltr'><strong>fuerit</strong></span> <span class='ocrx_word' id='word_1_345' title='bbox 2324 2060 2493 2112; x_wconf 81' lang='lat' dir='ltr'><strong>tactus</strong></span> <span class='ocrx_word' id='word_1_346' title='bbox 2520 2059 2744 2121; x_wconf 90' lang='lat' dir='ltr'><strong>erroris,</strong></span> <span class='ocrx_word' id='word_1_347' title='bbox 2776 2067 2833 2111; x_wconf 92' lang='lat' dir='ltr'><strong>ut</strong></span> <span class='ocrx_word' id='word_1_348' title='bbox 2856 2057 2973 2127; x_wconf 89' lang='lat' dir='ltr'><strong>ejus</strong></span> <span class='ocrx_word' id='word_1_349' title='bbox 3004 2073 3062 2112; x_wconf 90' lang='lat' dir='ltr'><strong>se</strong></span> <span class='ocrx_word' id='word_1_350' title='bbox 3091 2062 3407 2127; x_wconf 85' lang='lat' dir='ltr'><strong>contagione</strong></span> <span class='ocrx_word' id='word_1_351' title='bbox 3445 2061 3715 2131; x_wconf 88' lang='lat' dir='ltr'><strong>polluerit,</strong></span> 
     </span>
    </p>
   </div>
   <div class='ocr_carea' id='block_1_47' title="bbox 2132 2148 3717 2217">
    <p class='ocr_par' dir='ltr' id='par_1_47' title="bbox 2132 2148 3717 2217">
     <span class='ocr_line' id='line_1_47' title="bbox 2132 2148 3717 2217; baseline 0.002 -14"><span class='ocrx_word' id='word_1_352' title='bbox 2132 2155 2499 2216; x_wconf 84' lang='lat' dir='ltr'><strong>competenter</strong></span> <span class='ocrx_word' id='word_1_353' title='bbox 2521 2157 2577 2203; x_wconf 92' lang='lat' dir='ltr'><strong>et</strong></span> <span class='ocrx_word' id='word_1_354' title='bbox 2604 2150 2873 2217; x_wconf 90' lang='lat' dir='ltr'><strong>particeps</strong></span> <span class='ocrx_word' id='word_1_355' title='bbox 2914 2148 3155 2217; x_wconf 82' lang='lat' dir='ltr'><strong>ejusdem</strong></span> <span class='ocrx_word' id='word_1_356' title='bbox 3204 2150 3560 2205; x_wconf 88' lang='lat' dir='ltr'><strong>damnationis</strong></span> <span class='ocrx_word' id='word_1_357' title='bbox 3600 2151 3717 2206; x_wconf 53' lang='lat' dir='ltr'><strong>exi-</strong></span> 
     </span>
    </p>
   </div>
   <div class='ocr_carea' id='block_1_48' title="bbox 2131 2238 3707 2308">
    <p class='ocr_par' dir='ltr' id='par_1_48' title="bbox 2131 2238 3707 2308">
     <span class='ocr_line' id='line_1_48' title="bbox 2131 2238 3707 2308; baseline 0.003 -17"><span class='ocrx_word' id='word_1_358' title='bbox 2131 2246 2255 2299; x_wconf 87' lang='lat' dir='ltr'><strong>stat.</strong></span> <span class='ocrx_word' id='word_1_359' title='bbox 2279 2238 2499 2307; x_wconf 87' lang='lat' dir='ltr'><strong>ejusque</strong></span> <span class='ocrx_word' id='word_1_360' title='bbox 2527 2252 2684 2306; x_wconf 76' lang='lat' dir='ltr'><strong>pmna</strong></span> <span class='ocrx_word' id='word_1_361' title='bbox 2715 2239 2964 2307; x_wconf 88' lang='lat' dir='ltr'><strong>puniatur</strong></span> <span class='ocrx_word' id='word_1_362' title='bbox 2990 2239 3297 2304; x_wconf 72' lang='lat' dir='ltr'><strong>obstrictus,</strong></span> <span class='ocrx_word' id='word_1_363' title='bbox 3331 2241 3487 2308; x_wconf 80' lang='lat' dir='ltr'><strong>cujus</strong></span> <span class='ocrx_word' id='word_1_364' title='bbox 3516 2240 3707 2296; x_wconf 85' lang='lat' dir='ltr'><strong>maluit</strong></span> 
     </span>
    </p>
   </div>
   <div class='ocr_carea' id='block_1_49' title="bbox 2133 2326 3710 2402">
    <p class='ocr_par' dir='ltr' id='par_1_49' title="bbox 2133 2326 3710 2402">
     <span class='ocr_line' id='line_1_49' title="bbox 2133 2326 3710 2402; baseline 0.003 -22"><span class='ocrx_word' id='word_1_365' title='bbox 2133 2326 2269 2381; x_wconf 90' lang='lat' dir='ltr'><strong>inire</strong></span> <span class='ocrx_word' id='word_1_366' title='bbox 2292 2328 2635 2382; x_wconf 87' lang='lat' dir='ltr'><strong>consortium.</strong></span> <span class='ocrx_word' id='word_1_367' title='bbox 2662 2328 2857 2395; x_wconf 56' lang='lat' dir='ltr'><strong>Quaero</strong></span> <span class='ocrx_word' id='word_1_368' title='bbox 2878 2343 3003 2398; x_wconf 83' lang='lat' dir='ltr'><strong>ergo</strong></span> <span class='ocrx_word' id='word_1_369' title='bbox 3025 2329 3092 2383; x_wconf 92' lang='lat' dir='ltr'><strong>ab</strong></span> <span class='ocrx_word' id='word_1_370' title='bbox 3116 2328 3199 2383; x_wconf 90' lang='lat' dir='ltr'><strong>his</strong></span> <span class='ocrx_word' id='word_1_371' title='bbox 3228 2329 3352 2399; x_wconf 88' lang='lat' dir='ltr'><strong>quid</strong></span> <span class='ocrx_word' id='word_1_372' title='bbox 3377 2330 3444 2383; x_wconf 91' lang='lat' dir='ltr'><strong>de</strong></span> <span class='ocrx_word' id='word_1_373' title='bbox 3466 2328 3710 2402; x_wconf 66' lang='lat' dir='ltr'><strong>Eutyche</strong></span> 
     </span>
    </p>
   </div>
   <div class='ocr_carea' id='block_1_50' title="bbox 2134 2416 3715 2484">
    <p class='ocr_par' dir='ltr' id='par_1_50' title="bbox 2134 2416 3715 2484">
     <span class='ocr_line' id='line_1_50' title="bbox 2134 2416 3715 2484; baseline 0.003 -14"><span class='ocrx_word' id='word_1_374' title='bbox 2134 2416 2371 2471; x_wconf 89' lang='lat' dir='ltr'><strong>sentiant</strong></span> <span class='ocrx_word' id='word_1_375' title='bbox 2393 2435 2405 2469; x_wconf 87' lang='lat'><strong>:</strong></span> <span class='ocrx_word' id='word_1_376' title='bbox 2432 2416 2665 2473; x_wconf 89' lang='lat' dir='ltr'><strong>fuissene</strong></span> <span class='ocrx_word' id='word_1_377' title='bbox 2686 2416 3016 2484; x_wconf 60' lang='lat' dir='ltr'><strong>baereticum,</strong></span> <span class='ocrx_word' id='word_1_378' title='bbox 3034 2431 3100 2471; x_wconf 90' lang='lat' dir='ltr'><strong>an</strong></span> <span class='ocrx_word' id='word_1_379' title='bbox 3123 2426 3369 2473; x_wconf 88' lang='lat' dir='ltr'><strong>asserunt</strong></span> <span class='ocrx_word' id='word_1_380' title='bbox 3391 2432 3495 2472; x_wconf 90' lang='lat' dir='ltr'><strong>non</strong></span> <span class='ocrx_word' id='word_1_381' title='bbox 3517 2417 3715 2474; x_wconf 78' lang='lat' dir='ltr'><strong>fuisse?</strong></span> 
     </span>
    </p>
   </div>
   <div class='ocr_carea' id='block_1_51' title="bbox 2133 2505 3711 2579">
    <p class='ocr_par' dir='ltr' id='par_1_51' title="bbox 2133 2505 3711 2579">
     <span class='ocr_line' id='line_1_51' title="bbox 2133 2505 3711 2579; baseline 0.001 -18"><span class='ocrx_word' id='word_1_382' title='bbox 2133 2505 2191 2561; x_wconf 90' lang='lat' dir='ltr'><strong>Si</strong></span> <span class='ocrx_word' id='word_1_383' title='bbox 2232 2521 2337 2560; x_wconf 86' lang='lat' dir='ltr'><strong>non</strong></span> <span class='ocrx_word' id='word_1_384' title='bbox 2388 2506 2552 2562; x_wconf 86' lang='lat' dir='ltr'><strong>fuisse</strong></span> <span class='ocrx_word' id='word_1_385' title='bbox 2596 2508 2948 2575; x_wconf 88' lang='lat' dir='ltr'><strong>contendunt,</strong></span> <span class='ocrx_word' id='word_1_386' title='bbox 2996 2508 3123 2579; x_wconf 91' lang='lat' dir='ltr'><strong>quid</strong></span> <span class='ocrx_word' id='word_1_387' title='bbox 3170 2508 3485 2579; x_wconf 79' lang='lat' dir='ltr'><strong>ambagibus</strong></span> <span class='ocrx_word' id='word_1_388' title='bbox 3526 2514 3711 2578; x_wconf 88' lang='lat' dir='ltr'><strong>agunt,</strong></span> 
     </span>
    </p>
   </div>
   <div class='ocr_carea' id='block_1_52' title="bbox 2133 2597 3712 2670">
    <p class='ocr_par' dir='ltr' id='par_1_52' title="bbox 2133 2597 3712 2670">
     <span class='ocr_line' id='line_1_52' title="bbox 2133 2597 3712 2670; baseline 0.005 -25"><span class='ocrx_word' id='word_1_389' title='bbox 2133 2597 2256 2665; x_wconf 86' lang='lat' dir='ltr'><strong>quid</strong></span> <span class='ocrx_word' id='word_1_390' title='bbox 2278 2597 2678 2651; x_wconf 80' lang='lat' dir='ltr'><strong>circuitionibus</strong></span> <span class='ocrx_word' id='word_1_391' title='bbox 2698 2599 3084 2669; x_wconf 63' lang='lat' dir='ltr'><strong>praestigiisque</strong></span> <span class='ocrx_word' id='word_1_392' title='bbox 3104 2613 3163 2654; x_wconf 86' lang='lat' dir='ltr'><strong>se</strong></span> <span class='ocrx_word' id='word_1_393' title='bbox 3186 2598 3509 2670; x_wconf 77' lang='lat' dir='ltr'><strong>contegunt?</strong></span> <span class='ocrx_word' id='word_1_394' title='bbox 3532 2598 3712 2653; x_wconf 88' lang='lat' dir='ltr'><strong>Palam</strong></span> 
     </span>
    </p>
   </div>
   <div class='ocr_carea' id='block_1_53' title="bbox 2133 2686 3716 2759">
    <p class='ocr_par' dir='ltr' id='par_1_53' title="bbox 2133 2686 3716 2759">
     <span class='ocr_line' id='line_1_53' title="bbox 2133 2686 3716 2759; baseline 0.003 -20"><span class='ocrx_word' id='word_1_395' title='bbox 2133 2699 2193 2739; x_wconf 90' lang='lat' dir='ltr'><strong>se</strong></span> <span class='ocrx_word' id='word_1_396' title='bbox 2224 2686 2583 2756; x_wconf 86' lang='lat' dir='ltr'><strong>Eutychianos</strong></span> <span class='ocrx_word' id='word_1_397' title='bbox 2610 2701 2731 2743; x_wconf 90' lang='lat' dir='ltr'><strong>esse</strong></span> <span class='ocrx_word' id='word_1_398' title='bbox 2758 2692 3120 2757; x_wconf 90' lang='lat' dir='ltr'><strong>pronuntient,</strong></span> <span class='ocrx_word' id='word_1_399' title='bbox 3144 2702 3202 2745; x_wconf 92' lang='lat' dir='ltr'><strong>ut</strong></span> <span class='ocrx_word' id='word_1_400' title='bbox 3229 2689 3283 2745; x_wconf 89' lang='lat' dir='ltr'><strong>in</strong></span> <span class='ocrx_word' id='word_1_401' title='bbox 3309 2689 3425 2759; x_wconf 83' lang='lat' dir='ltr'><strong>ejus</strong></span> <span class='ocrx_word' id='word_1_402' title='bbox 3453 2688 3716 2759; x_wconf 85' lang='lat' dir='ltr'><strong>sacrilego</strong></span> 
     </span>
    </p>
   </div>
   <div class='ocr_carea' id='block_1_54' title="bbox 2134 2773 3715 2850">
    <p class='ocr_par' dir='ltr' id='par_1_54' title="bbox 2134 2773 3715 2850">
     <span class='ocr_line' id='line_1_54' title="bbox 2134 2773 3715 2850; baseline 0.003 -20"><span class='ocrx_word' id='word_1_403' title='bbox 2134 2773 2314 2830; x_wconf 85' lang='lat' dir='ltr'><strong>furore</strong></span> <span class='ocrx_word' id='word_1_404' title='bbox 2343 2794 2373 2831; x_wconf 92' lang='lat' dir='ltr'><strong>c</strong></span> <span class='ocrx_word' id='word_1_405' title='bbox 2411 2778 2571 2831; x_wconf 90' lang='lat' dir='ltr'><strong>nvicti</strong></span> <span class='ocrx_word' id='word_1_406' title='bbox 2617 2779 2854 2835; x_wconf 82' lang='lat' dir='ltr'><strong>veritatis</strong></span> <span class='ocrx_word' id='word_1_407' title='bbox 2896 2782 3121 2837; x_wconf 88' lang='lat' dir='ltr'><strong>molibus</strong></span> <span class='ocrx_word' id='word_1_408' title='bbox 3148 2781 3463 2848; x_wconf 87' lang='lat' dir='ltr'><strong>obruantur,</strong></span> <span class='ocrx_word' id='word_1_409' title='bbox 3497 2791 3715 2850; x_wconf 76' lang='lat' dir='ltr'><strong>aperte-</strong></span> 
     </span>
    </p>
   </div>
   <div class='ocr_carea' id='block_1_55' title="bbox 2133 2869 3719 2941">
    <p class='ocr_par' dir='ltr' id='par_1_55' title="bbox 2133 2869 3719 2941">
     <span class='ocr_line' id='line_1_55' title="bbox 2133 2869 3719 2941; baseline 0.004 -24"><span class='ocrx_word' id='word_1_410' title='bbox 2133 2880 2237 2935; x_wconf 90' lang='lat' dir='ltr'><strong>que</strong></span> <span class='ocrx_word' id='word_1_411' title='bbox 2266 2877 2611 2937; x_wconf 89' lang='lat' dir='ltr'><strong>cognoscant,</strong></span> <span class='ocrx_word' id='word_1_412' title='bbox 2661 2882 2766 2923; x_wconf 92' lang='lat' dir='ltr'><strong>non</strong></span> <span class='ocrx_word' id='word_1_413' title='bbox 2813 2871 2987 2925; x_wconf 90' lang='lat' dir='ltr'><strong>solum</strong></span> <span class='ocrx_word' id='word_1_414' title='bbox 3020 2870 3135 2925; x_wconf 61' lang='lat' dir='ltr'><strong>hac</strong></span> <span class='ocrx_word' id='word_1_415' title='bbox 3177 2872 3289 2938; x_wconf 88' lang='lat' dir='ltr'><strong>ipsa</strong></span> <span class='ocrx_word' id='word_1_416' title='bbox 3338 2870 3502 2940; x_wconf 89' lang='lat' dir='ltr'><strong>pestis</strong></span> <span class='ocrx_word' id='word_1_417' title='bbox 3552 2869 3719 2941; x_wconf 85' lang='lat' dir='ltr'><strong>Euty-</strong></span> 
     </span>
    </p>
   </div>
   <div class='ocr_carea' id='block_1_56' title="bbox 2135 2956 3717 3032">
    <p class='ocr_par' dir='ltr' id='par_1_56' title="bbox 2135 2956 3717 3032">
     <span class='ocr_line' id='line_1_56' title="bbox 2135 2956 3717 3032; baseline 0.004 -22"><span class='ocrx_word' id='word_1_418' title='bbox 2135 2956 2325 3011; x_wconf 87' lang='lat' dir='ltr'><strong>chiana</strong></span> <span class='ocrx_word' id='word_1_419' title='bbox 2373 2970 2628 3027; x_wconf 87' lang='lat' dir='ltr'><strong>quantum</strong></span> <span class='ocrx_word' id='word_1_420' title='bbox 2674 2960 2978 3017; x_wconf 87' lang='lat' dir='ltr'><strong>Christiano</strong></span> <span class='ocrx_word' id='word_1_421' title='bbox 3029 2961 3264 3032; x_wconf 78' lang='lat' dir='ltr'><strong>dogmati</strong></span> <span class='ocrx_word' id='word_1_422' title='bbox 3316 2961 3571 3030; x_wconf 87' lang='lat' dir='ltr'><strong>probetur</strong></span> <span class='ocrx_word' id='word_1_423' title='bbox 3614 2961 3717 3017; x_wconf 87' lang='lat' dir='ltr'><strong>ini-</strong></span> 
     </span>
    </p>
   </div>
   <div class='ocr_carea' id='block_1_57' title="bbox 2138 3049 3712 3122">
    <p class='ocr_par' dir='ltr' id='par_1_57' title="bbox 2138 3049 3712 3122">
     <span class='ocr_line' id='line_1_57' title="bbox 2138 3049 3712 3122; baseline 0.003 -19"><span class='ocrx_word' id='word_1_424' title='bbox 2138 3049 2302 3114; x_wconf 68' lang='lat' dir='ltr'><strong>mila;</strong></span> <span class='ocrx_word' id='word_1_425' title='bbox 2331 3051 2423 3103; x_wconf 89' lang='lat' dir='ltr'><strong>sed</strong></span> <span class='ocrx_word' id='word_1_426' title='bbox 2456 3059 2680 3116; x_wconf 86' lang='lat' dir='ltr'><strong>quantas</strong></span> <span class='ocrx_word' id='word_1_427' title='bbox 2703 3050 2836 3105; x_wconf 84' lang='lat' dir='ltr'><strong>alias</strong></span> <span class='ocrx_word' id='word_1_428' title='bbox 2857 3051 3108 3118; x_wconf 68' lang='lat' dir='ltr'><strong>hmreses,</strong></span> <span class='ocrx_word' id='word_1_429' title='bbox 3132 3066 3328 3122; x_wconf 87' lang='lat' dir='ltr'><strong>easque</strong></span> <span class='ocrx_word' id='word_1_430' title='bbox 3349 3052 3712 3121; x_wconf 82' lang='lat' dir='ltr'><strong>gravissimas,</strong></span> 
     </span>
    </p>
   </div>
   <div class='ocr_carea' id='block_1_58' title="bbox 462 3132 3715 3214">
    <p class='ocr_par' dir='ltr' id='par_1_58' title="bbox 462 3132 3715 3214">
     <span class='ocr_line' id='line_1_58' title="bbox 462 3132 3715 3214; baseline 0.002 -21"><span class='ocrx_word' id='word_1_431' title='bbox 462 3141 603 3210; x_wconf 91' lang='lat' dir='ltr'><strong>quod</strong></span> <span class='ocrx_word' id='word_1_432' title='bbox 630 3142 717 3193; x_wconf 87' lang='lat' dir='ltr'><strong>illa</strong></span> <span class='ocrx_word' id='word_1_433' title='bbox 744 3143 953 3194; x_wconf 88' lang='lat' dir='ltr'><strong>censuit</strong></span> <span class='ocrx_word' id='word_1_434' title='bbox 974 3139 1337 3203; x_wconf 68' lang='lat' dir='ltr'><strong>iudicandum,</strong></span> <span class='ocrx_word' id='word_1_435' title='bbox 1366 3139 1604 3194; x_wconf 81' lang='lat' dir='ltr'><strong>Ecclesia</strong></span> <span class='ocrx_word' id='word_1_436' title='bbox 1634 3149 1741 3193; x_wconf 85' lang='lat' dir='ltr'><strong>tota</strong></span> <span class='ocrx_word' id='word_1_437' title='bbox 1770 3141 2033 3209; x_wconf 89' lang='lat' dir='ltr'><strong>suscepit;</strong></span> <span class='ocrx_word' id='word_1_438' title='bbox 2063 3132 2108 3195; x_wconf 87' lang='lat' dir='ltr'>C</span> <span class='ocrx_word' id='word_1_439' title='bbox 2140 3140 2193 3194; x_wconf 89' lang='lat' dir='ltr'><strong>in</strong></span> <span class='ocrx_word' id='word_1_440' title='bbox 2223 3156 2315 3194; x_wconf 70' lang='lat' dir='ltr'><strong>sui</strong></span> <span class='ocrx_word' id='word_1_441' title='bbox 2342 3148 2601 3209; x_wconf 81' lang='lat' dir='ltr'><strong>pravitate</strong></span> <span class='ocrx_word' id='word_1_442' title='bbox 2628 3142 2919 3210; x_wconf 86' lang='lat' dir='ltr'><strong>contineat,</strong></span> <span class='ocrx_word' id='word_1_443' title='bbox 2951 3152 3008 3198; x_wconf 92' lang='lat' dir='ltr'><strong>ut</strong></span> <span class='ocrx_word' id='word_1_444' title='bbox 3051 3144 3103 3198; x_wconf 90' lang='lat' dir='ltr'><strong>in</strong></span> <span class='ocrx_word' id='word_1_445' title='bbox 3151 3144 3344 3214; x_wconf 90' lang='lat' dir='ltr'><strong>quibus</strong></span> <span class='ocrx_word' id='word_1_446' title='bbox 3371 3144 3538 3200; x_wconf 88' lang='lat' dir='ltr'><strong>foveis</strong></span> <span class='ocrx_word' id='word_1_447' title='bbox 3565 3145 3715 3199; x_wconf 83' lang='lat' dir='ltr'><strong>voln-</strong></span> 
     </span>
    </p>
   </div>
   <div class='ocr_carea' id='block_1_59' title="bbox 461 3228 2033 3299">
    <p class='ocr_par' dir='ltr' id='par_1_59' title="bbox 461 3228 2033 3299">
     <span class='ocr_line' id='line_1_59' title="bbox 461 3228 2033 3299; baseline -0.001 -13"><span class='ocrx_word' id='word_1_448' title='bbox 461 3232 551 3286; x_wconf 89' lang='lat' dir='ltr'><strong>ubi</strong></span> <span class='ocrx_word' id='word_1_449' title='bbox 580 3231 739 3285; x_wconf 89' lang='lat' dir='ltr'><strong>etiam</strong></span> <span class='ocrx_word' id='word_1_450' title='bbox 783 3240 1175 3299; x_wconf 85' lang='lat' dir='ltr'><strong>consequenter</strong></span> <span class='ocrx_word' id='word_1_451' title='bbox 1201 3228 1520 3294; x_wconf 87' lang='lat' dir='ltr'><strong>ostenditur,</strong></span> <span class='ocrx_word' id='word_1_452' title='bbox 1561 3232 1682 3298; x_wconf 90' lang='lat' dir='ltr'><strong>quia</strong></span> <span class='ocrx_word' id='word_1_453' title='bbox 1720 3231 1858 3285; x_wconf 88' lang='lat' dir='ltr'><strong>male</strong></span> <span class='ocrx_word' id='word_1_454' title='bbox 1885 3240 2033 3299; x_wconf 79' lang='lat' dir='ltr'><strong>gesta</strong></span> 
     </span>
    </p>
   </div>
   <div class='ocr_carea' id='block_1_60' title="bbox 462 3318 2033 3395">
    <p class='ocr_par' dir='ltr' id='par_1_60' title="bbox 462 3318 2033 3395">
     <span class='ocr_line' id='line_1_60' title="bbox 462 3318 2033 3395; baseline -0.002 -18"><span class='ocrx_word' id='word_1_455' title='bbox 462 3321 718 3393; x_wconf 89' lang='lat' dir='ltr'><strong>synodus,</strong></span> <span class='ocrx_word' id='word_1_456' title='bbox 765 3319 817 3374; x_wconf 90' lang='lat' dir='ltr'><strong>id</strong></span> <span class='ocrx_word' id='word_1_457' title='bbox 870 3329 972 3383; x_wconf 90' lang='lat' dir='ltr'><strong>est,</strong></span> <span class='ocrx_word' id='word_1_458' title='bbox 1022 3331 1206 3372; x_wconf 90' lang='lat' dir='ltr'><strong>contra</strong></span> <span class='ocrx_word' id='word_1_459' title='bbox 1244 3318 1545 3395; x_wconf 88' lang='lat' dir='ltr'><strong>Scripturas</strong></span> <span class='ocrx_word' id='word_1_460' title='bbox 1576 3329 1805 3387; x_wconf 78' lang='lat' dir='ltr'><strong>sanctas,</strong></span> <span class='ocrx_word' id='word_1_461' title='bbox 1847 3328 2033 3374; x_wconf 80' lang='lat' dir='ltr'><strong>contra</strong></span> 
     </span>
    </p>
   </div>
   <div class='ocr_carea' id='block_1_61' title="bbox 463 3408 2032 3477">
    <p class='ocr_par' dir='ltr' id='par_1_61' title="bbox 463 3408 2032 3477">
     <span class='ocr_line' id='line_1_61' title="bbox 463 3408 2032 3477; baseline 0.001 -14"><span class='ocrx_word' id='word_1_462' title='bbox 463 3414 760 3464; x_wconf 79' lang='lat' dir='ltr'><strong>doctrinam</strong></span> <span class='ocrx_word' id='word_1_463' title='bbox 807 3408 1060 3472; x_wconf 87' lang='lat' dir='ltr'><strong>Patrum,</strong></span> <span class='ocrx_word' id='word_1_464' title='bbox 1107 3416 1295 3463; x_wconf 85' lang='lat' dir='ltr'><strong>contra</strong></span> <span class='ocrx_word' id='word_1_465' title='bbox 1351 3408 1740 3463; x_wconf 87' lang='lat' dir='ltr'><strong>ecclesiasticas</strong></span> <span class='ocrx_word' id='word_1_466' title='bbox 1787 3410 2032 3477; x_wconf 86' lang='lat' dir='ltr'><strong>regulas,</strong></span> 
     </span>
    </p>
   </div>
   <div class='ocr_carea' id='block_1_62' title="bbox 464 3498 2037 3571">
    <p class='ocr_par' dir='ltr' id='par_1_62' title="bbox 464 3498 2037 3571">
     <span class='ocr_line' id='line_1_62' title="bbox 464 3498 2037 3571; baseline 0.001 -17"><span class='ocrx_word' id='word_1_467' title='bbox 464 3516 622 3571; x_wconf 89' lang='lat' dir='ltr'><strong>quam</strong></span> <span class='ocrx_word' id='word_1_468' title='bbox 650 3508 758 3553; x_wconf 89' lang='lat' dir='ltr'><strong>tota</strong></span> <span class='ocrx_word' id='word_1_469' title='bbox 786 3500 979 3553; x_wconf 88' lang='lat' dir='ltr'><strong>merito</strong></span> <span class='ocrx_word' id='word_1_470' title='bbox 1010 3498 1247 3554; x_wconf 87' lang='lat' dir='ltr'><strong>Ecclesia</strong></span> <span class='ocrx_word' id='word_1_471' title='bbox 1277 3513 1379 3553; x_wconf 92' lang='lat' dir='ltr'><strong>non</strong></span> <span class='ocrx_word' id='word_1_472' title='bbox 1409 3503 1634 3569; x_wconf 86' lang='lat' dir='ltr'><strong>recepit,</strong></span> <span class='ocrx_word' id='word_1_473' title='bbox 1666 3510 1717 3553; x_wconf 90' lang='lat' dir='ltr'><strong>et</strong></span> <span class='ocrx_word' id='word_1_474' title='bbox 1770 3503 2037 3569; x_wconf 73' lang='lat' dir='ltr'><strong>praecipue</strong></span> 
     </span>
    </p>
   </div>
   <div class='ocr_carea' id='block_1_63' title="bbox 466 3590 2038 3662">
    <p class='ocr_par' dir='ltr' id='par_1_63' title="bbox 466 3590 2038 3662">
     <span class='ocr_line' id='line_1_63' title="bbox 466 3590 2038 3662; baseline 0.001 -16"><span class='ocrx_word' id='word_1_475' title='bbox 466 3592 622 3646; x_wconf 90' lang='lat' dir='ltr'><strong>sedes</strong></span> <span class='ocrx_word' id='word_1_476' title='bbox 647 3591 939 3658; x_wconf 88' lang='lat' dir='ltr'><strong>apostolica</strong></span> <span class='ocrx_word' id='word_1_477' title='bbox 965 3605 1071 3643; x_wconf 92' lang='lat' dir='ltr'><strong>non</strong></span> <span class='ocrx_word' id='word_1_478' title='bbox 1098 3590 1358 3658; x_wconf 87' lang='lat' dir='ltr'><strong>probavit,</strong></span> <span class='ocrx_word' id='word_1_479' title='bbox 1383 3605 1476 3659; x_wconf 92' lang='lat' dir='ltr'><strong>per</strong></span> <span class='ocrx_word' id='word_1_480' title='bbox 1499 3592 1632 3645; x_wconf 87' lang='lat' dir='ltr'><strong>bene</strong></span> <span class='ocrx_word' id='word_1_481' title='bbox 1654 3603 1855 3661; x_wconf 82' lang='lat' dir='ltr'><strong>gestam</strong></span> <span class='ocrx_word' id='word_1_482' title='bbox 1879 3606 2038 3662; x_wconf 83' lang='lat' dir='ltr'><strong>syno-</strong></span> 
     </span>
    </p>
   </div>
   <div class='ocr_carea' id='block_1_64' title="bbox 465 3682 2037 3751">
    <p class='ocr_par' dir='ltr' id='par_1_64' title="bbox 465 3682 2037 3751">
     <span class='ocr_line' id='line_1_64' title="bbox 465 3682 2037 3751; baseline -0.002 -12"><span class='ocrx_word' id='word_1_483' title='bbox 465 3685 614 3748; x_wconf 89' lang='lat' dir='ltr'><strong>dum,</strong></span> <span class='ocrx_word' id='word_1_484' title='bbox 646 3682 697 3737; x_wconf 90' lang='lat' dir='ltr'><strong>id</strong></span> <span class='ocrx_word' id='word_1_485' title='bbox 728 3691 830 3746; x_wconf 86' lang='lat' dir='ltr'><strong>est,</strong></span> <span class='ocrx_word' id='word_1_486' title='bbox 859 3682 1147 3737; x_wconf 89' lang='lat' dir='ltr'><strong>secundum</strong></span> <span class='ocrx_word' id='word_1_487' title='bbox 1175 3682 1499 3751; x_wconf 83' lang='lat' dir='ltr'><strong>Scripturas,</strong></span> <span class='ocrx_word' id='word_1_488' title='bbox 1537 3684 1829 3737; x_wconf 89' lang='lat' dir='ltr'><strong>secundum</strong></span> <span class='ocrx_word' id='word_1_489' title='bbox 1859 3684 2037 3737; x_wconf 85' lang='lat' dir='ltr'><strong>tradi-</strong></span> 
     </span>
    </p>
   </div>
   <div class='ocr_carea' id='block_1_65' title="bbox 466 3771 2036 3840">
    <p class='ocr_par' dir='ltr' id='par_1_65' title="bbox 466 3771 2036 3840">
     <span class='ocr_line' id='line_1_65' title="bbox 466 3771 2036 3840; baseline -0.001 -13"><span class='ocrx_word' id='word_1_490' title='bbox 466 3776 663 3828; x_wconf 89' lang='lat' dir='ltr'><strong>tionem</strong></span> <span class='ocrx_word' id='word_1_491' title='bbox 689 3772 923 3837; x_wconf 87' lang='lat' dir='ltr'><strong>Patrum,</strong></span> <span class='ocrx_word' id='word_1_492' title='bbox 947 3772 1237 3826; x_wconf 87' lang='lat' dir='ltr'><strong>secundum</strong></span> <span class='ocrx_word' id='word_1_493' title='bbox 1268 3771 1655 3825; x_wconf 88' lang='lat' dir='ltr'><strong>ecclesiasticas</strong></span> <span class='ocrx_word' id='word_1_494' title='bbox 1687 3772 1915 3840; x_wconf 84' lang='lat' dir='ltr'><strong>regulas,</strong></span> <span class='ocrx_word' id='word_1_495' title='bbox 1943 3787 2036 3838; x_wconf 89' lang='lat' dir='ltr'><strong>pro</strong></span> 
     </span>
    </p>
   </div>
   <div class='ocr_carea' id='block_1_66' title="bbox 464 3862 2033 3929">
    <p class='ocr_par' dir='ltr' id='par_1_66' title="bbox 464 3862 2033 3929">
     <span class='ocr_line' id='line_1_66' title="bbox 464 3862 2033 3929; baseline -0.003 -10"><span class='ocrx_word' id='word_1_496' title='bbox 464 3862 569 3918; x_wconf 82' lang='lat' dir='ltr'><strong>fide</strong></span> <span class='ocrx_word' id='word_1_497' title='bbox 591 3863 849 3918; x_wconf 88' lang='lat' dir='ltr'><strong>catholica</strong></span> <span class='ocrx_word' id='word_1_498' title='bbox 876 3870 934 3915; x_wconf 90' lang='lat' dir='ltr'><strong>et</strong></span> <span class='ocrx_word' id='word_1_499' title='bbox 980 3862 1352 3916; x_wconf 89' lang='lat' dir='ltr'><strong>communione</strong></span> <span class='ocrx_word' id='word_1_500' title='bbox 1383 3862 1664 3928; x_wconf 67' lang='lat' dir='ltr'><strong>prolatam;</strong></span> <span class='ocrx_word' id='word_1_501' title='bbox 1696 3878 1854 3929; x_wconf 87' lang='lat' dir='ltr'><strong>quam</strong></span> <span class='ocrx_word' id='word_1_502' title='bbox 1900 3878 2033 3915; x_wconf 89' lang='lat' dir='ltr'><strong>cun-</strong></span> 
     </span>
    </p>
   </div>
   <div class='ocr_carea' id='block_1_67' title="bbox 465 3950 2038 4021">
    <p class='ocr_par' dir='ltr' id='par_1_67' title="bbox 465 3950 2038 4021">
     <span class='ocr_line' id='line_1_67' title="bbox 465 3950 2038 4021; baseline -0.003 -11"><span class='ocrx_word' id='word_1_503' title='bbox 465 3966 554 4010; x_wconf 89' lang='lat' dir='ltr'><strong>cta</strong></span> <span class='ocrx_word' id='word_1_504' title='bbox 585 3955 784 4021; x_wconf 88' lang='lat' dir='ltr'><strong>recepit</strong></span> <span class='ocrx_word' id='word_1_505' title='bbox 816 3952 1071 4015; x_wconf 87' lang='lat' dir='ltr'><strong>Ecclesia,</strong></span> <span class='ocrx_word' id='word_1_506' title='bbox 1100 3965 1257 4020; x_wconf 88' lang='lat' dir='ltr'><strong>quam</strong></span> <span class='ocrx_word' id='word_1_507' title='bbox 1299 3950 1527 4005; x_wconf 87' lang='lat' dir='ltr'><strong>maxime</strong></span> <span class='ocrx_word' id='word_1_508' title='bbox 1566 3952 1720 4004; x_wconf 87' lang='lat' dir='ltr'><strong>sedes</strong></span> <span class='ocrx_word' id='word_1_509' title='bbox 1747 3954 2038 4019; x_wconf 53' lang='lat' dir='ltr'><strong>apostolica</strong></span> 
     </span>
    </p>
   </div>
   <div class='ocr_carea' id='block_1_68' title="bbox 465 4039 2038 4113">
    <p class='ocr_par' dir='ltr' id='par_1_68' title="bbox 465 4039 2038 4113">
     <span class='ocr_line' id='line_1_68' title="bbox 465 4039 2038 4113; baseline -0.007 -13"><span class='ocrx_word' id='word_1_510' title='bbox 465 4042 854 4113; x_wconf 85' lang='lat' dir='ltr'><strong>comprobavit,</strong></span> <span class='ocrx_word' id='word_1_511' title='bbox 880 4050 934 4095; x_wconf 91' lang='lat' dir='ltr'><strong>et</strong></span> <span class='ocrx_word' id='word_1_512' title='bbox 965 4041 1207 4095; x_wconf 89' lang='lat' dir='ltr'><strong>debuerit</strong></span> <span class='ocrx_word' id='word_1_513' title='bbox 1233 4049 1286 4094; x_wconf 92' lang='lat' dir='ltr'><strong>et</strong></span> <span class='ocrx_word' id='word_1_514' title='bbox 1315 4039 1545 4107; x_wconf 89' lang='lat' dir='ltr'><strong>potuerit</strong></span> <span class='ocrx_word' id='word_1_515' title='bbox 1570 4039 1872 4104; x_wconf 89' lang='lat' dir='ltr'><strong>immutari;</strong></span> <span class='ocrx_word' id='word_1_516' title='bbox 1906 4042 2038 4097; x_wconf 83' lang='lat' dir='ltr'><strong>bene</strong></span> 
     </span>
    </p>
   </div>
   <div class='ocr_carea' id='block_1_69' title="bbox 466 4119 2034 4202">
    <p class='ocr_par' dir='ltr' id='par_1_69' title="bbox 466 4119 2034 4202">
     <span class='ocr_line' id='line_1_69' title="bbox 466 4119 2034 4202; baseline -0.003 -14"><span class='ocrx_word' id='word_1_517' title='bbox 466 4146 596 4201; x_wconf 73' lang='lat' dir='ltr'><strong>vero</strong></span> <span class='ocrx_word' id='word_1_518' title='bbox 637 4140 838 4202; x_wconf 84' lang='lat' dir='ltr'><strong>gestam</strong></span> <span class='ocrx_word' id='word_1_519' title='bbox 887 4130 1147 4202; x_wconf 88' lang='lat' dir='ltr'><strong>synodum</strong></span> <span class='ocrx_word' id='word_1_520' title='bbox 1189 4129 1338 4197; x_wconf 76' lang='lat' dir='ltr'><strong>juxta</strong></span> <span class='ocrx_word' id='word_1_521' title='bbox 1389 4128 1751 4196; x_wconf 87' lang='lat' dir='ltr'><strong>sopradictum</strong></span> <span class='ocrx_word' id='word_1_522' title='bbox 1800 4119 2034 4196; x_wconf 63' lang='lat' dir='ltr'><strong>modum,</strong></span> 
     </span>
    </p>
   </div>
   <div class='ocr_carea' id='block_1_70' title="bbox 466 4218 2036 4293">
    <p class='ocr_par' dir='ltr' id='par_1_70' title="bbox 466 4218 2036 4293">
     <span class='ocr_line' id='line_1_70' title="bbox 466 4218 2036 4293; baseline -0.003 -13"><span class='ocrx_word' id='word_1_523' title='bbox 466 4240 600 4280; x_wconf 88' lang='lat' dir='ltr'><strong>nova</strong></span> <span class='ocrx_word' id='word_1_524' title='bbox 646 4224 854 4293; x_wconf 88' lang='lat' dir='ltr'><strong>synodo</strong></span> <span class='ocrx_word' id='word_1_525' title='bbox 903 4222 1205 4276; x_wconf 89' lang='lat' dir='ltr'><strong>nullatenus</strong></span> <span class='ocrx_word' id='word_1_526' title='bbox 1252 4218 1657 4273; x_wconf 73' lang='lat' dir='ltr'><strong>immutandum.</strong></span> <span class='ocrx_word' id='word_1_527' title='bbox 1721 4220 1948 4275; x_wconf 82' lang='lat' dir='ltr'><strong>Proinde</strong></span> <span class='ocrx_word' id='word_1_528' title='bbox 1992 4224 2036 4276; x_wconf 84' lang='lat' dir='ltr'><strong>si</strong></span> 
     </span>
    </p>
   </div>
   <div class='ocr_carea' id='block_1_71' title="bbox 466 4308 2035 4385">
    <p class='ocr_par' dir='ltr' id='par_1_71' title="bbox 466 4308 2035 4385">
     <span class='ocr_line' id='line_1_71' title="bbox 466 4308 2035 4385; baseline -0.003 -15"><span class='ocrx_word' id='word_1_529' title='bbox 466 4315 744 4385; x_wconf 81' lang='lat' dir='ltr'><strong>Eutychen</strong></span> <span class='ocrx_word' id='word_1_530' title='bbox 794 4311 1031 4366; x_wconf 79' lang='lat' dir='ltr'><strong>fatentur</strong></span> <span class='ocrx_word' id='word_1_531' title='bbox 1079 4312 1383 4363; x_wconf 72' lang='lat' dir='ltr'><strong>hmreticunt</strong></span> <span class='ocrx_word' id='word_1_532' title='bbox 1410 4352 1425 4376; x_wconf 86' lang='lat'><strong>,</strong></span> <span class='ocrx_word' id='word_1_533' title='bbox 1474 4308 1609 4362; x_wconf 88' lang='lat' dir='ltr'><strong>male</strong></span> <span class='ocrx_word' id='word_1_534' title='bbox 1655 4321 1855 4380; x_wconf 78' lang='lat' dir='ltr'><strong>gestam</strong></span> <span class='ocrx_word' id='word_1_535' title='bbox 1898 4311 2035 4380; x_wconf 88' lang='lat' dir='ltr'><strong>apud</strong></span> 
     </span>
    </p>
   </div>
   <div class='ocr_carea' id='block_1_72' title="bbox 2138 3231 3717 3303">
    <p class='ocr_par' dir='ltr' id='par_1_72' title="bbox 2138 3231 3717 3303">
     <span class='ocr_line' id='line_1_72' title="bbox 2138 3231 3717 3303; baseline 0.002 -16"><span class='ocrx_word' id='word_1_536' title='bbox 2138 3240 2335 3296; x_wconf 90' lang='lat' dir='ltr'><strong>tentur,</strong></span> <span class='ocrx_word' id='word_1_537' title='bbox 2363 3240 2420 3287; x_wconf 92' lang='lat' dir='ltr'><strong>et</strong></span> <span class='ocrx_word' id='word_1_538' title='bbox 2448 3232 2498 3286; x_wconf 91' lang='lat' dir='ltr'><strong>in</strong></span> <span class='ocrx_word' id='word_1_539' title='bbox 2531 3231 2670 3301; x_wconf 91' lang='lat' dir='ltr'><strong>quod</strong></span> <span class='ocrx_word' id='word_1_540' title='bbox 2716 3233 3065 3301; x_wconf 65' lang='lat' dir='ltr'><strong>praecipitium</strong></span> <span class='ocrx_word' id='word_1_541' title='bbox 3111 3235 3529 3303; x_wconf 86' lang='lat' dir='ltr'><strong>barathrumque</strong></span> <span class='ocrx_word' id='word_1_542' title='bbox 3576 3250 3717 3290; x_wconf 82' lang='lat' dir='ltr'><strong>mer-</strong></span> 
     </span>
    </p>
   </div>
   <div class='ocr_carea' id='block_1_73' title="bbox 2134 3323 3717 3394">
    <p class='ocr_par' dir='ltr' id='par_1_73' title="bbox 2134 3323 3717 3394">
     <span class='ocr_line' id='line_1_73' title="bbox 2134 3323 3717 3394; baseline 0.001 -19"><span class='ocrx_word' id='word_1_543' title='bbox 2134 3334 2351 3391; x_wconf 83' lang='lat' dir='ltr'><strong>gantur,</strong></span> <span class='ocrx_word' id='word_1_544' title='bbox 2384 3323 2701 3392; x_wconf 79' lang='lat' dir='ltr'><strong>intelligant.</strong></span> <span class='ocrx_word' id='word_1_545' title='bbox 2726 3323 2894 3378; x_wconf 89' lang='lat' dir='ltr'><strong>Simul</strong></span> <span class='ocrx_word' id='word_1_546' title='bbox 2924 3332 3099 3377; x_wconf 90' lang='lat' dir='ltr'><strong>autem</strong></span> <span class='ocrx_word' id='word_1_547' title='bbox 3129 3326 3174 3378; x_wconf 89' lang='lat' dir='ltr'><strong>si</strong></span> <span class='ocrx_word' id='word_1_548' title='bbox 3205 3324 3482 3394; x_wconf 81' lang='lat' dir='ltr'><strong>Eutychen</strong></span> <span class='ocrx_word' id='word_1_549' title='bbox 3506 3324 3717 3379; x_wconf 66' lang='lat' dir='ltr'><strong>haereti-</strong></span> 
     </span>
    </p>
   </div>
   <div class='ocr_carea' id='block_1_74' title="bbox 2135 3414 3717 3483">
    <p class='ocr_par' dir='ltr' id='par_1_74' title="bbox 2135 3414 3717 3483">
     <span class='ocr_line' id='line_1_74' title="bbox 2135 3414 3717 3483; baseline 0.001 -15"><span class='ocrx_word' id='word_1_550' title='bbox 2135 3428 2255 3468; x_wconf 90' lang='lat' dir='ltr'><strong>cum</strong></span> <span class='ocrx_word' id='word_1_551' title='bbox 2304 3423 2522 3483; x_wconf 85' lang='lat' dir='ltr'><strong>negant,</strong></span> <span class='ocrx_word' id='word_1_552' title='bbox 2566 3414 2891 3467; x_wconf 88' lang='lat' dir='ltr'><strong>omnimodis</strong></span> <span class='ocrx_word' id='word_1_553' title='bbox 2934 3414 3249 3482; x_wconf 86' lang='lat' dir='ltr'><strong>publicatur,</strong></span> <span class='ocrx_word' id='word_1_554' title='bbox 3290 3414 3433 3483; x_wconf 90' lang='lat' dir='ltr'><strong>quod</strong></span> <span class='ocrx_word' id='word_1_555' title='bbox 3485 3415 3603 3470; x_wconf 84' lang='lat' dir='ltr'><strong>Ideo</strong></span> <span class='ocrx_word' id='word_1_556' title='bbox 3648 3414 3717 3469; x_wconf 91' lang='lat' dir='ltr'><strong>de</strong></span> 
     </span>
    </p>
   </div>
   <div class='ocr_carea' id='block_1_75' title="bbox 2137 3502 3718 3573">
    <p class='ocr_par' dir='ltr' id='par_1_75' title="bbox 2137 3502 3718 3573">
     <span class='ocr_line' id='line_1_75' title="bbox 2137 3502 3718 3573; baseline 0.002 -17"><span class='ocrx_word' id='word_1_557' title='bbox 2137 3502 2382 3557; x_wconf 84' lang='lat' dir='ltr'><strong>omnibus</strong></span> <span class='ocrx_word' id='word_1_558' title='bbox 2432 3504 2775 3572; x_wconf 73' lang='lat' dir='ltr'><strong>Eutychianm</strong></span> <span class='ocrx_word' id='word_1_559' title='bbox 2825 3505 2956 3571; x_wconf 81' lang='lat' dir='ltr'><strong>pesti</strong></span> <span class='ocrx_word' id='word_1_560' title='bbox 3006 3505 3544 3569; x_wconf 84' lang='lat' dir='ltr'><strong>communicaulibtts,</strong></span> <span class='ocrx_word' id='word_1_561' title='bbox 3589 3518 3718 3573; x_wconf 83' lang='lat' dir='ltr'><strong>sup-</strong></span> 
     </span>
    </p>
   </div>
   <div class='ocr_carea' id='block_1_76' title="bbox 2138 3596 3717 3666">
    <p class='ocr_par' dir='ltr' id='par_1_76' title="bbox 2138 3596 3717 3666">
     <span class='ocr_line' id='line_1_76' title="bbox 2138 3596 3717 3666; baseline 0.001 -17"><span class='ocrx_word' id='word_1_562' title='bbox 2138 3610 2327 3666; x_wconf 89' lang='lat' dir='ltr'><strong>presso</strong></span> <span class='ocrx_word' id='word_1_563' title='bbox 2356 3596 2515 3649; x_wconf 89' lang='lat' dir='ltr'><strong>veluti</strong></span> <span class='ocrx_word' id='word_1_564' title='bbox 2541 3596 2642 3649; x_wconf 90' lang='lat' dir='ltr'><strong>hoc</strong></span> <span class='ocrx_word' id='word_1_565' title='bbox 2671 3598 2787 3664; x_wconf 86' lang='lat' dir='ltr'><strong>ipso</strong></span> <span class='ocrx_word' id='word_1_566' title='bbox 2817 3610 3017 3661; x_wconf 87' lang='lat' dir='ltr'><strong>errore,</strong></span> <span class='ocrx_word' id='word_1_567' title='bbox 3041 3596 3392 3660; x_wconf 90' lang='lat' dir='ltr'><strong>contendunt,</strong></span> <span class='ocrx_word' id='word_1_568' title='bbox 3423 3606 3482 3651; x_wconf 93' lang='lat' dir='ltr'><strong>ut</strong></span> <span class='ocrx_word' id='word_1_569' title='bbox 3504 3610 3603 3651; x_wconf 88' lang='lat' dir='ltr'><strong>nos</strong></span> <span class='ocrx_word' id='word_1_570' title='bbox 3624 3611 3717 3664; x_wconf 88' lang='lat' dir='ltr'><strong>per</strong></span> 
     </span>
    </p>
   </div>
   <div class='ocr_carea' id='block_1_77' title="bbox 2141 3687 3716 3757">
    <p class='ocr_par' dir='ltr' id='par_1_77' title="bbox 2141 3687 3716 3757">
     <span class='ocr_line' id='line_1_77' title="bbox 2141 3687 3716 3757; baseline 0 -15"><span class='ocrx_word' id='word_1_571' title='bbox 2141 3688 2327 3743; x_wconf 88' lang='lat' dir='ltr'><strong>talium</strong></span> <span class='ocrx_word' id='word_1_572' title='bbox 2362 3688 2660 3753; x_wconf 83' lang='lat' dir='ltr'><strong>bominum,</strong></span> <span class='ocrx_word' id='word_1_573' title='bbox 2707 3688 2845 3756; x_wconf 89' lang='lat' dir='ltr'><strong>quod</strong></span> <span class='ocrx_word' id='word_1_574' title='bbox 2889 3687 3049 3751; x_wconf 87' lang='lat' dir='ltr'><strong>absit,</strong></span> <span class='ocrx_word' id='word_1_575' title='bbox 3084 3687 3303 3742; x_wconf 89' lang='lat' dir='ltr'><strong>insidias</strong></span> <span class='ocrx_word' id='word_1_576' title='bbox 3344 3689 3716 3757; x_wconf 90' lang='lat' dir='ltr'><strong>captiosasque</strong></span> 
     </span>
    </p>
   </div>
   <div class='ocr_carea' id='block_1_78' title="bbox 2140 3778 3714 3847">
    <p class='ocr_par' dir='ltr' id='par_1_78' title="bbox 2140 3778 3714 3847">
     <span class='ocr_line' id='line_1_78' title="bbox 2140 3778 3714 3847; baseline -0.001 -12"><span class='ocrx_word' id='word_1_577' title='bbox 2140 3778 2434 3835; x_wconf 69' lang='lat' dir='ltr'><strong>tend.culas</strong></span> <span class='ocrx_word' id='word_1_578' title='bbox 2457 3778 2509 3831; x_wconf 92' lang='lat' dir='ltr'><strong>in</strong></span> <span class='ocrx_word' id='word_1_579' title='bbox 2540 3779 2850 3847; x_wconf 86' lang='lat' dir='ltr'><strong>Eutychetis</strong></span> <span class='ocrx_word' id='word_1_580' title='bbox 2873 3780 3131 3833; x_wconf 86' lang='lat' dir='ltr'><strong>insaniam</strong></span> <span class='ocrx_word' id='word_1_581' title='bbox 3160 3780 3395 3834; x_wconf 89' lang='lat' dir='ltr'><strong>nitantur</strong></span> <span class='ocrx_word' id='word_1_582' title='bbox 3422 3780 3674 3835; x_wconf 87' lang='lat' dir='ltr'><strong>inducere</strong></span> <span class='ocrx_word' id='word_1_583' title='bbox 3698 3796 3714 3834; x_wconf 87' lang='lat'>:</span> 
     </span>
    </p>
   </div>
   <div class='ocr_carea' id='block_1_79' title="bbox 2137 3870 3716 3941">
    <p class='ocr_par' dir='ltr' id='par_1_79' title="bbox 2137 3870 3716 3941">
     <span class='ocr_line' id='line_1_79' title="bbox 2137 3870 3716 3941; baseline 0.004 -21"><span class='ocrx_word' id='word_1_584' title='bbox 2137 3870 2279 3939; x_wconf 88' lang='lat' dir='ltr'><strong>quod</strong></span> <span class='ocrx_word' id='word_1_585' title='bbox 2309 3870 2522 3938; x_wconf 85' lang='lat' dir='ltr'><strong>quidem</strong></span> <span class='ocrx_word' id='word_1_586' title='bbox 2553 3870 2759 3925; x_wconf 87' lang='lat' dir='ltr'><strong>etiamsi</strong></span> <span class='ocrx_word' id='word_1_587' title='bbox 2793 3886 2900 3925; x_wconf 90' lang='lat' dir='ltr'><strong>non</strong></span> <span class='ocrx_word' id='word_1_588' title='bbox 2932 3881 3143 3941; x_wconf 83' lang='lat' dir='ltr'><strong>negent,</strong></span> <span class='ocrx_word' id='word_1_589' title='bbox 3184 3872 3297 3926; x_wconf 90' lang='lat' dir='ltr'><strong>sive</strong></span> <span class='ocrx_word' id='word_1_590' title='bbox 3321 3872 3576 3937; x_wconf 85' lang='lat' dir='ltr'><strong>scientes,</strong></span> <span class='ocrx_word' id='word_1_591' title='bbox 3604 3872 3716 3927; x_wconf 88' lang='lat' dir='ltr'><strong>sive</strong></span> 
     </span>
    </p>
   </div>
   <div class='ocr_carea' id='block_1_80' title="bbox 2140 3960 3714 4034">
    <p class='ocr_par' dir='ltr' id='par_1_80' title="bbox 2140 3960 3714 4034">
     <span class='ocr_line' id='line_1_80' title="bbox 2140 3960 3714 4034; baseline 0.004 -21"><span class='ocrx_word' id='word_1_592' title='bbox 2140 3961 2463 4023; x_wconf 88' lang='lat' dir='ltr'><strong>nescientes,</strong></span> <span class='ocrx_word' id='word_1_593' title='bbox 2486 3960 2658 4014; x_wconf 87' lang='lat' dir='ltr'><strong>facere</strong></span> <span class='ocrx_word' id='word_1_594' title='bbox 2687 3962 3046 4015; x_wconf 88' lang='lat' dir='ltr'><strong>confutantur.</strong></span> <span class='ocrx_word' id='word_1_595' title='bbox 3080 3962 3175 4016; x_wconf 91' lang='lat' dir='ltr'><strong>Sin</strong></span> <span class='ocrx_word' id='word_1_596' title='bbox 3205 3976 3332 4017; x_wconf 87' lang='lat' dir='ltr'><strong>vero</strong></span> <span class='ocrx_word' id='word_1_597' title='bbox 3357 3972 3409 4018; x_wconf 90' lang='lat' dir='ltr'><strong>et</strong></span> <span class='ocrx_word' id='word_1_598' title='bbox 3442 3963 3714 4034; x_wconf 85' lang='lat' dir='ltr'><strong>Eutychen</strong></span> 
     </span>
    </p>
   </div>
   <div class='ocr_carea' id='block_1_81' title="bbox 2142 4046 3716 4116">
    <p class='ocr_par' dir='ltr' id='par_1_81' title="bbox 2142 4046 3716 4116">
     <span class='ocr_line' id='line_1_81' title="bbox 2142 4046 3716 4116; baseline 0.005 -16"><span class='ocrx_word' id='word_1_599' title='bbox 2142 4046 2449 4101; x_wconf 83' lang='lat' dir='ltr'><strong>haereticum</strong></span> <span class='ocrx_word' id='word_1_600' title='bbox 2481 4062 2676 4116; x_wconf 88' lang='lat' dir='ltr'><strong>negare</strong></span> <span class='ocrx_word' id='word_1_601' title='bbox 2709 4064 2814 4102; x_wconf 89' lang='lat' dir='ltr'><strong>non</strong></span> <span class='ocrx_word' id='word_1_602' title='bbox 2840 4052 3055 4115; x_wconf 87' lang='lat' dir='ltr'><strong>audent,</strong></span> <span class='ocrx_word' id='word_1_603' title='bbox 3100 4060 3265 4106; x_wconf 87' lang='lat' dir='ltr'><strong>restat</strong></span> <span class='ocrx_word' id='word_1_604' title='bbox 3308 4063 3367 4107; x_wconf 90' lang='lat' dir='ltr'><strong>ut</strong></span> <span class='ocrx_word' id='word_1_605' title='bbox 3392 4060 3579 4108; x_wconf 85' lang='lat' dir='ltr'><strong>contra</strong></span> <span class='ocrx_word' id='word_1_606' title='bbox 3624 4069 3716 4108; x_wconf 90' lang='lat' dir='ltr'><strong>ca-</strong></span> 
     </span>
    </p>
   </div>
   <div class='ocr_carea' id='block_1_82' title="bbox 2141 4138 3716 4212">
    <p class='ocr_par' dir='ltr' id='par_1_82' title="bbox 2141 4138 3716 4212">
     <span class='ocr_line' id='line_1_82' title="bbox 2141 4138 3716 4212; baseline 0.006 -22"><span class='ocrx_word' id='word_1_607' title='bbox 2141 4138 2390 4190; x_wconf 86' lang='lat' dir='ltr'><strong>tholicam</strong></span> <span class='ocrx_word' id='word_1_608' title='bbox 2443 4138 2622 4201; x_wconf 79' lang='lat' dir='ltr'><strong>fidem,</strong></span> <span class='ocrx_word' id='word_1_609' title='bbox 2673 4154 2778 4193; x_wconf 91' lang='lat' dir='ltr'><strong>non</strong></span> <span class='ocrx_word' id='word_1_610' title='bbox 2813 4141 3079 4210; x_wconf 84' lang='lat' dir='ltr'><strong>synodum</strong></span> <span class='ocrx_word' id='word_1_611' title='bbox 3131 4145 3573 4212; x_wconf 71' lang='lat' dir='ltr'><strong>nuncupandam,</strong></span> <span class='ocrx_word' id='word_1_612' title='bbox 3623 4147 3716 4201; x_wconf 84' lang='lat' dir='ltr'><strong>sed</strong></span> 
     </span>
    </p>
   </div>
   <div class='ocr_carea' id='block_1_83' title="bbox 2138 4230 3715 4298">
    <p class='ocr_par' dir='ltr' id='par_1_83' title="bbox 2138 4230 3715 4298">
     <span class='ocr_line' id='line_1_83' title="bbox 2138 4230 3715 4298; baseline 0.006 -16"><span class='ocrx_word' id='word_1_613' title='bbox 2138 4230 2586 4294; x_wconf 74' lang='lat' dir='ltr'><strong>conspirationem</strong></span> <span class='ocrx_word' id='word_1_614' title='bbox 2614 4230 2788 4298; x_wconf 79' lang='lat' dir='ltr'><strong>potius</strong></span> <span class='ocrx_word' id='word_1_615' title='bbox 2822 4233 3148 4298; x_wconf 64' lang='lat' dir='ltr'><strong>ierditorum</strong></span> <span class='ocrx_word' id='word_1_616' title='bbox 3182 4234 3347 4289; x_wconf 87' lang='lat' dir='ltr'><strong>fuisse</strong></span> <span class='ocrx_word' id='word_1_617' title='bbox 3373 4239 3715 4291; x_wconf 88' lang='lat' dir='ltr'><strong>consentiant</strong></span> 
     </span>
    </p>
   </div>
   <div class='ocr_carea' id='block_1_84' title="bbox 2139 4319 3715 4393">
    <p class='ocr_par' dir='ltr' id='par_1_84' title="bbox 2139 4319 3715 4393">
     <span class='ocr_line' id='line_1_84' title="bbox 2139 4319 3715 4393; baseline 0.006 -23"><span class='ocrx_word' id='word_1_618' title='bbox 2139 4334 2259 4385; x_wconf 66' lang='lat' dir='ltr'><strong>qua:</strong></span> <span class='ocrx_word' id='word_1_619' title='bbox 2306 4319 2444 4387; x_wconf 82' lang='lat' dir='ltr'><strong>apud</strong></span> <span class='ocrx_word' id='word_1_620' title='bbox 2492 4321 2756 4387; x_wconf 76' lang='lat' dir='ltr'><strong>Ephesum</strong></span> <span class='ocrx_word' id='word_1_621' title='bbox 2807 4324 3099 4391; x_wconf 81' lang='lat' dir='ltr'><strong>Eutycltcte</strong></span> <span class='ocrx_word' id='word_1_622' title='bbox 3139 4325 3362 4379; x_wconf 90' lang='lat' dir='ltr'><strong>reducto</strong></span> <span class='ocrx_word' id='word_1_623' title='bbox 3404 4328 3630 4393; x_wconf 90' lang='lat' dir='ltr'><strong>perculit</strong></span> <span class='ocrx_word' id='word_1_624' title='bbox 3658 4330 3715 4381; x_wconf 69' lang='grc' dir='ltr'><strong>ὃ.</strong></span> 
     </span>
    </p>
   </div>
   <div class='ocr_carea' id='block_1_85' title="bbox 466 4402 3715 4485">
    <p class='ocr_par' dir='ltr' id='par_1_85' title="bbox 466 4402 3715 4485">
     <span class='ocr_line' id='line_1_85' title="bbox 466 4402 3715 4485; baseline 0.002 -21"><span class='ocrx_word' id='word_1_625' title='bbox 466 4409 735 4478; x_wconf 62' lang='lat' dir='ltr'><strong>Ephesum</strong></span> <span class='ocrx_word' id='word_1_626' title='bbox 766 4405 1060 4476; x_wconf 84' lang='lat' dir='ltr'><strong>synodum,</strong></span> <span class='ocrx_word' id='word_1_627' title='bbox 1089 4418 1191 4471; x_wconf 86' lang='lat' dir='ltr'><strong>qua</strong></span> <span class='ocrx_word' id='word_1_628' title='bbox 1222 4413 1303 4457; x_wconf 86' lang='lat' dir='ltr'><strong>est</strong></span> <span class='ocrx_word' id='word_1_629' title='bbox 1347 4411 1620 4470; x_wconf 78' lang='lat' dir='ltr'><strong>recepluS.</strong></span> <span class='ocrx_word' id='word_1_630' title='bbox 1668 4402 1862 4471; x_wconf 89' lang='lat' dir='ltr'><strong>pariter</strong></span> <span class='ocrx_word' id='word_1_631' title='bbox 1906 4403 2038 4460; x_wconf 82' lang='lat' dir='ltr'><strong>fate-</strong></span> <span class='ocrx_word' id='word_1_632' title='bbox 2139 4412 2414 4465; x_wconf 79' lang='lat' dir='ltr'><strong>memoriae</strong></span> <span class='ocrx_word' id='word_1_633' title='bbox 2458 4409 2793 4479; x_wconf 86' lang='lat' dir='ltr'><strong>Flavianum,</strong></span> <span class='ocrx_word' id='word_1_634' title='bbox 2838 4424 3167 4483; x_wconf 89' lang='lat' dir='ltr'><strong>cunctosque</strong></span> <span class='ocrx_word' id='word_1_635' title='bbox 3210 4416 3300 4485; x_wconf 91' lang='lat' dir='ltr'><strong>qui</strong></span> <span class='ocrx_word' id='word_1_636' title='bbox 3346 4416 3454 4472; x_wconf 90' lang='lat' dir='ltr'><strong>illic</strong></span> <span class='ocrx_word' id='word_1_637' title='bbox 3495 4418 3715 4475; x_wconf 86' lang='lat' dir='ltr'><strong>aderant</strong></span> 
     </span>
    </p>
   </div>
   <div class='ocr_carea' id='block_1_86' title="bbox 465 4487 3714 4573">
    <p class='ocr_par' dir='ltr' id='par_1_86' title="bbox 465 4487 3714 4573">
     <span class='ocr_line' id='line_1_86' title="bbox 465 4487 3714 4573; baseline 0.003 -20"><span class='ocrx_word' id='word_1_638' title='bbox 465 4500 686 4561; x_wconf 90' lang='lat' dir='ltr'><strong>buntur,</strong></span> <span class='ocrx_word' id='word_1_639' title='bbox 719 4505 772 4549; x_wconf 89' lang='lat' dir='ltr'><strong>et</strong></span> <span class='ocrx_word' id='word_1_640' title='bbox 800 4510 893 4563; x_wconf 91' lang='lat' dir='ltr'><strong>per</strong></span> <span class='ocrx_word' id='word_1_641' title='bbox 922 4493 1058 4547; x_wconf 89' lang='lat' dir='ltr'><strong>bene</strong></span> <span class='ocrx_word' id='word_1_642' title='bbox 1086 4502 1287 4560; x_wconf 83' lang='lat' dir='ltr'><strong>gestam</strong></span> <span class='ocrx_word' id='word_1_643' title='bbox 1337 4493 1600 4560; x_wconf 86' lang='lat' dir='ltr'><strong>synodum</strong></span> <span class='ocrx_word' id='word_1_644' title='bbox 1640 4491 2032 4549; x_wconf 80' lang='lat' dir='ltr'><strong>Cltalcedonen-</strong></span> <span class='ocrx_word' id='word_1_645' title='bbox 2066 4487 2119 4547; x_wconf 76' lang='grc' dir='ltr'><strong>Ῐ)</strong></span> <span class='ocrx_word' id='word_1_646' title='bbox 2142 4501 2452 4556; x_wconf 80' lang='lat' dir='ltr'><strong>sacerdOtes</strong></span> <span class='ocrx_word' id='word_1_647' title='bbox 2494 4501 2710 4557; x_wconf 88' lang='lat' dir='ltr'><strong>militari</strong></span> <span class='ocrx_word' id='word_1_648' title='bbox 2739 4513 2944 4559; x_wconf 89' lang='lat' dir='ltr'><strong>terrore</strong></span> <span class='ocrx_word' id='word_1_649' title='bbox 2969 4505 3289 4573; x_wconf 87' lang='lat' dir='ltr'><strong>compulerit</strong></span> <span class='ocrx_word' id='word_1_650' title='bbox 3340 4516 3488 4561; x_wconf 90' lang='lat' dir='ltr'><strong>tanto</strong></span> <span class='ocrx_word' id='word_1_651' title='bbox 3525 4488 3714 4563; x_wconf 78' lang='lat' dir='ltr'><strong>sceleri</strong></span> 
     </span>
    </p>
   </div>
   <div class='ocr_carea' id='block_1_87' title="bbox 466 4584 2035 4656">
    <p class='ocr_par' dir='ltr' id='par_1_87' title="bbox 466 4584 2035 4656">
     <span class='ocr_line' id='line_1_87' title="bbox 466 4584 2035 4656; baseline -0.001 -13"><span class='ocrx_word' id='word_1_652' title='bbox 466 4604 600 4652; x_wconf 86' lang='lat' dir='ltr'><strong>sem,</strong></span> <span class='ocrx_word' id='word_1_653' title='bbox 630 4589 770 4656; x_wconf 90' lang='lat' dir='ltr'><strong>quod</strong></span> <span class='ocrx_word' id='word_1_654' title='bbox 800 4584 1071 4653; x_wconf 75' lang='lat' dir='ltr'><strong>Eutyt‘ltcs</strong></span> <span class='ocrx_word' id='word_1_655' title='bbox 1103 4584 1184 4636; x_wconf 88' lang='lat' dir='ltr'><strong>vel</strong></span> <span class='ocrx_word' id='word_1_656' title='bbox 1212 4597 1331 4636; x_wconf 87' lang='lat' dir='ltr'><strong>cum</strong></span> <span class='ocrx_word' id='word_1_657' title='bbox 1357 4598 1422 4636; x_wconf 91' lang='lat' dir='ltr'><strong>eo</strong></span> <span class='ocrx_word' id='word_1_658' title='bbox 1450 4585 1741 4637; x_wconf 86' lang='lat' dir='ltr'><strong>sentientes</strong></span> <span class='ocrx_word' id='word_1_659' title='bbox 1771 4585 1890 4639; x_wconf 87' lang='lat' dir='ltr'><strong>talia</strong></span> <span class='ocrx_word' id='word_1_660' title='bbox 1913 4597 2035 4641; x_wconf 89' lang='lat' dir='ltr'><strong>sunt</strong></span> 
     </span>
    </p>
   </div>
   <div class='ocr_carea' id='block_1_88' title="bbox 465 4675 2037 4748">
    <p class='ocr_par' dir='ltr' id='par_1_88' title="bbox 465 4675 2037 4748">
     <span class='ocr_line' id='line_1_88' title="bbox 465 4675 2037 4748; baseline -0.001 -14"><span class='ocrx_word' id='word_1_661' title='bbox 465 4679 675 4748; x_wconf 82' lang='lat' dir='ltr'><strong>rejecti,</strong></span> <span class='ocrx_word' id='word_1_662' title='bbox 702 4678 862 4731; x_wconf 85' lang='lat' dir='ltr'><strong>vclint</strong></span> <span class='ocrx_word' id='word_1_663' title='bbox 889 4675 1184 4741; x_wconf 88' lang='lat' dir='ltr'><strong>nolintque,</strong></span> <span class='ocrx_word' id='word_1_664' title='bbox 1205 4676 1560 4738; x_wconf 86' lang='lat' dir='ltr'><strong>consentient,</strong></span> <span class='ocrx_word' id='word_1_665' title='bbox 1581 4684 1738 4744; x_wconf 83' lang='lat' dir='ltr'><strong>atque</strong></span> <span class='ocrx_word' id='word_1_666' title='bbox 1763 4676 1881 4731; x_wconf 88' lang='lat' dir='ltr'><strong>ideo</strong></span> <span class='ocrx_word' id='word_1_667' title='bbox 1901 4679 2037 4733; x_wconf 87' lang='lat' dir='ltr'><strong>bene</strong></span> 
     </span>
    </p>
   </div>
   <div class='ocr_carea' id='block_1_89' title="bbox 466 4766 2037 4840">
    <p class='ocr_par' dir='ltr' id='par_1_89' title="bbox 466 4766 2037 4840">
     <span class='ocr_line' id='line_1_89' title="bbox 466 4766 2037 4840; baseline 0 -16"><span class='ocrx_word' id='word_1_668' title='bbox 466 4780 667 4840; x_wconf 86' lang='lat' dir='ltr'><strong>gestam</strong></span> <span class='ocrx_word' id='word_1_669' title='bbox 691 4768 949 4837; x_wconf 85' lang='lat' dir='ltr'><strong>synodum</strong></span> <span class='ocrx_word' id='word_1_670' title='bbox 984 4770 1136 4821; x_wconf 82' lang='lat' dir='ltr'><strong>novis</strong></span> <span class='ocrx_word' id='word_1_671' title='bbox 1174 4766 1619 4834; x_wconf 79' lang='lat' dir='ltr'><strong>exagitationibus</strong></span> <span class='ocrx_word' id='word_1_672' title='bbox 1666 4769 1903 4823; x_wconf 85' lang='lat' dir='ltr'><strong>refricari</strong></span> <span class='ocrx_word' id='word_1_673' title='bbox 1933 4786 2037 4824; x_wconf 84' lang='lat' dir='ltr'><strong>non</strong></span> 
     </span>
    </p>
   </div>
   <div class='ocr_carea' id='block_1_90' title="bbox 467 4855 2041 4927">
    <p class='ocr_par' dir='ltr' id='par_1_90' title="bbox 467 4855 2041 4927">
     <span class='ocr_line' id='line_1_90' title="bbox 467 4855 2041 4927; baseline -0.001 -12"><span class='ocrx_word' id='word_1_674' title='bbox 467 4864 681 4916; x_wconf 89' lang='lat' dir='ltr'><strong>licuisse</strong></span> <span class='ocrx_word' id='word_1_675' title='bbox 712 4868 1051 4927; x_wconf 58' lang='lat' dir='ltr'><strong>cognoscsnt.</strong></span> <span class='ocrx_word' id='word_1_676' title='bbox 1080 4856 1179 4924; x_wconf 78' lang='lat' dir='ltr'><strong>Qui</strong></span> <span class='ocrx_word' id='word_1_677' title='bbox 1216 4858 1257 4908; x_wconf 90' lang='lat' dir='ltr'><strong>si</strong></span> <span class='ocrx_word' id='word_1_678' title='bbox 1294 4855 1513 4909; x_wconf 73' lang='lat' dir='ltr'><strong>forsitan</strong></span> <span class='ocrx_word' id='word_1_679' title='bbox 1556 4858 1811 4920; x_wconf 85' lang='lat' dir='ltr'><strong>dixerint,</strong></span> <span class='ocrx_word' id='word_1_680' title='bbox 1868 4874 1933 4913; x_wconf 85' lang='lat' dir='ltr'><strong>eo</strong></span> <span class='ocrx_word' id='word_1_681' title='bbox 1963 4869 2041 4914; x_wconf 86' lang='lat' dir='ltr'><strong>te-</strong></span> 
     </span>
    </p>
   </div>
   <div class='ocr_carea' id='block_1_91' title="bbox 467 4945 2042 5017">
    <p class='ocr_par' dir='ltr' id='par_1_91' title="bbox 467 4945 2042 5017">
     <span class='ocr_line' id='line_1_91' title="bbox 467 4945 2042 5017; baseline -0.001 -12"><span class='ocrx_word' id='word_1_682' title='bbox 467 4966 600 5006; x_wconf 86' lang='lat' dir='ltr'><strong>nore</strong></span> <span class='ocrx_word' id='word_1_683' title='bbox 631 4950 951 5017; x_wconf 82' lang='lat' dir='ltr'><strong>Epltesinam</strong></span> <span class='ocrx_word' id='word_1_684' title='bbox 982 4961 1194 5016; x_wconf 86' lang='lat' dir='ltr'><strong>quoque</strong></span> <span class='ocrx_word' id='word_1_685' title='bbox 1226 4945 1488 5016; x_wconf 89' lang='lat' dir='ltr'><strong>synodum</strong></span> <span class='ocrx_word' id='word_1_686' title='bbox 1521 4961 1627 5001; x_wconf 90' lang='lat' dir='ltr'><strong>nou</strong></span> <span class='ocrx_word' id='word_1_687' title='bbox 1669 4948 1885 5002; x_wconf 84' lang='lat' dir='ltr'><strong>licuisse</strong></span> <span class='ocrx_word' id='word_1_688' title='bbox 1929 4967 2042 5005; x_wconf 88' lang='lat' dir='ltr'><strong>mu-</strong></span> 
     </span>
    </p>
   </div>
   <div class='ocr_carea' id='block_1_92' title="bbox 539 5120 2038 5201">
    <p class='ocr_par' dir='ltr' id='par_1_92' title="bbox 539 5120 2038 5201">
     <span class='ocr_line' id='line_1_92' title="bbox 539 5120 2038 5201; baseline 0.012 -41"><span class='ocrx_word' id='word_1_689' title='bbox 539 5129 556 5160; x_wconf 79' lang='grc' dir='ltr'><strong>ι</strong></span> <span class='ocrx_word' id='word_1_690' title='bbox 598 5126 761 5187; x_wconf 61' lang='lat' dir='ltr'><strong>Alias,</strong></span> <span class='ocrx_word' id='word_1_691' title='bbox 788 5122 1077 5201; x_wconf 53' lang='lat' dir='ltr'><strong>apostolici:</strong></span> <span class='ocrx_word' id='word_1_692' title='bbox 1109 5120 1217 5201; x_wconf 86' lang='lat' dir='ltr'><strong>sedi</strong></span> <span class='ocrx_word' id='word_1_693' title='bbox 1239 5120 1403 5201; x_wconf 61' lang='lat' dir='ltr'><strong>frequ</strong></span> <span class='ocrx_word' id='word_1_694' title='bbox 1432 5128 1542 5173; x_wconf 83' lang='lat' dir='ltr'><strong>nter</strong></span> <span class='ocrx_word' id='word_1_695' title='bbox 1568 5126 1743 5173; x_wconf 85' lang='lat' dir='ltr'><strong>datum</strong></span> <span class='ocrx_word' id='word_1_696' title='bbox 1771 5130 1867 5188; x_wconf 77' lang='lat' dir='ltr'><strong>est,</strong></span> <span class='ocrx_word' id='word_1_697' title='bbox 1898 5139 2038 5178; x_wconf 83' lang='lat' dir='ltr'><strong>more</strong></span> 
     </span>
    </p>
   </div>
   <div class='ocr_carea' id='block_1_93' title="bbox 469 5190 2033 5327">
    <p class='ocr_par' dir='ltr' id='par_1_93' title="bbox 469 5190 2033 5327">
     <span class='ocr_line' id='line_1_93' title="bbox 469 5190 1499 5266; baseline -0.008 -16"><span class='ocrx_word' id='word_1_698' title='bbox 469 5199 741 5266; x_wconf 75' lang='lat' dir='ltr'><strong>majorum,</strong></span> <span class='ocrx_word' id='word_1_699' title='bbox 764 5191 1070 5254; x_wconf 69' lang='lat' dir='ltr'><strong>exsolvendi,</strong></span> <span class='ocrx_word' id='word_1_700' title='bbox 1100 5200 1203 5242; x_wconf 88' lang='lat' dir='ltr'><strong>etc.</strong></span> <span class='ocrx_word' id='word_1_701' title='bbox 1238 5190 1499 5243; x_wconf 68' lang='lat' dir='ltr'><strong>LABBEUS.</strong></span> 
     </span>
     <span class='ocr_line' id='line_1_94' title="bbox 540 5257 2033 5327; baseline 0.001 -14"><span class='ocrx_word' id='word_1_702' title='bbox 540 5269 560 5298; x_wconf 76' lang='grc' dir='ltr'>ι</span> <span class='ocrx_word' id='word_1_703' title='bbox 599 5268 751 5319; x_wconf 77' lang='lat' dir='ltr'><strong>nunc</strong></span> <span class='ocrx_word' id='word_1_704' title='bbox 781 5263 952 5315; x_wconf 78' lang='grc' dir='ltr'><strong>Ιοι·ιιιιι</strong></span> <span class='ocrx_word' id='word_1_705' title='bbox 980 5262 1171 5327; x_wconf 72' lang='lat' dir='ltr'><strong>recitat</strong></span> <span class='ocrx_word' id='word_1_706' title='bbox 1198 5258 1509 5311; x_wconf 66' lang='lat' dir='ltr'><strong>llincmnrus</strong></span> <span class='ocrx_word' id='word_1_707' title='bbox 1531 5257 1767 5312; x_wconf 83' lang='lat' dir='ltr'><strong>Laudnn.</strong></span> <span class='ocrx_word' id='word_1_708' title='bbox 1802 5268 1932 5314; x_wconf 91' lang='lat' dir='ltr'><strong>tom.</strong></span> <span class='ocrx_word' id='word_1_709' title='bbox 1968 5261 2033 5327; x_wconf 90' lang='lat' dir='ltr'><strong>ll,</strong></span> 
     </span>
    </p>
   </div>
   <div class='ocr_carea' id='block_1_94' title="bbox 472 5325 2032 5405">
    <p class='ocr_par' dir='ltr' id='par_1_94' title="bbox 472 5325 2032 5405">
     <span class='ocr_line' id='line_1_95' title="bbox 472 5325 2032 5405; baseline -0.001 -20"><span class='ocrx_word' id='word_1_710' title='bbox 472 5350 589 5405; x_wconf 78' lang='lat' dir='ltr'><strong>pag.</strong></span> <span class='ocrx_word' id='word_1_711' title='bbox 620 5334 745 5396; x_wconf 76' lang='lat'><strong>375,</strong></span> <span class='ocrx_word' id='word_1_712' title='bbox 771 5346 849 5405; x_wconf 4' lang='lat' dir='ltr'><strong>es,</strong></span> <span class='ocrx_word' id='word_1_713' title='bbox 866 5325 1233 5405; x_wconf 60' lang='lat' dir='ltr'><strong>epist.G_ela_sii</strong></span> <span class='ocrx_word' id='word_1_714' title='bbox 1254 5327 1319 5379; x_wconf 91' lang='lat' dir='ltr'><strong>ad</strong></span> <span class='ocrx_word' id='word_1_715' title='bbox 1342 5328 1680 5405; x_wconf 46' lang='lat' dir='ltr'><strong>Anastasium</strong></span> <span class='ocrx_word' id='word_1_716' title='bbox 1704 5330 1993 5399; x_wconf 83' lang='lat' dir='ltr'><strong>principem</strong></span> <span class='ocrx_word' id='word_1_717' title='bbox 2020 5325 2032 5383; x_wconf 71' lang='grc' dir='ltr'>ξ</span> 
     </span>
    </p>
   </div>
   <div class='ocr_carea' id='block_1_95' title="bbox 473 5397 1890 5466">
    <p class='ocr_par' dir='ltr' id='par_1_95' title="bbox 473 5397 1890 5466">
     <span class='ocr_line' id='line_1_96' title="bbox 473 5397 1890 5466; baseline -0.004 -7"><span class='ocrx_word' id='word_1_718' title='bbox 473 5397 570 5459; x_wconf 65' lang='lat' dir='ltr'><strong>sed</strong></span> <span class='ocrx_word' id='word_1_719' title='bbox 594 5405 752 5463; x_wconf 76' lang='lat' dir='ltr'><strong>habet</strong></span> <span class='ocrx_word' id='word_1_720' title='bbox 783 5398 983 5466; x_wconf 66' lang='lat' dir='ltr'><strong>aliquid</strong></span> <span class='ocrx_word' id='word_1_721' title='bbox 1012 5397 1111 5451; x_wconf 91' lang='lat' dir='ltr'><strong>sub</strong></span> <span class='ocrx_word' id='word_1_722' title='bbox 1137 5398 1292 5466; x_wconf 85' lang='lat' dir='ltr'><strong>finem</strong></span> <span class='ocrx_word' id='word_1_723' title='bbox 1323 5398 1355 5450; x_wconf 90' lang='lat' dir='ltr'><strong>d</strong></span> <span class='ocrx_word' id='word_1_724' title='bbox 1379 5397 1601 5452; x_wconf 66' lang='lat' dir='ltr'><strong>ssémile.</strong></span> <span class='ocrx_word' id='word_1_725' title='bbox 1633 5397 1890 5453; x_wconf 68' lang='lat' dir='ltr'><strong>Hannoni.</strong></span> 
     </span>
    </p>
   </div>
   <div class='ocr_carea' id='block_1_96' title="bbox 546 5465 2038 5533">
    <p class='ocr_par' dir='ltr' id='par_1_96' title="bbox 546 5465 2038 5533">
     <span class='ocr_line' id='line_1_97' title="bbox 546 5465 2038 5533; baseline -0.007 -7"><span class='ocrx_word' id='word_1_726' title='bbox 546 5473 564 5504; x_wconf 84' lang='grc'><strong>⁸</strong></span> <span class='ocrx_word' id='word_1_727' title='bbox 601 5473 731 5526; x_wconf 81' lang='lat' dir='ltr'><strong>Cod.</strong></span> <span class='ocrx_word' id='word_1_728' title='bbox 770 5465 987 5533; x_wconf 73' lang='grc' dir='ltr'><strong>γοτωι..</strong></span> <span class='ocrx_word' id='word_1_729' title='bbox 1025 5469 1134 5519; x_wconf 82' lang='lat' dir='ltr'><strong>sola</strong></span> <span class='ocrx_word' id='word_1_730' title='bbox 1175 5465 1416 5518; x_wconf 81' lang='lat' dir='ltr'><strong>submovit</strong></span> <span class='ocrx_word' id='word_1_731' title='bbox 1465 5482 1492 5519; x_wconf 83' lang='lat' dir='ltr'><strong>e</strong></span> <span class='ocrx_word' id='word_1_732' title='bbox 1551 5466 1772 5521; x_wconf 77' lang='lat' dir='ltr'><strong>ueritate.</strong></span> <span class='ocrx_word' id='word_1_733' title='bbox 1795 5498 1865 5507; x_wconf 95' lang='lat'><strong>—</strong></span> <span class='ocrx_word' id='word_1_734' title='bbox 1909 5469 2038 5525; x_wconf 80' lang='lat' dir='ltr'><strong>Sola</strong></span> 
     </span>
    </p>
   </div>
   <div class='ocr_carea' id='block_1_97' title="bbox 472 5536 2031 5606">
    <p class='ocr_par' dir='ltr' id='par_1_97' title="bbox 472 5536 2031 5606">
     <span class='ocr_line' id='line_1_98' title="bbox 472 5536 2031 5606; baseline -0.004 -8"><span class='ocrx_word' id='word_1_735' title='bbox 472 5542 717 5598; x_wconf 79' lang='lat' dir='ltr'><strong>submovit</strong></span> <span class='ocrx_word' id='word_1_736' title='bbox 742 5551 791 5595; x_wconf 83' lang='lat' dir='ltr'><strong>et</strong></span> <span class='ocrx_word' id='word_1_737' title='bbox 815 5539 1114 5590; x_wconf 76' lang='lat' dir='ltr'><strong>auctoritate</strong></span> <span class='ocrx_word' id='word_1_738' title='bbox 1132 5537 1262 5587; x_wconf 77' lang='lat' dir='ltr'><strong>sedis</strong></span> <span class='ocrx_word' id='word_1_739' title='bbox 1283 5536 1573 5606; x_wconf 78' lang='lat' dir='ltr'><strong>apostolica:</strong></span> <span class='ocrx_word' id='word_1_740' title='bbox 1592 5539 1861 5591; x_wconf 78' lang='lat' dir='ltr'><strong>concilium</strong></span> <span class='ocrx_word' id='word_1_741' title='bbox 1876 5538 2031 5593; x_wconf 79' lang='lat' dir='ltr'><strong>Chat-</strong></span> 
     </span>
    </p>
   </div>
   <div class='ocr_carea' id='block_1_98' title="bbox 476 5605 1324 5667">
    <p class='ocr_par' dir='ltr' id='par_1_98' title="bbox 476 5605 1324 5667">
     <span class='ocr_line' id='line_1_99' title="bbox 476 5605 1324 5667; baseline -0.013 0"><span class='ocrx_word' id='word_1_742' title='bbox 476 5613 751 5667; x_wconf 75' lang='lat' dir='ltr'><strong>cedonense</strong></span> <span class='ocrx_word' id='word_1_743' title='bbox 783 5616 1033 5661; x_wconf 71' lang='lat' dir='ltr'><strong>eoactum.</strong></span> <span class='ocrx_word' id='word_1_744' title='bbox 1065 5605 1324 5658; x_wconf 53' lang='lat' dir='ltr'><strong>furrows.</strong></span> 
     </span>
    </p>
   </div>
   <div class='ocr_carea' id='block_1_99' title="bbox 546 5675 2029 5749">
    <p class='ocr_par' dir='ltr' id='par_1_99' title="bbox 546 5675 2029 5749">
     <span class='ocr_line' id='line_1_100' title="bbox 546 5675 2029 5749; baseline 0 -15"><span class='ocrx_word' id='word_1_745' title='bbox 546 5680 570 5713; x_wconf 75' lang='grc' dir='ltr'>δ</span> <span class='ocrx_word' id='word_1_746' title='bbox 606 5678 808 5734; x_wconf 80' lang='lat' dir='ltr'><strong>Inclusa</strong></span> <span class='ocrx_word' id='word_1_747' title='bbox 837 5676 1136 5747; x_wconf 79' lang='lat' dir='ltr'><strong>pareinnesi</strong></span> <span class='ocrx_word' id='word_1_748' title='bbox 1164 5692 1258 5744; x_wconf 83' lang='lat' dir='ltr'><strong>per</strong></span> <span class='ocrx_word' id='word_1_749' title='bbox 1277 5675 1408 5736; x_wconf 82' lang='lat' dir='ltr'><strong>duas</strong></span> <span class='ocrx_word' id='word_1_750' title='bbox 1447 5675 1561 5733; x_wconf 88' lang='lat' dir='ltr'><strong>fere</strong></span> <span class='ocrx_word' id='word_1_751' title='bbox 1587 5679 1805 5749; x_wconf 81' lang='lat' dir='ltr'><strong>paginas</strong></span> <span class='ocrx_word' id='word_1_752' title='bbox 1834 5680 2029 5736; x_wconf 83' lang='lat' dir='ltr'><strong>desunt</strong></span> 
     </span>
    </p>
   </div>
   <div class='ocr_carea' id='block_1_100' title="bbox 2143 4591 3714 4663">
    <p class='ocr_par' dir='ltr' id='par_1_100' title="bbox 2143 4591 3714 4663">
     <span class='ocr_line' id='line_1_101' title="bbox 2143 4591 3714 4663; baseline 0.005 -20"><span class='ocrx_word' id='word_1_753' title='bbox 2143 4591 2384 4659; x_wconf 77' lang='lat' dir='ltr'><strong>prmbere</strong></span> <span class='ocrx_word' id='word_1_754' title='bbox 2428 4606 2767 4648; x_wconf 88' lang='lat' dir='ltr'><strong>consensum.</strong></span> <span class='ocrx_word' id='word_1_755' title='bbox 2820 4596 2996 4663; x_wconf 83' lang='lat' dir='ltr'><strong>Atque</strong></span> <span class='ocrx_word' id='word_1_756' title='bbox 3037 4593 3156 4650; x_wconf 90' lang='lat' dir='ltr'><strong>ideo</strong></span> <span class='ocrx_word' id='word_1_757' title='bbox 3201 4597 3355 4651; x_wconf 87' lang='lat' dir='ltr'><strong>nobis</strong></span> <span class='ocrx_word' id='word_1_758' title='bbox 3386 4611 3608 4653; x_wconf 89' lang='lat' dir='ltr'><strong>necesse</strong></span> <span class='ocrx_word' id='word_1_759' title='bbox 3634 4609 3714 4651; x_wconf 83' lang='lat' dir='ltr'><strong>est</strong></span> 
     </span>
    </p>
   </div>
   <div class='ocr_carea' id='block_1_101' title="bbox 2142 4687 3713 4755">
    <p class='ocr_par' dir='ltr' id='par_1_101' title="bbox 2142 4687 3713 4755">
     <span class='ocr_line' id='line_1_102' title="bbox 2142 4687 3713 4755; baseline 0.004 -19"><span class='ocrx_word' id='word_1_760' title='bbox 2142 4698 2358 4752; x_wconf 65' lang='lat' dir='ltr'><strong>privam</strong></span> <span class='ocrx_word' id='word_1_761' title='bbox 2393 4699 2803 4754; x_wconf 83' lang='lat' dir='ltr'><strong>perversamqne</strong></span> <span class='ocrx_word' id='word_1_762' title='bbox 2850 4688 3258 4755; x_wconf 73' lang='lat' dir='ltr'><strong>conspirationis</strong></span> <span class='ocrx_word' id='word_1_763' title='bbox 3287 4687 3447 4754; x_wconf 87' lang='lat' dir='ltr'><strong>illius,</strong></span> <span class='ocrx_word' id='word_1_764' title='bbox 3480 4698 3534 4742; x_wconf 89' lang='lat' dir='ltr'><strong>et</strong></span> <span class='ocrx_word' id='word_1_765' title='bbox 3559 4690 3713 4743; x_wconf 56' lang='lat' dir='ltr'><strong>latro.</strong></span> 
     </span>
    </p>
   </div>
   <div class='ocr_carea' id='block_1_102' title="bbox 2146 4772 3713 4846">
    <p class='ocr_par' dir='ltr' id='par_1_102' title="bbox 2146 4772 3713 4846">
     <span class='ocr_line' id='line_1_103' title="bbox 2146 4772 3713 4846; baseline 0.004 -19"><span class='ocrx_word' id='word_1_766' title='bbox 2146 4773 2373 4827; x_wconf 87' lang='lat' dir='ltr'><strong>ciualem</strong></span> <span class='ocrx_word' id='word_1_767' title='bbox 2398 4772 2561 4828; x_wconf 83' lang='lat' dir='ltr'><strong>fuisse</strong></span> <span class='ocrx_word' id='word_1_768' title='bbox 2586 4776 2900 4843; x_wconf 81' lang='lat' dir='ltr'><strong>perbibeant</strong></span> <span class='ocrx_word' id='word_1_769' title='bbox 2925 4778 3209 4843; x_wconf 89' lang='lat' dir='ltr'><strong>actionem,</strong></span> <span class='ocrx_word' id='word_1_770' title='bbox 3226 4792 3453 4846; x_wconf 81' lang='lat' dir='ltr'><strong>eamque</strong></span> <span class='ocrx_word' id='word_1_771' title='bbox 3472 4778 3659 4834; x_wconf 83' lang='lat' dir='ltr'><strong>debuis</strong></span> <span class='ocrx_word' id='word_1_772' title='bbox 3687 4797 3713 4834; x_wconf 70' lang='grc' dir='ltr'><strong>ιι</strong></span> 
     </span>
    </p>
   </div>
   <div class='ocr_carea' id='block_1_103' title="bbox 2145 4864 3713 4935">
    <p class='ocr_par' dir='ltr' id='par_1_103' title="bbox 2145 4864 3713 4935">
     <span class='ocr_line' id='line_1_104' title="bbox 2145 4864 3713 4935; baseline 0.001 -18"><span class='ocrx_word' id='word_1_773' title='bbox 2145 4865 2317 4917; x_wconf 84' lang='lat' dir='ltr'><strong>modis</strong></span> <span class='ocrx_word' id='word_1_774' title='bbox 2346 4864 2591 4918; x_wconf 89' lang='lat' dir='ltr'><strong>omnibus</strong></span> <span class='ocrx_word' id='word_1_775' title='bbox 2619 4866 2843 4931; x_wconf 88' lang='lat' dir='ltr'><strong>aboleri,</strong></span> <span class='ocrx_word' id='word_1_776' title='bbox 2864 4874 2919 4919; x_wconf 84' lang='lat' dir='ltr'><strong>et</strong></span> <span class='ocrx_word' id='word_1_777' title='bbox 2945 4866 3063 4920; x_wconf 89' lang='lat' dir='ltr'><strong>ideo</strong></span> <span class='ocrx_word' id='word_1_778' title='bbox 3081 4866 3299 4935; x_wconf 74' lang='lat' dir='ltr'><strong>justam,</strong></span> <span class='ocrx_word' id='word_1_779' title='bbox 3324 4869 3537 4934; x_wconf 89' lang='lat' dir='ltr'><strong>bonam,</strong></span> <span class='ocrx_word' id='word_1_780' title='bbox 3567 4884 3713 4923; x_wconf 72' lang='lat' dir='ltr'><strong>Vern-</strong></span> 
     </span>
    </p>
   </div>
   <div class='ocr_carea' id='block_1_104' title="bbox 2147 4954 3713 5029">
    <p class='ocr_par' dir='ltr' id='par_1_104' title="bbox 2147 4954 3713 5029">
     <span class='ocr_line' id='line_1_105' title="bbox 2147 4954 3713 5029; baseline 0.004 -20"><span class='ocrx_word' id='word_1_781' title='bbox 2147 4955 2285 5009; x_wconf 86' lang='lat' dir='ltr'><strong>citer</strong></span> <span class='ocrx_word' id='word_1_782' title='bbox 2311 4954 2668 5010; x_wconf 81' lang='lat' dir='ltr'><strong>Christianam</strong></span> <span class='ocrx_word' id='word_1_783' title='bbox 2691 4955 3180 5013; x_wconf 81' lang='lat' dir='ltr'><strong>Chalcedonensem</strong></span> <span class='ocrx_word' id='word_1_784' title='bbox 3212 4959 3473 5029; x_wconf 83' lang='lat' dir='ltr'><strong>synodum</strong></span> <span class='ocrx_word' id='word_1_785' title='bbox 3502 4976 3536 5029; x_wconf 90' lang='lat' dir='ltr'><strong>p</strong></span> <span class='ocrx_word' id='word_1_786' title='bbox 3566 4976 3713 5016; x_wconf 82' lang='lat' dir='ltr'><strong>occs-</strong></span> 
     </span>
    </p>
   </div>
   <div class='ocr_carea' id='block_1_105' title="bbox 2147 5125 3715 5199">
    <p class='ocr_par' dir='ltr' id='par_1_105' title="bbox 2147 5125 3715 5199">
     <span class='ocr_line' id='line_1_106' title="bbox 2147 5125 3715 5199; baseline 0.006 -20"><span class='ocrx_word' id='word_1_787' title='bbox 2147 5127 2200 5199; x_wconf 89' lang='lat' dir='ltr'><strong>i_n</strong></span> <span class='ocrx_word' id='word_1_788' title='bbox 2226 5127 2408 5182; x_wconf 74' lang='lat' dir='ltr'><strong>codice</strong></span> <span class='ocrx_word' id='word_1_789' title='bbox 2431 5125 2749 5182; x_wconf 81' lang='lat' dir='ltr'><strong>Veronensi.</strong></span> <span class='ocrx_word' id='word_1_790' title='bbox 2783 5126 3084 5199; x_wconf 83' lang='lat' dir='ltr'><strong>Eorumque</strong></span> <span class='ocrx_word' id='word_1_791' title='bbox 3109 5138 3229 5185; x_wconf 88' lang='lat' dir='ltr'><strong>loco</strong></span> <span class='ocrx_word' id='word_1_792' title='bbox 3269 5130 3383 5187; x_wconf 70' lang='lat' dir='ltr'><strong>haec</strong></span> <span class='ocrx_word' id='word_1_793' title='bbox 3416 5130 3715 5188; x_wconf 84' lang='lat' dir='ltr'><strong>habentur:</strong></span> 
     </span>
    </p>
   </div>
   <div class='ocr_carea' id='block_1_106' title="bbox 2144 5194 3716 5273">
    <p class='ocr_par' dir='ltr' id='par_1_106' title="bbox 2144 5194 3716 5273">
     <span class='ocr_line' id='line_1_107' title="bbox 2144 5194 3716 5273; baseline 0.006 -26"><span class='ocrx_word' id='word_1_794' title='bbox 2144 5194 2211 5247; x_wconf 82' lang='lat' dir='ltr'><strong>In</strong></span> <span class='ocrx_word' id='word_1_795' title='bbox 2236 5212 2335 5273; x_wconf 65' lang='lat' dir='ltr'><strong>qua</strong></span> <span class='ocrx_word' id='word_1_796' title='bbox 2355 5207 2410 5273; x_wconf 79' lang='lat' dir='ltr'><strong>ut</strong></span> <span class='ocrx_word' id='word_1_797' title='bbox 2440 5211 2560 5260; x_wconf 85' lang='lat' dir='ltr'><strong>crqo</strong></span> <span class='ocrx_word' id='word_1_798' title='bbox 2595 5201 2705 5249; x_wconf 81' lang='lat' dir='ltr'><strong>sola</strong></span> <span class='ocrx_word' id='word_1_799' title='bbox 2726 5199 2817 5273; x_wconf 73' lang='lat' dir='ltr'><strong>jus</strong></span> <span class='ocrx_word' id='word_1_800' title='bbox 2847 5194 3011 5273; x_wconf 55' lang='lat' dir='ltr'><strong>habui?</strong></span> <span class='ocrx_word' id='word_1_801' title='bbox 3044 5198 3338 5273; x_wconf 67' lang='lat' dir='ltr'><strong>absolvendi</strong></span> <span class='ocrx_word' id='word_1_802' title='bbox 3365 5217 3448 5255; x_wconf 72' lang='lat' dir='ltr'><strong>eos</strong></span> <span class='ocrx_word' id='word_1_803' title='bbox 3475 5218 3599 5267; x_wconf 85' lang='lat' dir='ltr'><strong>quos</strong></span> <span class='ocrx_word' id='word_1_804' title='bbox 3628 5221 3716 5273; x_wconf 78' lang='lat' dir='ltr'><strong>sy-</strong></span> 
     </span>
    </p>
   </div>
   <div class='ocr_carea' id='block_1_107' title="bbox 2145 5267 3715 5339">
    <p class='ocr_par' dir='ltr' id='par_1_107' title="bbox 2145 5267 3715 5339">
     <span class='ocr_line' id='line_1_108' title="bbox 2145 5267 3715 5339; baseline 0.006 -23"><span class='ocrx_word' id='word_1_805' title='bbox 2145 5267 2326 5339; x_wconf 70' lang='lat' dir='ltr'><strong>nodica</strong></span> <span class='ocrx_word' id='word_1_806' title='bbox 2347 5270 2547 5317; x_wconf 81' lang='lat' dir='ltr'><strong>decreta</strong></span> <span class='ocrx_word' id='word_1_807' title='bbox 2578 5267 2916 5339; x_wconf 70' lang='lat' dir='ltr'><strong>perculerant,</strong></span> <span class='ocrx_word' id='word_1_808' title='bbox 2935 5270 3005 5321; x_wconf 83' lang='lat' dir='ltr'><strong>sic</strong></span> <span class='ocrx_word' id='word_1_809' title='bbox 3025 5270 3175 5321; x_wconf 85' lang='lat' dir='ltr'><strong>etiam</strong></span> <span class='ocrx_word' id='word_1_810' title='bbox 3196 5270 3304 5323; x_wconf 86' lang='lat' dir='ltr'><strong>sine</strong></span> <span class='ocrx_word' id='word_1_811' title='bbox 3327 5274 3520 5339; x_wconf 74' lang='lat' dir='ltr'><strong>synodo</strong></span> <span class='ocrx_word' id='word_1_812' title='bbox 3541 5272 3593 5325; x_wconf 77' lang='lat' dir='ltr'><strong>in</strong></span> <span class='ocrx_word' id='word_1_813' title='bbox 3622 5267 3715 5326; x_wconf 63' lang='lat' dir='ltr'><strong>huc</strong></span> 
     </span>
    </p>
   </div>
   <div class='ocr_carea' id='block_1_108' title="bbox 2145 5336 3715 5409">
    <p class='ocr_par' dir='ltr' id='par_1_108' title="bbox 2145 5336 3715 5409">
     <span class='ocr_line' id='line_1_109' title="bbox 2145 5336 3715 5409; baseline 0.008 -25"><span class='ocrx_word' id='word_1_814' title='bbox 2145 5336 2321 5386; x_wconf 82' lang='lat' dir='ltr'><strong>eadem</strong></span> <span class='ocrx_word' id='word_1_815' title='bbox 2360 5350 2515 5409; x_wconf 77' lang='lat' dir='ltr'><strong>causa</strong></span> <span class='ocrx_word' id='word_1_816' title='bbox 2548 5337 2798 5409; x_wconf 78' lang='lat' dir='ltr'><strong>plurimos</strong></span> <span class='ocrx_word' id='word_1_817' title='bbox 2826 5340 2978 5409; x_wconf 78' lang='lat' dir='ltr'><strong>etiam</strong></span> <span class='ocrx_word' id='word_1_818' title='bbox 3006 5336 3421 5409; x_wconf 67' lang='lat' dir='ltr'><strong>meti-apolt&#39;tanos</strong></span> <span class='ocrx_word' id='word_1_819' title='bbox 3449 5347 3715 5395; x_wconf 83' lang='lat' dir='ltr'><strong>danmasse</strong></span> 
     </span>
    </p>
   </div>
   <div class='ocr_carea' id='block_1_109' title="bbox 2145 5405 3714 5477">
    <p class='ocr_par' dir='ltr' id='par_1_109' title="bbox 2145 5405 3714 5477">
     <span class='ocr_line' id='line_1_110' title="bbox 2145 5405 3714 5477; baseline 0.006 -22"><span class='ocrx_word' id='word_1_820' title='bbox 2145 5405 2481 5477; x_wconf 69' lang='lat' dir='ltr'><strong>cognoscitur.</strong></span> <span class='ocrx_word' id='word_1_821' title='bbox 2531 5406 2680 5477; x_wconf 65' lang='lat' dir='ltr'><strong>quod</strong></span> <span class='ocrx_word' id='word_1_822' title='bbox 2726 5406 2771 5459; x_wconf 89' lang='lat' dir='ltr'><strong>si</strong></span> <span class='ocrx_word' id='word_1_823' title='bbox 2811 5408 2923 5473; x_wconf 62' lang='lat' dir='ltr'><strong>quis</strong></span> <span class='ocrx_word' id='word_1_824' title='bbox 2952 5408 3060 5460; x_wconf 73' lang='lat' dir='ltr'><strong>luet:</strong></span> <span class='ocrx_word' id='word_1_825' title='bbox 3094 5405 3469 5477; x_wconf 50' lang='lat' dir='ltr'><strong>ab&#39;apostotica</strong></span> <span class='ocrx_word' id='word_1_826' title='bbox 3496 5414 3612 5464; x_wconf 84' lang='lat' dir='ltr'><strong>sede</strong></span> <span class='ocrx_word' id='word_1_827' title='bbox 3639 5414 3714 5465; x_wconf 76' lang='lat' dir='ltr'><strong>uel</strong></span> 
     </span>
    </p>
   </div>
   <div class='ocr_carea' id='block_1_110' title="bbox 2145 5472 3714 5548">
    <p class='ocr_par' dir='ltr' id='par_1_110' title="bbox 2145 5472 3714 5548">
     <span class='ocr_line' id='line_1_111' title="bbox 2145 5472 3714 5548; baseline 0.005 -23"><span class='ocrx_word' id='word_1_828' title='bbox 2145 5472 2423 5527; x_wconf 81' lang='lat' dir='ltr'><strong>secundum</strong></span> <span class='ocrx_word' id='word_1_829' title='bbox 2451 5476 2700 5543; x_wconf 80' lang='lat' dir='ltr'><strong>synodum</strong></span> <span class='ocrx_word' id='word_1_830' title='bbox 2729 5486 2842 5527; x_wconf 80' lang='lat' dir='ltr'><strong>ncte</strong></span> <span class='ocrx_word' id='word_1_831' title='bbox 2872 5472 3423 5548; x_wconf 52' lang='lat' dir='ltr'><strong>reprehendit,&#39;prwter</strong></span> <span class='ocrx_word' id='word_1_832' title='bbox 3450 5483 3586 5545; x_wconf 83' lang='lat' dir='ltr'><strong>quod</strong></span> <span class='ocrx_word' id='word_1_833' title='bbox 3612 5485 3714 5546; x_wconf 82' lang='lat' dir='ltr'><strong>pri—</strong></span> 
     </span>
    </p>
   </div>
   <div class='ocr_carea' id='block_1_111' title="bbox 2138 5546 3712 5620">
    <p class='ocr_par' dir='ltr' id='par_1_111' title="bbox 2138 5546 3712 5620">
     <span class='ocr_line' id='line_1_112' title="bbox 2138 5546 3712 5620; baseline 0.006 -26"><span class='ocrx_word' id='word_1_834' title='bbox 2138 5557 2225 5620; x_wconf 70' lang='lat' dir='ltr'><strong>sca</strong></span> <span class='ocrx_word' id='word_1_835' title='bbox 2246 5558 2413 5620; x_wconf 78' lang='lat' dir='ltr'><strong>rerum</strong></span> <span class='ocrx_word' id='word_1_836' title='bbox 2442 5548 2597 5620; x_wconf 64' lang='lat' dir='ltr'><strong>probe</strong></span> <span class='ocrx_word' id='word_1_837' title='bbox 2620 5548 2734 5620; x_wconf 67' lang='lat' dir='ltr'><strong>iove</strong></span> <span class='ocrx_word' id='word_1_838' title='bbox 2753 5546 3081 5620; x_wconf 70' lang='lat' dir='ltr'><strong>convincitur,</strong></span> <span class='ocrx_word' id='word_1_839' title='bbox 3114 5546 3315 5601; x_wconf 72' lang='lat' dir='ltr'><strong>interim</strong></span> <span class='ocrx_word' id='word_1_840' title='bbox 3353 5550 3513 5602; x_wconf 86' lang='lat' dir='ltr'><strong>multo</strong></span> <span class='ocrx_word' id='word_1_841' title='bbox 3550 5554 3712 5620; x_wconf 80' lang='lat' dir='ltr'><strong>magis</strong></span> 
     </span>
    </p>
   </div>
   <div class='ocr_carea' id='block_1_112' title="bbox 2137 5610 3710 5684">
    <p class='ocr_par' dir='ltr' id='par_1_112' title="bbox 2137 5610 3710 5684">
     <span class='ocr_line' id='line_1_113' title="bbox 2137 5610 3710 5684; baseline 0.006 -20"><span class='ocrx_word' id='word_1_842' title='bbox 2137 5612 2321 5684; x_wconf 76' lang='lat' dir='ltr'><strong>Aracio</strong></span> <span class='ocrx_word' id='word_1_843' title='bbox 2343 5610 2449 5664; x_wconf 77' lang='lat' dir='ltr'><strong>non</strong></span> <span class='ocrx_word' id='word_1_844' title='bbox 2469 5610 2670 5667; x_wconf 49' lang='lat' dir='ltr'><strong>licuisse</strong></span> <span class='ocrx_word' id='word_1_845' title='bbox 2699 5615 2954 5683; x_wconf 79' lang='lat' dir='ltr'><strong>fatebitur.</strong></span> <span class='ocrx_word' id='word_1_846' title='bbox 2988 5610 3131 5670; x_wconf 71' lang='lat' dir='ltr'><strong>Dicat</strong></span> <span class='ocrx_word' id='word_1_847' title='bbox 3157 5633 3297 5684; x_wconf 82' lang='lat' dir='ltr'><strong>ergo,</strong></span> <span class='ocrx_word' id='word_1_848' title='bbox 3318 5628 3422 5673; x_wconf 86' lang='lat' dir='ltr'><strong>etc.</strong></span> <span class='ocrx_word' id='word_1_849' title='bbox 3445 5648 3514 5660; x_wconf 85' lang='lat'><strong>-—</strong></span> <span class='ocrx_word' id='word_1_850' title='bbox 3538 5610 3710 5675; x_wconf 56' lang='lat' dir='ltr'><strong>liic&#39;ut</strong></span> 
     </span>
    </p>
   </div>
   <div class='ocr_carea' id='block_1_113' title="bbox 2137 5682 3617 5754">
    <p class='ocr_par' dir='ltr' id='par_1_113' title="bbox 2137 5682 3617 5754">
     <span class='ocr_line' id='line_1_114' title="bbox 2137 5682 3617 5754; baseline 0.004 -17"><span class='ocrx_word' id='word_1_851' title='bbox 2137 5682 2382 5751; x_wconf 82' lang='lat' dir='ltr'><strong>superius</strong></span> <span class='ocrx_word' id='word_1_852' title='bbox 2408 5682 2711 5752; x_wconf 78' lang='lat' dir='ltr'><strong>parenthesi</strong></span> <span class='ocrx_word' id='word_1_853' title='bbox 2739 5687 2950 5754; x_wconf 79' lang='lat' dir='ltr'><strong>signum</strong></span> <span class='ocrx_word' id='word_1_854' title='bbox 2971 5682 3429 5751; x_wconf 75' lang='lat' dir='ltr'><strong>-substituiutua.</strong></span> <span class='ocrx_word' id='word_1_855' title='bbox 3463 5689 3617 5745; x_wconf 80' lang='lat' dir='ltr'><strong>Eutr.</strong></span> 
     </span>
    </p>
   </div>
  </div>
