3992 6416
214 344 287 398 69
1446 335 1804 394 EPISTULA)

1913 337 1935 389 Γ
1977 336 2318 392 DECRE'I'A.
3459 344 3529 400 70

212 459 359 512 sisse
388 455 670 518 deﬁniant,
697 456 747 507 in
779 454 860 507 his
888 451 1082 524 quibus
1110 450 1406 524 Eutychete
1430 451 1818 522 dcpulso,cum
1850 451 1899 510 Α
1928 451 2245 506 criminibus
2273 452 2544 508 involutos
2567 468 2663 508 sua
2709 455 3020 523 provisione
3055 457 3362 525 supposuit.
3409 460 3525 526 Qua

209 563 318 602 suo
352 547 562 602 fautore
607 546 903 608 Dioscoro,
939 543 1187 598 haeresim
1234 557 1421 598 eorum
1466 554 1821 610 erroremque

209 640 508 692 damnarit.
535 639 680 693 lianc
701 651 828 706 ergo
849 634 1113 706 synodum
1135 633 1222 706 (ut
1242 635 1443 689 dictum
1467 634 1573 703 est)
1599 635 1817 702 bonam,

209 746 429 797 veram,
468 731 691 800 justam,
732 728 1202 798 Cltristianamque
1242 741 1365 782 esse
1400 742 1505 782 non
1545 725 1814 792 dubitant,

213 837 503 892 per-quam
551 823 634 876 illa
682 820 844 874 noxia
893 820 962 874 sit
1002 828 1231 874 remota.
1286 817 1625 888 Perspiciant
1661 831 1815 896 ergo,

211 913 543 979 tandemque
591 909 909 974 concedant,
941 908 1085 978 quod
1133 907 1376 978 quisquis
1403 907 1472 962 ab
1512 909 1632 976 ejus
1658 908 1817 976 justas

209 1010 266 1053 et
297 1001 619 1054 Christiana:
647 1015 894 1070 veraeque
929 998 1119 1071 synodi
1163 998 1290 1065 ﬁde,
1333 1001 1715 1054 communione
1760 1009 1817 1055 et

210 1093 446 1147 veritate
475 1091 792 1156 deviaverit,
824 1092 908 1147 vel
957 1092 1024 1146 ab
1071 1104 1134 1146 ea
1165 1090 1514 1146 deviantibus
1566 1105 1816 1147 commu-

211 1184 430 1240 nionem
483 1185 786 1252 miscuerit,
832 1183 1166 1239 sufﬁcienter
1212 1192 1375 1252 atque
1420 1191 1813 1252 competenter,

211 1271 512 1326 secundum
543 1272 710 1340 ipsius
733 1271 974 1335 definita,
1027 1269 1272 1328 teneatur
1316 1271 1629 1337 obstrictus,
1674 1288 1814 1342 quo-

215 1365 359 1418 niam
409 1364 548 1418 mala
588 1363 829 1436 synodus
869 1363 1010 1419 bona
1051 1363 1238 1418 debuit
1284 1363 1618 1418 submoveri.
1670 1365 1816 1419 Bona

212 1467 343 1508 vero
370 1453 612 1525 synodus
637 1453 784 1508 nulla
811 1467 974 1508 causa
1006 1461 1091 1508 est
1116 1467 1213 1508 cur
1251 1451 1358 1507 alia
1387 1453 1581 1509 debeat
1609 1453 1816 1525 synodo

212 1545 519 1608 retractari,
551 1559 621 1598 ne
650 1543 763 1613 ipsa
790 1545 1099 1600 retractatio
1121 1544 1239 1618 ejus
1259 1545 1567 1599 constitutis
1589 1544 1815 1615 deroget

214 1635 548 1688 firmitatem.
583 1634 815 1689 Proinde
841 1634 1144 1704 quicunque
1172 1635 1606 1704 congregationis
1639 1636 1816 1699 Eplteo

210 1724 343 1777 sitim
369 1733 624 1778 tenentur
647 1723 865 1790 affectu,
889 1723 1016 1793 quid
1037 1724 1215 1778 adhuc
1231 1724 1411 1778 Acacii
1437 1725 1813 1779 tantummodo

1924 541 2133 610 synodo
2162 551 2241 595 tot
2286 544 2461 598 aliena
2496 545 2771 614 privilegia
2815 545 3078 602 nefandus
3131 547 3415 616 populator
3443 550 3528 604 in-

1922 631 2083 686 vasit.
2147 631 2252 687 Sed
2296 633 2419 688 libri
2473 651 2581 689 non
2637 636 2910 691 sufﬁcient
2953 635 3052 709 [αι.
3087 637 3441 709 sufﬁcerent],
3477 641 3525 697 si

1922 722 2213 790 tragtetlias
2234 723 2350 791 ejus
2378 738 2510 792 quas
2528 739 2624 794 per
2641 726 2911 782 Ecclesias
2928 728 3093 782 totius
3113 727 3353 785 Orientis
3365 742 3523 786 exer-

1919 810 2062 876 cuit,
2110 811 2383 881 sigillatim
2418 814 2439 845 ⁵
2462 815 2703 869 scribere
2730 817 3057 872 moliamur:
3089 833 3160 872 an
3189 819 3322 874 illud
3352 819 3525 890 ipsius

1920 912 2297 971 argumentum
2334 904 2489 959 nobis
2519 905 2832 962 existiment
2875 908 3282 978 opponendum,
3313 923 3423 979 quo
3443 909 3525 964 fa-

1918 995 2103 1050 cinora
2130 1011 2224 1050 sua
2256 995 2309 1048 in
2337 996 2672 1066 imperialem
2700 997 2852 1052 nisus
2875 998 2970 1072 [αι.
3015 998 3186 1072 visus]
3213 1008 3297 1056 est
3317 999 3526 1070 jactare

1919 1099 2227 1155 personam.
2277 1085 2388 1142 Cur
2428 1088 2588 1157 igitur
2629 1087 2845 1155 quando
2875 1090 3068 1156 voluit,
3117 1090 3328 1147 obstitit
3371 1091 3526 1146 Basi-

1919 1176 2054 1233 lisco
2088 1188 2318 1248 tyranno
2347 1188 2498 1234 certe
2518 1188 2572 1233 et
2600 1178 2692 1251 [aL
2718 1179 2831 1234 Cur
2851 1179 2924 1252 et]
2954 1180 3214 1238 baeretico
3231 1183 3526 1239 vehemen-

1919 1278 2001 1324 ter
2029 1269 2263 1325 infesto?
2291 1286 2389 1326 cur
2409 1271 2509 1341 ipsi
2565 1272 2880 1340 imperatori
2911 1273 3151 1341 Zenoni,
3181 1276 3307 1346 quia
3339 1278 3523 1348 palam

1918 1360 2256 1416 Antiocheno
2310 1361 2474 1416 Petro
2525 1360 2696 1417 noluit
2740 1365 3182 1432 communicare,
3215 1379 3368 1421 suam
3411 1367 3520 1440 [αι.

1917 1449 2063 1503 addit
2104 1451 2383 1522 nimirum]
2415 1467 2523 1505 non
2564 1452 2808 1508 subdidit
2846 1454 3175 1513 voluntatem
3202 1457 3222 1510 l
3254 1458 3394 1514 Ecce
3425 1475 3526 1530 po-

1919 1541 2018 1596 tuit
2048 1552 2096 1597 et
2130 1541 2183 1596 in
2215 1542 2334 1598 aliis
2383 1544 2669 1612 resultare,
2704 1546 2725 1577 ⁸
2751 1546 2797 1601 si
2837 1547 3005 1603 vellet
3034 1545 3129 1621 [αι.
3175 1551 3272 1605 sed
3322 1552 3519 1609 noluit.

1915 1633 1996 1686 An
2027 1647 2131 1686 non
2163 1633 2455 1702 Apostolus
2486 1637 2636 1703 dicit,
2669 1654 2774 1692 non
2806 1639 2983 1695 solum
3027 1642 3119 1711 qui
3162 1642 3392 1711 faciunt,
3420 1647 3520 1702 sed

1915 1723 2079 1777 etiam
2109 1725 2197 1793 qui
2222 1726 2567 1779 consentiunt
2598 1725 2918 1783 facientibus
2963 1742 3114 1785 reatu
3143 1733 3348 1802 pariter
3395 1744 3522 1791 sunt

213 1807 409 1869 nomen
440 1814 763 1878 obtendunt,
795 1826 849 1869 et
876 1830 980 1868 non
1011 1814 1190 1884 palam
1218 1825 1518 1871 sectatores
1545 1817 1811 1886 Eutyclte-
1842 1808 1890 1867 B
1917 1815 2108 1870 irretiti
2134 1819 2155 1870 ἲ
2184 1817 2374 1890 sed...]
2400 1819 2492 1873 sed
2526 1829 2587 1874 ut
2611 1835 2675 1875 ea
2703 1837 2823 1888 quae
2855 1822 3018 1878 latius
3048 1825 3363 1892 explicanda
3395 1835 3522 1881 sunt

212 1906 299 1969 tis,
333 1908 421 1976 qui
455 1907 563 1960 illic
593 1917 839 1974 receptus
867 1905 1061 1970 fuerat,
1091 1906 1442 1974 profitentur;
1467 1907 1554 1976 qui
1587 1910 1628 1960 si
1662 1907 1810 1962 refu-

209 1997 384 2066 giunt,
419 2008 579 2064 atque
611 1997 888 2069 Eutychen
920 2012 978 2052 se
1007 1997 1292 2066 perhibent
1321 1999 1618 2064 exsecrari,
1652 2000 1808 2054 simul

209 2103 342 2157 ergo
365 2099 420 2140 et
447 2088 792 2154 Ephesinatn,
825 2104 928 2158 qua
957 2089 1098 2144 male
1126 2101 1374 2158 receptus
1403 2093 1810 2160 est-conspira-

210 2179 412 2232 tionem
436 2179 554 2244 jure
584 2189 872 2244 cessatam,
897 2189 955 2232 et
991 2178 1491 2234 Chalcedonensem
1520 2185 1807 2250 synodum,

210 2282 312 2334 qua
337 2267 536 2336 rejecta
561 2277 662 2330 cst,
687 2269 882 2322 merito
905 2270 1253 2323 consentient
1281 2271 1579 2324 institutam
1607 2288 1622 2337 ;
1649 2283 1810 2341 atque

209 2359 280 2412 ita
307 2360 594 2429 synodum,
623 2376 744 2429 quae
775 2375 870 2429 pro
904 2361 1008 2414 fide
1038 2360 1304 2417 catholica
1335 2363 1403 2416 sit
1445 2366 1683 2432 praefixa,
1717 2381 1809 2419 se-

211 2453 445 2504 cundum
480 2459 721 2505 veterum
764 2454 1013 2518 fortnam,
1041 2455 1180 2507 sicut
1209 2454 1410 2507 dictum
1454 2463 1560 2520 est,
1605 2457 1809 2525 perspi-

211 2543 354 2596 cient
393 2543 621 2596 novellis
665 2558 769 2596 non
822 2545 1060 2612 potuisse
1103 2545 1492 2614 qumstionibus
1538 2549 1804 2612 ventilari,

212 2630 304 2684 sed
357 2630 510 2700 juxta
569 2631 684 2702 ejus
732 2644 972 2688 tenorem
1022 2636 1191 2690 semel
1261 2635 1500 2707 legitime
1557 2637 1808 2709 justeque

211 2723 609 2792 depromptum,
659 2736 713 2781 et
754 2730 875 2794 jure
930 2729 1144 2797 probari
1205 2741 1349 2785 recta
1399 2741 1690 2797 sectantes,
1749 2743 1804 2789 et

212 2817 507 2870 sentientes
533 2818 803 2872 contraria
834 2819 1091 2886 refutari;
1124 2823 1266 2890 quod
1296 2823 1457 2878 sedes
1486 2827 1803 2894 apostolica,

213 2903 577 2968 sicutdecuit,
608 2907 824 2975 antiqua
873 2908 1162 2964 traditiOne
1199 2911 1536 2976 custodiens,
1571 2930 1677 2967 non
1709 2931 1803 2984 sy-

214 2993 414 3046 nodum
445 2992 599 3048 duxit
640 2996 962 3063 iterandam,
1003 2999 1097 3052 sed
1152 3000 1204 3054 in
1247 3000 1362 3070 ejus
1397 3005 1806 3068 prmvaricatore

213 3083 467 3152 pellemlo
514 3085 652 3140 hanc
693 3088 938 3141 eamdem
984 3090 1248 3157 synodum
1283 3093 1460 3160 potius
1505 3109 1805 3164 exsequen-

1918 1910 2249 1977 omittamus,
2284 1913 2304 1942 "
2337 1913 2596 1982 quidquid
2631 1916 2745 1982 ipse
2765 1915 2949 1970 Zenon
2983 1916 3277 1985 imperator
3297 1920 3410 1972 suis
3433 1918 3522 1973 lit-

1918 2005 2047 2058 teris
2081 2003 2382 2070 profitetur,
2410 2016 2600 2060 cunctt
2630 2023 2750 2062 sese
2771 2023 2836 2062 ex
2868 2009 3046 2064 Acacii
3077 2011 3314 2079 gessisse
3340 2012 3522 2067 consi-

1917 2095 2012 2162 lio,
2044 2112 2142 2150 nec
2163 2097 2262 2150 hoc
2289 2113 2410 2151 eum
2437 2100 2622 2153 fallere
2647 2101 2839 2155 litteris
2861 2102 2972 2155 suis
2996 2104 3110 2172 ipse
3130 2104 3330 2171 pariter
3358 2115 3523 2160 testa-

1917 2196 2009 2239 tur
2039 2188 2289 2250 Acacius,
2325 2190 2412 2256 qui
2446 2201 2499 2243 et
2528 2207 2648 2244 cum
2682 2191 3033 2248 nihilominus
3066 2196 3322 2250 universa
3373 2205 3523 2252 recte

1916 2276 2146 2346 gessisse
2175 2281 2518 2348 conscripsit,
2543 2291 2598 2336 et
2627 2297 2724 2336 suo
2751 2284 2982 2337 consilio
3009 2285 3124 2339 haec
3153 2287 3342 2342 eadem
3369 2297 3520 2357 gesta

1914 2356 2020 2422 non
2055 2371 2242 2425 tacuit.
2276 2372 2438 2437 Quasi
2473 2387 2598 2427 vero
2651 2382 2855 2428 tantum
2889 2377 2941 2431 in
2974 2379 3325 2435 Alexandrini
3367 2382 3516 2437 Petri

1913 2461 2295 2515 communione
2321 2463 2550 2516 Aeacius
2584 2467 2970 2530 przevaricator
2996 2470 3289 2535 exstiterit,
3332 2479 3387 2526 et
3412 2487 3520 2529 non

1914 2548 1970 2603 in
1999 2551 2274 2616 omnibus,
2302 2566 2437 2620 quos
2470 2553 2550 2608 vel
2584 2554 2726 2620 fecit,
2756 2555 2997 2625 depulsis
3027 2561 3312 2616 catholicis
3341 2563 3522 2629 potiti-

1917 2639 2128 2708 ficibus,
2163 2650 2418 2709 tanquam
2455 2656 2737 2715 tyrannus,
2772 2647 3032 2704 Ecclesiis
3057 2651 3363 2724 quibusque
3385 2671 3523 2725 prae-

1912 2733 2038 2801 poni
2066 2775 2078 2795 ,
2123 2734 2207 2787 vel
2260 2736 2437 2791 taliter
2489 2741 2796 2805 praepositis
2850 2756 3105 2810 perversa
3135 2750 3522 2804 communione

1912 2827 2214 2895 permixtus
2245 2838 2348 2888 est.
2384 2831 2474 2898 qui
2510 2830 2612 2884 hoc
2644 2834 2759 2901 ipso
2790 2836 3090 2890 secundum
3121 2851 3360 2894 canones
3403 2839 3518 2895 fue-

1912 2929 2032 2972 rant
2066 2919 2132 2972 ab
2160 2919 2525 2975 ecclesiastica
2553 2925 2938 2980 communione
2966 2927 3237 2996 pellendi,
3273 2932 3415 2999 quod
3460 2947 3522 2987 se

1912 3007 2054 3076 passi
2097 3019 2221 3062 sunt
2261 3024 2608 3067 successores
2638 3014 2772 3069 vivis
2822 3017 3200 3076 sacerdotibus
3250 3021 3518 3080 adhiberi.

1911 3099 2041 3166 Quis
2072 3111 2247 3156 autem
2281 3119 2385 3157 non
2420 3107 2712 3174 perspiciat
2742 3107 3104 3179 Christianus,
3151 3114 3293 3183 quod
3332 3115 3522 3170 catho-

211 3175 358 3228 dam.
387 3175 404 3206 ⁸
436 3176 776 3244 Quapmpter
805 3178 848 3230 si
877 3180 994 3247 quis
1021 3180 1200 3235 adhuc
1242 3184 1537 3237 secundum
1580 3184 1806 3241 Chalce-
1835 3175 1880 3237 C
1912 3193 2030 3246 licis
2061 3194 2405 3260 pontificibus
2435 3199 2652 3264 propria
2684 3199 2811 3254 sede
2864 3175 3100 3267 dejectis
3123 3175 3229 3258 non
3276 3206 3378 3260 nisi
3411 3207 3523 3260 hm-

211 3266 509 3320 donensem
559 3268 822 3336 synodum
877 3269 992 3323 haec
1041 3276 1108 3324 ab
1144 3275 1441 3341 apostolica
1483 3278 1609 3331 sede
1653 3286 1805 3346 gesta

210 3357 580 3425 reprehendit.
614 3369 808 3426 praeter
849 3359 992 3429 quod
1017 3373 1070 3415 et
1100 3365 1199 3418 hac
1225 3380 1326 3432 qua
1357 3369 1604 3434 superius
1626 3378 1806 3422 astru-

212 3447 522 3538 ximusuet
548 3447 828 3517 multiplici
863 3461 1036 3516 potest
1081 3453 1286 3508 ratione
1318 3457 1600 3525 convinci,
1635 3460 1807 3512 multo

210 3539 384 3602 magis
400 3545 578 3590 tamen
596 3540 793 3593 Acacio
813 3556 918 3594 non
938 3541 1150 3598 licuisse
1181 3545 1544 3601 fatebiturista
1576 3557 1804 3604 tentare.

207 3653 279 3665 ——
303 3611 454 3679 Dicat
489 3641 637 3697 ergo,
675 3646 774 3694 qua
808 3631 1044 3701 synodo,
1077 3634 1336 3689 Joannem
1375 3639 1627 3693 secunda:
1662 3639 1808 3696 sedis

207 3721 526 3786 antistitem,
551 3724 996 3793 qualemcunque,
1021 3741 1167 3782 certe
1197 3730 1541 3796 catholicum,
1575 3743 1629 3788 et
1656 3750 1682 3785 a
1713 3752 1805 3790 ca-

209 3812 426 3866 tholicis
451 3813 779 3882 ordinatum,
806 3831 904 3870 nec
943 3818 1009 3871 de
1040 3821 1298 3874 catholica
1347 3821 1446 3875 fide
1476 3835 1530 3876 et
1557 3839 1806 3878 commu-

207 3903 372 3957 nione
401 3903 1084 3972 aliquatenus'itupetitum,
1117 3910 1334 3965 duxerit
1366 3913 1764 3969 excludendum
1790 3958 1804 3980 ,

205 4002 262 4045 et
307 3993 616 4047 haereticum
650 3997 992 4052 manifestum
1039 3999 1256 4055 Petrum
1283 4019 1376 4058 sua
1407 4021 1620 4074 quoque
1650 4023 1806 4063 exse-

205 4084 427 4140 cutione
474 4086 823 4158 damnatum,
887 4093 1122 4157 pontifici
1179 4095 1445 4151 catholico
1498 4102 1806 4166 permiserit

205 4175 606 4246 subrogandum
641 4182 659 4210 '
691 4180 856 4250 (cmn
890 4183 1100 4239 etiamsi
1133 4203 1261 4241 rcus!
1299 4191 1613 4248 manifestus
1660 4207 1805 4251 esset

204 4268 478 4333 Joannes,
529 4279 648 4337 post
675 4285 797 4324 eum
845 4274 1034 4328 saltem
1083 4279 1406 4334 catholicum
1461 4288 1804 4343 convenisset

204 4357 404 4426 praefici
453 4361 822 4426 sacerdotem,
880 4366 1018 4418 sicut
1060 4366 1173 4434 ipse
1224 4385 1440 4439 quoque
1477 4375 1589 4428 suis
1633 4380 1802 4433 sacris

202 4461 402 4503 sancte
449 4453 723 4506 memoria:
757 4453 1039 4510 Timotheo
1082 4461 1350 4515 catholico
1383 4463 1435 4516 in
1472 4466 1797 4522 Alexandria

201 4537 504 4592 faciendum
528 4541 841 4608 promisisse
872 4543 1069 4613 legitur
1101 4547 1435 4624 imperator).
1489 4556 1602 4621 Qua
1634 4573 1800 4627 syno-
1831 4537 1881 4595 D

201 4631 301 4700 do,
344 4634 517 4686 tertiae
548 4635 690 4689 sedis
725 4641 1036 4707 episcopum
1069 4641 1164 4711 [αι.
1198 4648 1364 4702 addit.
1393 4651 1660 4723 sanetum]
1692 4653 1798 4709 Ca—

203 4721 509 4776 lendionem
543 4724 684 4780 idem
716 4731 910 4796 expelli
943 4729 1066 4786 fecit
1087 4733 1107 4764 ³
1138 4738 1365 4793 Aeacius
1394 4755 1408 4794 :
1447 4721 1798 4803 nihilominus

203 4815 219 4844 ‘
251 4815 504 4870 eumdem
537 4817 751 4873 Petrum
795 4832 899 4875 tam
955 4823 1264 4880 ltmreticum
1311 4831 1693 4900 manili-smul,
1743 4847 1802 4893 ut

202 4905 376 4960 eidem
411 4907 583 4974 palam
612 4925 834 4967 necesse
871 4911 962 4984 [al.
997 4929 1097 4970 nec
1127 4917 1206 4989 se]
1234 4925 1635 4992 communicare
1660 4943 1798 4996 prte—

202 4997 468 5063 tenderet,
499 5013 595 5053 sua
628 5016 818 5070 passus
840 5015 923 5058 est
956 5006 1311 5075 dispositione
1358 5014 1631 5072 substitui.
1680 5021 1792 5088 Qua

200 5087 433 5157 denique
459 5101 752 5156 pertotum
797 5093 1071 5152 Orientem
1123 5103 1333 5172 synodo
1384 5108 1572 5171 ejectis
1607 5087 1796 5170 ortho-

200 5176 391 5247 doxis,
422 5178 571 5236 nullo
610 5181 837 5240 crimine
881 5187 1193 5258 tnaculatis,
1226 5208 1421 5260 pravos
1468 5213 1711 5272 quosque
1739 5215 1796 5263 et

271 5377 478 5459 “Quod
502 5379 688 5459 signis
737 5383 843 5459 lucc
889 5383 952 5438 ab
996 5389 1278 5458 apnatolica
1321 5394 1440 5450 sede
1477 5399 1559 5453 vel
1602 5413 1786 5459 sancta

199 5446 360 5532 (male
385 5446 632 5521 secundo)
654 5455 851 5540 syn'odo
899 5471 1015 5510 acta
1030 5446 1040 5458 ’
1055 5446 1781 5540 repreftend’t'tIprm'tet:

199 5520 368 5600 prisca
411 5536 594 5601 rerum
641 5523 936 5601 probatione
991 5520 1328 5598 convincitur,
1378 5520 1783 5601 inierint

197 5591 362 5666 magis
393 5588 576 5666 Acacio
607 5608 706 5644 non
730 5595 933 5666 licuisse
961 5602 1223 5666 fatebitur.
1256 5588 1517 5664 [.innsu—s.

268 5659 524 5742 1:l_n_clusa_
545 5665 849 5742 parenthesi
873 5659 1065 5726 desunt
1096 5673 1148 5727 iu
1175 5659 1710 5742 cadmei—formicam.

269 5729 289 5761 ⁸
322 5729 398 5787 Id.
427 5729 574 5792 cod.)
604 5748 664 5788 ac
689 5735 922 5792 Acaciua.

1915 3283 2063 3338 retici
2100 3286 2372 3349 potuerint
2400 3287 2704 3343 introduci?
2727 3292 2924 3360 quibus
2951 3303 3134 3349 tamen
3165 3299 3402 3364 cunctis,
3431 3301 3519 3354 vel

1914 3385 2101 3429 auctor
2133 3376 2226 3430 fuit
2257 3378 2489 3432 Aeacius
2519 3380 2899 3448 subrogandis,
2931 3386 3015 3440 vel
3042 3387 3348 3456 subrogatis
3375 3403 3522 3445 com-

1913 3470 2212 3523 mnnicator
2234 3473 2505 3538 accessit;
2544 3475 2627 3528 llis
2670 3477 2858 3547 utique
2887 3481 3011 3549 quia
3044 3481 3137 3554 [aL
3167 3485 3257 3552 qui
3288 3484 3340 3555 a]
3369 3499 3523 3540 com-

1911 3559 2153 3612 munioni
2187 3560 2562 3618 hazreticorum
2617 3567 2928 3624 nullatenus
2976 3571 3383 3643 discrepaban't.
3414 3576 3525 3635 Cur

1914 3663 2044 3719 ergo
2072 3653 2154 3706 vel
2184 3669 2306 3722 cum
2354 3655 2469 3710 hrrc
2507 3657 2626 3712 ﬁeri
2659 3660 2871 3717 videret
2918 3667 3181 3733 Aeacius,
3234 3685 3343 3725 non
3384 3673 3526 3729 sicut

1912 3743 2016 3798 sub
2043 3744 2305 3801 Basilisco
2326 3748 2436 3816 jam
2469 3749 2689 3820 feCerat,
2721 3755 2788 3808 ad
2817 3759 3171 3827 apostolicam
3216 3765 3401 3819 sedem
3435 3781 3524 3822 re-

1914 3835 2058 3889 ferre
2087 3839 2314 3909 curavit,
2348 3848 2405 3895 ut
2434 3842 2476 3894 si
2508 3843 2657 3897 solus
2699 3845 2816 3914 ipse
2847 3863 2953 3902 non
3007 3860 3239 3920 poterat,
3273 3857 3294 3888 ⁸
3321 3857 3523 3924 junctis

1909 3941 2032 3981 cum
2061 3930 2250 3984 eadem
2283 3933 2524 3987 consiliis
2550 3945 2712 4005 atque
2742 3941 3081 4006 tractatibus,
3116 3947 3255 4014 apud
3290 3949 3526 4017 impera-

1911 4028 2079 4074 torem
2122 4033 2342 4089 possent
2380 4040 2500 4092 quze
2534 4027 2783 4096 religioni
2834 4045 3214 4101 competerent
3255 4039 3524 4110 allegari?

1907 4109 2041 4164 Nam
2073 4115 2113 4166 si
2151 4113 2440 4168 Basiliscus
2467 4117 2549 4186 (ut
2587 4117 2791 4173 dictum
2832 4123 2940 4192 est)
2973 4131 3235 4194 tyrannus
3269 4140 3322 4184 et
3347 4109 3524 4188 ltmre-

1910 4205 2047 4258 tieus
2083 4207 2302 4274 scriptis
2332 4209 2642 4274 apostolicm
2693 4212 2842 4267 sedis
2879 4214 3235 4274 vehementer
3258 4221 3522 4280 infractus

1906 4305 2011 4359 est,
2044 4305 2098 4350 et
2129 4312 2155 4349 a
2192 4297 2442 4364 plurimis
2473 4312 2756 4355 revocatus
2775 4306 3133 4371 excessibus;
3162 4323 3369 4379 quanto
3401 4330 3520 4369 ma-

1904 4385 1982 4452 gis
2017 4386 2285 4454 legitimus
2315 4389 2628 4458 imperator,
2656 4395 2743 4461 qui
2767 4409 2826 4449 se
2853 4396 3183 4453 catholicum
3213 4402 3385 4457 videri
3418 4420 3516 4461 vo-

1912 4475 2080 4539 lebat,
2111 4483 2282 4545 potuit
2312 4495 2433 4534 cum
2466 4485 2761 4548 apostolica
2794 4487 2927 4541 sede
2958 4499 3274 4547 cunctorum
3308 4509 3525 4566 quoque

1912 4570 2220 4635 pontificum
2255 4572 2532 4626 moderata
2574 4577 2920 4644 suggestione
2951 4582 3208 4652 mitigari,
3246 4589 3521 4658 praecipue

1909 4673 2029 4711 cum
2057 4659 2299 4727 ejusdem
2330 4663 2507 4717 Acacii
2534 4678 2680 4722 esset
2704 4670 2954 4736 specialis
2986 4671 3164 4729 fautor
3192 4687 3247 4732 et
3274 4688 3518 4748 amator;

1908 4762 1962 4806 et
1985 4755 2073 4821 qui
2111 4755 2302 4808 litteris
2333 4757 2446 4811 suis
2481 4767 2587 4812 tam
2622 4762 2797 4828 ipsum
2844 4765 3102 4822 Acacium
3130 4785 3287 4839 quam
3316 4786 3520 4830 sanctae

1909 4848 2183 4904 memoria:
2218 4863 2407 4917 papam
2449 4853 2786 4920 Simplicium
2830 4860 3050 4929 magnis
3083 4861 3333 4921 laudibus
3363 4877 3521 4923 extu-

1905 4939 2082 5003 lisset,
2112 4941 2398 4997 doceretur
2421 4949 2561 5012 quod
2589 4949 2859 5006 haereticis
2886 4957 3327 5016 constantissime
3359 4963 3518 5016 restio

1906 5030 2181 5103 tisset[al.
2231 5034 2600 5108 restitissent].
2635 5039 2742 5094 Cur
2793 5051 2943 5098 tanto
2989 5055 3232 5117 tempore
3284 5051 3517 5109 Aeacius

1901 5120 2153 5177 interista
2177 5125 2458 5194 conticuit,
2487 5129 2588 5182 nisi
2609 5131 2733 5198 quia
2761 5134 3051 5202 υνξερράὴί
3077 5136 3174 5210 [αι.
3200 5138 3513 5211 prohibere]

1903 5213 2123 5277 nolebat
2174 5214 2444 5274 ullatenus
2488 5235 2609 5290 quae
2640 5224 2662 5256 '
2706 5238 2806 5294 pro
2853 5224 3130 5287 btereticis
3169 5229 3515 5290 desiderabat

1975 5407 1997 5440 ⁸
2027 5409 2103 5465 ld.
2135 5412 2279 5480 cod.,
2304 5415 2493 5472 eidem.

1974 5481 1995 5511 '
2026 5481 2100 5535 Id.
2131 5484 2278 5550 cod.,
2305 5487 2611 5548 drscribere.

1974 5552 1995 5583 ⁸
2020 5552 2097 5607 Id.
2124 5555 2273 5622 cod.,
2303 5559 2350 5611 si
2376 5561 2558 5618 nollet.

1969 5623 1990 5698 ’ζ
2126 5626 2272 5698 cod.,
2303 5631 2430 5698 quid
2455 5633 2614 5696 quod.

1971 5694 1992 5771 ξ
2026 5695 2101 5771 l_t_l.
2131 5695 2284 5771 cod.,
2309 5694 2505 5771 cunctis
2535 5721 2654 5759 eum
2691 5709 2894 5771 eodem.

1969 5765 1990 5797 '
2023 5762 2127 5821 Pro
2150 5762 2402 5826 [meum
2424 5772 2624 5833 desunt
2649 5778 2705 5837 in
2726 5762 2867 5838 eod:
2877 5762 3220 5852 'Verouenai.
