3994 6392
557 387 618 443 τ,
1899 362 2158 419 censu
2196 363 2394 419 pars:
2436 365 2454 418 t
3249 317 3261 322 ’
3730 360 3799 416 72

554 499 571 531 ¹
613 491 858 564 impleri?
903 491 1166 546 Ponamus
1210 496 1384 539 tamen
1433 481 1638 538 etiamsi
1686 479 1827 532 nulla
1878 476 2111 546 synodus
2139 478 2191 538 Α
2224 485 2358 541 tum,
2388 489 2546 546 quam
2573 475 2689 543 ejus
2714 464 3106 542 civitat‘ts,qua
3133 486 3241 526 non
3265 471 3439 528 solum
3470 471 3611 527 inter
3638 475 3801 528 sedes

552 563 932 655 praecessisset,
959 582 1108 646 cujus
1131 572 1417 655 apostolica
1446 563 1604 623 sedes
1653 576 1798 622 recte
1828 566 1981 619 ﬂeret
2001 578 2102 616 ex—

551 651 812 737 seeutris,
840 685 961 726 cum
987 666 1186 741 quibus
1213 651 1424 716 erat‘de
1453 659 1646 716 Acacio
1667 653 1899 728 synodus
1926 655 2114 721 ineun-

549 766 618 820 da
639 803 654 827 .
697 759 929 832 nunquid
958 771 1078 815 cum
1109 755 1190 810 his
1216 755 1304 823 qui
1333 755 1444 822 jatn
1475 749 1765 822 participes
1797 748 2118 802 tenebamur

552 855 770 921 Acacio,
788 863 843 908 et
863 865 956 920 per
974 847 1242 917 Orientem
1269 854 1436 899 totum
1459 840 1735 896 catholicis
1755 836 2116 893 sacerdotibus

555 948 816 1011 violenter
838 939 1068 996 exclusis
1087 978 1102 1002 ,
1132 950 1331 1004 perque
1356 931 1543 989 exsilis
1571 930 1780 985 diversa
1825 929 2071 998 relegatis
2099 964 2113 990 .

550 1034 680 1090 socii
726 1032 1001 1086 evidenter
1050 1025 1394 1096 existebant,
1441 1019 1831 1077 communionis
1880 1029 2115 1073 externa:

522 1126 696 1194 .‘prius
721 1138 781 1177 se
805 1121 870 1175 ad
903 1122 1015 1189 haec
1049 1118 1317 1172 consortia
1363 1111 1766 1183 transferentes,
1794 1125 1951 1179 quam
1974 1106 2116 1161 sedis

521 1212 855 1282 apostolica:
897 1211 1030 1263 scita
1066 1202 1591 1261 consulerentiCum
1621 1200 1811 1268 quibus
1847 1213 1972 1264 ergo
2001 1206 2116 1251 erat

549 1307 790 1377 synodus
816 1299 1089 1358 ineunda?
1133 1295 1388 1353 Catholici
1411 1284 1699 1361 pontifices
1728 1291 1931 1344 fuerant
1958 1289 2112 1342 undi-

546 1413 651 1468 que
677 1398 786 1467 jam
819 1392 1049 1466 depulsi,
1091 1391 1292 1456 solique
1323 1392 1690 1467 remanserant
1722 1381 1853 1436 socii
1891 1380 2117 1449 perfido-

548 1503 700 1549 rutn.
729 1501 849 1541 cum
879 1484 1068 1552 quibus
1101 1480 1208 1547 jam
1242 1490 1349 1530 nec
1404 1475 1591 1530 licebat
1640 1473 1834 1526 habere
1885 1483 2116 1525 conven-

549 1588 660 1632 tum
683 1576 772 1648 [al.
796 1575 940 1639 addit
967 1574 1176 1632 dicente
1203 1569 1438 1637 psahuo:
1463 1563 1733 1643 Nonsedi,
1769 1559 1899 1632 e:c.]
1928 1563 1947 1592 ³
1971 1561 2113 1632 (quia

552 1668 716 1721 moris
759 1663 1103 1720 ecclesiastici
1138 1661 1356 1713 omnino
1399 1673 1507 1711 non
1557 1663 1699 1710 esset
1746 1667 1864 1706 cum
1896 1653 1975 1705 his
2026 1651 2114 1720 qni

549 1742 802 1827 pollutam
852 1754 1280 1809 communionem
1347 1755 1628 1811 tenerent,
1688 1723 2114 1815 pe'rmixtamque

2223 563 2441 619 minime
2471 570 2804 627 numeratur,
2835 563 2928 617 sed
2968 576 3067 616 nec
3096 563 3236 616 inter
3262 562 3798 634 metropolitanorum

2214 657 2336 728 jura
2379 667 2624 714 censetur
2649 674 2661 710 :
2695 670 2816 710 nam
2845 656 2988 726 quod
3011 656 3033 688 ⁸
3062 654 3266 721 dicitis,
3299 653 3405 708 alia
3452 661 3694 722 potestas
3717 662 3800 709 est

2219 751 2364 820 regni
2392 749 2681 812 saecularis,
2714 747 2816 802 alia
2847 747 3334 803 ecclesiasticarum
3379 745 3689 801 distributio
3717 744 3799 800 di-

2215 843 2499 912 gnitatum.
2528 839 2682 896 Sicut
2709 838 2849 892 enim
2878 839 3122 906 quamvis
3159 851 3324 907 parva
3363 836 3561 891 civitas
3597 850 3800 904 praero-

2216 927 2446 1002 gativam
2492 916 2777 1001 praesentis
2809 929 2957 999 regni
2997 943 3103 983 non
3141 928 3350 991 minuit.
3380 929 3458 982 sic
3501 924 3800 997 iniperislis

2217 1023 2503 1093 prasentie
2555 1036 2861 1076 mensuram
2910 1008 3326 1087 dispensationis
3379 1019 3645 1089 religiosa:
3689 1031 3798 1072 non

2218 1122 2407 1169 mutat.
2431 1113 2514 1168 Sit
2534 1114 2673 1167 clara
2703 1111 2830 1166 urbs
2851 1111 2940 1164 illa
2969 1119 3230 1178 potestate
3259 1110 3535 1176 praesentis
3558 1107 3796 1178 imperii,

2216 1206 2403 1275 religio
2423 1214 2558 1258 tunc
2585 1204 2685 1258 sub
2711 1203 2895 1258 eadem
2929 1202 3020 1274 [al.
3052 1199 3263 1271 eodem]
3295 1200 3470 1266 firma,
3503 1209 3631 1254 tunc
3665 1200 3799 1255 libe-

2217 1311 2306 1362 ra,
2347 1304 2474 1350 tunc
2499 1303 2754 1364 provecta
2781 1293 3058 1355 consistit,
3092 1293 3135 1346 si
3185 1294 3361 1360 potius
3398 1290 3498 1344 hoc
3527 1299 3798 1358 prasente

2217 1385 2487 1456 propriam
2523 1394 2698 1439 teneat
2726 1384 2842 1438 sine
2877 1385 2980 1436 ulla
3024 1381 3420 1450 perturbatione
3464 1389 3795 1433 mensuram.

2217 1461 2566 1547 ’(Postremo
2604 1475 2646 1530 si
2691 1473 2790 1528 sibi
2820 1473 2886 1528 de
2931 1474 3269 1540 imperatoris
3314 1472 3593 1541 praesentia
3639 1470 3797 1524 blatt-

2215 1567 2452 1630 diuntur,
2485 1575 2541 1622 et
2565 1564 2688 1620 inde
2717 1573 2901 1632 putant
2925 1561 3532 1630 Constantinopolitana
3558 1560 3798 1615 civitatis

2215 1659 2451 1728 episcopi
2515 1661 2776 1728 potiorem
2830 1657 2941 1712 fieri
2996 1670 3152 1724 posse
3202 1669 3519 1724 personam;
3572 1655 3796 1709 audiant

2219 1751 2541 1806 Marcianum
2569 1749 2809 1818 ejusdem
2841 1748 3132 1817 principem
3160 1748 3419 1810 civitatis,
3445 1757 3796 1816 posteaquam

543 1866 668 1906 cum
712 1847 947 1916 perﬁdis.
993 1845 1153 1898 ullum
1205 1843 1429 1902 miscere
1459 1836 1809 1906 concilium);
1857 1835 2110 1904 Ρτοριιθιει
2145 1834 2190 1893 Β
2217 1855 2311 1907 pro
2339 1829 2623 1908 augmento
2646 1836 2793 1891 urbis
2823 1838 2989 1906 ipsius
3017 1837 3312 1891 sacerdotis
3349 1835 3678 1892 intercessor
3704 1851 3797 1890 ac-

547 1953 760 2009 quoque
788 1938 1003 2007 dicente
1025 1950 1040 1988 :
1065 1932 1188 1989 Non
1206 1921 1314 1986 sedi
1339 1934 1390 1983 in
1406 1927 1630 1982 concilio
1651 1927 1906 1990 vanitatis,
1928 1935 1975 1977 et
2004 1941 2116 1976 cum

545 2029 719 2098 iniqua
757 2025 1041 2095 gerentibus
1081 2039 1182 2076 non
1224 2019 1476 2083 iutroibo;
1508 2017 1528 2048 ³
1555 2018 1724 2087 (odivi
1770 2016 2117 2087 congregatio-

554 2133 666 2170 nem
708 2117 1095 2183 malignorum,
1128 2124 1173 2165 et
1213 2128 1325 2164 cum
1363 2111 1534 2180 impiis
1561 2126 1662 2163 nou
1698 2108 1923 2176 sedebo).
1954 2107 2116 2160 Recte

549 2207 710 2275 igitur
733 2221 827 2275 per
845 2201 1299 2260 Chalcedonensis
1332 2198 1524 2274 synodi
1558 2199 1784 2260 formam
1811 2191 2116 2264 hujusmodi

549 2278 1150 2364 prmvarieatiorepulsa
1183 2299 1282 2354 est,
1321 2289 1495 2358 potius
1523 2302 1682 2357 quam
1715 2286 1781 2344 ad
1807 2285 2112 2349 conc.lium,

549 2385 692 2455 quod
723 2398 822 2442 uec
849 2396 982 2452 opus
1009 2388 1126 2438 erat
1153 2388 1273 2449 post
1296 2381 1518 2448 primatu
1551 2376 1836 2448 synodum,
1869 2388 1966 2429 nec
1991 2388 2113 2430 cum

550 2477 744 2531 talibus
775 2474 798 2505 δ
831 2473 1026 2540 habere
1058 2472 1284 2534 licebat,
1314 2471 1334 2500 ⁸
1362 2469 1587 2522 adducta
1625 2476 1729 2521 est.
1753 2465 1886 2519 Nam
1911 2474 1969 2526 et
1991 2463 2116 2533 quid

553 2578 800 2639 ageretur
825 2564 894 2621 de
923 2565 1030 2618 [ide
1065 2563 1321 2617 catholica
1345 2599 1361 2625 ,
1391 2559 1435 2612 si
1467 2556 1762 2626 intelligere
1790 2557 2115 2622 voluissent,

553 2659 801 2727 ignorare
834 2669 954 2714 non
1002 2661 1276 2720 poterant,
1322 2665 1441 2704 cum
1483 2649 1502 2679 ‘
1533 2647 1775 2702 viues-aut
1822 2646 2115 2700 catholicos

550 2745 828 2816 pontiﬁces
855 2743 996 2804 nulla
1041 2740 1231 2811 synodi
1261 2738 1590 2794 discussione
1611 2775 1629 2804 ,
1662 2736 1808 2790 nullo
1848 2733 2072 2792 concilio
2096 2775 2112 2800 ,

547 2835 815 2905 praecipue
840 2847 961 2889 cum
997 2843 1166 2886 novas
1193 2843 1379 2886 causas
1405 2843 1524 2890 esse
1554 2827 1971 2896 perpenderent,
2004 2835 2115 2880 toto

548 2927 765 2982 Oriente
791 2924 1011 2994 depelli,
1053 2928 1109 2979 et
1133 2922 1320 2992 caeteri
1343 2921 1468 2990 quid
1512 2931 1782 2983 caverent,
1811 2934 1875 2974 ex
1906 2919 2114 2974 iliorum

550 3020 758 3074 discere
784 3016 1040 3085 qualitate
1087 3014 1408 3083 potuissent.
1455 3011 1643 3067 Restat
1683 3012 1843 3080 igitur
1873 3021 1927 3064 ut
1977 3011 2124 3075 il;ius

555 3110 718 3178 partis
747 3122 840 3163 eos
867 3108 1028 3160 fuisse
1053 3102 1124 3158 sit
1162 3105 1383 3168 clarum,
1431 3103 1516 3156 cui
1546 3116 1603 3156 se
1629 3111 1749 3170 post
1787 3111 1864 3155 tot
1904 3100 2115 3169 experi-

2215 1931 2434 1994 cedens,
2465 1928 2882 1997 contraregulas
2911 1927 3156 1982 obtinere
3199 1926 3328 1980 nihil
3364 1928 3556 1994 potuit,
3590 1937 3797 1981 sancta

2217 2021 2492 2074 memoriae
2522 2032 2707 2088 papam
2736 2017 2967 2072 Leonem
2997 2017 3223 2072 summis
3254 2015 3498 2070 laudibus
3538 2029 3798 2084 prosecu-

2216 2119 2326 2163 tum
2346 2110 2486 2177 quod
2505 2123 2767 2164 canonum
2791 2108 3001 2177 regulas
3022 2108 3212 2162 violari
3237 2108 3382 2162 nulla
3405 2106 3567 2161 fuerit
3583 2106 3798 2162 ratione

2217 2212 2524 2267 perpessus.
2556 2198 2792 2252 Audiant
2816 2197 3120 2251 Anatolium
3142 2197 3380 2264 ejusdem
3403 2195 3548 2252 sedis
3577 2198 3796 2252 antisti-

2217 2298 2322 2342 tem
2347 2326 2365 2353 ,
2408 2287 2608 2342 clerum
2659 2287 2837 2356 potius
2866 2285 3514 2355 Conatautinopolitanum
3545 2301 3708 2354 quam
3735 2301 3795 2342 se

2215 2386 2454 2433 tentasse
2497 2377 2620 2432 talia
2651 2379 3026 2442 confitentem,
3056 2387 3214 2446 atque
3249 2376 3301 2430 in
3329 2377 3613 2445 apostolei
3655 2392 3797 2446 prai-

2215 2469 2348 2524 aulis
2371 2477 2542 2522 totum
2571 2467 2836 2522 dicentem
2873 2468 3104 2538 positum
3136 2474 3421 2534 potestate.
3450 2465 3628 2534 Ipsum
3661 2467 3793 2520 bea-

2219 2567 2329 2614 tum
2351 2573 2540 2628 papam
2565 2557 2800 2613 Leonem
2821 2558 2966 2612 sedis
2987 2556 3295 2625 apostolica
3319 2554 3622 2624 praesulem,
3636 2555 3794 2622 cujus

2215 2650 2451 2722 synodus
2477 2648 2926 2706 Chalcedonensis
2953 2651 3270 2704 auctoritate
3293 2647 3499 2702 firmata
3516 2657 3618 2712 est,
3639 2648 3793 2717 quid-

2215 2744 2342 2816 quid
2371 2744 2509 2798 ultra
2536 2759 2695 2813 quam
2734 2743 2802 2796 ab
2853 2742 3042 2797 eodem
3079 2731 3174 2810 pro
3206 2741 3309 2795 fide
3337 2750 3391 2795 et
3412 2741 3794 2795 communione

2219 2835 2482 2890 catholica
2510 2845 2668 2903 atque
2697 2832 2990 2899 apostolica
3035 2833 3144 2885 illic
3187 2831 3479 2902 agendum,
3519 2841 3794 2886 conStaret

2216 2939 2336 2978 esse
2351 2924 2677 2992 delegatum,
2699 2937 2793 2992 per
2819 2923 3156 2977 occasionem
3180 2922 3606 2991 congregationis
3624 2921 3790 2988 illius,

2219 3029 2414 3085 praeter
2442 3015 2687 3070 Nicaenos
2714 3028 2948 3067 canones
2977 3027 3114 3066 nova
3143 3012 3410 3066 videretur
3429 3012 3640 3065 actione
3671 3022 3790 3065 ten-

2222 3120 2419 3175 tatum,
2458 3107 2782 3178 competenti
2829 3105 3148 3161 refutatione
3177 3117 3450 3158 vacuasse.
3493 3103 3674 3172 anue
3705 3105 3791 3156 ni-

554 3204 733 3254 menta
760 3197 1096 3262 dediderunt,
1124 3195 1420 3262 meritoque
1442 3194 1509 3247 ab
1529 3194 1818 3261 apostolica
1849 3192 1997 3258 sede,
2015 3207 2116 3247 cte-

2221 3201 2511 3257 hilominus
2533 3203 2691 3254 etiam
2714 3198 2812 3252 sub
2838 3207 3034 3250 sanctae
3053 3196 3327 3249 memoriae
3351 3208 3483 3262 papa
3513 3193 3790 3263 Simplicio

555 3289 786 3358 terisque
823 3285 1100 3341 catholicis
1133 3299 1237 3337 nou
1261 3284 1368 3352 jam
1397 3281 1707 3338 consulendi
1746 3295 1896 3336 erant
1920 3283 2114 3350 potius,

552 3381 647 3437 sed
682 3379 919 3434 notandi.
953 3386 978 3413 ⁸
1008 3375 1239 3430 Risimus
1283 3386 1456 3428 autem
1478 3416 1492 3440 ,
1525 3375 1666 3441 quod
1717 3373 2114 3442 prmrtigativattt

556 3474 740 3526 volunt
769 3469 964 3524 Acacio
985 3467 1304 3536 comparari,
1329 3467 1447 3533 quia
1473 3467 1751 3534 episcopus
1777 3465 1934 3517 fuerit
1960 3463 2120 3532 regia:

556 3566 804 3623 ciiimtis.
839 3562 1082 3631 Nunquid
1135 3561 1272 3628 apud
1322 3559 1659 3621 Ravennam,
1691 3558 1828 3627 apud
1870 3558 2121 3612 Mediola-

557 3670 683 3709 num
703 3694 719 3719 ,
749 3655 766 3684 ⁷
789 3653 1039 3706 Sirmium
1058 3694 1072 3717 ,
1105 3650 1243 3718 apud
1289 3649 1557 3713 Treviros,
1591 3648 1768 3700 multis
1791 3649 2120 3716 temporibus

558 3761 666 3802 non
695 3743 1238 3809 constititimperator
1257 3739 1279 3791 ’ἒ
1300 3738 1669 3808 Nunquidnam
1695 3738 1882 3792 harum
1912 3737 2120 3790 urbium

555 3835 860 3894 sacerdotes
891 3833 1024 3886 ultra
1055 3834 1354 3885 mensuram
1388 3829 1598 3884 sibimet
1623 3833 1913 3898 antiquitus
1958 3831 2122 3897 depu-

558 3934 741 3988 tatam,
774 3923 1042 3991 quidpiam
1085 3922 1194 3975 suis
1215 3920 1557 3988 diguitatibus
1593 3922 1954 3986 usurparunt?
1980 3921 2121 3973 Nun-

561 4016 687 4086 quid
733 4015 990 4078 Aeacius,
1026 4020 1083 4063 ut
1121 4011 1380 4064 Joannem
1430 4011 1772 4078 qualemlibet
1816 4010 2080 4062 hominem
2105 4049 2122 4073 ,

561 4105 880 4161 catholicum
913 4111 1087 4156 tamen
1110 4115 1138 4154 a
1160 4100 1442 4154 catholicis
1465 4101 1782 4163 ordinatum,
1816 4100 1880 4153 de
1906 4100 2127 4153 Alenu-

561 4202 676 4257 dria
709 4199 1035 4263 excluderet,
1065 4198 1398 4265 Petrumque
1413 4198 1465 4252 in
1497 4197 1682 4252 hmrcsi
1701 4198 1812 4265 jam
1859 4200 2124 4260 detectum

561 4291 655 4365 [al.
680 4286 967 4361 dejectum]
995 4297 1154 4357 atque
1179 4278 1528 4352 damnatum,
1573 4289 1772 4357 absque
1812 4289 1952 4343 sedis
1998 4305 2126 4357 apo-

561 4383 763 4439 stolicae
784 4379 1172 4435 consultatione
1199 4379 1484 4446 reciperet,
1514 4379 1689 4446 aliqua
1713 4379 1920 4448 synodo
1948 4380 2124 4433 saltim

563 4476 672 4528 illic
703 4473 902 4538 habita,
931 4471 1032 4524 hoc
1061 4470 1318 4524 audacter
1337 4471 1577 4538 arripuit,
1600 4484 1653 4525 ut
1675 4470 2028 4527 Calendonem
2057 4473 2124 4528 de

563 4564 840 4620 Antiochia
896 4563 1153 4631 pelleret;
1203 4561 1618 4630 haereticumque
1670 4562 1915 4627 Petrum,
1965 4579 2124 4633 quem

565 4658 678 4726 ipse
705 4667 916 4723 quoque
958 4652 1325 4718 damnaverat,
1357 4652 1558 4720 absque
1605 4651 1790 4706 netitia
1833 4654 1975 4708 sedis
1999 4669 2128 4724 apo-

566 4745 770 4799 stolicze
797 4757 978 4797 rursus
1017 4742 1350 4801 admitteret.
1403 4741 1577 4812 aliqua
1607 4743 1813 4812 synodo
1857 4743 1906 4797 id
1937 4744 2128 4803 fecisse

569 4846 895 4894 monstratur
917 4840 939 4888 τ
963 4835 1020 4890 Si
1050 4844 1195 4890 certe
1222 4835 1289 4889 de
1314 4835 1571 4905 dignitate
1609 4835 1783 4904 agi:ur
1825 4835 2127 4904 civitatum,

569 4927 816 4984 secundat
841 4926 983 4985 sedis
1001 4935 1054 4980 et
1083 4925 1250 4980 tertia:
1292 4924 1463 4994 major
1490 4935 1572 4979 est
1612 4925 1843 4996 dignitas
1880 4930 2132 4983 sacerdo-

644 5076 670 5106 ι
697 5067 853 5121 Ridet
901 5063 1134 5133 pontifex
1184 5063 1334 5126 illud,
1365 5076 1500 5132 quon
1529 5077 1647 5117 cum
1708 5064 2000 5134 Euphemio
2031 5083 2130 5123 no-

573 5151 760 5192 vantes
812 5137 974 5189 nostri
1008 5136 1259 5201 temporis
1289 5137 1390 5205 st‘nl
1419 5148 1449 5205 e
1497 5135 1782 5188 admodum
1833 5137 2123 5205 inculcant,

574 5211 701 5265 dum
751 5207 956 5260 ratione
1001 5206 1159 5268 regiae
1204 5202 1477 5274 dignitatis
1505 5207 1877 5272 pratrogutivas
1921 5202 2128 5263 sedtum

649 5342 667 5373 ί
701 5336 940 5399 ld.cod.,
970 5331 1178 5404 expleri.

647 5412 668 5442 ’
703 5413 902 5461 Inclusa
936 5405 1229 5472 parenthesi
1260 5405 1448 5457 absunt
1473 5418 1500 5455 a
1532 5404 1716 5458 codice
1749 5404 2067 5461 Veronensi.

649 5480 668 5511 ⁸
701 5480 899 5532 Inclusa
933 5476 1228 5541 parenthesi
1272 5477 1460 5546 absunt
1487 5491 1514 5527 a
1547 5478 1664 5528 rod.
1700 5475 1892 5546 Veron.
1929 5477 1980 5530 in
2020 5491 2126 5546 quo

575 5565 755 5619 eorum
777 5550 890 5619 loco
913 5546 1155 5619 leguntur
1182 5559 1342 5619 supra
1374 5543 1678 5619 in'editione
1707 5545 1984 5619 Lahbeana
2014 5543 2146 5619 jam,

574 5618 739 5690 posita
770 5635 783 5668 ε
819 5615 925 5690 Ν-ρε
971 5613 1289 5690 eceiesiastici
1336 5616 1510 5682 moris,
1555 5624 1656 5670 etc.
1709 5614 1834 5671 Post
1880 5634 1996 5684 qua:
2037 5631 2124 5670 se-

575 5685 822 5761 quuntur.
851 5685 997 5761 Recte
1022 5685 1192 5761 igitur,
1220 5692 1324 5737 etc.

647 5759 666 5789 ⁸
697 5757 767 5810 Id.
800 5757 940 5816 cod”
973 5753 1164 5806 lini-ci.

2218 3295 2448 3364 legatum
2487 3290 2965 3361 sedis'apostolicze
3009 3303 3206 3343 sanctae
3247 3291 3520 3343 memoria:
3558 3288 3792 3343 Probum

2216 3382 2496 3436 Canusina:
2512 3382 2656 3437 urbis
2668 3383 2973 3450 episcopum
2991 3378 3167 3433 Leone
3183 3379 3417 3446 principe
3435 3390 3558 3432 tunc
3577 3390 3794 3446 petente

2219 3483 2480 3540 praesente
2514 3471 2761 3526 docuisse
2809 3470 3113 3523 nullatenus
3157 3483 3313 3535 posse
3345 3470 3570 3533 tentari,
3619 3485 3796 3540 neque

2221 3563 2302 3616 his
2329 3579 2545 3632 prorsus
2575 3563 2868 3632 praebuisse
2887 3576 3235 3625 const‘nsum,
3259 3570 3418 3630 atque
3443 3561 3562 3615 ideo
3587 3584 3594 3609 ι
3621 3576 3690 3615 on
3729 3563 3795 3616 ad

2220 3656 2450 3710 civitatis
2475 3656 2756 3723 cujuslibet
2785 3655 3077 3724 reSpiciant
3100 3655 3426 3720 qualitatem,
3459 3654 3552 3707 sed
3577 3654 3794 3708 modum

2222 3747 2631 3815 dispensationis
2650 3746 3027 3800 ecclesiastica:
3058 3758 3274 3813 paterna
3305 3744 3587 3798 traditione
3617 3745 3795 3798 firma-

2223 3847 2330 3891 tum
2363 3839 2740 3891 convenienter
2761 3836 3091 3906 observent.)
3122 3837 3336 3890 Dicatur
3361 3847 3537 3888 autem
3563 3834 3650 3907 [al.
3693 3837 3794 3891 Sed

2222 3931 2426 3984 diezitnr
2458 3925 2711 3998 forsitan]
2741 3929 2807 3981 de
2833 3927 3192 3980 Alexandrino
3221 3937 3274 3980 et
3315 3926 3654 3980 Antioclteuo
3683 3928 3796 3993 epi-

2225 4022 2402 4089 scrvpis
2427 4022 2588 4074 certis
2614 4037 2678 4074 ex
2711 4020 2887 4072 causis
2921 4019 3212 4086 principem
3244 4020 3412 4086 magis
3442 4018 3528 4070 illa
3561 4033 3684 4085 quae
3707 4033 3796 4087 ge-

2225 4122 2306 4165 sta
2362 4122 2515 4174 sunt,
2567 4126 2669 4164 non
2720 4110 2973 4163 Acacium
3023 4109 3359 4178 prachpisso.
3419 4107 3522 4162 Sed
3572 4109 3795 4178 principi

2224 4201 2526 4254 Christiano
2551 4198 2808 4254 decuerat
2837 4211 3126 4267 suggerere
3166 4198 3498 4252 sacerdotem
3517 4237 3532 4264 ,
3565 4200 3797 4253 maxime

2226 4292 2374 4361 Cujus
2406 4291 2762 4345 familiaritate
2793 4297 2848 4344 et
2874 4291 3050 4343 favore
3094 4290 3371 4343 fruebatur
3392 4331 3406 4352 ,
3447 4291 3650 4344 salvam
3684 4290 3798 4346 fele

2228 4383 2294 4436 de
2318 4381 2554 4449 ejusdem
2580 4379 2775 4447 injuria
2801 4379 3224 4444 contumeliaque
3257 4379 3536 4431 vindictam
3568 4389 3797 4442 tantum,

2231 4481 2289 4525 ut
2315 4470 2566 4526 Ecclesia:
2595 4469 2798 4523 sineret
2833 4467 3164 4522 Christianus
3192 4468 3440 4536 princeps
3466 4468 3682 4536 regulas
3705 4483 3799 4522 εει-

2229 4561 2436 4626 stodiri,
2469 4563 2589 4628 quia
2619 4567 2676 4613 et
2695 4571 2832 4613 nova
2861 4558 2914 4611 in
2947 4569 3174 4626 utroque
3197 4558 3444 4625 pontifice
3476 4572 3634 4611 causa
3660 4568 3799 4613 esset

2228 4663 2436 4719 exorta,
2468 4663 2521 4707 et
2566 4665 2757 4708 novam
2802 4649 3188 4704 discussionem
3216 4659 3606 4718 consequenter
3629 4650 3803 4718 inqui-

2229 4755 2408 4809 reret;
2440 4751 2496 4800 et
2539 4745 2675 4798 sicut
2704 4755 2917 4810 semper
2957 4748 3101 4795 esset
3137 4741 3383 4796 eﬂ’eetum
3410 4740 3453 4771 ¹⁰
3477 4741 3562 4810 (ac
3605 4740 3801 4795 divinat

2231 4841 2430 4909 pariter
2461 4837 2605 4906 leges
2646 4835 2997 4902 humanaeque
3024 4833 3340 4903 censerent)
3361 4874 3376 4896 ,
3400 4843 3456 4886 ut
3486 4835 3802 4887 sacerdotali

2233 4929 2462 4987 concilio
2489 4927 2557 4982 de
2589 4922 2958 4982 sacerdotibus
2994 4922 3088 4993 [al.
3131 4921 3569 4995 sacerdotalibus]
3608 4923 3804 4994 judicia

2235 5065 2667 5138 patriarchalium
2699 5062 3035 5138 expendunt,
3065 5070 3119 5117 et
3149 5076 3255 5115 non
3301 5071 3472 5138 potius
3499 5046 3804 5138 apoStttiii-gg

2235 5131 2507 5264 ξειύίιὶοηὶ
2561 5137 2677 5189 haec
2742 5133 3022 5203 privilegia
3084 5141 3302 5201 accepta
3351 5131 3613 5186 referunt.
3675 5133 3803 5189 Ssv.

2285 5223 2439 5263 Istus.

2311 5339 2332 5368 ⁸
2366 5337 2488 5390 flare
2512 5337 2703 5388 desunt
2729 5334 2781 5387 in
2814 5331 2933 5385 cod.
2965 5331 3285 5387 Veronensi.

2311 5407 2332 5438 ⁸
2363 5406 2436 5458 Id.
2467 5407 2612 5466 eod.,
2635 5406 2879 5456 viderim.

2309 5478 2328 5508 ⁷
2357 5476 2429 5527 Id.
2470 5479 2612 5537 eod.,
2641 5474 2781 5542 apud
2807 5472 3072 5526 Sirmium.

2305 5547 2326 5578 ⁸
2359 5547 2433 5597 Id.
2465 5544 2612 5608 eod.,
2641 5540 2773 5610 quod
2801 5542 2970 5594 dicitis
2998 5543 3151 5610 regia
3177 5540 3416 5610 ciuitatis.

2303 5617 2324 5648 υ
2357 5615 2556 5668 inclusa
2583 5613 2889 5681 parenthesi
2914 5609 3107 5681 tlesunt
3135 5613 3187 5664 in
3216 5612 3337 5681 cod.
3381 5609 3712 5681 Veronensi.

2305 5683 2347 5714 ’°
2377 5679 2908 5752 ItteIusaparenthesi
2933 5680 3126 5737 desunt
3153 5682 3205 5736 in
3233 5679 3352 5736 cod.
3379 5680 3710 5741 Verottcusi.
