3994 6460
201 495 264 547 :5
1415 474 1770 535 EPISTOLIE
1809 473 1897 529 ET
1937 473 2275 534 DECRETA.
3406 478 3482 532 γι

201 606 574 676 provenirent;
625 617 731 655 non
759 615 788 652 a
816 597 1063 655 srccnlari
1117 595 1428 651 viderentur
1461 593 1779 660 qualescun-
1811 589 1859 649 Α
1887 601 2119 657 seseque
2137 588 2158 619 ³
2175 587 2408 657 prodidit
2428 590 2513 642 bis
2535 588 2755 656 agendis
2774 588 2934 644 rebus
2958 587 3119 642 fuisse
3145 590 3476 673 participem.

203 714 300 769 igne
331 695 628 765 pontifices,
660 693 757 748 etsi
784 703 970 744 errore
991 687 1300 742 humanitus
1325 683 1641 744 accedente,
1673 695 1780 733 non

216 802 376 841 atttctt
401 786 498 856 [αι.
537 784 683 836 addit
713 777 921 850 contra]
967 777 1282 847 religionem
1321 775 1589 829 nullatenus
1620 785 1780 825 exce-

203 879 389 932 llentes
415 883 681 944 potestate
729 870 969 940 percelli.
999 870 1081 924 Au
1110 867 1288 923 adhuc
1309 865 1407 940 [ιιι.
1448 867 1530 918 An
1556 872 1611 916 et
1641 859 1784 931 haec]

202 966 337 1036 iusta
371 969 578 1020 ratione
611 960 838 1031 principi
869 956 1198 1030 suggerenda
1240 971 1347 1010 non
1375 961 1532 1009 erant
1554 950 1785 1021 Htegia:

201 1058 432 1114 civitatis
478 1055 684 1109 bonore
729 1051 1010 1118 sublimis,
1037 1051 1083 1106 si
1115 1050 1289 1104 factus
1338 1056 1455 1102 erat
1493 1045 1585 1100 illa
1635 1043 1786 1114 regia

201 1149 418 1205 civitate
439 1145 742 1207 sublimior,
789 1152 942 1200 tanto
988 1142 1156 1211 magis
1201 1140 1254 1194 in
1296 1137 1380 1193 bis
1426 1133 1785 1207 suggerendis

203 1238 388 1292 debuit
411 1249 533 1291 esse
577 1233 936 1289 constantior.
986 1229 1042 1285 Si
1086 1238 1264 1283 autem
1313 1227 1368 1282 iu
1421 1226 1505 1280 bis
1543 1238 1663 1296 quae
1691 1236 1790 1294 pro

205 1329 465 1397 religione
491 1327 701 1380 fuerant
736 1324 1042 1386 exerenda,
1085 1320 1293 1379 exstitit
1337 1315 1791 1388 contemptibilis,

205 1435 367 1489 a'qne
393 1419 699 1486 despectus,
731 1425 787 1469 et
815 1422 905 1468 aut
929 1412 1131 1482 segnis,
1161 1417 1252 1464 aut
1284 1408 1537 1463 duciam
1568 1421 1675 1461 non
1703 1405 1799 1459 ba-

211 1517 346 1567 hens
376 1510 682 1576 intiuandi,
715 1509 768 1562 in
813 1523 919 1576 quo
951 1521 1046 1577 per
1094 1505 1294 1575 regiam
1323 1503 1597 1557 civitatem
1625 1513 1799 1565 maior

206 1606 429 1659 effectus
474 1602 602 1657 est?
641 1602 793 1671 ('an
846 1607 907 1652 ut
946 1613 1043 1669 per
1067 1614 1128 1652 ea
1173 1610 1287 1651 suae
1341 1591 1800 1664 praevaricationis

209 1703 494 1750 exerceret
520 1694 690 1762 potius
718 1689 1080 1763 tyrannidem,
1109 1702 1267 1758 quam
1296 1699 1488 1742 causas
1525 1681 1802 1755 religionis

211 1789 448 1856 legitime
481 1785 853 1856 procuraret?)
879 1782 1083 1838 Natban
1127 1779 1387 1852 pr0pheta
1416 1778 1466 1850 (ι
1476 1777 1502 1832 1
1536 1777 1665 1849 Reg.
1703 1775 1801 1847 sit)

210 1881 387 1950 palam
419 1879 737 1948 publiceque
763 1877 816 1930 in
849 1876 986 1931 facie
1008 1873 1120 1944 regi
1151 1873 1342 1939 David,
1366 1880 1424 1927 et
1449 1867 1800 1926 commissum

1888 680 1994 734 Sed
2021 691 2166 745 esto,
2191 679 2491 734 Culindion
2531 680 2879 748 imperatoris
2923 694 3118 734 nomen
3169 681 3481 747 abstulerit;

1889 772 2126 828 Joannes
2171 773 2398 843 principi
2447 774 2702 828 mentitus
2755 771 2921 827 fuisse
2946 772 3201 842 jactetur,
3247 789 3367 842 qua:
3403 784 3484 829 ta-

1893 880 2015 921 men
2041 881 2165 920 cum
2199 881 2352 921 nova:
2377 875 2560 921 essent
2579 881 2778 932 causae,
2805 881 2938 920 nova
2968 866 2988 896 ⁵
3017 866 3203 920 debuit
3227 866 3487 921 ecclrsia-

1893 958 2028 1011 stica
2054 957 2344 1025 provenire
2373 955 2674 1010 discessio?
2703 975 2769 1009 an
2799 957 2887 1026 qui
2921 956 2973 1009 in
3014 956 3283 1010 hominem
3322 958 3488 1025 impe-

1894 1055 2128 1101 ratorem
2156 1059 2414 1115 peccasse
2434 1045 2774 1111 dicebantur,
2806 1063 2876 1099 ntt
2902 1053 2948 1100 la
2978 1046 3372 1101 intcrvenimde
3402 1062 3490 1117 sy-

1897 1136 2042 1192 nodo
2071 1137 2229 1207 dejici
2257 1137 2593 1202 debuerunt;
2627 1149 2679 1193 et
2704 1137 2758 1192 in
2786 1137 2956 1193 Deum
2985 1179 3002 1204 ,
3029 1139 3118 1206 qui
3165 1153 3410 1193 summus
3437 1148 3493 1193 et

1898 1242 2064 1284 verus
2089 1238 2173 1284 est
2198 1229 2517 1298 imperator,
2551 1228 2805 1284 Acacium
2840 1229 3276 1300 delinquentem,
3311 1230 3490 1285 since-

1897 1335 2122 1392 ramque
2144 1324 2588 1377 communionem
2629 1321 2797 1376 divini
2827 1323 3154 1376 sacramenti
3187 1322 3494 1377 studentem

1901 1415 2133 1469 miscere
2160 1427 2283 1467 cum
2314 1412 2534 1481 perfidis
2559 1453 2576 1478 ,
2619 1412 2916 1467 secundum
2947 1411 3215 1484 synodum
3242 1427 3344 1481 qua
3383 1413 3496 1469 huc

1899 1512 1986 1559 est
2012 1502 2264 1557 damnata
2296 1502 2521 1572 perfidia
2541 1542 2556 1567 ,
2596 1517 2702 1556 non
2734 1502 3016 1571 oportebat
3049 1503 3244 1574 expelli
3278 1504 3372 1575 [αι.
3405 1521 3497 1558 ex-

1901 1593 2108 1665 cludi]?
2138 1595 2158 1626 ⁸
2183 1594 2323 1661 Quid
2352 1594 2420 1649 de
2451 1593 2749 1648 innumeris
2777 1609 2878 1665 per
2906 1604 3077 1650 totum
3103 1595 3381 1651 Orientem
3410 1611 3496 1649 ra-

1905 1685 2124 1742 tltolicis
2147 1686 2522 1743 sacerdotibus
2564 1687 2776 1757 propria
2818 1687 2949 1743 sede
2965 1687 3232 1756 depulsis,
3261 1688 3494 1743 ctindu-

1905 1777 2139 1834 bitantcr
2161 1778 2427 1834 bmretieis
2454 1777 2817 1833 intromissis?
2839 1779 2999 1833 Nova:
3027 1786 3176 1835 certe
3198 1789 3353 1834 erant
3374 1795 3497 1834 catt-

1906 1884 2011 1936 sa;
2055 1878 2113 1925 et
2142 1869 2229 1924 bis
2257 1879 2652 1941 consequenter
2685 1869 2711 1902 ⁸
2751 1884 2889 1925 nova
2911 1871 3150 1942 synodus
3178 1871 3497 1927 debebatur.

213 1971 582 2040 pronuntiavit
646 1983 920 2035 errorem,
984 1978 1040 2023 et
1095 1966 1270 2037 ipsum
1316 1965 1654 2022 commisisse
1697 1975 1804 2018 non
1835 1959 1884 2018 Β
1912 1963 2022 2018 Cur
2050 1971 2178 2018 tunc
2222 1979 2328 2019 non
2360 1966 2508 2020 venit
2541 1964 2595 2020 in
2627 1977 2864 2021 mentem
2890 2006 2907 2033 ,
2937 1973 2996 2019 ut
3023 1966 3076 2020 in
3103 1966 3294 2021 talibus
3321 1966 3500 2021 causis

210 2065 417 2128 tacuit;
446 2077 500 2117 et
545 2064 885 2117 conti-ssioae
921 2069 1223 2116 correctum
1266 2066 1661 2128 consequenter
1703 2054 1802 2109 ab-

213 2159 394 2213 solvit.
427 2160 485 2230 ('
511 2158 680 2212 beata:
709 2159 983 2210 memoria:
1030 2152 1345 2208 Ambrosius
1391 2147 1805 2206 Mediolanensis

214 2255 471 2305 sacerdos
526 2249 820 2310 Ecclesitc,
877 2246 1068 2317 majori
1121 2243 1426 2300 Theodosio
1491 2241 1804 2312 imperatori

214 2340 652 2397 ciimtnunionem
683 2339 894 2408 publice
919 2339 1199 2407 palamque
1227 2333 1530 2406 suspendit,
1559 2345 1720 2400 atque
1737 2332 1804 2387 ad

220 2432 595 2501 paenitentiam
623 2430 831 2500 redegit
857 2427 1061 2498 regiam
1105 2435 1459 2497 potestatem;
1493 2426 1664 2480 beata:
1695 2438 1810 2479 tne-

219 2524 409 2580 tnoris
436 2539 569 2594 papa
590 2522 700 2579 Leo
727 2521 890 2594 (sicut
914 2520 1134 2591 legitur)
1155 2521 1537 2590 imperatorem
1557 2517 1810 2572 Theodo-

219 2617 362 2671 sium
402 2617 672 2685 iuniorem
721 2612 993 2684 Ephesino
1024 2612 1307 2667 latrocinio
1355 2610 1521 2666 libere
1565 2609 1811 2679 coarguit

223 2705 610 2772 excedentem;
639 2713 842 2761 sanctae
879 2702 1156 2761 memoria:
1181 2716 1392 2773 quoque
1425 2715 1557 2770 papa
1599 2700 1811 2754 llilarus

225 2799 570 2854 Anthemium
603 2800 1001 2868 imperatorem,
1030 2812 1153 2852 cum
1202 2795 1515 2851 Pbilotltens
1559 2793 1808 2849 Macedo-

227 2891 422 2949 nianus
452 2891 570 2960 ejus
605 2889 967 2944 familiaritate
996 2887 1243 2943 suffultus
1273 2887 1604 2942 diversarum
1631 2883 1814 2940 conci-

226 2983 425 3040 liabula
476 2994 612 3035 nova
658 2990 926 3035 sectarqu
959 2980 1009 3033 in
1062 2978 1260 3034 Urbem
1308 2975 1810 3050 vcllet_indueere,

224 3073 370 3144 apud
403 3074 616 3128 beatum
641 3071 859 3126 Petrum
889 3071 1190 3140 apostolum
1227 3069 1400 3139 palam
1444 3083 1512 3123 ne
1539 3067 1590 3122 id
1623 3068 1808 3130 iteret,

224 3164 375 3218 clara
408 3177 542 3218 voce
568 3161 912 3226 constrinxit,
945 3162 998 3214 in
1031 3169 1236 3214 tantum
1268 3168 1324 3212 ut
1346 3174 1452 3213 non
1475 3171 1542 3214 ea
1568 3157 1812 3213 facienda

225 3268 352 3309 cum
378 3251 784 3323 interpositione
822 3251 1147 3305 sacramenti
1181 3248 1321 3304 idem
1351 3249 1689 3319 promitteret
1714 3250 1811 3303 im-

229 3357 474 3417 perator;
503 3311 705 3399 sanctae
735 3343 1009 3399 memoria:
1039 3311 1387 3398 nihilominus
1429 3357 1561 3413 papa
1593 3342 1814 3411 Simpli-
1838 3311 1888 3377 θ

223 3438 366 3500 eius,
399 3447 454 3491 et
486 3445 603 3504 post
627 3451 752 3491 eum
779 3444 979 3491 sancta:
1017 3434 1291 3491 memorias
1320 3449 1452 3504 papa
1502 3434 1676 3502 Felix,
1707 3451 1813 3492 nou

231 3529 406 3584 solum
433 3527 742 3581 Basiliscum
772 3533 1080 3597 tyrannum,
1113 3523 1207 3579 sed
1235 3525 1396 3580 etiam
1432 3525 1813 3594 imperatorem

229 3618 506 3673 Zenonem
540 3631 636 3686 pro
667 3616 852 3671 iisdem
883 3617 1013 3684 ipsis
1041 3614 1372 3678 excessibus,
1411 3615 1730 3670 auctoritate
1752 3616 1814 3671 li-

232 3710 366 3764 lucra
387 3707 582 3778 sai-pius
597 3707 905 3777 increpasse
926 3715 1240 3772 noscuntur,
1260 3707 1508 3776 flectique
1531 3707 1813 3776 potuisset,

233 3802 341 3857 nisi
372 3799 944 3870 Consuintinopolitani
979 3798 1222 3867 prmsulis
1247 3797 1592 3854 accederetnr
1621 3800 1816 3854 instin-

230 3892 476 3961 ctu,qui
525 3892 790 3961 particeps
841 3901 1078 3945 externa:
1126 3890 1517 3944 communionis
1562 3892 1815 3955 effectus,

234 3983 546 4040 necessario
576 3984 628 4037 in
657 3983 798 4053 quod
830 3982 1114 4046 inciderat,
1139 3982 1247 4051 jam
1273 3983 1508 4048 fovebat,
1535 3984 1740 4040 malens
1764 3984 1816 4040 in

231 4091 350 4132 sua:
399 4074 848 4142 prmvaricatiouis
899 4074 1260 4130 obstinatione
1312 4077 1628 4145 persistere,
1657 4092 1818 4147 quam

235 4176 508 4227 curandus
529 4172 595 4226 ad
624 4171 855 4226 Salubria
884 4185 1146 4235 remeare,
1176 4171 1317 4225 sicut
1345 4171 1460 4240 ipse
1487 4187 1664 4226 rerum
1695 4186 1820 4243 pro-

235 4264 383 4318 bavit
411 4273 655 4318 eventus.
692 4262 833 4317 Ecce
881 4277 1050 4330 nuper
1078 4261 1345 4317 llonorieo
1377 4263 1487 4334 regi
1512 4263 1820 4320 Vandalicas

237 4354 494 4417 nationis,
529 4353 612 4408 vir
644 4369 867 4423 magnus
893 4365 950 4406 et
975 4353 1221 4422 egregius
1251 4353 1506 4409 sacerdos
1554 4354 1821 4424 Eugenius

236 4444 678 4513 Carthaginensis
701 4444 1018 4514 episcopus,
1053 4445 1312 4513 multique
1337 4460 1458 4499 cum
1506 4447 1697 4501 eodem
1730 4462 1820 4502 ca-

239 4535 426 4591 tholici
469 4537 775 4592 sacerdotes
814 4547 1125 4592 constanter
1178 4538 1488 4593 resisterent
1543 4541 1816 4608 saavicnti,

237 4638 540 4695 cunctaque
567 4638 807 4684 extrema
832 4627 1144 4692 tolerantes,
1175 4630 1439 4699 hodieque
1460 4634 1816 4702 persecutori-

234 4719 342 4775 lius
369 4720 617 4774 resistere
639 4735 743 4774 non
768 4721 1038 4774 omittunt.
1071 4721 1178 4775 Nos
1209 4738 1422 4791 quoque
1448 4724 1674 4781 Odoacri
1703 4728 1816 4782 bar-

232 4811 372 4865 baro
401 4809 650 4864 lmrctico
669 4827 888 4881 regnum
917 4812 1076 4865 Italia:
1108 4823 1232 4867 tunc
1251 4816 1472 4878 tenenti,
1497 4831 1618 4871 cum
1640 4820 1815 4890 aliqua

233 4913 349 4955 non
381 4898 624 4955 facienda
651 4902 986 4972 pra-ciperet.
1022 4903 1131 4958 Deo
1179 4915 1464 4974 praestante
1514 4912 1820 4968 nullatenus

239 4987 481 5057 paruisse
509 4991 843 5046 manifestum
874 4995 1002 5051 cst.)
1029 4994 1122 5049 llic
1153 5005 1331 5050 autent
1359 4998 1440 5051 vir
1469 4997 1640 5056 lionns
1683 5004 1819 5058 Aca-

235 5081 379 5138 cins.
411 5088 468 5134 et
488 5082 739 5136 sacerdos
764 5082 992 5137 eximius
1021 5082 1114 5154 [αι.
1141 5086 1428 5158 egregius],
1454 5087 1505 5142 in
1537 5099 1740 5146 tantum
1761 5109 1819 5148 se

234 5181 294 5223 et
322 5184 607 5239 suggerere
628 5171 862 5239 potuisse
890 5176 1224 5241 tnunsu-avit,
1242 5186 1292 5230 et
1312 5178 1546 5234 noluisse
1565 5180 1813 5250 deprom-

238 5264 368 5332 psit,
398 5264 504 5315 imo
525 5263 721 5318 favisse
747 5265 1000 5332 patefecit
1025 5285 1038 5330 ς
1067 5276 1122 5321 ut
1150 5277 1202 5322 et
1233 5271 1526 5339 impertth
1547 5287 1734 5330 cuncta
1761 5292 1820 5332 se

234 5371 303 5409 ex
339 5353 453 5422 ejus
483 5357 711 5421 gessisse
732 5359 958 5411 consilio
985 5373 1090 5411 non
1117 5368 1337 5425 taceret,
1363 5373 1416 5417 et
1449 5364 1565 5432 ipse
1591 5366 1822 5436 impera-

237 5457 414 5501 torem
464 5443 670 5514 n:agnis
727 5447 1006 5514 przecmnis
1053 5449 1292 5506 olor-aret
1343 5453 1443 5508 ista
1493 5454 1815 5528 facientem;

314 5619 325 5646 '
363 5615 486 5668 llaec
517 5615 714 5682 pariter
739 5614 932 5670 desunt
963 5619 1012 5670 in
1044 5621 1231 5675 eodem
1256 5627 1460 5680 codice.

311 5684 644 5760 ξδυψιιηιίεδ
674 5700 882 5753 quoque
906 5693 1105 5746 ansulis
1137 5695 1153 5747 i
1193 5695 1342 5748 eiusa
1367 5697 1737 5759 desiderantur
1764 5707 1814 5760 in

226 5756 423 5814 codice
472 5758 780 5807 \t-ronemt.

309 5827 329 5857 3
360 5829 488 5877 (ἴσασί.
518 5824 806 5886 Veturium,
837 5831 1087 5892 proderet.

306 5897 325 5925 "
355 5897 432 5951 id.
461 5895 608 5952 t0t|.,
643 5897 865 5948 dt‘blfefll

517 5990 588 6046 lu:-
606 6003 784 6042 Tit-91..
837 5989 997 6050 ΗΚ,

1909 2064 2183 2126 peteretur
2229 2071 2260 2110 a
2301 2057 2544 2126 principe
2587 2057 2776 2113 saltem
2829 2058 3217 2129 qualiscunque
3265 2060 3499 2131 synodus

1905 2146 2264 2213 celebranda;
2299 2157 2351 2203 ut
2379 2164 2705 2219 quocunque
2729 2150 2810 2203 vel
2834 2149 3079 2204 colorata
3099 2150 3303 2219 judicio
3334 2151 3503 2206 tradi-

1909 2235 2070 2290 tionis
2112 2237 2495 2292 ecclesiasticae
2536 2239 2736 2306 passim
2760 2238 3043 2308 pontifices
3074 2240 3389 2295 viderentur
3412 2257 3505 2294 ex-

1908 2326 2050 2380 cludi
2075 2366 2090 2391 ,
2124 2341 2230 2381 non
2252 2328 2425 2380 solum
2453 2342 2894 2397 quaruniennque
2917 2330 3135 2384 urbium
3165 2331 3501 2394 sacerdotes,

1911 2416 2008 2473 sed
2039 2419 2436 2488 metropoLtani
2471 2419 2844 2473 incunctanter
2883 2421 3188 2476 antistites?
3214 2421 3306 2476 Ilii
3326 2423 3506 2476 omni.

1912 2512 2011 2567 bu~
2037 2526 2162 2567 cum
2194 2525 2302 2562 non
2336 2509 2521 2563 restitit
2549 2511 2896 2578 suggestione
2923 2527 3023 2578 qua
3050 2513 3246 2581 potuit,
3277 2528 3504 2568 consen-

1912 2603 1981 2657 sit
2004 2601 2251 2666 Acacius,
2282 2599 2734 2654 cumimmicando
2756 2602 2990 2671 cunctis,
3017 2603 3104 2672 qui
3126 2601 3182 2656 in
3213 2604 3505 2658 catholico-

1914 2710 2032 2749 rum
2084 2696 2259 2747 locum
2307 2692 2544 2746 limretici
2580 2691 2795 2746 fuerant
2847 2693 3121 2762 subrogati
3159 2711 3169 2746 :
3219 2695 3507 2765 Apostolus

1913 2793 2094 2838 autem
2136 2783 2262 2836 dicit
2304 2802 2315 2834 :
2355 2781 2474 2835 Non
2502 2783 2668 2835 solum
2695 2784 2783 2852 qui
2808 2785 3007 2852 [αεὶιιηι
3030 2826 3046 2848 ,
3076 2786 3167 2840 sed
3195 2798 3245 2842 et
3272 2790 3363 2857 qui
3387 2805 3508 2843 con-

1912 2877 2137 2931 sentiunt
2191 2874 2500 2943 facientibus
2558 2874 2749 2942 (Itoni.
2798 2878 2854 2942 t)
2890 2921 2903 2943 ,
2961 2892 3086 2933 reos
3141 2878 3508 2938 indubitanter

1913 2966 2132 3021 ascribi.
2162 2969 2244 3020 Aa
2274 2966 2386 3021 haec
2418 2967 2565 3021 licuit
2594 2970 2839 3023 sa-culari
2869 2955 3120 3039 potestati
3151 2975 3359 3029 etactis
3385 2975 3510 3031 tali-

1915 3058 2016 3113 bus
2041 3100 2053 3122 ,
2091 3060 2288 3114 Acacio
2313 3061 2686 3116 consentiente
2716 3063 2918 3132 abst-,ue
2943 3065 3046 3119 ulla
3078 3067 3316 3136 synodo,
3345 3085 3509 3139 quam

1915 3147 2027 3218 ipsa
2062 3163 2241 3203 rerum
2269 3149 2482 3205 novitas
2511 3151 2780 3219 exigebat,
2806 3154 3009 3224 absque
3034 3158 3179 3212 sedis
3200 3163 3511 3229 apostolica

1915 3243 2312 3299 eonsttltatione
2334 3244 2625 3314 perficere;
2647 3255 2702 3301 et
2719 3248 2831 3302 sedi
2855 3250 3170 3318 apostolica:
3202 3268 3308 3307 non
3338 3254 3508 3322 lii-uit,

1917 3336 2213 3390 secundum
2264 3346 2505 3392 tenorem
2537 3339 2729 3408 synodi
2759 3339 3219 3400 Chalcedonensis
3249 3344 3308 3401 in
3338 3349 3510 3403 veteri

1919 3427 2291 3495 utique‘causa
2311 3469 2327 3494 ,
2353 3439 2412 3484 et
2452 3429 2619 3485 veteri
2648 3433 2943 3488 constituto
2965 3435 3116 3504 juxta
3141 3436 3512 3497 deﬁnitionem

1919 3517 2168 3570 damnata
2196 3515 2294 3590 [οι.
2333 3521 2477 3588 justa
2507 3521 2823 3579 definitione
2855 3525 3230 3600 damnatum],
3275 3529 3512 3588 inimicis

1917 3613 2109 3683 synodi
2150 3612 2613 3671 Chalcedonensis
2645 3617 2902 3673 Acacium
2937 3621 3432 3680 communicantem
3476 3641 3510 3681 a

1919 3718 2016 3758 sna
2059 3703 2439 3760 communione
2479 3705 2790 3771 depellere?
2815 3708 2920 3764 Sed
2949 3710 3196 3780 inquiunt
3226 3730 3241 3767 :
3281 3715 3512 3772 Aeacius

1919 3795 2144 3866 principi
2167 3797 2387 3854 obviare
2417 3815 2524 3853 non
2556 3802 2745 3867 potuit.
2779 3802 2886 3857 Cur
2933 3803 3211 3871 Basilisco,
3253 3809 3375 3876 quia
3410 3823 3512 3864 vo-

1919 3889 2019 3944 luit
2041 3931 2058 3956 ,
2085 3889 2361 3946 obviavit?
2384 3907 2482 3946 cur
2513 3894 2624 3963 ipse
2644 3893 2873 3962 Zenoni,
2898 3912 2964 3952 ne
2994 3899 3168 3965 palam
3199 3898 3358 3956 Petro
3394 3905 3511 3958 An-

1922 3987 2175 4042 tiocltcno
2219 3989 2465 4058 quamvis
2498 3990 2728 4045 lazenter
2757 3991 2859 4046 ltoc
2885 3993 3082 4047 fecerit
3110 3999 3512 4056 communicare

1921 4078 2199 4134 videretur
2221 4118 2238 4140 .
2272 4095 2376 4133 non
2405 4080 2771 4134 commodavit
2810 4095 3092 4136 assensum
3113 4084 3138 4137 7
3161 4100 3293 4141 ecce
3338 4089 3512 4144 resul-

1921 4169 2052 4223 tanti
2103 4184 2207 4224 non
2238 4169 2424 4224 institit
2453 4169 2546 4240 [αι.
2596 4171 2816 4244 restitit]
2857 4173 3151 4242 imperator
3195 4194 3207 4229 :
3244 4193 3372 4234 ecce
3403 4183 3510 4237 vim

1923 4259 2124 4315 nolenti
2165 4276 2269 4314 non
2317 4262 2527 4326 intulit;
2561 4277 2687 4318 ecce
2729 4263 3294 4338 refugientieontagia
3342 4274 3513 4327 mani-

1925 4350 2061 4406 festa
2081 4355 2347 4408 εουριτεεὶι
2376 4371 2388 4405 :
2423 4368 2696 4420 postremo
2722 4397 2736 4418 ,
2768 4371 2866 4410 cur
2898 4366 3046 4411 tanto
3073 4367 3318 4432 tempore
3340 4409 3354 4433 ,
3386 4380 3508 4420 cum

1925 4443 2024 4497 ista
2070 4455 2388 4512 gererentur
2414 4484 2429 4509 ,
2476 4446 2556 4499 vel
2585 4446 2821 4517 gerenda
2853 4462 3245 4523 cognosceret,
3289 4472 3395 4510 non
3441 4461 3508 4514 ad

1922 4536 2104 4590 sedem
2145 4537 2516 4605 apostolicam,
2540 4553 2569 4590 a
2598 4553 2701 4608 qua
2745 4539 2847 4594 sibi
2878 4556 3060 4597 curam
3091 4544 3307 4602 illarum
3339 4551 3514 4620 regio-

1925 4643 2050 4680 num
2086 4639 2306 4682 ttovcrat
2336 4629 2635 4698 ili-legatam
2661 4670 2679 4696 ,
2712 4631 2916 4688 referre
2959 4637 3248 4693 maturavit
3276 4639 3373 4712 [αι.
3413 4659 3513 4699 cu-

1927 4716 2119 4788 ravit]?
2148 4720 2252 4774 Sed
2299 4722 2446 4787 prius
2475 4721 2721 4777 l-udator
2757 4721 2930 4778 factus
2955 4735 3042 4780 cst
3073 4727 3186 4796 ipse
3214 4743 3514 4801 gestorum,

1925 4831 2084 4884 quant
2133 4815 2212 4870 vel
2253 4825 2610 4882 ιιι-εειιιυιιντει
2651 4817 2774 4871 talia
2817 4832 2939 4875 esse
2991 4826 3270 4888 tentanda,
3318 4828 3401 4881 Vt‘l
3449 4845 3517 4885 ne

1929 4919 2265 4964 tentarentur
2302 4909 2608 4963 obsiSteret.
2638 4911 2786 4964 Sicut
2814 4912 2915 4964 sub
2945 4912 3204 4968 Basilisco
3225 4916 3339 4985 jam
3374 4921 3517 4975 lece-

1928 5011 2032 5063 rat,
2079 5015 2174 5052 cur
2225 4999 2330 5052 illis
2378 5000 2589 5052 cu-teris
2633 5001 3035 5056 communicare
3081 5009 3380 5074 consensit,
3427 5013 3519 5079 qui

1928 5090 2166 5159 depulsis
2195 5090 2471 5143 catholicis
2501 5089 2895 5156 sacerdotibus,
2945 5091 3314 5152 indubitanter
3346 5097 3521 5155 luere-

1927 5189 2014 5242 tici
2041 5187 2269 5258 singulis
2299 5187 2519 5241 urbibus
2543 5187 2754 5242 fuerant
2780 5187 3096 5242 substituti?
3123 5189 3407 5249 Postremo
3431 5195 3521 5251 ille

1923 5281 2094 5335 defuit
2115 5280 2227 5334 suis
2253 5294 2336 5348 pa-
2354 5278 2524 5340 tibus;
2555 5288 2612 5332 et
2633 5293 2753 5345 qua:
2782 5278 3054 5334 sacerdoti
3077 5281 3346 5340 catholico
3370 5299 3517 5339 com-

1927 5380 2211 5445 peterent,
2245 5385 2405 5439 agere
2438 5371 2694 5425 lastidivit
2715 5371 2810 5443 [αι.
2841 5388 2951 5428 non
2972 5375 3200 5447 curavit]
3233 5392 3249 5431 :
3283 5377 3404 5433 ideo
3431 5395 3520 5436 se-

1925 5467 2022 5520 des
2052 5461 2344 5532 apostolica
2379 5461 2520 5528 quod
2563 5463 2580 5492 ⁷
2612 5461 2677 5515 ad
2723 5464 2912 5518 eadem
2945 5465 3280 5532 pertinebat,
3309 5468 3390 5524 vel
3419 5485 3517 5539 po—

2007 5640 2027 5667 ⁵
2063 5634 2143 5690 Id.
2192 5636 2340 5694 eod..
2377 5634 2514 5698 Quid
2543 5649 2630 5695 per
2661 5643 2822 5687 totum
2854 5634 3112 5690 Orientem
3142 5641 3206 5691 de
3234 5646 3518 5700 involucris

1925 5707 2133 5762 urbibus
2177 5706 2309 5773 pulsi
2351 5706 2591 5757 catnoliri
2626 5705 2953 5772 martial“,
2998 5719 3043 5760 τι
3085 5708 3514 5769 Ιηξτειὶεἱειώνο-

1924 5783 2025 5831 aati
2049 5780 2070 5824 7

1992 5849 2013 5878 ⁸
2057 5848 2128 5899 τες.
2163 5849 2319 5914 cutl.,
2350 5865 2469 5898 una.

2049 5920 2123 5972 id.
2163 5919 2306 5984 θεά..
2343 5918 2410 5971 ad
2439 5935 2571 5972 eum.

3161 6011 3201 6070 3
