3994 6428
580 443 644 496 75
1919 441 2133 497 CEL.\S

2239 439 2424 494 Mil/13
2463 440 2482 494 l
3744 440 3799 493 τῦ

579 553 675 605 tttit
721 553 798 606 vel
856 552 1038 607 debuit
1099 552 1406 622 prasterire?
1454 552 1700 619 Quolibet
1761 553 1915 620 igitur
1967 549 2130 602 modo
2166 553 2212 608 Α
2245 548 2363 614 quia
2399 548 2448 599 in
2481 555 2674 598 Sﬂlll‘m
2709 546 3008 597 reciderant
3053 560 3111 613 pr
3129 543 3480 596 ιτισητίςδεοτὶε
3511 542 3686 596 Aeacii
3714 561 3726 593 :
3754 554 3801 596 et

577 644 942 698 it:l:l'CiCOl'Ulll
1001 644 1305 709 compliceiit
1367 643 1654 705 refutavit,
1709 655 1760 695 et
1837 647 2134 696 consorteu

575 735 963 787 eonununiouis
1007 744 1238 786 externa:
1283 747 1310 785 a
1350 747 1443 784 sua
1478 731 1852 785 communione
1878 729 2139 792 dimovit;

574 839 671 876 nec
710 839 842 890 Opus
893 823 986 876 fuit
1018 837 1153 876 nova
1201 823 1405 891 synodo
1433 861 1448 882 ,
1492 838 1612 875 cunt
1639 821 1832 875 veteris
1861 818 2137 873 eon~tituti

574 913 898 966 sufficienter
923 913 938 942 ¹
971 913 1080 964 ham
1119 910 1283 963 forum
1320 914 1715 980 praescriberet;
1751 924 1852 964 nec
1879 925 2017 974 opus
2041 909 2137 962 fuit

577 1011 632 1052 ut
660 999 771 1053 hanc
797 999 1007 1053 scienda
1040 999 1130 1070 [αι.
1159 999 1419 1072 faccndo]
1453 1000 1687 1055 Orientis
1718 1001 1989 1067 episcopis
2021 1000 2145 1052 inti-

576 1103 762 1153 maret.
780 1107 912 1160 quvs
931 1109 992 1147 es
1019 1093 1331 1162 expulsione
1347 1093 1753 1152 catholicorum,
1769 1107 1886 1160 qure
1911 1091 2141 1161 ageban-

575 1191 656 1234 tttr
687 1183 736 1234 itt
760 1197 916 1235 causa
957 1183 1075 1235 fidei
1097 1223 1110 1245 ,
1136 1196 1241 1236 non
1273 1183 1544 1251 ignorasse
1574 1181 1912 1233 manifestum
1943 1189 2058 1242 est;
2087 1188 2142 1232 et

574 1270 1014 1322 communicanda
1068 1271 1330 1323 lttreticis
1361 1270 1697 1337 subrogatis,
1731 1271 1868 1322 facto
1900 1269 1983 1321 tali
2013 1282 2140 1321 con-

579 1357 811 1411 sensisse
846 1373 949 1409 non
968 1357 1188 1411 dubium
1211 1367 1320 1415 est;
1345 1357 1366 1386 ’
1393 1357 1553 1410 etiam
1586 1371 1706 1409 ctuti
1735 1369 1968 1410 externae
1998 1370 2143 1410 com-

574 1449 841 1502 tnuuionis
882 1448 1081 1501 cll'ectis
1109 1445 1202 1519 [αι.
1243 1445 1388 1498 addit
1418 1455 1577 1514 atque
1604 1446 1722 1518 ideo
1762 1461 1880 1499 cum
1911 1447 1991 1498 eis
2007 1442 2139 1513 jam]

576 1557 673 1598 nec
715 1545 985 1612 potuisc,
1037 1556 1134 1594 nec
1178 1540 1425 1595 debuisse
1462 1539 1606 1593 sedis
1653 1539 1962 1606 apostoiice
2009 1537 2138 1600 scita

575 1635 807 1689 tractari.
844 1635 980 1690 Ecce
1006 1641 1336 1704 agnoverunt
1375 1635 1424 1686 in
1471 1649 1653 1686 eorum
1690 1631 2020 1700 professione
2049 1634 2138 1700 qui

573 1727 1006 1780 constantissime
1030 1726 1406 1793 perdurarunt,
1434 1724 1574 1790 quod
1608 1722 1726 1775 ἢ.Ιεὶ
1750 1720 2139 1774 communioni-

573 1831 673 1884 que
699 1814 975 1868 catholica:
1001 1814 1306 1868 deberetur.
1342 1813 1478 1866 Ecce
1522 1809 1848 1880 agnoverunt
1885 1814 2138 1877 quemad-

2252 638 2392 691 illius
2412 651 2468 690 se
2488 639 2604 691 sine
2633 636 2797 688 dubio
2827 636 3172 702 pervidehant
3198 635 3461 688 sententia
3489 646 3804 701 consequen-

2251 735 2330 777 ter
2360 725 2603 796 astringi,
2636 724 2730 795 [αι.
2760 725 2906 776 addit
2949 722 3025 794 et]
3065 724 3135 778 ob
3177 723 3277 778 hoc
3319 738 3444 778 eum
3473 722 3644 776 videri
3677 724 3806 774 nole-

2249 816 2374 869 bant
2401 830 2522 870 esse
2545 816 2869 881 damnatum,
2889 815 3009 882 quia
3039 829 3098 868 se
3129 812 3521 875 cognoscebant
3545 814 3598 865 in
3629 812 3803 866 eadem

2250 908 2683 975 praevaricatione
2728 909 3043 972 damnatos,
3077 907 3125 959 in
3153 923 3255 975 qua
3285 907 3441 960 hodie
3471 920 3684 974 quoque
3710 921 3808 959 uta-

2247 1013 2376 1052 nere
2404 999 2714 1066 persistunt.
2746 996 2851 1052 Sed
2881 998 3019 1051 sicut
3057 999 3089 1049 ii
3143 998 3304 1051 simili
3336 997 3646 1051 conditione
3689 1011 3808 1050 con-

2246 1081 2416 1143 stricti
2465 1087 2778 1157 compiicrm
2824 1102 2977 1140 suum
3023 1101 3127 1140 non
3158 1097 3382 1152 possunt
3425 1087 3671 1154 judicare
3711 1100 3809 1139 non

2243 1180 2364 1247 jure
2400 1181 2741 1243 damnatum,
2776 1195 2948 1249 neque
2978 1195 3126 1234 reum
3155 1182 3248 1253 [αι.
3287 1181 3360 1235 rei
3392 1178 3567 1250 reum]
3597 1188 3807 1246 possunt

2246 1281 2606 1341 competenter
2630 1271 2906 1326 abstilverc
2931 1312 2946 1335 ,
2997 1273 3076 1326 sic
3105 1273 3194 1325 illo
3220 1272 3362 1340 juste
3405 1271 3808 1340 pra-varicawre

2244 1362 2522 1426 danmato,
2567 1361 2667 1429 ipsi
2718 1376 2929 1429 quoque
2958 1361 3071 1429 pari
3114 1361 3297 1427 jacent
3334 1361 3582 1414 danmati-
3607 1376 3676 1416 ne
3703 1377 3812 1428 pro-

2245 1449 2418 1514 strati,
2456 1464 2628 1518 neqtte
2659 1451 2758 1504 nisi
2794 1450 3194 1518 resipiscentes,
3239 1451 3361 1506 inde
3390 1460 3637 1519 poterunt
3668 1466 3810 1519 pror-

2243 1556 2334 1595 sus
2355 1541 2557 1594 absolvi
2594 1560 2605 1594 :
2638 1542 2758 1610 quia
2790 1545 2924 1596 sicut
2959 1557 3052 1609 per
3083 1559 3243 1595 unum
3277 1543 3600 1597 scribentem
3633 1559 3812 1597 ecrtnu

2243 1626 2478 1684 omnium
2511 1633 2719 1702 vulgata
2758 1633 3180 1702 transgressione
3207 1630 3298 1702 [aL
3333 1634 3688 1702 transgressio
3717 1634 3810 1701 est}

2241 1725 2330 1790 qui
2379 1726 2431 1776 in
2472 1727 2715 1779 eamdem
2746 1724 2980 1793 perfidiie
3005 1725 3308 1779 reciderant
3344 1726 3632 1787 actionem.
3662 1724 3740 1780 sic
3765 1726 3812 1777 in

2247 1829 2352 1866 uno
2381 1814 2676 1881 eodemque
2703 1816 2790 1884 qui
2823 1831 2917 1884 pro
2944 1814 3188 1868 omnibus
3217 1815 3502 1882 scripserat
3533 1855 3547 1875 ,
3578 1814 3659 1869 vel
3690 1815 3814 1867 scri-

576 1907 790 1959 ntodum
815 1921 849 1958 a
876 1906 1070 1959 talibus
1095 1905 1393 1958 recedendo
1414 1946 1429 1966 ,
1455 1906 1562 1955 imo
1593 1905 1784 1955 talibus
1811 1911 1992 1955 contra
2027 1919 2137 1954 tno-
2176 1903 2218 1961 Β
2249 1903 2419 1956 bendo
2443 1905 2677 1956 omnium
2712 1924 2720 1960 ι
2745 1904 3010 1958 rodidcrat
3035 1911 3156 1955 vo’u
3201 1913 3358 1969 tates,
3385 1904 3812 1970 transgressiozie

573 1995 768 2060 bendo,
804 2011 831 2047 a
859 1995 960 2048 (ide
991 2004 1044 2048 et
1067 1997 1441 2048 communione
1471 1993 1730 2046 t-atltoliezt
1762 1993 1984 2047 (laviarit
2011 1997 2144 2047 Aca-

571 2087 683 2141 cius
708 2126 724 2150 ,
753 2101 917 2155 seque
949 2084 1152 2152 pariter
1193 2099 1311 2138 cum
1353 2088 1540 2138 eodem
1585 2083 1754 2136 errori
1785 2082 2137 2137 subdiderint.

575 2182 716 2235 [εει-υ
754 2190 1083 2249 agnoverunt
1130 2194 1288 2247 quam
1317 2178 1474 2246 justis
1515 2193 1578 2229 ex
1620 2177 1796 2228 causis
1835 2190 1928 2242 pro
1962 2175 2066 2229 lide
2087 2186 2140 2228 et

572 2275 945 2329 communione
967 2273 1226 2328 catholica
1248 2281 1406 2338 atque
1429 2271 1737 2338 apostolica,
1762 2268 1846 2321 cui
1876 2277 1928 2320 et
1960 2268 2033 2320 illi
2049 2267 2140 2336 qui

572 2368 624 2422 in
651 2385 712 2420 ea
741 2365 1084 2433 perStiterant
1109 2361 1488 2432 congruebant,
1513 2369 1566 2413 et
1592 2359 1641 2412 bi
1672 2360 1760 2427 qui
1784 2357 2140 2426 perstantibus

569 2457 888 2518 obviabant,
921 2456 989 2506 ab
1017 2453 1203 2507 eadem
1249 2451 1576 2504 docebantur
1608 2448 1798 2511 alieni,
1826 2447 1967 2500 sedis
2005 2460 2139 2514 apo-

569 2548 774 2616 stolica:
803 2546 1116 2599 auctoritate
1163 2542 1233 2595 sit
1281 2549 1518 2593 τθιι.οειιε
1568 2536 1790 2590 Aeacius
1821 2536 1868 2604 t'
1897 2534 1961 2587 ad
1984 2534 2142 2602 cujus

569 2643 835 2713 pra-cipue
862 2647 1079 2693 vocatus
1110 2650 1331 2690 examen
1364 2634 1443 2686 vel
1471 2633 1648 2685 venire
1667 2629 1746 2684 vel
1775 2628 1986 2682 mittere
2026 2641 2135 2681 non

569 2734 790 2797 curat-it,
818 2741 874 2785 ut
901 2745 960 2784 se
987 2730 1055 2784 de
1085 2729 1167 2782 his
1213 2725 1493 2786 omnibus,
1527 2733 1583 2778 ut
1610 2721 1933 2788 confidebtt,
1967 2722 2139 2776 absol-

568 2826 737 2895 veret)
760 2867 775 2890 ,
806 2824 1028 2894 ejusque
1073 2820 1269 2890 pariter
1308 2819 1612 2888 quicunque
1648 2817 1940 2885 coniplices
1967 2819 2139 2872 exsti-

568 2918 748 2982 terint,
789 2925 948 2985 atque
992 2914 1059 2966 ab
1097 2911 1186 2965 illa
1229 2909 1422 2964 merito
1459 2924 1579 2962 cum
1631 2909 1714 2962 his
1761 2909 2136 2964 communione

566 3014 830 3066 discretus
854 3048 868 3072 ,
896 3023 925 3062 a
968 3021 1072 3078 qua
1101 3020 1160 3061 se
1189 3005 1302 3073 ipse
1331 3003 1556 3073 primum
1586 3017 1706 3058 cum
1732 3005 1841 3057 suis
1871 3003 2136 3058 coitsorti-

571 3103 671 3158 bus
715 3101 992 3157 catholicis
1034 3098 1376 3170 pontiﬁcibus
1406 3096 1756 3161 discre;ando
1797 3097 2136 3165 cognoscitur

565 3205 873 3258 separasse;
897 3191 1120 3258 jureque
1140 3187 1572 3243 sententiam‘ille
1601 3187 1958 3240 damnationis
1979 3201 2135 3242 esce-

567 3281 663 3349 pit,
719 3295 798 3334 cie
824 3280 1039 3348 erisque
1093 3277 1430 3332 consortibus
1479 3293 1600 3330 cum
1638 3278 1750 3330 suis
1799 3278 2136 3330 consortibus

567 3368 1042 3436 proniulgandam;
1070 3365 1158 3436 qui
1200 3366 1350 3421 solus
1389 3380 1485 3433 pro
1511 3366 1758 3419 omnibus
1779 3369 1888 3421 suis
1914 3381 2136 3422 consor-

566 3459 708 3512 tibus
736 3456 790 3512 in
815 3455 1242 3511 communionem
1270 3468 1331 3509 se
1358 3455 1615 3510 recidisse
1645 3455 1880 3522 perfidia:
1909 3457 1974 3510 ad
2003 3472 2135 3526 apo.

565 3548 810 3602 stolieam
833 3546 1016 3600 sedem
1041 3545 1217 3600 missis
1238 3545 1428 3600 litteris
1449 3554 1531 3599 est
1553 3546 1845 3616 professus.
1878 3548 1974 3603 Cui
2003 3552 2134 3604 Aca-

565 3641 649 3691 eio
678 3678 695 3703 ,
728 3637 772 3690 si
803 3636 1328 3691 communicavcrattt
1364 3637 1664 3691 Orientales
1703 3639 1939 3710 episcopi
1984 3653 2134 3694 ante-

567 3741 726 3796 quam
753 3727 855 3781 huc
880 3725 1102 3780 referret
1145 3725 1235 3796 [aL
1263 3723 1610 3795 referretur],
1642 3729 1753 3794 pari
1783 3729 1932 3798 utiqu
1957 3753 1963 3764 -
1988 3740 2134 3783 reatu

566 3825 682 3877 sine
735 3823 893 3875 dubio
921 3820 942 3852 ⁸
974 3821 1296 3891 probabatur
1325 3819 1548 3888 involvi,
1592 3821 1822 3891 jnreqne
1863 3839 1957 3890 per
1987 3824 2132 3878 illum

564 3911 1006 3981 transgressioitis
1053 3911 1370 3964 sententiam
1422 3924 1818 3978 susceperunt.,
1879 3919 2129 3981 tanquam

562 4004 686 4057 farti
731 4019 849 4057 cum
885 4005 1074 4056 colem
1113 3998 1506 4054 communionis
1542 4011 1811 4064 externte;
1841 4003 1927 4069 qui
1952 4001 2135 4069 utique

564 4108 671 4147 non
701 4091 906 4144 consuli
949 4099 1196 4158 tanquam
1245 4095 1442 4142 nostra:
1469 4089 1861 4142 communionis
1894 4091 2134 4143 homines

563 4181 670 4249 jam
703 4181 979 4240 deberent,
1007 4177 1102 4232 sed
1148 4187 1310 4244 tanqu
1331 4192 1397 4228 im
1430 4177 1481 4229 in
1508 4178 1778 4232 contrario
1800 4177 1954 4246 posii
2000 4196 2132 4233 ron-

561 4270 729 4323 sortio
765 4267 1002 4322 refutari.
1032 4265 1090 4320 Si
1121 4279 1249 4320 vero
1288 4280 1394 4318 non
1427 4268 1952 4322 comntunicaverant
1975 4261 2132 4324 ante-

559 4371 718 4425 quant
749 4355 973 4412 Aeacius
1003 4354 1103 4408 huc
1128 4354 1355 4408 referret
1383 4354 1476 4425 ιαι.
1508 4355 1863 4430 referretur],
1893 4372 1947 4414 et
1985 4376 2130 4416 com-

557 4448 917 4502 municantem
949 4453 1133 4498 notare
1161 4445 1477 4507 debuerant,
1509 4457 1562 4499 et
1583 4446 1698 4515 ipse
1725 4447 1794 4501 do
1821 4447 2009 4504 eodem
2038 4466 2105 4519 po

562 4539 665 4590 tius
695 4537 798 4589 huc
827 4534 1034 4589 referre
1052 4576 1069 4602 ,
1100 4541 1259 4602 atque
1287 4535 1594 4602 apostolica:
1622 4535 1765 4591 sedis
1795 4539 1975 4607 vigore
2003 4557 2127 4610 per-

558 4629 766 4683 culsum
786 4627 976 4681 merito
987 4624 1358 4693 comprobare,
1380 4641 1607 4696 eumque
1622 4643 1683 4682 ea
1698 4629 1826 4683 sede
1838 4633 2126 4700 apostolica

559 4715 821 4786 tantisque
859 4714 966 4769 illis
1011 4714 1291 4769 catholicis
1332 4718 1670 4784 pontificibus
1733 4721 1902 4788 magis
1946 4733 2128 4781 tenere

557 4806 917 4862 concordiam.
962 4805 1068 4860 Sed
1115 4805 1238 4874 quia
1264 4805 1332 4860 ab
1355 4806 1568 4862 illorum
1597 4809 1856 4866 societate
1884 4813 2124 4870 descive-

559 4909 708 4964 rant,
736 4911 790 4955 et
823 4913 1010 4953 eorum
1049 4899 1450 4954 successoribus
1481 4894 1881 4958 communicare
1911 4907 2124 4975 dt-lcge.

557 5002 708 5057 rant;
737 4991 857 5046 ideo
884 5004 1002 5044 cum
1024 4989 1152 5044 sedc
1175 4988 1466 5058 apostolica
1485 4990 1704 5045 minimc
1731 4995 2122 5063 congruebant:

629 5176 641 5204 ⁸
686 5174 760 5226 Id.
782 5171 924 5239 cod.,
949 5174 1044 5225 hoc
1085 5172 1270 5242 fama.

625 5245 643 5273 ⁸
685 5242 760 5296 ld.
796 5242 948 5303 cod.,
993 5245 1144 5296 etiam
1196 5245 1564 5296 communionis
1616 5257 1834 5300 externa:
1873 5248 2080 5315 c/[cctos

625 5328 700 5362 me
727 5312 841 5362 ideo
864 5325 979 5362 cum
1006 5311 1078 5362 eis
1103 5329 1213 5362 nec.
1234 5320 1338 5362 etc.

555 5324 700 5378 atque
727 5320 841 5364 ideo
864 5325 979 5363 cum
1006 5320 1078 5365 cis
1103 5329 1213 5372 nec,
1234 5320 1338 5366 etc.

625 5383 646 5410 ³
687 5380 811 5434 llaec
837 5380 1030 5434 desunt
1059 5382 1111 5435 in
1139 5382 1260 5436 cod.
1291 5382 1600 5438 Verenensi.

623 5449 646 5478 ⁵
680 5449 756 5503 Id.
783 5449 926 5520 cod.,
954 5451 1315 5520 probabantur.

626 5519 647 5549 ⁸
684 5519 919 5578 Id.c0d..
948 5519 1260 5574 cunctorum.
1287 5522 1410 5587 Qua
1430 5523 1497 5573 ad
1523 5522 1907 5578 instructionem
1937 5534 2113 5579 castra:

558 5589 983 5663 dilectionissatis
1012 5591 1240 5663 abundet;
1264 5607 1307 5644 te
1330 5591 1553 5658 snﬁicere
1571 5594 1866 5663 judicarint:
1889 5634 1902 5653 ,
1932 5610 2113 5663 quanta

559 5660 630 5711 vis
644 5661 815 5711 eadem
832 5658 1007 5724 latius,
1029 5660 1072 5710 si
1097 5657 1339 5712 Dentium
1355 5657 1649 5714 concesserit
1664 5657 1978 5728 facultatem,
2005 5673 2116 5717 stu-

557 5731 762 5799 deantus
785 5743 990 5799 expone:
1004 5743 1048 5792 ε,
1072 5739 1310 5794 quatenus
1329 5731 1609 5795 ctﬁdclitmt
1631 5734 1838 5798 quis'jnc
1849 5747 2112 5799 cognoscat

560 5797 686 5849 nihil
717 5798 1036 5861 apostolicam
1076 5805 1238 5852 sedeat
1261 5841 1274 5865 ,
1310 5801 1443 5866 quod
1468 5801 1623 5868 absit,
1660 5797 1981 5867 prtrprooérc
2002 5818 2115 5856 ceu.

2248 1998 2451 2061 punita,
2503 2005 2696 2060 par.ter
2735 2009 2945 2062 quome
2976 2009 3098 2046 cum
3148 1995 3361 2054 eodem.
3415 1995 3492 2046 vel
3536 1995 3589 2047 iu
3630 1996 3813 2048 eodem

2244 2093 2323 2136 est
2352 2084 2669 2148 complicutn
2701 2087 3051 2151 transgtcssio
3074 2085 3250 2152 punita
3283 2096 3618 2140 cunctorum.
3644 2086 3665 2114 ⁸
3685 2086 3809 2152 Qum

2246 2186 2420 2228 tamen
2455 2178 2715 2229 sententia
2751 2180 2799 2227 in
2844 2178 2887 2229 A
2925 2178 3095 2228 :tcizzm
3128 2175 3389 2231 destinata
3415 2217 3430 2239 ,
3463 2178 3565 2231 etsi
3600 2177 3815 2230 nomine

2245 2267 2608 2319 tantummodo
2663 2283 2832 2333 pra‘su
2859 2268 2903 2320 is
2943 2269 3220 2334 apostolici
3249 2308 3268 2333 ,
3310 2269 3461 2335 cujus
3491 2279 3608 2324 erat
3638 2277 3818 2339 ut‘que

2247 2357 2526 2424 potestatis
2573 2357 2821 2426 lt-gitimu-
2850 2399 2862 2417 .
2897 2361 3149 2427 probatur
3177 2373 3296 2413 esse
3322 2359 3655 2430 deprompta,
3686 2377 3817 2430 pra:-

2239 2452 2393 2518 cipue
2419 2467 2540 2505 cum
2571 2463 2782 2505 secreto
2810 2451 3088 2517 drigenda
3120 2451 3392 2507 videretur
3423 2469 3437 2506 :
3462 2468 3531 2508 ne
3557 2453 3819 2507 custodiis

2245 2542 2437 2610 tabique
2461 2542 2731 2609 praetentis
2759 2541 3042 2610 dispositio
3068 2543 3322 2597 salutaris
3351 2542 3675 2612 quibuslibet
3709 2544 3815 2598 dli-

2245 2633 2566 2686 llcttltatibus
2597 2633 2795 2700 impedi
2823 2647 2852 2685 a
2899 2633 3258 2688 necessarium
3293 2636 3488 2688 habere
3536 2650 3643 2688 non
3697 2651 3819 2706 pos-

2237 2729 2320 2777 set
2349 2721 2628 2786 eﬂectum;
2654 2725 2969 2791 tamenquia
2996 2723 3312 2780 orthodoxis
3343 2725 3538 2793 ubique
3567 2725 3814 2794 deiectis,

2238 2821 2292 2866 et
2317 2812 2582 2868 bau-eticis
2605 2813 2974 2867 tantummodo
3001 2829 3296 2884 eorumque
3326 2817 3666 2870 consortibus
3698 2817 3812 2887 jam

2237 2904 2440 2960 relictis
2487 2906 2538 2960 in
2567 2905 2816 2969 Oriente,
2858 2906 3108 2960 catholici
3153 2907 3433 2973 pontifices
3483 2917 3574 2962 aut
3617 2909 3818 2964 residui

2237 2999 2456 3048 omnino
2486 2989 2590 3048 non
2620 3009 2680 3051 es
2712 3005 2834 3062 ent,
2883 3005 2973 3048 aut
2999 2997 3196 3050 nullam
3225 3010 3473 3066 gererent
3511 2999 3817 3062 libertatem

2240 3087 2586 3156 plurimorum
2626 3087 2677 3138 in
2725 3086 2869 3139 Italia
2909 3086 3294 3142 catholicorum
3342 3092 3688 3159 congregatio
3735 3106 3819 3146 sa-

2237 3177 2542 3238 cerdotum;
2598 3175 2982 3230 rationabiliter
3031 3177 3082 3231 in
3132 3177 3383 3232 Acaviunt
3427 3179 3448 3210 ⁸
3499 3183 3819 3235 sententiam

2166 3249 2488 3336 Ccognovit
2548 3268 2710 3321 fuisse
2767 3267 3062 3336 prolatam,
3116 3285 3237 3336 qua:
3287 3271 3633 3338 congios-uio
3681 3272 3818 3328 facta

2241 3359 2546 3427 pntiflcum
2599 3375 2702 3412 non
2755 3349 2941 3411 contra
2984 3358 3506 3426 .Chalcedonensem,
3551 3377 3661 3416 non
3702 3371 3820 3418 tan-

2239 3471 2396 3522 quam
2452 3471 2585 3510 nova
2652 3455 2889 3523 synodus
2953 3465 3138 3510 contta
3193 3466 3428 3512 veterem
3487 3460 3822 3527 primamque

2237 3547 2257 3577 '
2289 3548 2569 3614 Cognovit;
2599 3546 2690 3599 sed
2742 3549 2918 3611 potius
2969 3547 3260 3601 secundum
3317 3557 3557 3602 ti-norem
3619 3551 3821 3605 veteris

2238 3638 2505 3692 constituti
2562 3638 2829 3706 particeps
2865 3637 3174 3705 apostolica
3215 3639 3578 3694 exsecutionii
3623 3639 3821 3696 εσθαι

2238 3739 2349 3788 est;
2375 3740 2429 3782 ut
2456 3729 2587 3782 satis
2612 3738 2862 3796 appareat
2888 3728 3180 3783 Ecclesiam
3212 3729 3530 3785 catholicam
3557 3770 3574 3795 ,
3603 3733 3820 3788 sedem-

2236 3835 2340 3889 que
2363 3821 2710 3887 apostolicam
2733 3859 2750 3885 ,
2781 3820 2902 3890 quia
2930 3822 3055 3875 alibi
3075 3821 3186 3888 jam
3217 3822 3436 3876 omnin
3457 3833 3818 3890 nongposset,

2237 3910 2324 3964 ubi
2357 3913 2525 3978 potuit
2553 3950 2570 3976 ,
2597 3923 2648 3966 et
2676 3926 2796 3964 cum
2825 3912 3015 3979 quibus
3039 3913 3227 3978 potuit.
3261 3910 3391 3966 nihil
3425 3913 3638 3981 penitus
3666 3915 3811 3970 omi-

2236 4000 2390 4064 sisse,
2413 4001 2554 4069 quod
2581 4001 2646 4054 ad
2682 4002 2970 4055 fratr-ritum
3003 4003 3293 4071 pertineret
3325 4003 3348 4036 ³
3373 4017 3471 4074 pro
3492 4003 3817 4059 intemerata

2237 4099 2293 4145 et
2315 4091 2523 4148 sincera
2561 4093 2940 4146 communioiie
2971 4101 3289 4157 tractatum;
3316 4096 3339 4129 ⁹
3365 4108 3486 4161 qua:
3526 4109 3648 4150 eum
3688 4095 3814 4150 nni-

2238 4198 2389 4236 versa
2443 4185 2689 4237 noverint
2735 4183 2826 4252 qui
2876 4184 3120 4238 videntur
3153 4185 3403 4240 Ecclesiis
3449 4186 3822 4245 Orientalibus

2235 4288 2376 4326 nunc
2389 4288 2645 4343 praesse,
2667 4283 2914 4342 preptere
2930 4274 3180 4330 oChristia
3190 4291 3310 4330 nam
3325 4277 3560 4345 reparari
3575 4280 3817 4348 legitima

2232 4365 2507 4418 curatione
2535 4364 2802 4433 refugiunt
2831 4365 3124 4430 unitatem;
3158 4366 3280 4435 quia
3320 4367 3661 4424 occasionem
3691 4371 3818 4424 dis-

2231 4453 2497 4508 sensionis
2536 4451 2695 4521 bujus
2740 4452 2848 4506 suis
2897 4452 3280 4510 ambitionibus
3306 4455 3689 4524 suffragantem
3719 4461 3820 4515 de-

2233 4557 2433 4613 ponere
2448 4542 2557 4611 jam
2586 4552 2831 4597 recusant
2850 4558 2864 4603 ;
2883 4541 3006 4611 quia
3029 4542 3144 4597 sine
3169 4545 3489 4602 auctoritate
3511 4548 3656 4602 sedis
3676 4566 3820 4617 apt)-

2231 4633 2434 4689 stolicze
2477 4632 2718 4688 onmium
2766 4632 3128 4688 Ecclesiarum
3182 4637 3378 4702 passim
3415 4637 3538 4706 jura
3579 4640 3818 4696 confun-

2231 4725 2391 4790 dant,
2438 4724 2605 4792 magis
2650 4722 2908 4792 eligentes
2955 4723 3008 4777 in
3055 4737 3241 4780 errore
3279 4731 3594 4795 persistere,
3644 4747 3817 4801 quam

2231 4815 2707 4886 prasttmptionum
2757 4830 2970 4870 suarum
3030 4816 3256 4885 perdere
3309 4818 3640 4890 facultatem,
3686 4824 3828 4895 plus

2230 4906 2635 4974 usurpationem
2692 4919 2908 4960 suarum
2968 4907 3237 4961 licentiam
3305 4908 3590 4979 diligentes
3644 4929 3816 4982 quam

2230 4996 2391 5052 divini
2429 4994 2614 5062 judicii
2661 5002 2904 5049 tenentes
2932 4994 3094 5050 corde
3122 5006 3448 5065 respectum.
3483 4997 3541 5054 lu
3570 5015 3681 5072 quo
3716 5018 3821 5059 ne-

2227 5180 2404 5235 suisse.
2443 5177 2566 5247 llaic
2584 5189 2615 5230 a
2645 5172 3183 5247 Labbeo_atl'eruntur
3205 5175 3272 5228 ad
3303 5175 3506 5232 calcem
3531 5177 3811 5247 epistola.

2296 5251 2318 5281 ⁸
2355 5247 2487 5320 Cod.
2522 5245 2720 5320 Veron.
2767 5243 2970 5320 omisso
3003 5252 3166 5300 vernn
3194 5247 3498 5301 sententiam
3539 5243 3614 5302 ita
3648 5250 3813 5320 legit,

2223 5319 2276 5371 in
2310 5317 2552 5372 Acacium
2581 5315 2739 5384 fuisse
2761 5314 2981 5384 prolata.

2293 5390 2314 5421 ’
2354 5386 2429 5441 Id.
2470 5381 2614 5446 cod.,
2643 5381 2907 5438 Cant-cuit.

2293 5459 2315 5490 ⁸
2355 5457 2430 5510 Id.
2454 5454 2599 5520 cod.,
2631 5470 2724 5521 pro
2748 5453 2802 5504 in
2815 5461 3050 5506 'cmcrata
3078 5453 3201 5521 ﬁde.

2291 5530 2314 5561 ⁸
2355 5527 2449 5606 llic
2487 5523 2666 5606 delirit
2716 5520 2834 5606 bzec
2871 5520 3100 5606 epistola
3124 5523 3179 5577 in
3376 5522 3671 5606 νει-ειπεῃεί
3693 5564 3720 5606 3
3757 5526 3813 5580 in

2219 5611 2325 5667 quo
2357 5598 2472 5651 tunc
2497 5592 2840 5667 subdentur;
2877 5591 3101 5667 Explicit
3134 5593 3347 5667 rationis
3373 5593 3650 5648 reddendo
3670 5600 3816 5650 Ace-

2214 5661 2351 5721 c'itun
2395 5681 2429 5719 α
2466 5664 2584 5718 sede
2622 5663 2903 5732 apostolicis
2954 5661 3113 5732 fuisse
3149 5663 3446 5716 damnatum
3469 5703 3486 5726 ,
3516 5679 3612 5718 nec
3654 5681 3817 5732 posse

2213 5749 2510 5804 quamquam
2533 5729 2965 5804 sinc'discrintiuc
2991 5729 3177 5786 animi:
3200 5747 3307 5787 sua
3333 5733 3452 5788 eius
3480 5729 3817 5790 commissae-

2220 5801 2299 5861 itis
2327 5803 2620 5871 participant
2660 5801 2796 5866 ﬁeri.
