3994 6472
231 568 297 621 77
1432 548 1786 612 EPISTOME
1825 546 1913 601 ΕΤ
1956 544 2273 603 DECRETA
2287 586 2299 599 .
3437 562 3503 614 78

230 692 382 734 cesso
403 686 483 732 est
510 674 675 730 velint
698 670 868 729 nolint
893 681 1001 727 tam
1028 671 1098 725 de
1150 669 1269 725 fidei
1309 663 1810 731 communionisque
1842 664 1883 719 Α
1916 658 2100 713 liceret
2123 657 2341 720 iterare,
2364 654 2566 707 nul’um
2598 663 2783 708 contra
2816 655 3055 725 singulos
3082 676 3325 732 quosque
3350 683 3504 735 μνον.

230 766 512 821 catholica:
539 763 848 820 sinceritate
879 763 1123 831 neglecta
1142 802 1157 825 ,
1183 775 1341 831 quam
1364 760 1431 812 de
1454 756 1694 826 paternis
1719 768 1811 806 ca-

233 855 464 911 nonibus
488 855 767 912 evidenter
794 852 1016 921 irruptis
1045 852 1308 921 recipiant
1338 848 1481 917 quod
1514 855 1814 902 merentur,

229 949 332 1005 nisi
383 942 510 1003 dum
570 945 657 1000 bie
730 955 943 1013 tempus
994 944 1226 999 admittit
1280 941 1396 997 luce
1449 937 1815 993 damnationis

231 1053 450 1096 :cterna:
483 1037 718 1108 pericula
743 1038 1017 1093 correctis.
1044 1035 1314 1091 mentibus
1360 1032 1612 1087 studeant
1658 1025 1819 1080 decli-

233 1147 364 1186 nare
384 1170 402 1193 .
452 1140 509 1185 ut
539 1128 747 1198 possint
788 1146 893 1184 non
922 1127 1058 1182 tales
1081 1138 1421 1195 permanere,
1450 1120 1643 1190 quibus
1672 1118 1819 1171 inso-

234 1221 417 1277 Iubilis
444 1233 525 1276 νει
555 1221 659 1274 lata
699 1220 987 1274 sententia.
1027 1215 1135 1273 Sed
1164 1230 1196 1269 a
1239 1213 1439 1268 talibus
1476 1210 1818 1272 recedentes,

234 1313 303 1365 ab
327 1311 515 1367 eadem
546 1310 812 1367 sententia
839 1325 947 1365 non
979 1308 1146 1364 teneri
1176 1323 1189 1360 :
1233 1320 1357 1377 quae
1385 1305 1526 1358 sicut
1553 1306 1604 1357 in
1635 1313 1822 1356 errore

235 1404 555 1458 durantibus
577 1396 844 1471 nunquam
866 1401 1119 1457 solvenda
1144 1397 1362 1469 praeﬁxa
1387 1408 1467 1453 est
1490 1438 1504 1460 ,
1537 1396 1617 1451 sic
1636 1395 1704 1447 ab
1737 1392 1824 1447 bis

235 1499 343 1553 erit
369 1496 573 1551 aliena.
617 1496 709 1565 qui
747 1493 1059 1550 exstiterint
1109 1491 1393 1563 punienda:
1423 1489 1701 1559 pravitatis
1731 1487 1826 1540 im-

238 1600 449 1641 munes.
501 1585 625 1640 llaec
669 1599 797 1639 vero
825 1583 893 1639 ad
921 1584 1329 1639 instructionem
1363 1594 1555 1637 vestrm
1581 1579 1825 1633 dilectio-

239 1680 326 1733 nis
376 1679 508 1733 satis
542 1678 862 1748 abundeque
898 1678 1148 1751 sufficere
1197 1676 1524 1744 judicamus,
1579 1671 1823 1739 quamvis

236 1769 426 1824 eadem
475 1768 669 1837 latius,
700 1770 747 1823 si
802 1768 1060 1824 Dominus
1116 1766 1444 1823 concesserit
1495 1762 1825 1824 facultatem,

238 1862 555 1915 stndeamus
590 1875 865 1927 exponere
897 1878 911 1914 :
952 1868 1216 1930 quatenus
1253 1869 1309 1913 et
1340 1856 1571 1911 ﬁdelium
1598 1854 1829 1924 quisque

236 1960 580 2022 cognoscat,
631 1952 765 2005 nihil
814 1950 1167 2019 apostolicam
1218 1948 1402 2004 sedem
1447 1946 1614 2015 (quod
1664 1940 1827 2009 absit)

1917 764 2008 801 sos
2040 762 2256 801 errores
2282 746 2475 798 stabile
2508 745 2813 808 [lt'l‘SiSiel‘ei
2852 749 3107 803 Ecclesiae
3130 757 3503 826 constitutum,

1918 851 1980 890 ac
2021 853 2239 906 semper
2268 837 2456 890 iisdem
2499 838 2771 890 furoribus
2801 840 3053 896 recidivis
3095 861 3219 898 omn
3246 863 3270 899 s
3301 847 3503 921 integra

1918 929 2165 984 definitio
2196 930 2522 984 turbaretur.
2546 930 2677 984 Nam
2703 930 2747 983 si
2782 931 3040 987 limitibus
3068 939 3229 991 etiam
3276 946 3507 1009 pratfhis

1920 1023 2212 1092 positarum
2244 1023 2413 1077 semel
2434 1024 2771 1093 synodalium
2804 1028 3131 1094 regularum,
3166 1047 3272 1085 non
3297 1049 3507 1095 cessant

1921 1115 2071 1169 elisae
2103 1124 2284 1183 pestes
2331 1118 2622 1185 resumptis
2662 1119 3077 1185 certaminibus,
3113 1136 3296 1180 contra
3325 1129 3510 1184 funda-

1924 1212 2163 1259 mentum
2188 1219 2310 1259 sese
2335 1206 2581 1259 veritatis
2614 1207 2881 1272 attollere,
2913 1220 2965 1263 et
2994 1212 3256 1282 simplicia
3286 1232 3512 1289 qumque

1923 1295 2085 1349 corda
2133 1303 2458 1363 percutere:
2507 1296 2631 1365 quid
2687 1298 2836 1351 fieret
2884 1300 2927 1353 si
2978 1302 3207 1357 subinde
3257 1308 3337 1360 fas
3372 1323 3513 1365 esset

1925 1382 2148 1452 perfidis
2173 1386 2311 1439 inire
2337 1388 2664 1440 concilium?
2691 1403 2811 1441 cum
2830 1391 3079 1459 qumlibet
3116 1396 3202 1448 illa
3235 1402 3513 1455 manifesta

1926 1475 1997 1528 sit
2024 1476 2224 1529 veritas
2252 1518 2265 1538 ,
2296 1492 2568 1546 nunquam
2618 1480 2756 1532 desit
2800 1483 2942 1549 quod
2976 1486 3275 1552 perniciosa
3320 1490 3514 1559 depro.

1929 1578 2040 1621 mat
2065 1568 2275 1623 falsitas
2296 1609 2311 1633 ,
2339 1570 2442 1623 etsi
2474 1573 2713 1635 ratione",
2747 1574 2831 1628 vel
2876 1577 3201 1635 auctoritate
3234 1582 3514 1649 deficiens,

1928 1659 2041 1713 sola
2099 1671 2277 1716 tamen
2330 1664 2630 1720 intentione
2684 1681 2789 1720 non
2835 1670 3055 1725 cedens.
3108 1672 3237 1739 Quae
3286 1680 3514 1745 majores

1930 1753 2096 1805 nostri
2128 1753 2304 1808 divina
2337 1756 2688 1823 inspiratione
2714 1773 3033 1827 cernentes,
3062 1770 3367 1825 necessarie
3386 1788 3517 1839 prac-

1930 1857 2211 1904 caveruot.
2263 1858 2320 1899 ut
2366 1849 2509 1914 quod
2551 1860 2737 1903 eontra
2789 1867 3225 1926 unamquamque
3270 1859 3517 1918 ltmresim

1931 1946 2113 1993 coacta
2146 1942 2387 2009 synodus
2418 1957 2514 2008 pro
2548 1942 2648 1996 fide
2675 1988 2687 2009 ,
2718 1948 3131 2015 communione,
3165 1952 3394 2008 veritate
3423 1971 3518 2010 Ca-

238 2056 584 2112 prmprupere
606 2043 907 2106 censuisse,
936 2051 991 2097 et
1012 2055 1117 2095 non
1150 2040 1349 2094 habere
1379 2038 1520 2107 quod
1538 2036 1683 2105 jnste
1708 2047 1827 2101 pos-
1866 2026 1908 2083 Β
1936 2031 2131 2086 tltolica
2164 2044 2324 2093 atque
2350 2035 2645 2103 apostolica
2678 2038 3088 2107 promulgasset,
3128 2056 3234 2095 non
3283 2044 3519 2103 sinerem

238 2136 310 2190 sit
337 2150 635 2203 opponere,
671 2150 922 2203 perversa
967 2136 1225 2189 doceatur
1275 2132 1613 2202 improbitas.
1669 2130 1832 2182 Recte

241 2234 420 2281 autem
450 2227 608 2282 faciet
631 2236 811 2282 vestra
842 2226 1062 2282 dilectio
1085 2270 1100 2292 ,
1139 2236 1191 2280 ut
1231 2227 1331 2279 ista
1362 2238 1482 2294 qua:
1521 2222 1829 2283 scribimus,

242 2320 449 2387 pariter
496 2318 778 2374 catholicis
816 2328 871 2375 et
920 2320 1191 2373 contraria
1245 2317 1581 2382 sapientibus
1622 2316 1833 2369 innote-

240 2418 442 2463 scant:
491 2424 600 2479 quo
646 2418 702 2464 et
753 2409 904 2463 sanis
953 2410 1257 2465 necessaria
1309 2410 1556 2472 firmitas,
1599 2415 1656 2461 ct
1696 2395 1834 2459 male

240 2498 391 2555 sanis
421 2509 737 2571 competens
767 2498 1032 2555 medicina
1068 2499 1394 2568 praebeatur.
1438 2498 1629 2552 Datum
1656 2496 1836 2549 calen-

241 2591 331 2647 dis
359 2591 664 2662 Februarii,
697 2594 712 2624 ¹
740 2591 955 2648 Victore
972 2592 1088 2647 viro
1107 2590 1413 2648 clarissimo
1440 2588 1686 2647 consule.

694 2724 1001 2783 EJUSDEM
1040 2724 1397 2781 Εριδτοιηε

801 2858 977 2899 τοκιιι
1018 2860 1262 2900 Βιιῑνιοιι.
1320 2866 1330 2876 ’

318 2954 694 3012 Dilectissimis
756 2957 1009 3013 fratribus
1075 2959 1339 3015 universis
1406 2956 1677 3029 episcopis
1746 2968 1840 3024 per

242 3047 569 3104 Dardaniam
597 3052 910 3108 constitutis
933 3049 1204 3107 Gelasius.

318 3137 485 3194 Valde
516 3141 696 3195 mirati
749 3156 957 3209 sumus,
1017 3142 1163 3212 quod
1198 3151 1378 3198 vestra
1436 3140 1655 3195 dilectio
1688 3136 1838 3205 quasi

244 3245 440 3285 novam
488 3242 545 3288 et
594 3232 757 3287 veluti
812 3233 1090 3288 difficilem
1138 3233 1521 3303 quaestionem,
1566 3241 1618 3286 et
1667 3229 1842 3282 adhuc

242 3332 497 3393 tanquam
536 3324 832 3379 inauditum
863 3325 1135 3396 quippiam
1181 3340 1342 3381 nosse
1370 3325 1635 3381 desiderat
1659 3366 1674 3389 ,
1700 3318 1839 3387 quod

1936 2122 2088 2175 novis
2129 2132 2247 2182 rost
2294 2123 2409 2177 bmc
2438 2135 2692 2179 retractat
2714 2128 2907 2183 onibus
2939 2132 3201 2200 mutilari,
3251 2152 3317 2191 ne
3348 2142 3521 2207 pravis

1937 2215 2154 2267 occasio
2196 2216 2526 2281 praebczctur
2569 2236 2687 2285 qua:
2740 2221 3131 2279 tmdicinaliter
3161 2226 3377 2284 fuerant
3410 2244 3522 2284 sta-

1938 2314 2049 2357 tuta
2110 2308 2296 2375 pulsan
2325 2309 2384 2373 ii;
2429 2310 2521 2362 sed
2576 2320 2797 2366 auctore
2835 2313 3124 2382 cujuslibet
3171 2318 3414 2385 insztnizc,
3464 2340 3525 2377 ac.

1940 2400 2141 2465 pariter
2193 2414 2380 2454 errore
2428 2400 2727 2470 damnato,
2772 2403 3020 2461 sufficere
3069 2408 3409 2480 judicaruut,
3472 2426 3524 2467 ut

1938 2489 2185 2559 quisquis
2257 2494 2547 2560 aliquando
2618 2495 2773 2563 hujus
2838 2500 3039 2552 erroris
3094 2504 3522 2559 communicaior

1938 2580 2215 2639 existeret.
2246 2582 2524 2651 principali
2556 2588 2821 2639 sententia
2847 2587 3206 2646 damnationis
3236 2592 3351 2663 ejus
3375 2608 3523 2650 esset

1939 2675 2268 2741 obstrictus;
2313 2677 2566 2745 quoniam
2613 2680 2896 2735 maniis-ate
2940 2682 3163 2749 quilibet
3199 2686 3281 2741 vel
3314 2690 3523 2758 profes-

1939 2768 2091 2822 sione
2112 2783 2225 2833 sua,
2260 2770 2346 2823 vel
2375 2772 2756 2827 communione
2790 2790 2885 2836 i-os
2916 2785 2972 2830 et
2998 2780 3236 2848 agnosci.

2012 2857 2078 2912 Et
2100 2868 2159 2913 ut
2190 2860 2467 2915 brevizatis
2496 2877 2659 2917 causa
2699 2866 2877 2932 priora
2913 2878 3183 2923 taceamus
3206 2912 3222 2936 ,
3253 2887 3373 2941 qua:
3408 2876 3529 2931 dili-

1939 2965 2072 3019 gens
2104 2951 2391 3020 inquisitor
2440 2951 2595 3009 facile
2633 2958 2829 3023 poterit
2876 2960 3185 3029 vestigare:
3238 2955 3529 3023 Sabelliuut

1939 3040 2208 3094 damnavit
2242 3042 2519 3112 synodus,
2559 3060 2658 3099 nec
2687 3044 2787 3099 fuit
2822 3062 3042 3104 necesse
3088 3060 3149 3105 ut
3196 3053 3313 3121 ejus
3357 3070 3530 3111 secta-

1942 3140 2087 3184 tores
2110 3140 2296 3199 postea
2346 3132 2753 3202 damnarentur,
2798 3137 3039 3206 singulas
3068 3142 3264 3197 viritim
3295 3148 3530 3216 synodus

1942 3222 2207 3278 celebrari
2236 3265 2251 3287 ,
2305 3226 2402 3280 sed
2460 3242 2555 3295 pro
2610 3239 2800 3288 tenore
2847 3234 3249 3291 υιιηθιίιυιίουίε
3298 3240 3532 3309 antiquae

1943 3325 2167 3369 cunctos
2210 3316 2299 3383 qui
2351 3316 2433 3372 vel
2474 3318 2754 3387 pravitatis
2798 3322 2939 3375 illius
2966 3365 2979 3385 ,
3011 3326 3095 3380 vel
3137 3332 3533 3387 communi-nis

242 3387 597 3482 Eutvcbianm
646 3387 974 3483 pestilentia;
995 3387 1526 3480 'comtnunicatm-es,
1586 3387 1691 3469 non
1740 3413 1831 3465 ha-
1859 3387 1907 3448 (ἶ
1941 3419 2035 3458 οκε
2063 3406 2197 3463 ῖίθτθ
2230 3410 2554 3479 Parthinos.
2590 3414 2911 3468 υηῖνοτδςιιίε
2938 3416 3174 3473 Et‘CIt‘sisl
3210 3421 3363 3476 duxit
3403 3440 3529 3479 esse

242 3504 438 3560 benres
456 3504 585 3574 quid
618 3519 717 3574 pro
746 3520 857 3559 suae
887 3507 1204 3575 perditionis
1233 3508 1594 3563 obstinatione
1620 3518 1840 3573 respon-

241 3596 447 3662 deant,
479 3597 746 3667 frequenti
772 3596 883 3667 jam
916 3600 1125 3653 ratione
1155 3597 1424 3665 convicti,
1470 3599 1582 3650 sola
1615 3604 1840 3649 conten-

243 3688 393 3742 tione
445 3688 885 3742 submurmnrant
928 3707 940 3742 :
985 3706 1089 3743 non
1138 3691 1265 3760 quia
1326 3690 1399 3742 sit
1446 3687 1673 3752 alicujus
1723 3699 1840 3738 mo-

244 3778 413 3831 menti
440 3781 581 3847 quod
612 3780 853 3845 garriunt
880 3820 896 3842 ,
930 3796 1030 3834 nec
1060 3782 1338 3834 invi-nium
1367 3780 1579 3849 penitus
1601 3776 1727 3847 quid
1761 3777 1841 3831 lo-

241 3878 500 3938 quantur.
528 3868 629 3926 Ubi
659 3872 827 3941 magis
855 3887 951 3928 eos
980 3874 1067 3942 qui
1090 3874 1368 3929 CuliluiiCiS
1398 3874 1647 3927 sensibus
1680 3870 1835 3924 insti-

243 3960 345 4016 tuti
377 3971 525 4029 sunt,
556 3962 734 4016 adbuc
770 3963 978 4019 ltmrere
1010 3966 1294 4029 miramur,
1343 3979 1501 4033 quam
1544 3964 1663 4017 illos
1694 3962 1783 4030 qui
1811 3979 1837 4012 a

243 4068 330 4107 vct
346 4052 476 4106 itatc
497 4054 834 4120 exciderunt,
862 4064 916 4109 et
942 4058 1010 4110 ab
1034 4058 1253 4127 antiqua
1274 4055 1527 4110 Ecclesia:
1557 4055 1841 4109 traditione

244 4156 375 4199 sunt
404 4145 567 4210 devii,
602 4145 856 4214 profanas
883 4163 1073 4203 vocum
1108 4150 1374 4203 novitates
1410 4158 1463 4201 et
1487 4148 1714 4215 ineptias
1751 4162 1843 4199 ca-

246 4236 403 4292 duca:
428 4236 798 4306 perversitatis
815 4241 1130 4295 obtendere.
1159 4240 1364 4306 Quibus
1386 4255 1481 4293 eos
1508 4250 1681 4293 vestra
1706 4238 1842 4291 dile-

244 4329 361 4385 ctio
387 4330 570 4384 retulit
590 4328 877 4399 jaetitare.
928 4332 1050 4387 ideo
1076 4331 1329 4387 Acacium
1361 4347 1467 4385 non
1501 4341 1690 4399 putare
1716 4330 1839 4399 jure

244 4421 588 4487 damnatum,
631 4423 771 4491 quod
826 4438 933 4476 non
988 4438 1018 4476 a
1074 4424 1295 4492 speciali
1336 4424 1548 4491 synodo
1591 4423 1842 4477 videatur

247 4513 420 4568 fuisse
460 4512 732 4581 deiectus,
761 4525 815 4569 et
851 4516 1073 4585 insuper
1096 4516 1422 4569 dementiam
1450 4529 1562 4569 sua:
1593 4513 1842 4569 vanitatis

245 4605 591 4659 accumulare
650 4606 928 4671 pueriliter
952 4648 968 4671 ,
1016 4606 1332 4676 adjic’entcs
1362 4623 1375 4659 :
1417 4609 1689 4674 ρνιιιεὲρνω
1715 4623 1843 4676 pon-

245 4694 441 4765 tiﬁcem
470 4700 626 4766 regia:
644 4699 879 4754 civitatis.
915 4699 1256 4769 Quspropter
1282 4700 1560 4753 stultitiam
1585 4714 1841 4768 respuen-

250 4797 338 4839 tes
370 4786 604 4841 inanium
632 4791 1002 4858 querelarum,
1047 4805 1364 4858 percurrere
1401 4807 1497 4844 vos
1532 4801 1747 4858 oportet
1773 4791 1842 4845 ab

250 4876 386 4945 ips‘s
416 4875 589 4931 beatis
617 4880 903 4947 apostolis,
936 4891 991 4935 et
1020 4882 1367 4936 considerare
1397 4881 1692 4951 prudenter
1709 4896 1843 4950 quo-

252 4969 398 5021 niam
430 4979 608 5034 patres
631 4970 839 5035 nostri,
870 4972 1123 5026 catholici
1154 4972 1406 5027 videlicet
1427 4970 1679 5038 doctique
1712 4987 1846 5039 pon-

250 5057 449 5122 tiﬁces,
480 5060 531 5114 in
560 5076 883 5132 unaquaque
914 5063 1106 5119 haeresi
1130 5064 1376 5133 quolibet
1405 5073 1653 5133 tempore
1672 5063 1847 5118 susci-

248 5156 365 5201 tata
392 5192 407 5215 ,
440 5151 700 5221 quidquid
734 5168 831 5223 pro
877 5154 982 5210 fide
1013 5195 1029 5219 ,
1060 5170 1157 5223 pro
1183 5156 1445 5219 veritate,
1477 5169 1575 5224 pro
1602 5169 1847 5209 commu-

250 5242 419 5295 nione
454 5245 719 5300 catholica
765 5258 929 5317 atque
956 5250 1252 5316 apostolica
1282 5250 1577 5305 secundum
1607 5250 1847 5318 Scriptu-

247 5347 433 5386 rarutn
472 5335 740 5391 tramitem
788 5338 1340 5410 pradicationemque
1387 5340 1651 5410 majorum
1708 5341 1845 5397 facta

249 5429 424 5483 semel
461 5432 878 5500 congregatione
925 5442 1260 5501 sanxerunt,
1292 5434 1663 5489 inconvulsum
1696 5435 1847 5489 deiu-

248 5531 385 5585 ceps
414 5518 725 5583 voluerint,
758 5522 1080 5592 firmumque
1110 5532 1363 5579 constare
1388 5568 1403 5591 ,
1441 5540 1540 5578 nec
1572 5525 1623 5577 in
1652 5526 1841 5579 eadem

248 5624 413 5667 causa
439 5610 621 5667 denuo
658 5627 780 5681 qum
809 5614 1027 5677 prmiisa
1082 5613 1295 5669 fuerant
1325 5615 1637 5681 retractari,
1672 5617 1841 5685 quali-

248 5699 346 5755 bst
370 5701 575 5755 recenti
602 5702 1021 5771 praesumptione
1046 5704 1424 5771 permiserint;
1447 5704 1843 5773 sapientissime

250 5791 622 5859 providentes,
652 5795 907 5862 quoniam
950 5794 996 5849 si
1023 5795 1239 5849 decreta
1265 5795 1567 5850 salubriter
1590 5798 1838 5865 cuiquam

1942 3500 2281 3555 refutandus.
2329 3502 2419 3558 Sic
2476 3516 2693 3571 proiizer
2743 3506 3105 3575 bla-pbemias
3155 3512 3268 3566 Atii
3300 3556 3315 3579 ,
3364 3514 3534 3573 forma

1944 3591 2066 3646 fidci
2089 3595 2589 3665 contmtmiouisqzsc
2610 3598 2893 3653 catholica
2922 3601 3138 3658 Nicmno
3168 3606 3373 3673 prolata
3405 3626 3536 3666 con-

1942 3698 2125 3750 ventu,
2158 3686 2389 3741 Arimvos
2426 3704 2649 3753 omnes,
2674 3692 2756 3746 vel
2788 3696 3030 3763 quisquis
3060 3698 3111 3752 in
3156 3700 3296 3755 hanc
3326 3715 3531 3772 pestem

1942 3776 2057 3831 sive
2078 3793 2239 3832 sensu
2270 3779 2383 3833 sive
2412 3784 2797 3840 communi-nc
2816 3786 3095 3853 deciderit,
3127 3792 3247 3847 sine
3276 3806 3537 3851 retracta-

1944 3869 2089 3922 tione
2120 3871 2413 3928 concludit.
2446 3874 2536 3929 Sic
2571 3876 2892 3933 Euuomium
2922 3923 2936 3946 ,
2982 3884 3379 3956 Macedonium,
3435 3894 3536 3951 Ne-

1943 3962 2170 4015 storium
2194 4002 2207 4023 .
2240 3965 2480 4033 synodus
2509 3970 2679 4022 semel
2710 3980 2859 4037 gesta
2883 3974 3282 4043 condemnans,
3315 3984 3536 4037 ulterius

1941 4048 2008 4101 ad
2061 4064 2195 4101 nova
2248 4053 2477 4107 concilia
2510 4056 2696 4111 venire
2742 4073 2846 4111 non
2896 4061 3062 4127 sivit;
3105 4065 3200 4119 sed
3256 4071 3538 4127 universos

1942 4154 2264 4208 quocunque
2286 4144 2448 4197 modo
2477 4145 2527 4198 in
2557 4146 2654 4201 bas
2681 4146 3043 4218 blaspbeinias
3069 4155 3390 4224 recidentes,
3425 4172 3532 4218 tra~

1942 4230 2057 4286 dito
2086 4233 2187 4285 sibi
2234 4233 2404 4290 limite
2443 4236 2688 4307 synodali
2732 4241 2986 4304 refutavit
3014 4243 3280 4310 Ecclesia,
3315 4267 3415 4307 nec
3444 4272 3541 4309 tn-

1944 4336 2102 4387 qnam
2134 4333 2277 4377 recte
2305 4327 2537 4380 ee~sisse
2568 4328 2911 4384 manifestum
2940 4344 3055 4399 est,
3081 4337 3320 4403 qualibet
3352 4358 3539 4398 ncces-

1945 4412 2103 4467 sitate
2132 4424 2358 4481 cogente
2386 4458 2401 4480 ,
2430 4418 2643 4472 naviter
2677 4436 2798 4489 qu:e
2841 4425 3053 4478 fuerant
3091 4428 3382 4486 salubriter
3406 4451 3537 4489 con-

1945 4507 2167 4573 Stituta,
2212 4519 2531 4565 temerasse.
2580 4512 2697 4567 Non
2738 4526 2919 4570 autem
2949 4535 3045 4573 nos
3079 4521 3206 4576 latet
3235 4525 3288 4578 in
3329 4536 3534 4595 tempe-

1947 4604 2088 4651 state
2142 4601 2533 4665 persecutionis
2579 4605 2794 4659 Arianae
2840 4607 3102 4673 plurimos
3150 4615 3436 4680 pont~fires
3471 4622 3539 4673 de

1947 4686 2182 4753 exsiliis,
2220 4705 2351 4756 pace
2382 4692 2613 4753 rrddita,
2637 4697 2970 4764 respirantes
2990 4716 3087 4768 per
3112 4715 3207 4759 cer
3232 4720 3294 4761 as
3325 4712 3541 4776 provin-

1946 4777 2056 4830 cias
2096 4781 2436 4850 congregatis
2480 4798 2666 4837 secum
2713 4788 2969 4842 fratribus
3016 4790 3284 4847 Ecclesias
3322 4812 3542 4869 compti.

1947 4871 2122 4924 suisse
2153 4872 2429 4938 turbatas;
2459 4889 2567 4929 non
2597 4887 2775 4930 tamen
2805 4892 2858 4931 ut
2894 4880 3035 4934 illius
3063 4886 3257 4954 synodi
3288 4886 3415 4941 Niea
3437 4908 3539 4955 nm,

1949 4963 2207 5033 quidquid
2236 4964 2304 5019 de
2334 4966 2440 5021 lide
2477 4978 2533 5022 et
2560 4973 2946 5026 communione
2974 4975 3240 5032 catbolica
3284 4981 3541 5037 delinivc-

1951 5064 2055 5119 rat,
2110 5055 2480 5125 immutarem,
2536 5073 2637 5114 nec
2687 5076 2821 5115 nova
2870 5080 3200 5136 quemquam
3236 5072 3541 5140 prolapsum

1951 5146 2300 5203 damnatione
2352 5149 2748 5220 percellerent,
2788 5154 2882 5208 sed
2930 5154 3075 5213 illius
3112 5156 3317 5214 decreti
3350 5171 3541 5220 tenore

1952 5244 2055 5298 nisi
2085 5245 2420 5311 resipuisset,
2444 5246 2756 5316 indicavere
2776 5250 3109 5317 damnatum,
3133 5266 3386 5325 essetque
3410 5273 3540 5312 con-

1954 5351 2208 5405 sequens,
2236 5347 2293 5391 nt
2316 5338 2419 5393 nisi
2449 5340 2770 5410 corrigeret,
2802 5340 3133 5399 damnationi
3168 5349 3351 5414 procul
3376 5348 3540 5402 dubio

1950 5428 2277 5498 subjaceret.
2332 5429 2539 5498 Quibus
2581 5434 2988 5498 convenie:.ter,
3022 5446 3080 5489 ut
3108 5436 3309 5492 dictum
3339 5450 3441 5503 est,
3474 5457 3540 5497 es

1951 5529 2171 5586 paterna
2200 5520 2493 5579 traditione
2517 5524 2797 5592 perpensis
2817 5525 3161 5591 confidimus,
3191 5530 3331 5598 quod
3361 5534 3542 5586 nullus

1948 5616 2056 5678 jam
2092 5614 2355 5667 veraciter
2396 5613 2734 5669 Christianus
2768 5616 2976 5686 ignoret
3005 5622 3429 5691 uniuscujusque
3452 5640 3541 5696 s3,-

1952 5705 2075 5758 nndi
2107 5708 2491 5771 constitutum,
2526 5708 2671 5777 quod
2704 5709 3023 5764 univcrsaiis
3059 5711 3313 5767 Ecclesirc
3337 5716 3536 5784 proba-

1954 5800 2029 5852 vit
2061 5815 2311 5853 asseusns
2338 5842 2352 5861 ,
2380 5801 2579 5855 nullam
2624 5803 2796 5873 magis
2821 5807 3045 5873 exsequi
3072 5806 3255 5859 sedem
3285 5818 3543 5877 oportere

379 5948 736 6008 Seribcudum
789 5962 871 6006 est
920 5910 1166 6015 Victore;
1202 5950 1291 6019 qui
1322 5964 1408 6005 an.
1467 5950 1669 6006 etiam
1736 5952 1837 6031 tas
1859 5954 2197 6010 consulatum
2230 5953 2396 6015 gessit
