3994 6398
547 439 614 493 79
1873 420 2047 475 CELA
2057 417 2114 476 Sl

2219 419 2379 474 ΑΗΕ
2421 419 2436 472 l
3715 413 3782 468 80

543 562 650 616 pra!
677 545 906 608 caeteris,
937 559 1094 616 quam
1141 543 1384 613 primam,
1409 552 1528 606 qua:
1570 545 1624 591 et
1664 547 2095 604 unamquamque
2125 535 2178 594 Α
2204 533 2348 588 sedis
2391 531 2713 603 episcopus?
2747 529 2912 597 Cujus
2956 528 3379 599 metropolitanie
3407 527 3643 583 civitatis
3682 544 3778 580 an-

541 638 801 709 ιιιιοειιιηι
851 651 944 690 sua
990 634 1299 699 auctoritate
1349 630 1664 689 conﬁrmat,
1701 633 1758 680 et
1793 623 2096 680 continuata

543 729 912 783 tn0tlel'.tli0ttc
964 724 1226 788 custodit;
1269 735 1369 789 pro
1391 735 1489 774 suo
1535 718 1745 773 scilicet
1779 715 2095 784 principatu,

539 834 699 887 quem
738 819 923 874 beatus
954 814 1224 885 apostolus
1270 811 1459 866 Petrus
1498 809 1706 863 Domini
1752 821 1884 862 voce
1917 817 2102 876 perce-

542 920 689 977 ptum
713 950 727 973 ,
774 908 1008 962 Ecclesia
1054 903 1402 959 nihilominus
1436 899 1822 969 subsequente,
1852 904 1907 949 et
1927 892 2101 949 tenuit

538 1013 749 1066 semper
775 1007 830 1052 et
856 997 1073 1052 retinet.

606 1087 730 1140 llaec
748 1087 874 1139 dum
898 1085 1148 1140 Acacium
1172 1083 1333 1138 certis
1358 1081 1710 1149 comperisset
1728 1076 1943 1132 indiciis
1960 1089 1989 1128 a
2005 1088 2101 1131 vr.-

536 1176 692 1230 ritate
710 1173 977 1240 deviasse,
997 1173 1198 1227 diutius
1213 1173 1312 1225 ista
1339 1185 1444 1224 non
1465 1168 1716 1234 credens,
1734 1180 1930 1238 quippe
1944 1177 2100 1233 quem

537 1273 758 1320 noverat
789 1273 1158 1320 exsecutorem
1201 1274 1346 1329 saepe
1372 1260 1693 1314 necessariae
1739 1254 2104 1327 dispositionis

535 1371 648 1411 sua:
674 1363 860 1410 contra
888 1353 1166 1408 hereticos
1193 1351 1498 1413 exstitisse,
1539 1365 1636 1419 per
1676 1351 1961 1404 triennium
1989 1346 2104 1400 fere

540 1449 672 1502 littei
687 1447 732 1501 is
757 1444 1035 1501 destinatis
1059 1441 1307 1498 eumdem
1335 1454 1552 1495 monere
1580 1455 1686 1494 non
1716 1439 1941 1505 destitit,
1967 1437 2106 1491 sicut

536 1556 635 1612 per
655 1538 899 1594 diversos
929 1535 1090 1590 missa
1117 1533 1445 1588 iamiliariter
1463 1531 1656 1600 scripta
1681 1539 1964 1586 testantur.
1978 1526 2106 1594 Qui.

535 1632 634 1686 bus
661 1631 749 1685 ille
779 1629 1006 1699 primum
1027 1637 1277 1693 tanquam
1304 1624 1489 1678 dedito
1504 1623 1720 1678 silentio
1738 1621 1866 1676 nihil
1887 1633 2106 1688 respon-

533 1721 662 1776 dere
718 1730 1054 1789 proponens,
1109 1714 1322 1769 tandem
1371 1712 1660 1782 aliquando
1706 1710 1885 1765 missis
1913 1707 2105 1764 litteris

534 1813 832 1888 proﬁtetur,
856 1821 916 1863 se
948 1805 1309 1862 Alexandrino
1335 1804 1686 1872 Petro,quem
1710 1802 1944 1870 expetita
1971 1813 2106 1868 apo-

532 1902 657 1956 stoli
691 1917 737 1955 ie
781 1899 925 1956 sedis
966 1907 1251 1955 exsecutor
1282 1897 1397 1968 ipse
1447 1910 1660 1966 quoque
1709 1895 2100 1955 damnaverat,

533 1991 734 2059 alisque
761 1988 1069 2058 apostolica:
1095 1987 1240 2042 sedis
1268 1987 1453 2040 notitia
1481 1983 1856 2041 communione
1879 1983 2111 2052 permix-

535 2090 665 2135 tum.
711 2079 857 2134 Beati
885 2087 1064 2134 autem
1109 2077 1252 2133 Petri
1299 2077 1478 2140 sedes,
1529 2089 1647 2145 qua
1693 2073 2110 2130 Alexandrinum

539 2172 751 2225 Petrum
773 2185 833 2225 se
860 2169 1231 2224 tantummodo
1257 2168 1562 2236 damnasse,
1581 2183 1685 2222 non
1709 2165 1868 2221 etiam
1886 2165 2111 2220 solvisse

539 2269 775 2326 noverat,
811 2277 917 2315 non
946 2261 1177 2330 recepit;
1206 2272 1366 2331 atque
1394 2258 1536 2325 ideo,
1564 2271 1633 2314 ne
1657 2273 1752 2328 per
1777 2259 2026 2313 Acacium
2057 2256 2110 2310 in

539 2351 679 2406 Petri
712 2365 921 2420 quoque
949 2351 1278 2406 consortium
1309 2350 1614 2413 duceretur,
1647 2350 1817 2419 ipsum
1847 2361 2057 2417 quoque
2079 2359 2108 2398 a

539 2458 636 2498 sua
687 2442 1064 2496 communione
1111 2439 1399 2504 submovit,
1429 2447 1483 2493 et
1522 2441 1701 2493 multis
1736 2439 1908 2493 modis
1939 2449 2112 2491 trans-

539 2547 841 2601 gressoreni
871 2549 899 2583 a
939 2544 1037 2585 sua
1064 2529 1323 2606 societate
1347 2529 1472 2585 iecit
1509 2529 1763 2584 a'ienum.
1795 2526 1891 2583 llic
1917 2527 1962 2582 si
1978 2539 2110 2580 exa-

543 2623 766 2678 minatio
791 2623 1068 2692 qumritur,
1094 2618 1206 2690 jam
1233 2619 1437 2688 judicio
1457 2633 1565 2672 non
1592 2627 1709 2672 eat
1736 2629 1873 2684 opus
1897 2656 1913 2679 ,
1962 2623 2111 2683 post-

539 2731 700 2784 quam
731 2713 923 2767 litteris
951 2715 1065 2766 suis
1095 2711 1211 2779 ipse
1236 2709 1517 2764 confessus
1544 2716 1649 2764 est.
1685 2705 1741 2762 Si
1781 2704 2113 2759 auctoritatis

542 2805 749 2875 pondus
777 2803 1086 2874 inquiritur,
1115 2798 1569 2855 Chalcedonensis
1597 2797 1788 2871 synodi
1819 2806 2005 2852 tenore
2047 2793 2110 2848 il-

543 2896 644 2950 ltus
698 2893 1026 2949 d'elinitionis
1060 2890 1334 2947 exsecutio
1371 2889 1674 2959 reperitur,
1721 2901 1830 2957 quo
1878 2884 2111 2941 damnati

543 2991 650 3044 ilhc
671 2988 876 3042 erroris
899 2984 1325 3041 eommunicator
1351 2980 1594 3048 eﬂectus,
1644 2980 1877 3050 praeﬁxa:
1913 2976 2114 3036 nihilo-

543 3078 718 3133 minus
735 3074 1094 3131 damnationis
1109 3073 1376 3145 particeps
1393 3072 1647 3127 existeret
1667 3085 1684 3138 ;
1699 3069 1949 3140 quoniam
1971 3066 2114 3122 idem

543 3170 658 3238 ipse
682 3181 858 3231 error,
881 3165 971 3234 qui
992 3164 1162 3221 semel
1184 3174 1266 3218 est
1291 3178 1414 3219 cum
1441 3177 1540 3218 suo
1562 3172 1782 3217 auctore
1805 3161 2109 3223 damnatus,

2204 623 2392 677 tistest
2412 622 2598 678 Nonne
2622 619 2888 691 parm-Isim
2920 619 3287 675 Heracleensis
3309 618 3604 673 Ecclesia?
3628 617 3685 674 Si
3706 619 3779 674 iii

2201 720 2350 766 certe
2377 712 2523 767 licuit
2550 711 2665 767 sine
2689 709 2896 781 synodo
2932 711 3271 765 sententiam-
3287 709 3599 780 apostulica:
3636 712 3781 768 sedis

2202 805 2546 872 abrumpere,
2578 804 2721 859 nulla
2759 803 2876 873 ejus
2917 803 3314 857 coiisultatione
3343 800 3598 871 quaesita;
3641 802 3784 857 itane

2203 911 2333 952 vero
2366 911 2469 950 non
2512 896 2664 951 licuit
2714 897 2899 964 prima:
2944 894 3059 948 sedi
3103 894 3560 950 Chalcedonensis
3588 895 3783 966 synodi

2203 985 2510 1048 constituta,
2538 985 2671 1038 sicut
2691 985 2891 1047 decuit,
2921 984 3260 1051 exsequenti,
3295 984 3606 1052 huiusmodi
3638 1000 3784 1054 pra:-

2204 1076 2553 1132 varicitorem
2580 1089 2676 1128 sua
2714 1075 3031 1130 auctoritate
3068 1073 3387 1129 detrudere?
3419 1073 3528 1130 Sed
3561 1089 3663 1131 nec
3692 1076 3783 1130 illa

2205 1167 2561 1237 printerimus,
2581 1165 2722 1235 quod
2743 1165 3033 1232 apostolica
3059 1164 3216 1220 sedes
3241 1165 3575 1234 frequenter,
3611 1175 3669 1220 ut
3701 1167 3738 1220 d
3761 1195 3786 1206 -

2205 1265 2348 1311 ctum
2388 1267 2491 1320 est,
2550 1272 2698 1310 more
2745 1256 3041 1324 majorum,
3082 1255 3247 1311 etiam
3280 1256 3399 1311 sine
3439 1255 3547 1310 ulla
3573 1262 3787 1329 synodo

2207 1349 2563 1418 priecedente,
2596 1347 2910 1402 exsolvendi
2937 1363 3073 1416 quos
3092 1349 3334 1419 synodus
3361 1349 3539 1416 iniqua
3558 1349 3783 1404 damna-

2207 1448 2377 1500 Verat,
2406 1447 2461 1493 et
2485 1438 2770 1493 damnandi
2797 1438 2938 1491 nulla
2960 1437 3227 1493 existente
3252 1440 3461 1510 synodo
3473 1453 3611 1507 quos
3625 1455 3788 1509 opor-

2207 1528 2328 1592 tuit,
2357 1528 2605 1581 habuerit
2633 1528 2963 1582 facultatem.
3004 1527 3221 1582 Sancta:
3263 1530 3464 1598 quippe
3510 1531 3790 1584 memoriae

2205 1617 2559 1673 Athanasium
2589 1620 2829 1690 synodus
2859 1619 3145 1674 Orientalis
3171 1619 3452 1675 addixerat
3471 1661 3488 1686 ,
3519 1636 3681 1689 qucm
3710 1633 3789 1674 ta-

2207 1723 2328 1764 men
2359 1716 2638 1773 exceptum
2691 1709 2850 1764 sedes
2893 1708 3220 1776 apostolica,
3277 1713 3400 1775 una
3445 1709 3779 1764 damnationi

2209 1797 2513 1854 Graecorum
2547 1814 2651 1852 non
2697 1799 2990 1864 consensit,
3030 1799 3281 1855 absolvit.
3328 1800 3543 1856 Sanciae
3588 1817 3792 1857 metuo.

2135 1889 2182 1952 Β
2210 1890 2304 1944 ria:
2332 1889 2677 1944 nihilominus
2706 1889 2964 1945 Joannem
3002 1888 3296 1947 Conatanti.
3319 1892 3648 1961 opt-litantim
3697 1908 3793 1964 sy-

2213 1981 2385 2035 nodus
2415 1981 2577 2036 etiam
2597 1981 2981 2058 catholicorum
3009 1984 3293 2049 pnosulum
3324 1993 3473 2039 certe
3499 1984 3793 2040 damnave-

2210 2081 2316 2136 rat,
2344 2086 2501 2141 quem
2534 2070 2692 2126 simili
2723 2072 2885 2126 modo
2923 2073 3082 2127 sedes
3126 2073 3416 2142 apostolica
3447 2075 3610 2129 etiam
3644 2076 3795 2144 sola,

2208 2161 2330 2230 quia
2359 2176 2464 2214 non
2511 2162 2802 2225 consensit,
2832 2160 3084 2216 absolvit.
3127 2161 3365 2231 Itemque
3392 2175 3636 2219 sanctum
3669 2165 3793 2220 Fla-

2211 2254 2424 2306 vianum
2452 2253 2754 2321 pontiﬁcem
2787 2251 3096 2308 Griecorum
3135 2255 3548 2324 congregatione
3571 2257 3793 2312 damna-

2213 2353 2322 2400 tuiu
2357 2344 2471 2414 pari
2499 2354 2706 2408 tenore,
2738 2344 2990 2414 quoniam
3026 2343 3143 2398 sola
3183 2345 3342 2400 sedes
3368 2347 3660 2416 apostolica
3685 2363 3796 2404 non

2210 2435 2509 2500 consensit,
2530 2432 2800 2498 absolvit;
2851 2432 3134 2504 potiusque
3168 2433 3278 2490 illic
3316 2446 3562 2506 receptus
3583 2437 3795 2501 luerat,

2216 2525 2526 2581 Dioscorum
2549 2526 2800 2580 secunda:
2828 2526 2977 2581 sedis
3021 2527 3304 2596 praesulem
3339 2542 3434 2582 sua
3473 2530 3797 2585 auctoritate

2214 2615 2509 2684 damnavit,
2536 2627 2588 2672 et
2619 2616 2833 2686 impiam
2861 2617 3123 2687 synodum
3142 2632 3248 2674 non
3268 2619 3658 2676 couseutiendo
3677 2622 3796 2677 sola

2213 2707 2506 2771 submovit,
2542 2718 2597 2763 et
2627 2723 2723 2776 pro
2753 2714 2974 2763 veritate
3015 2719 3074 2762 ut
3116 2709 3355 2780 synodus
3389 2708 3798 2768 Chalcedonen-

2211 2799 2287 2855 sis
2315 2798 2484 2861 lieret,
2516 2800 2629 2854 sola
2659 2799 2918 2856 decrevit.
2949 2800 3006 2856 In
3031 2816 3136 2872 qua
3165 2813 3223 2859 ut
3248 2817 3378 2872 ergo
3420 2803 3537 2859 sola
3572 2804 3665 2874 jus
3699 2808 3799 2861 ha-

2214 2889 2332 2945 buit
2349 2890 2664 2946 absolvendi
2695 2905 2789 2946 eos
2811 2905 2948 2961 quos
2977 2892 3236 2964 synodica
3282 2893 3497 2949 decreta
3553 2896 3797 2965 percole

2213 2987 2358 3048 rant,
2389 2979 2466 3035 sic
2492 2981 2650 3036 etiam
2671 2981 2790 3037 sine
2817 2982 3024 3052 synodo
3050 2983 3101 3037 in
3133 2983 3232 3038 hac
3263 2987 3451 3039 eadem
3478 2999 3642 3041 causa
3680 2989 3799 3057 p’u-

2214 3072 2382 3127 rimos
2407 3073 2568 3128 etiam
2608 3075 3050 3142 metropolitanos
3095 3076 3384 3132 damnasse
3427 3083 3795 3148 cognoscatur.

2286 3161 2438 3231 Quod
2459 3163 2506 3218 si
2533 3164 2653 3233 quis
2681 3164 2794 3220 hinc
2820 3164 2887 3218 ab
2914 3167 3209 3234 apostolica
3229 3169 3359 3223 sede
3386 3170 3469 3224 vel
3498 3170 3799 3226 secundum

543 3263 599 3317 in
627 3258 887 3330 pastis-ipe
906 3255 1144 3326 quolibet
1171 3256 1350 3325 prava
1371 3254 1769 3308 communionis
1796 3251 1989 3306 edocto
2009 3289 2028 3317 ,
2057 3257 2113 3305 et
2137 3245 2186 3308 C
2216 3253 2478 3324 synodum
2501 3263 2617 3308 acta
2647 3255 3012 3323 reprehendit,
3041 3267 3238 3325 praeter
3257 3259 3400 3329 quod
3419 3259 3592 3328 prisca
3615 3276 3799 3316 rerum

544 3350 967 3407 exsecrationem
996 3346 1080 3404 sui
1100 3353 1272 3417 gestat
1289 3337 1346 3401 et
1377 3358 1612 3416 ptruam.
1641 3345 1758 3412 Quo
1803 3352 1991 3398 tenore
2019 3339 2114 3395 Tl-

546 3440 794 3496 motlieus
820 3439 1002 3500 etiam,
1035 3446 1196 3505 atque
1216 3435 1330 3504 ipse
1361 3433 1754 3488 Alexandrinus
1784 3432 1997 3496 Petrus,
2025 3430 2117 3499 qui

547 3531 837 3589 secundam
859 3538 1006 3583 certe
1035 3527 1215 3581 sedem
1256 3526 1488 3581 tenuisse
1529 3523 1863 3587 videbantur,
1899 3536 2002 3574 non
2033 3535 2119 3575 re-

551 3622 712 3693 petita
739 3620 968 3691 synodo,
982 3616 1077 3673 sed
1097 3618 1413 3672 auctoritate
1436 3614 1804 3669 tantummodo
1829 3614 1972 3666 sedis
1991 3625 2124 3679 apo-

550 3714 772 3781 stolicae,
822 3713 938 3780 ipso
985 3724 1196 3779 quoque
1241 3709 1434 3764 Acacio
1481 3706 1787 3776 postulante
1831 3710 1915 3761 vel
1967 3719 2121 3759 exse-

550 3814 766 3875 quentc,
801 3803 1091 3872 probantur
1121 3813 1243 3854 esse
1271 3799 1527 3853 damnati.
1557 3799 1709 3867 Quod
1731 3797 1811 3864 si,
1835 3807 2010 3849 uirum
2037 3809 2122 3850 er-

553 3895 661 3949 rori
688 3893 776 3948 vel
802 3890 1221 3962 pmxaricationi
1247 3889 1654 3944 communicarit
1680 3888 1929 3951 Aeacius,
1961 3886 2119 3941 forsi—

2217 3345 2534 3416 probatione
2557 3348 2916 3414 convincitur,
2948 3348 3162 3404 interim
3208 3350 3378 3406 multo
3406 3352 3576 3421 magis
3602 3355 3802 3409 Acach

2219 3453 2327 3493 non
2358 3437 2572 3493 licuisse
2594 3436 2868 3493 fatebitur.
2900 3439 3051 3494 Dicat
3075 3453 3205 3509 ergo
3229 3454 3334 3512 qua
3351 3441 3467 3511 ipse
3483 3443 3696 3514 synodo
3713 3459 3803 3501 se-

2218 3527 2408 3583 cundae
2427 3527 2572 3582 sedis
2597 3529 2889 3584 antistitem
2927 3530 3352 3601 qualemcunque
3373 3571 3388 3594 ,
3435 3542 3584 3588 certe
3611 3534 3804 3590 catho-

2222 3619 2404 3686 licum,
2432 3628 2488 3672 et
2525 3634 2555 3678 a
2581 3619 2859 3674 catlioticis
2901 3619 3235 3688 ordinatum,
3284 3636 3383 3676 nec
3421 3621 3489 3677 de
3536 3623 3803 3680 catholica

2224 3709 2327 3760 llde
2355 3716 2410 3761 et
2437 3710 2813 3764 communione
2841 3711 3198 3779 aliquatenus,
3222 3711 3549 3780 impetitum,
3586 3714 3805 3772 duxerit

2222 3797 2642 3864 excludendum;
2695 3809 2749 3854 ct
2801 3801 3106 3855 haereticuin
3164 3802 3503 3858 manifestum
3544 3803 3803 3873 Petrum,

2221 3902 2315 3941 sua
2345 3903 2557 3958 quoque
2585 3889 2928 3943 exsecutione
2954 3891 3288 3956 damnatum,
3327 3893 3594 3950 catholico
3623 3901 3804 3965 ponti-

556 3995 643 4038 tan
672 3984 879 4037 dicatur
911 3980 1214 4050 oportuisse
1243 3989 1510 4038 constare.
1561 3979 1796 4033 breviter
1823 3977 2125 4045 prazbemus
2227 3975 2311 4032 lici
2342 3978 2644 4046 permiserit
2679 3981 2976 4046 subrogari.
3024 3981 3138 4048 Qua
3187 3983 3395 4053 synodo
3440 3985 3613 4039 tertiae
3658 3989 3808 4042 sedis

557 4081 621 4132 ad
658 4077 758 4132 ista
802 4089 1150 4144 responsum,
1206 4083 1291 4126 aut
1341 4073 1484 4127 enim
1525 4072 1624 4141 ipsi
1654 4071 1882 4125 doceant
1909 4069 2124 4123 Petrum
2226 4067 2533 4136 episcopum
2572 4079 2816 4122 sanctum
2869 4070 3249 4127 Calettdionelu
3295 4072 3421 4128 fecit
3466 4077 3707 4145 expelli,
3741 4094 3808 4133 ac

562 4168 824 4223 veraciter
852 4165 1188 4235 legitimeque
1241 4170 1538 4232 purgatum,
1561 4161 1702 4215 etab
1725 4161 1868 4215 omni
1909 4159 2124 4213 ha-reti-
2228 4159 2577 4219 nihilominus
2595 4160 2768 4215 cidem
2799 4160 3013 4214 Petrum
3046 4173 3151 4216 tam
3200 4164 3540 4220 manifestum
3589 4167 3811 4223 horreti-

556 4274 742 4312 eorum
771 4256 1087 4324 contagione
1110 4255 1210 4307 rite
1239 4253 1527 4306 discretum
1553 4265 1674 4304 eum
1695 4250 1743 4303 ei
1769 4249 2125 4303 connnunica-
2225 4264 2347 4304 cum
2380 4261 2435 4305 ut
2463 4251 2637 4305 eidem
2668 4252 2841 4320 palam
2865 4267 2962 4306 nec
2988 4267 3046 4306 se
3074 4256 3477 4311 communicare
3506 4261 3812 4326 prietende-

560 4351 632 4402 \ll
662 4347 904 4408 Aeacius,
933 4347 976 4399 si
1007 4344 1122 4413 ejus
1137 4344 1640 4397 communicatio-em
1666 4349 1849 4409 putant
1873 4340 2124 4394 Acacium
2228 4347 2332 4405 ret,
2361 4354 2457 4393 sua
2486 4354 2675 4408 passus
2700 4350 2782 4394 est
2808 4341 3168 4410 dispositione
3194 4344 3464 4399 substitui.
3497 4349 3609 4410 Qua
3654 4349 3812 4403 deni-

562 4441 894 4508 aliquatenus
921 4434 1304 4495 excusandum,
1333 4441 1423 4485 aut
1441 4433 1507 4497 si,
1538 4431 1675 4499 quod
1725 4431 1890 4500 magis
1918 4439 2001 4484 est
2037 4445 2127 4485 ve-
2228 4449 2331 4503 que
2357 4448 2452 4502 per
2479 4442 2646 4488 totum
2669 4435 2940 4490 Orientem
2971 4437 3204 4504 synodo,
3235 4437 3421 4505 ejectis
3449 4439 3766 4494 ortliodoxis
3793 4486 3812 4506 ,

563 4543 701 4593 rum,
728 4528 1110 4581 convenienter
1138 4534 1296 4592 atque
1327 4523 1559 4592 legitime
1586 4522 1796 4577 Petrum
1847 4537 1954 4574 non
2005 4536 2127 4591 pro—
2153 4591 2193 4597 _
2229 4522 2376 4576 nullo
2403 4524 2627 4579 crimine
2656 4523 2953 4589 inaculatis,
2988 4539 3178 4592 pravos
3206 4540 3447 4597 quosque
3489 4539 3542 4582 et
3569 4530 3814 4586 crimini-

565 4619 802 4673 haverint
830 4617 1096 4684 expiatum
1114 4654 1129 4679 ,
1163 4623 1323 4668 restat
1346 4623 1406 4692 iit
1449 4616 1563 4681 ejus
1593 4613 1645 4665 in
1685 4613 1984 4680 expiatione
2025 4616 2128 4664 lue-
2153 4591 2206 4652 ι)
2232 4615 2331 4670 bus
2362 4616 2625 4669 involutos
2651 4631 2745 4669 sua
2769 4617 3071 4683 provisione
3095 4619 3368 4685 supposuit
3393 4619 3415 4672 ?
3436 4619 3549 4686 Qua
3599 4627 3814 4691 synodo

565 4712 654 4778 rit,
684 4721 738 4766 et
764 4712 850 4779 qui
881 4710 928 4763 ei
962 4708 1397 4770 communicavit,
1432 4707 1678 4761 infectos.

640 4799 744 4855 Nec
776 4800 930 4868 plane
958 4810 1193 4852 tacemus
1219 4799 1359 4865 quod
1390 4808 1577 4850 cuncta
1603 4813 1694 4864 per
1715 4796 1965 4851 mundum
1984 4799 2134 4852 novit

569 4892 830 4956 Ecclesia,
860 4892 1105 4960 quoniam
1139 4890 1493 4957 quorumhbet
1524 4889 1973 4959 sententiisligata
1998 4902 2130 4958 pon-

569 4981 765 5036 tillcum
787 4983 941 5035 sedes
966 4980 1106 5036 beati
1154 4979 1294 5032 l’ctri
1325 4978 1550 5046 apostoli
1598 4979 1684 5047 jus
1731 4979 1924 5033 haheat
1961 4980 2132 5034 resol-

567 5074 721 5130 vendi
754 5091 767 5126 :
793 5083 850 5127 ut
876 5080 997 5141 pote
1028 5087 1145 5140 qua:
1168 5070 1234 5125 de
1272 5069 1417 5123 omni
1447 5069 1683 5124 Ecclesia
1711 5070 1788 5123 las
1820 5069 2008 5124 habeat
2045 5069 2132 5139 ju-

566 5165 811 5229 dicandi,
869 5179 1039 5232 neque
1079 5162 1324 5231 cuiquam
1380 5162 1534 5215 liceat
1591 5161 1659 5216 de
1704 5162 1828 5230 ejus
1885 5162 2132 5231 judicare

567 5255 783 5326 judicio.
812 5251 1084 5321 Siquidem
1106 5252 1171 5304 ad
1203 5251 1348 5304 illam
1384 5252 1450 5304 de
1491 5251 1722 5319 qualibet
1761 5253 1938 5305 mundi
1982 5262 2131 5320 parte

571 5357 806 5398 canones
835 5341 1090 5410 appellari
1121 5341 1404 5402 voluerint,
1436 5340 1502 5394 ab
1530 5340 1613 5393 illa
1660 5349 1834 5394 autem
1866 5355 2023 5396 nemo
2062 5343 2132 5397 sit

570 5434 840 5503 appellare
870 5434 1181 5500 permissus.
1216 5430 1546 5498 Quapropter
1573 5437 1781 5482 constat
1822 5433 1950 5483 satis
1995 5439 2132 5486 Aca-

572 5526 708 5580 cium
741 5524 939 5577 nullum
982 5522 1226 5574 habuisse
1278 5521 1601 5587 pontilicium
1638 5521 1953 5574 sententiam
1991 5522 2134 5576 sedis

573 5616 876 5684 apostolica:
906 5614 1021 5666 sine
1052 5612 1150 5663 ulla
1182 5612 1298 5677 ejus
1321 5612 1534 5662 notione
1558 5611 1819 5662 solvendi.
1845 5609 1956 5676 Qua
1980 5624 2128 5666 certe

575 5706 772 5776 synodo
802 5707 898 5756 hoc
940 5703 1026 5755 illa
1060 5712 1397 5769 prreuimpsu
1423 5740 1437 5762 ,
1480 5703 1618 5768 quod
1668 5716 1764 5753 nec
1808 5703 1885 5754 sic
1925 5702 2126 5770 absque

577 5797 856 5866 apostolica
889 5797 1013 5849 sede
1056 5797 1132 5848 las
1171 5795 1381 5862 quidem
1407 5796 1642 5868 .ltiilml‘ttl
1681 5795 1936 5852 efﬁcere?
1965 5797 2125 5865 Cujus

2235 4715 2312 4762 tot
2337 4708 2507 4760 aliena
2537 4707 2811 4776 privilegia
2858 4709 3120 4762 nefandus
3151 4709 3374 4776 populus
3415 4711 3652 4766 invasit?
3705 4714 3815 4768 Sed

2235 4797 2353 4851 libri
2382 4813 2486 4851 non
2509 4797 2773 4852 sullicieut
2801 4798 2846 4852 si
2872 4798 3156 4866 tragwdias
3184 4799 3298 4866 ejus
3318 4813 3452 4868 quas
3495 4815 3589 4870 per
3622 4803 3786 4858 Eccle

2232 4891 2339 4944 sias
2366 4892 2527 4944 totius
2552 4889 2785 4945 Orientis
2834 4891 3104 4954 exercuit,
3148 4891 3454 4958 singillatim
3501 4893 3817 4950 describere

2236 4984 2540 5038 moliamur.
2572 4987 2651 5037 An
2683 4983 2813 5037 illud
2844 4985 3010 5051 ipsius
3047 4993 3416 5052 argumentum
3467 4985 3622 5040 nobis
3668 5000 3818 5041 sese-

2239 5086 2384 5128 mant
2410 5076 2806 5145 opponendum,
2839 5093 2944 5144 quo
2975 5075 3207 5130 facinora
3251 5092 3347 5131 sua
3381 5078 3434 5132 in
3473 5077 3816 5144 imperialeni

2238 5167 2384 5220 visus
2407 5177 2489 5221 est
2514 5168 2719 5235 jactare
2747 5166 3072 5235 personam?
3099 5164 3207 5220 Cur
3235 5167 3395 5236 igitur
3415 5206 3431 5232 ,
3469 5170 3688 5237 quando
3719 5184 3819 5223 vo—

2239 5256 2332 5310 luit
2362 5257 2563 5311 obstitii
2595 5257 2848 5311 Basilisco
2879 5266 3135 5328 tyranno,
3165 5268 3311 5312 certe
3339 5265 3397 5312 et
3434 5257 3692 5312 limretco
3724 5275 3818 5310 vc-

2239 5347 2514 5402 hemenier
2545 5348 2780 5402 infesto?
2805 5345 2916 5401 Cur
2943 5348 3039 5417 ipsi
3069 5349 3376 5419 imperatori
3399 5347 3604 5403 Zenoni
3628 5388 3646 5416 ,
3689 5353 3817 5420 quia

2241 5443 2411 5508 palam
2443 5441 2776 5495 Antiocheno
2806 5439 2965 5494 Petro
2992 5440 3162 5495 noluit
3186 5442 3588 5498 communicare
3609 5482 3627 5507 ,
3661 5459 3817 5498 suam

2239 5545 2343 5582 non
2372 5530 2609 5584 subdidit
2634 5531 2994 5584 voluntatem?
3034 5531 3173 5586 Eete
3203 5530 3372 5600 potuit
3408 5531 3459 5584 in
3491 5531 3614 5586 aliis
3643 5535 3819 5588 resulo

2237 5628 2350 5672 tare
2400 5622 2441 5673 si
2475 5621 2655 5674 vellet.
2705 5626 2783 5674 An
2836 5636 2942 5674 non
2973 5622 3260 5689 Apostolus
3289 5620 3418 5676 dicit
3450 5637 3463 5673 ε
3502 5621 3621 5676 Non
3645 5626 3817 5677 solum

2235 5710 2318 5770 qui
2345 5710 2558 5776 faciunt,
2586 5712 2672 5761 sed
2695 5711 2844 5762 etiam
2864 5711 2952 5778 qui
2979 5713 3295 5765 consentiunt
3316 5712 3643 5778 (admiseris,
3671 5729 3817 5766 reatu

2235 5802 2424 5868 pariter
2454 5810 2567 5854 sum
2590 5800 2808 5852 irrctiti?
2845 5801 2950 5854 Sed
2981 5809 3036 5855 ut
3062 5815 3122 5855 ca
3162 5817 3282 5870 qum
3315 5802 3471 5856 latius
3501 5805 3819 5872 explicanda
