3994 6424
247 413 308 465 8|
1459 393 1812 454 EPISTOLAS
1854 390 1938 444 ET
1981 390 2154 445 DECR
2166 390 2294 446 ETA
2308 432 2321 443 .
3462 381 3529 432 8'2

249 533 369 576 sunt
397 532 726 582 omittamus,
754 519 900 586 quid,
946 517 1085 586 quod
1135 517 1251 584 ipsc
1305 515 1484 568 Zenon
1541 515 1830 579 imperator
1865 507 1910 564 Α
1941 522 2060 559 cutu
2097 521 2264 558 novas
2299 518 2488 558 causas
2510 516 2632 558 essn
2674 502 3105 571 perpenderent,
3162 509 3272 550 toto
3315 500 3535 554 Oriente

249 627 359 665 suis
390 612 580 664 litteris
613 610 892 678 proﬁtetur
921 617 1107 660 cuneta
1141 622 1264 660 sese
1299 624 1360 659 ex
1395 606 1570 658 Acaeii
1598 605 1832 673 gessisse

247 701 495 763 consilio,
521 716 618 754 nec
645 706 744 752 hoc
766 714 886 751 eum
917 697 1099 751 fallere
1130 698 1318 750 litteris
1348 696 1457 749 suis
1487 696 1600 762 ipse
1619 709 1835 764 quoque

249 802 476 845 testatur
507 790 764 853 Aeacius,
812 790 898 856 qui
939 800 993 844 et
1034 804 1155 844 eum
1201 788 1545 842 nihilominus
1582 789 1832 841 universa

251 893 397 935 recte
418 883 648 949 gessisse
675 881 1011 948 conscripsit,
1036 889 1090 934 et
1117 895 1214 932 suo
1244 879 1472 933 consilio
1505 878 1618 932 [nec
1642 880 1832 932 eadem

253 982 400 1040 gesta
436 987 538 1023 ttott
573 973 755 1025 tacuit.
785 971 947 1038 Quasi
978 985 1103 1024 vero
1128 979 1340 1023 tantum
1385 971 1436 1024 in
1489 970 1833 1024 Alexandrini

253 1061 392 1114 l‘etri
418 1062 797 1118 communione
818 1062 1044 1116 Aeacius
1067 1062 1441 1129 przcvaricator
1468 1061 1755 1124 exstiterit,
1782 1069 1839 1115 et

251 1152 440 1204 nonin
483 1152 729 1204 omnibus
751 1166 883 1220 quos
923 1150 1004 1204 vel
1051 1150 1172 1204 fecit
1201 1191 1216 1215 ,
1267 1151 1506 1217 depulsis
1558 1152 1838 1204 catholicis

253 1241 613 1310 pontiﬁcibus,
651 1253 899 1309 tanquam
925 1252 1208 1311 tyrannus,
1238 1242 1492 1296 Ecclesiis
1515 1243 1840 1310 quibu<cun-

249 1347 356 1399 que
380 1334 613 1400 praeponi
639 1347 656 1396 ;
689 1334 772 1386 vel
799 1334 973 1387 taliter
996 1335 1295 1402 pr:epositis
1320 1349 1574 1400 perm-rsa
1598 1350 1841 1388 commn-

253 1423 416 1476 nione
445 1425 738 1491 permixtus
759 1431 862 1486 est,
893 1426 978 1490 qtti
1010 1423 1109 1477 hoc
1141 1425 1254 1492 ipso
1283 1424 1578 1477 secundum
1608 1439 1840 1479 canones

254 1513 472 1566 fuerant
498 1514 564 1564 ab
593 1513 962 1569 ecclesiastica
996 1515 1281 1567 tommutti.
1308 1532 1375 1568 tte
1411 1515 1678 1579 pellendi,
1734 1531 1840 1584 qtto

256 1616 318 1656 se
347 1603 487 1668 passi
517 1612 642 1657 sunt
663 1619 1003 1658 successores
1028 1604 1160 1658 vivis
1188 1606 1557 1660 sacerdotibus
1578 1607 1837 1661 adhiberi.

263 1697 394 1764 Quis
417 1703 592 1746 autem
624 1712 726 1746 nott
754 1695 1039 1762 perspiciat
1065 1694 1420 1763 Christianus,
1471 1698 1611 1765 quod
1658 1699 1842 1750 rathe-

258 1789 375 1840 In-is
399 1787 736 1853 pontiﬁcibus
759 1804 785 1836 a
816 1792 1026 1854 propria
1047 1787 1177 1842 sede
1201 1788 1445 1857 dejectis,
1467 1804 1571 1842 non
1603 1789 1703 1843 nisi
1729 1789 1840 1844 hae-

1944 596 2141 661 depelli
2169 611 2183 656 ;
2217 606 2271 648 et
2298 595 2481 650 caeteri
2506 593 2631 663 quid
2662 603 2938 654 caverent,
2987 607 3049 644 ex
3103 591 3315 644 illorum
3347 593 3532 658 quali-

1940 697 2047 740 tate
2071 688 2377 741 discernere
2401 687 2718 756 potuissent.
2751 686 2939 739 Restat
2971 685 3132 752 igitur
3161 694 3218 736 ttt
3243 683 3381 735 illius
3415 699 3531 749 pat-

1940 781 2007 834 lis
2037 797 2131 835 eos
2155 781 2316 835 fuisse
2348 782 2416 834 sit
2443 781 2671 842 clarum,
2703 781 2785 832 cui
2813 794 2871 832 se
2903 791 3022 844 post
3061 787 3139 830 tot
3161 777 3530 844 experimenta

1939 873 2224 931 dederunt.
2284 873 2585 940 meritoque
2621 871 2688 924 ab
2717 871 3011 936 apostolica
3050 869 3178 923 sede
3217 867 3537 933 ceterisque

1939 964 2220 1018 catholicis
2246 980 2350 1016 non
2383 963 2489 1031 jam
2521 963 2839 1018 con~nlendi
2873 973 3047 1025 erant,
3088 962 3181 1015 sed
3216 962 3394 1028 potius
3438 976 3534 1013 no-

1941 1056 2108 1109 tandi.
2171 1056 2400 1109 llisiutus
2456 1067 2633 1110 autem
2681 1056 2822 1124 quod
2884 1057 3296 1124 pratrogativaut
3348 1058 3539 1107 volunt

1943 1147 2138 1201 Acacio
2168 1134 2495 1213 comparari,
2533 1149 2656 1216 quia
2687 1150 2978 1217 episcopus
3014 1148 3167 1200 fuerit
3211 1149 3372 1217 regite
3409 1147 3539 1200 civi-

1943 1237 2086 1289 tatis.
2118 1237 2361 1304 Nunquid
2389 1241 2527 1304 apud
2563 1238 2950 1306 Mediolanum,
2995 1240 3135 1303 apud
3187 1240 3496 1292 llavemtam
3524 1280 3537 1300 ,

1943 1328 2082 1396 apud
2109 1329 2384 1386 Sirmium.
2412 1329 2550 1397 apud
2585 1329 2838 1382 Treviros
2864 1332 3050 1384 multis
3080 1330 3416 1398 temporibus
3435 1344 3540 1380 non

1945 1419 2185 1473 constitit
2221 1421 2558 1485 imperator?
2590 1419 2969 1489 Nunquidnam
3006 1422 3195 1474 barum
3226 1421 3434 1473 urbiutn
3460 1434 3542 1471 sa-

1944 1514 2191 1568 cerdotes
2219 1516 2354 1569 ultra
2387 1532 2695 1569 mensuram
2726 1516 2943 1568 sibimet
2987 1515 3282 1581 antiquitus
3316 1513 3542 1579 deputa-

1946 1615 2053 1660 tam
2078 1607 2350 1674 quidpiam
2378 1607 2491 1661 suis
2516 1607 2867 1675 dignitatibus
2894 1616 3221 1672 usurparunt
3249 1604 3266 1654 ἶ
3297 1604 3505 1668 Nunqui
3532 1605 3542 1652 l

1947 1699 2171 1750 Aeacius
2197 1709 2246 1750 ιιι
2281 1697 2541 1751 Joannem
2576 1698 2871 1765 quemlibet
2905 1699 3174 1748 hominem
3211 1697 3539 1748 catholicum

1952 1799 2148 1850 tamen,
2179 1804 2206 1839 a
2240 1787 2521 1840 catholicis
2552 1788 2857 1840 ordinatum
2892 1787 2960 1841 de
3005 1787 3210 1840 Alexan
3236 1787 3329 1839 tria
3363 1787 3546 1840 exclu-

258 1881 413 1934 tet‘ci
445 1889 732 1946 potuerunt
759 1879 1026 1933 introduci
1054 1879 1076 1932 ?
1123 1881 1326 1947 Quibus
1369 1891 1544 1934 tamen
1591 1883 1799 1935 cunctis
1825 1922 1838 1945 ,
1876 1871 1918 1929 Β
1949 1881 2118 1942 deret,
2139 1878 2461 1945 Petrumque
2485 1879 2540 1931 in
2565 1879 2752 1933 haeresi
2781 1879 2890 1945 jam
2911 1877 3176 1931 detectum
3205 1889 3366 1945 atque
3395 1878 3545 1930 dam-

256 1971 340 2022 vel
372 1980 557 2022 auctor
591 1971 682 2022 iuit
737 1973 964 2024 At-acius
993 1972 1346 2038 subtogandis
1372 2012 1387 2034 ,
1428 1974 1508 2026 vel
1542 1973 1844 2042 subrogatis

255 2065 683 2114 rommunicator
709 2065 954 2119 accessit.
982 2064 1062 2116 his
1089 2064 1269 2131 u'ique
1297 2065 1384 2132 qui
1411 2079 1438 2116 a
1467 2065 1845 2120 communione

259 2154 564 2206 nullatenus
591 2154 989 2218 tltSCl‘epatbaltl.
1021 2156 1126 2208 (Zur
1157 2170 1286 2222 ergo
1317 2157 1398 2208 vel
1426 2172 1548 2209 cum
1584 2157 1696 2210 haec
1730 2158 1844 2212 ﬁeri

261 2245 485 2310 videret,
521 2261 624 2298 non
657 2247 794 2298 sicut
819 2246 916 2300 sub
943 2247 1197 2300 Basilisco
1227 2248 1337 2314 jattt
1373 2249 1594 2314 fecerat,
1629 2251 1693 2302 ad
1716 2266 1845 2318 apo-

257 2335 500 2386 stoliCam
526 2335 705 2388 sedem
744 2336 946 2388 referre
982 2339 1186 2389 curavit
1218 2354 1230 2388 :
1258 2348 1310 2388 ιιι
1340 2338 1383 2390 si
1412 2340 1556 2392 Solus
1593 2340 1705 2406 ipse
1737 2356 1842 2393 non

263 2435 491 2492 poterat,
515 2424 736 2491 junctis,
767 2440 888 2478 cum
919 2427 1108 2480 eadem
1141 2428 1380 2482 consiliis
1419 2439 1582 2498 atque
1610 2431 1848 2484 tractati-

262 2519 360 2571 bus
389 2521 525 2586 apud
556 2520 931 2583 imperatorem
968 2531 1183 2586 possent
1207 2560 1221 2580 ,
1269 2537 1386 2588 quae
1428 2521 1667 2589 religioni
1698 2537 1845 2578 com-

261 2620 524 2676 peterent,
553 2611 766 2678 allegari
788 2612 808 2663 ?
831 2611 961 2664 Nam
992 2614 1034 2664 si
1087 2612 1394 2674 BasiliSt-us,
1423 2623 1479 2666 ut
1510 2613 1708 2668 dictum
1740 2625 1844 2681 est,

263 2712 523 2769 tyrannus
550 2701 854 2766 ibt'l'e’iCllS,
890 2704 1104 2770 scriptis
1147 2704 1456 2772 aposmlica:
1503 2706 1648 2759 sedis
1683 2705 1846 2760 vehe-

266 2801 474 2844 tttettler
497 2792 751 2845 int'raettts
781 2804 883 2855 est,
914 2803 966 2846 et
995 2811 1021 2844 a
1075 2794 1318 2861 plurimis
1351 2810 1456 2848 revc
1480 2807 1631 2849 catus
1661 2811 1847 2851 exces-

261 2883 431 2947 διῆκε,
467 2895 664 2951 quanto
697 2887 864 2951 magis
901 2885 1170 2953 legitimus
1215 2887 1504 2953 imperator
1544 2888 1632 2954 qui
1674 2902 1732 2942 se
1757 2903 1848 2942 ca-

261 2975 517 3028 tholicum
543 2977 709 3030 videri
744 2977 971 3041 Volebat,
1005 2979 1172 3042 potuit
1211 2993 1331 3030 cum
1382 2981 1674 3046 apostolica
1717 2980 1844 3034 sede

257 3083 301 3120 c.
331 3078 574 3122 nctorutn
608 3084 821 3137 quoque
853 3069 1161 3137 pontiﬁcum
1188 3070 1460 3122 moderata
1502 3073 1842 3139 suggestione

259 3160 510 3228 mitigari,
543 3175 633 3229 ιιι-,ι
652 3163 808 3227 cipue
829 3175 948 3214 eum
982 3160 1221 3228 ejusdem
1249 3163 1389 3214 Acae
1416 3161 1429 3213 i
1461 3174 1604 3215 esset
1632 3164 1844 3230 specia-

1953 1978 2161 2032 natuttt,
2189 1971 2390 2038 abupte
2421 1972 2562 2024 scdi‘~
2596 1973 2907 2040 apostolirat
2951 1970 3351 2024 consul'atioue
3406 1975 3544 2023 reei-

1951 2073 2120 2132 pcret,
2151 2066 2327 2130 aliqua
2356 2070 2564 2134 synodo
2596 2064 2784 2117 saltem
2832 2064 2940 2117 illic
2984 2063 3193 2117 habita.
3230 2064 3331 2115 hoc
3371 2063 3546 2113 auda-

1947 2168 2063 2208 eter
2084 2156 2312 2222 arripuit
2341 2153 2794 2209 utCaIendionem
2818 2155 2884 2208 de
2908 2153 3188 2208 Antiochia
3221 2155 3540 2222 depelleret,

1950 2245 2368 2314 hmreticuutque
2401 2246 2634 2308 Petrum,
2662 2262 2827 2314 quem
2854 2247 2969 2314 ipse
2998 2248 3351 2299 damnaverat
3376 2289 3388 2309 ,
3423 2246 3544 2296 ab»-

1949 2351 2053 2403 que
2085 2335 2273 2386 notitia
2294 2336 2437 2388 sedis
2455 2336 2767 2402 apostolica:
2791 2351 2977 2388 rursus
3004 2335 3334 2400 admitteret,
3362 2336 3542 2399 aliqua

1948 2427 2155 2498 synodo
2183 2427 2232 2481 id
2276 2427 2468 2482 fecisse
2495 2429 2863 2480 monstratur?
2889 2427 2940 2479 Si
2990 2438 3138 2480 eerte
3178 2428 3244 2479 de
3283 2427 3544 2493 dignitate

1949 2523 2122 2589 agitur
2147 2521 2451 2582 civitatum,
2477 2521 2727 2573 secunda:
2755 2520 2896 2574 sedis
2935 2532 2982 2573 et
3033 2521 3209 2573 tertia:
3260 2522 3432 2586 major
3458 2534 3539 2573 cst

1948 2612 2179 2679 dignitas
2214 2610 2556 2665 sacerdotum
2594 2626 2749 2680 quam
2792 2612 2909 2676 ejus
2950 2611 3182 2665 rivitatis
3209 2653 3223 2677 ,
3272 2628 3393 2680 qua:
3439 2629 3541 2664 non

1949 2703 2121 2758 solum
2152 2706 2292 2757 inter
2323 2705 2482 2758 sedes
2509 2705 2726 2757 minute
2753 2715 3084 2770 muneratur,
3137 2705 3229 2757 scd
3274 2721 3372 2758 nec
3407 2706 3545 2758 inter

1951 2796 2484 2861 ηιειτιψυιὶιτιιιυτιιιη
2509 2801 2628 2858 jura
2655 2810 2926 2849 censemr.
2978 2796 3107 2848 Nam
3153 2797 3292 2861 quod
3323 2796 3504 2850 dicitis
3525 2836 3539 2854 .

1949 2887 2104 2956 regite
2124 2887 2372 2949 civitatis,
2399 2887 2500 2939 alia
2529 2897 2766 2954 potestas
2794 2898 2876 2940 e~t
2910 2889 3056 2954 tegni
3093 2887 3371 2940 sa‘rularis
3393 2929 3408 2951 ,
3441 2890 3542 2940 alia

1949 2975 2436 3030 ecclesiastiCarum
2467 2978 2776 3032 distributio
2810 2980 3156 3045 dignitatum.
3203 2979 3348 3034 Sicut
3397 2980 3539 3033 enim

1950 3071 2194 3136 quamvis
2220 3085 2380 3136 parva
2405 3071 2591 3123 εἱνὶιτις
2625 3072 3032 3138 prtcrogativant
3069 3073 3347 3137 praesentis
3392 3072 3539 3139 regni

1952 3177 2057 3215 non
2083 3163 2296 3225 minuit,
2323 3163 2401 3217 sic
2442 3164 2734 3232 imperialis
2784 3165 3066 3232 praisentia
3107 3180 3412 3218 mensuram
3459 3165 3539 3218 tli-

261 3249 328 3303 lis
363 3249 537 3304 fautor
560 3260 611 3303 et
641 3260 866 3315 amator,
894 3260 945 3304 et
985 3253 1071 3319 qtti
1117 3252 1308 3305 litteris
1361 3255 1472 3304 suis
1520 3265 1625 3304 tant
1670 3255 1840 3322 ipsum
1873 3235 1918 3297 C
1950 3253 2312 3320 spensationis
2341 3255 2608 3322 religiosze
2650 3249 2756 3308 non
2793 3265 2977 3307 mutat.
3007 3256 3084 3309 Sit
3114 3256 3255 3308 clara
3296 3257 3423 3309 urbs
3453 3255 3541 3308 illa

258 3343 537 3405 Acacium,
570 3358 726 3408 quam
759 3354 1002 3396 sanctum
1028 3359 1215 3411 papant
1247 3345 1841 3413 Simpliciummagnum

260 3433 506 3488 laudibus
533 3435 853 3496 cxmlisset,
903 3439 1042 3504 quod
1103 3435 1354 3489 hau-elice
1411 3442 1845 3493 constantiss'tne

262 3529 617 3580 restitissent?
666 3531 772 3581 tiur
805 3539 950 3582 tanto
999 3539 1238 3598 tempore
1285 3533 1514 3585 Aeacius
1570 3539 1706 3586 inter
1746 3536 1843 3589 ista

260 3620 538 3681 conticuit,
581 3621 678 3672 nisi
704 3621 825 3690 quia
862 3622 1144 3689 pra-pediri
1175 3624 1386 3675 nolebat
1417 3625 1702 3690 ullatenus,
1728 3644 1843 3695 qua:

260 3714 604 3767 desiderabat
629 3715 830 3777 expleri
856 3713 878 3766 ‘i

342 3804 604 3858 Ponanttts
658 3815 864 3864 tamen,
903 3804 1111 3857 etiamsi
1150 3806 1287 3858 nulla
1336 3809 1572 3873 synodus
1621 3822 1843 3874 prmccs-

261 3896 443 3960 sisset,
476 3895 627 3962 cujus
654 3896 944 3962 apostolica
968 3900 1124 3950 sedes
1158 3909 1300 3950 recte
1336 3902 1429 3950 ﬁer
1470 3911 1485 3949 t
1515 3875 1842 3967 ttxscattrix,

263 4003 387 4041 cum
420 3987 609 4055 quibus
633 3998 748 4042 erat
775 3990 843 4042 de
876 3989 1068 4041 Acaeio
1101 3993 1334 4058 synodu-
1390 3993 1656 4045 iucunda?
1698 3994 1843 4046 Nun—

261 4079 392 4148 qttid
423 4094 541 4133 cum
577 4078 658 4130 bis
684 4079 772 4146 qtti
801 4079 908 4145 jam
939 4083 1226 4147 participes
1253 4084 1571 4135 tenebantur
1617 4085 1843 4148 Aeacio,

260 4180 316 4226 ct
342 4185 434 4238 per
455 4171 727 4223 Orientem
753 4177 919 4222 totum
944 4172 1221 4224 catholicis
1251 4173 1619 4227 sacerdotibus
1648 4175 1848 4227 violen-

266 4270 349 4315 ter
379 4259 637 4321 exclusis,
670 4273 719 4312 et
748 4275 842 4325 per
888 4261 1071 4312 exsilia
1115 4261 1326 4314 diversa
1379 4263 1625 4330 relegatis
1650 4303 1665 4329 ,
1716 4266 1846 4317 socii

260 4351 540 4406 evidenter
572 4351 871 4404 existebant
903 4352 1300 4404 communionis
1327 4363 1587 4416 externae,
1612 4354 1765 4421 prius
1788 4369 1848 4409 se

261 4449 328 4499 ad
361 4447 471 4498 lucc
498 4445 761 4498 consortia
789 4442 1170 4497 trattslerenles
1199 4461 1352 4512 quant
1371 4445 1512 4498 sedis
1537 4448 1848 4512 apostolicae

261 4537 393 4588 scita
427 4535 804 4588 consulerent?
836 4539 965 4585 (an
1015 4535 1210 4601 quibus
1259 4551 1388 4603 ergo
1447 4537 1682 4606 synodus
1731 4549 1846 4590 erat

264 4628 494 4683 ineunda
523 4626 770 4680 catholici
806 4628 1086 4693 pontilices
1114 4627 1326 4680 fuerant
1357 4629 1591 4694 undique
1613 4629 1722 4696 jam
1757 4630 1850 4684 de-
1878 4602 1928 4661 Β

265 4721 421 4790 pulsi,
467 4721 670 4788 solique
704 4731 1074 4772 retnaucrant
1121 4721 1248 4772 socii
1304 4721 1666 4786 perﬁdorum,
1725 4738 1845 4776 eum

262 4815 455 4881 quibus
480 4812 588 4880 jam
623 4827 722 4865 nec
749 4811 939 4864 licebat
990 4814 1187 4865 habere
1230 4827 1584 4874 Contentum,
1635 4815 1848 4869 dicente

268 4906 472 4974 psalmo
505 4919 518 4956 ε
555 4905 673 4959 Non
705 4906 811 4958 sedi
835 4905 886 4957 in
916 4905 1133 4956 concilio
1157 4907 1392 4958 vanitatis
1413 4946 1427 4971 ,
1453 4916 1501 4958 et
1529 4923 1646 4958 cum
1673 4908 1846 4975 iniqua

264 4999 552 5070 gerentibus
577 5015 674 5050 non
702 4997 944 5049 introibo.
991 4996 1100 5049 Nec
1141 4997 1490 5050 ecclesiastici
1531 4999 1693 5050 moris
1724 5009 1806 5051 εει
1829 5039 1842 5061 ,

264 5105 385 5145 eum
419 5089 499 5142 his
551 5093 637 5157 qui
673 5089 925 5156 pollutam
972 5088 1164 5141 habent
1203 5087 1666 5151 communionem,
1725 5104 1847 5156 per-

265 5190 597 5246 nt-xtamque
619 5194 736 5232 cum
782 5178 997 5246 perﬁdis
1043 5177 1268 5232 miscere
1321 5180 1633 5234 concilium.
1685 5180 1847 5234 ltecte

265 5273 428 5342 igitur
461 5268 1025 5341 pe-rChaIredouensis
1054 5273 1251 5342 synodi
1281 5275 1508 5327 formam
1542 5273 1847 5340 bujusmodi

267 5363 636 5433 ptmvarieatio
662 5363 867 5430 repulsa
898 5373 999 5428 cst,
1032 5367 1207 5432 potius
1237 5381 1397 5433 quant
1425 5365 1491 5418 ad
1524 5365 1810 5420 concilium
1833 5406 1848 5430 ,

266 5457 406 5528 quod
441 5469 535 5510 nec
557 5469 694 5522 Opus
723 5463 838 5506 erat
866 5463 984 5522 post
1013 5457 1236 5524 primatu
1266 5455 1556 5526 synodum,
1601 5469 1699 5508 nec
1729 5469 1849 5508 cum

270 5548 464 5604 talibus
494 5546 674 5600 ltabcri
707 5544 923 5610 licebat,
956 5547 1182 5599 addurta
1211 5556 1312 5600 est.
1347 5545 1479 5600 Nam
1503 5546 1696 5613 otqnil
1731 5559 1854 5610 age-

270 5653 416 5698 retur
439 5641 505 5695 de
540 5643 643 5695 ﬁde
668 5640 929 5693 catholica
955 5640 1255 5708 intelligere
1283 5640 1326 5693 si
1353 5641 1574 5704 vellent,
1611 5639 1854 5704 ignorare

269 5750 376 5790 ιιοιι
423 5743 673 5800 [Inerant
724 5748 843 5786 cum
876 5733 1115 5786 viderent
1165 5731 1464 5786 catholicos
1524 5731 1849 5798 pontiﬁces,

270 5824 411 5883 nulla
464 5826 651 5892 synodi
700 5826 1049 5892 discussione,
1106 5824 1250 5881 nullo
1301 5823 1547 5889 concilio,
1584 5823 1854 5893 praecipue

1951 3353 2216 3410 potestate
2240 3345 2523 3412 prtesentis
2552 3347 2921 3412 imperatoris,
2976 3347 3164 3415 religio
3205 3348 3304 3398 sub
3350 3347 3540 3400 eodem

1955 3445 2078 3488 tunc
2102 3437 2273 3495 ﬁrma,
2292 3446 2418 3490 tune
2447 3437 2634 3499 libera,
2660 3448 2784 3491 tunc
2807 3450 3055 3506 provecta
3084 3440 3350 3505 consistit,
3380 3441 3422 3492 si
3449 3453 3540 3506 po-

1950 3529 2054 3579 tius
2089 3527 2189 3581 hoc
2221 3539 2486 3595 pt‘msmte
2536 3531 2806 3599 prepriam
2838 3542 3014 3586 teneat
3035 3532 3153 3587 sine
3183 3532 3288 3586 ulla
3332 3543 3545 3600 pertur-

1951 3619 2161 3672 batione
2187 3635 2513 3675 mensuram.

2022 3713 2126 3766 Sed
2151 3713 2360 3766 dicatur
2392 3712 2614 3766 forsitan
2639 3713 2706 3767 de
2731 3713 3094 3768 Alexandrino
3109 3724 3162 3768 et
3179 3715 3539 3780 Antioclteno,

1950 3803 2117 3856 certis
2145 3821 2205 3858 ex
2236 3805 2414 3857 causis
2449 3805 2744 3872 principem
2773 3808 2943 3874 tttagis
2975 3809 3058 3858 illa
3085 3823 3205 3874 qua:
3226 3817 3374 3873 gesta
3393 3817 3539 3872 sunt,

1954 3911 2056 3946 non
2091 3895 2340 3948 Acacium
2371 3898 2708 3962 prtem-pisse.
2745 3896 2848 3949 Sed
2879 3897 3104 3964 principi
3125 3896 3431 3951 Christiano
3453 3900 3542 3950 de-

1954 3993 2134 4037 cuerat
2167 3999 2456 4053 suggerere
2482 3984 2840 4042 sacerdotem.
2867 3977 3104 4041 mavime
3132 3989 3286 4054 cujus
3318 3989 3543 4040 familia-

1955 4077 2110 4128 ritate
2135 4087 2184 4128 et
2212 4077 2390 4128 favore
2424 4077 2717 4132 fruebatur,
2754 4077 2956 4128 salvam
2989 4077 3101 4129 fore
3132 4078 3199 4130 de
3242 4079 3357 4146 ejus
3410 4080 3545 4146 inju-

1955 4168 2029 4219 ria
2064 4169 2496 4234 contunteliaque
2521 4166 2834 4231 vindictam,
2871 4178 3076 4220 tantum
3105 4177 3165 4222 ιιι
3196 4169 3451 4222 l‘lctzlesize
3475 4172 3545 4224 si.

1955 4267 2108 4312 net-et
2134 4258 2472 4312 Christianus
2501 4260 2751 4326 princeps
2775 4263 2985 4324 regulas
3016 4261 3274 4313 cttStodiri
3295 4303 3310 4328 ,
3339 4265 3461 4328 quia
3493 4275 3544 4316 ct

1954 4367 2088 4405 nova
2115 4351 2167 4403 itt
2195 4361 2422 4418 utroque
2452 4354 2702 4418 pontiﬁce
2729 4368 2892 4406 causa
2921 4363 3068 4408 esset
3109 4365 3293 4406 exerta
3313 4395 3326 4418 ,
3362 4365 3413 4408 et
3446 4371 3543 4408 no-

1953 4458 2070 4495 vam
2125 4442 2512 4496 eiscussionem
2555 4453 2954 4510 consequenter
3007 4444 3321 4511 inquireret.
3368 4445 3432 4497 Et
3460 4447 3537 4514 si,

1953 4535 2328 4595 sicutsemier
2359 4543 2504 4587 esset
2527 4534 2808 4596 effectum,
2855 4535 3175 4588 sacerdotali
3219 4537 3449 4588 concilio
3479 4537 3546 4591 de

1955 4623 2325 4679 sacerdotibus
2352 4622 2546 4689 judicia
2585 4625 2954 4691 provenirent,
2987 4642 3092 4677 ttott
3125 4641 3153 4678 a
3193 4627 3435 4680 sa'cnlari
3467 4629 3543 4680 vi-

1953 4718 2210 4770 derentur
2254 4716 2658 4785 qualescunque
2690 4717 3001 4784 pontiﬁces,
3042 4731 3093 4770 et
3125 4720 3166 4769 si
3213 4734 3401 4772 errore
3449 4721 3545 4773 Itu-

1955 4809 2185 4862 ntanitns
2211 4808 2522 4872 accedente,
2551 4822 2654 4858 non
2691 4817 2866 4860 tamen
2897 4821 3085 4860 contra
3120 4809 3436 4877 religionem
3466 4812 3516 4863 ttl

1954 4902 2160 4954 latenus
2191 4899 2487 4954 excedente
2521 4907 2783 4964 potestate
2808 4899 3045 4965 percelli.
3072 4899 3152 4952 An
3176 4914 3225 4954 et
3254 4900 3368 4954 haec
3399 4903 3544 4967 jttsta

1955 4991 2167 5045 ratione
2195 4989 2424 5058 principi
2453 4989 2788 5056 soggereuda
2830 5005 2932 5042 non
2969 4990 3160 5044 erant?
3206 4990 3383 5056 licem
3416 4995 3545 5044 civi-

1957 5083 2081 5137 tatis
2115 5082 2319 5135 honore
2341 5081 2586 5134 sublimis
2627 5081 2670 5132 si
2717 5082 2886 5134 factus
2934 5093 3046 5134 erat
3106 5081 3196 5135 illa
3249 5086 3389 5150 regia
3424 5085 3544 5137 civi-

1956 5186 2064 5230 tate
2139 5177 2461 5239 sublimior,
2531 5185 2679 5229 tanto
2737 5177 2906 5244 magis
2967 5178 3017 5229 itt
3062 5176 3144 5228 his
3199 5177 3545 5245 tngget-cudis

1956 5269 2140 5321 debuit
2160 5283 2281 5322 esse
2330 5272 2685 5321 constantior.
2749 5267 2806 5322 Si
2855 5279 3035 5320 autem
3089 5268 3139 5321 in
3182 5268 3265 5321 bis
3297 5284 3416 5336 qua:
3450 5283 3545 5334 pro

1960 5361 2221 5433 religione
2262 5360 2472 5415 fuerant
2513 5360 2779 5416 exereuda
2812 5401 2824 5424 ,
2866 5362 3073 5415 exstitit
3128 5360 3546 5427 contemptibilis

1957 5465 2117 5523 atque
2145 5453 2454 5523 despectus,
2479 5467 2530 5508 et
2553 5466 2642 5506 aut
2666 5455 2868 5522 segnis,
2897 5464 2989 5507 aut
3013 5453 3264 5508 ﬁduciam
3309 5470 3412 5506 ttott
3449 5455 3545 5507 ha.

1960 5547 2092 5601 bens
2116 5545 2419 5610 intitnaudi,
2455 5547 2642 5613 inquo
2666 5560 2758 5612 per
2807 5545 3011 5610 regiam
3054 5544 3330 5597 civitatem
3377 5545 3546 5613 major

1958 5639 2180 5692 eﬁectus
2215 5639 2331 5691 est?
2381 5636 2589 5690 Natbau
2625 5632 2884 5704 propheta
2937 5636 3111 5701 palam
3147 5637 3465 5702 ιυιιιιιῦιιυσιιιο
3497 5639 3546 5691 iu

1963 5731 2095 5786 facie
2120 5731 2228 5799 regi
2252 5730 2440 5790 David,
2457 5741 2508 5783 et
2529 5729 2876 5784 commiSsnm
2904 5729 3327 5796 pronuntiat-iter
3345 5747 3544 5790 rorem,

1961 5836 2014 5879 et
2040 5824 2213 5892 ip-aun
2240 5821 2511 5876 commisit
2545 5837 2574 5876 e
2613 5836 2716 5875 non
2756 5830 2938 5884 tat-uit,
2975 5829 3029 5874 et
3059 5821 3398 5876 Cutt'053i0ttc
3429 5835 3545 5875 Col"
