4190 6416
647 381 716 433 83
1977 370 2214 428 GELASI

2297 370 2486 430 MPA;
2526 375 2546 430 1
3815 377 3884 435 Si

647 500 848 546 rectum
881 501 1271 561 consequenter
1299 488 1548 544 absolvit.
1589 487 1682 541 llic
1713 495 1889 543 autem
1921 487 2005 540 vir
2035 487 2204 538 bonus
2237 485 2279 542 Δ
2315 485 2590 552 τιῐυιθνίι,
2615 496 2669 543 et
2691 498 2999 543 consortem
3036 487 3428 543 communionis
3450 502 3687 544 externa
3729 503 3758 542 a
3788 503 3881 544 sua

645 590 697 636 et
723 582 979 635 sacculos
1006 584 1268 651 egregius,
1301 582 1350 634 in
1384 590 1585 633 tantum
1611 594 1672 633 se
1701 585 1756 632 ct
1784 591 2072 646 suggerere
2115 593 2206 644 pu-

645 673 810 726 tuisse
836 673 1174 738 monstravit,
1201 681 1256 726 et
1283 671 1514 725 noluisse
1552 669 1884 738 deprompsit
1907 709 1924 732 ,
1972 667 2080 722 imo
2131 667 2208 718 fa-

643 762 783 816 vis-e
811 762 1073 829 tutetecit,
1104 770 1163 816 ut
1186 771 1242 816 et
1289 763 1577 828 imperator
1621 768 1815 814 cuncta
1863 773 1923 814 se
1974 775 2038 812 ex
2093 757 2205 826 ejus

639 853 871 919 gessisse
900 852 1123 905 consilio
1145 866 1248 905 non
1296 858 1525 914 taceret,
1563 859 1618 905 et
1666 850 1780 920 ipse
1829 850 2201 918 imperatorem

642 945 846 1012 magnis
877 943 1152 1008 praeconiis
1204 943 1438 998 elevaret
1487 945 1585 997 ista
1620 941 1937 1007 facientem;
1979 955 2204 1010 seseque

640 1033 889 1101 proderet
918 1034 998 1086 bis
1019 1033 1240 1102 agendis
1265 1034 1427 1088 rebus
1449 1035 1612 1089 fuisse
1633 1034 1971 1102 p-trtieipem.

707 1127 812 1180 Sed
842 1135 958 1181 esto
981 1125 1272 1181 Csiendion
1303 1140 1494 1180 nomen
1525 1127 1861 1194 imperatoris
1890 1123 2191 1185 abstulerit,

634 1221 870 1275 Joannes
915 1219 1138 1289 principi
1192 1219 1441 1273 mentitus
1471 1218 1633 1271 fuisse
1670 1218 1902 1282 iactetur
1933 1237 1945 1270 :
1979 1232 2096 1280 qnze
2129 1227 2200 1268 ta—

637 1325 786 1373 men,
815 1327 936 1364 cum
985 1324 1137 1363 nova
1179 1319 1360 1364 essent
1405 1323 1601 1366 causze.
1636 1323 1770 1362 nova
1817 1307 2002 1362 debuit
2028 1306 2206 1361 eccle-

634 1401 846 1456 siastica
903 1401 1186 1470 provenire
1237 1399 1517 1454 discussio.
1549 1403 1630 1454 An
1685 1400 1774 1467 qtti
1827 1399 1879 1453 itt
1931 1398 2200 1452 hominem

635 1494 1010 1560 imperatorem
1065 1504 1315 1560 peccasse
1369 1490 1704 1552 dicebantur,
1763 1490 1904 1543 nulla
1971 1490 2205 1542 interve-

635 1581 815 1637 niente
867 1581 1075 1653 synodo
1099 1580 1261 1650 dejici
1311 1580 1640 1644 debuerunt;
1690 1581 1826 1634 etin
1877 1580 2069 1642 Deum,
2112 1579 2200 1646 qui

631 1685 872 1724 summus
897 1680 953 1725 et
975 1684 1134 1724 verus
1160 1657 1245 1724 est
1269 1668 1582 1738 imperator,
1610 1668 1860 1725 Acacium
1887 1669 2200 1737 delinquen-

633 1771 740 1814 tem
777 1761 1150 1830 sinceramque
1195 1762 1626 1816 communionem
1681 1760 1846 1814 divini
1877 1760 2196 1815 sacramenti

633 1851 935 1906 studentem
960 1852 1187 1906 miscere
1209 1865 1329 1907 cum
1354 1851 1588 1921 perfidis,
1614 1853 1906 1908 secundum
1937 1852 2197 1922 synodum
2233 1832 2279 1892 Β

631 1958 735 2011 qua
765 1945 877 1996 hac
898 1952 979 2002 est
994 1943 1239 1996 damnata
1262 1943 1502 2011 perfidia,
1524 1958 1628 1998 non
1649 1944 1930 2012 oportebat
1947 1943 2207 1999 excludit

640 2031 780 2099 Quid
811 2048 904 2101 per
926 2043 1095 2087 t..tutn
1122 2034 1391 2087 Orientem
1413 2033 1482 2088 de
1503 2031 1797 2088 innumeris
1815 2034 2035 2088 urbibus
2067 2033 2206 2102 pulsi

637 2122 890 2177 catholici
943 2123 1270 2184 sacerdotes.
1301 2135 1356 2176 et
1397 2123 1634 2178 hzeretici
1688 2123 1995 2193 subrogati?
2044 2124 2207 2178 Nova:

631 2223 784 2267 certe
810 2223 962 2270 erant
989 2230 1185 2277 causae,
1206 2225 1260 2268 et
1288 2215 1369 2269 his
1394 2225 1784 2283 consequenter
1810 2227 1945 2269 nova
1969 2214 2206 2285 synodus

636 2301 952 2358 debebatur.
986 2300 1096 2357 Cur
1124 2312 1250 2357 tunc
1286 2318 1390 2358 non
1422 2304 1568 2359 venit
1592 2304 1647 2359 in
1692 2315 1926 2360 mentem
1959 2312 2018 2358 ut
2046 2305 2100 2360 in
2127 2315 2206 2360 ta-

637 2395 775 2448 tibus
805 2393 982 2449 causis
1014 2405 1285 2464 pateretur
1332 2410 1360 2447 a
1402 2395 1642 2464 principe
1690 2395 1879 2451 saltem
1904 2399 2206 2466 qualiscun-

634 2500 741 2552 que
768 2485 1003 2555 synodus
1030 2484 1370 2550 et‘lcbrattda,
1401 2494 1460 2541 ut
1495 2501 1814 2557 quocunque
1852 2488 1937 2542 Vel
1965 2487 2207 2542 colorato

629 2581 838 2648 judicio
888 2583 1188 2638 traditionis
1241 2582 1615 2638 ecclesiastica:
1673 2583 1869 2650 passim
1927 2584 2206 2653 poutiflces

631 2672 943 2728 viderentur
989 2673 1216 2740 exclusi,
1273 2688 1377 2727 non
1411 2673 1583 2727 solum
1632 2687 2071 2741 quarumcunque
2115 2689 2204 2727 ur-

633 2767 779 2824 bium
831 2767 1167 2832 sacerdotes,
1220 2769 1313 2822 sed
1372 2766 1762 2832 metmpolitani
1827 2768 2202 2823 incunctanter

632 2858 936 2917 :mtistites?
962 2856 1055 2914 ιιιι
1079 2859 1329 2914 omnibus
1351 2875 1471 2912 cum
1503 2875 1606 2911 non
1635 2858 1831 2913 restitit
1859 2861 2198 2931 suggestione

631 2967 737 3021 qua
765 2955 956 3021 potuit,
997 2953 1265 3008 consensit
1297 2953 1524 3007 Aeacius
1577 2955 2022 3008 cozntnuuicando
2068 2970 2198 3008 cun-

630 3043 732 3097 ctis
758 3043 847 3112 qui
898 3044 951 3098 in
979 3045 1364 3100 catholiwrnm
1407 3045 1580 3099 locum
1613 3044 1844 3100 hmretici
1876 3045 2082 3100 fuerant
2106 3061 2199 3100 su-

631 3130 862 3201 brogati.
895 3135 1180 3204 Apostolus
1208 3141 1385 3189 autem
1413 3135 1582 3189 dicit:
1617 3133 1737 3188 Non
1779 3137 1946 3189 solum
1981 3139 2070 3204 qui
2112 3141 2195 3202 {a-

627 3223 693 3276 ci:
717 3233 791 3288 ru,
817 3224 907 3276 sed
931 3231 980 3276 et
1006 3226 1098 3295 qni
1116 3226 1433 3278 conueniunt
1471 3226 1795 3295 facientibus,
1834 3241 1957 3280 reos
1987 3228 2196 3282 indubi-

631 3326 804 3368 tantcr
858 3316 1070 3370 ascribi.
1103 3317 1183 3371 An
1234 3317 1346 3371 haec
1379 3318 1524 3372 licuit
1565 3320 1807 3373 surculari
1857 3322 2099 3388 potestati
2143 3332 2197 3378 et

619 3408 764 3478 fletis
792 3406 986 3462 talibus
1017 3409 1215 3464 Acacio
1234 3413 1584 3464 consentienti
1606 3411 1805 3472 abs-gite
1832 3413 2193 3484 nliasynudo,

629 3511 789 3563 quam
843 3497 956 3564 ipsa
1012 3513 1186 3552 rerum
1246 3500 1450 3552 novitas
1481 3501 1748 3569 exigebat,
1805 3504 2005 3571 alisque
2051 3505 2196 3559 sedis

631 3589 944 3650 apostolica:
990 3591 1381 3644 countltatione
1417 3593 1700 3664 perlicere;
1754 3604 1802 3648 et
1841 3593 1953 3648 sedi
1985 3607 2198 3665 aposto-

630 3680 745 3734 licae
777 3697 880 3735 non
912 3681 1057 3735 licuit
1085 3684 1378 3737 secundum
1415 3695 1653 3738 tenorem
1684 3687 1871 3754 synodi
1896 3685 2192 3741 Chalcedo-

627 3770 812 3824 nensis
859 3770 912 3824 in
961 3777 1129 3825 veteri
1186 3774 1366 3840 utique
1413 3788 1570 3827 causa
1604 3784 1658 3827 et
1685 3777 1854 3829 veteri
1901 3779 2194 3832 constituto

621 3872 764 3928 iusta
818 3862 1126 3919 definitione
1172 3863 1435 3919 damnatis
1476 3867 1708 3920 inimicis
1737 3867 1924 3936 synodi
1968 3868 2191 3924 Chalce-

623 3951 879 4006 donensis
923 3952 1175 4006 Acacium
1220 3959 1702 4010 cuinmunicantetn
1747 3974 1775 4008 a
1833 3975 1924 4011 sua
1955 3977 2192 4014 cotmnn-

626 4042 786 4096 nionc
815 4041 1118 4107 depellere?
1147 4043 1252 4098 Sed
1285 4046 1529 4110 Aeacius,
1582 4050 1840 4117 inquiunt,
1867 4050 2196 4118 principibus

624 4131 840 4185 obviare
861 4146 963 4186 noti
991 4133 1178 4200 putuit.
1212 4136 1318 4188 Cur
1349 4136 1622 4204 Basilsco,
1654 4142 1775 4205 quia
1800 4142 1987 4204 voluit,
2015 4145 2193 4197 obvia-

628 4222 732 4275 vit?
757 4220 862 4277 Cur
898 4223 995 4290 ipsi
1026 4224 1244 4287 Zenoni,
1296 4241 1364 4282 ne
1415 4232 1584 4294 palam
1631 4231 1786 4283 Petro
1833 4236 1914 4286 An
1942 4234 2188 4300 ionhrno,

622 4317 866 4386 quamvis
899 4315 1126 4370 latenter
1175 4321 1274 4371 hoc
1307 4319 1370 4371 fet
1392 4319 1452 4384 it,
1481 4325 1876 4377 ctuntnnuicare
1897 4329 2186 4392 videretur,

625 4426 728 4460 non
786 4408 1144 4462 commodavit
1194 4415 1509 4464 assensum?
1567 4414 1703 4469 Ecce
1749 4419 2026 4470 resultanti
2082 4435 2187 4473 non

624 4497 818 4550 restitit
845 4496 1162 4566 imperatur;
1191 4514 1320 4554 ecce
1343 4502 1446 4554 vim
1481 4503 1678 4556 nolenti
1702 4521 1802 4558 non
1830 4507 2034 4574 intulit;
2058 4524 2182 4563 ecce

623 4587 901 4656 refugienti
952 4589 1195 4656 contagia
1252 4591 1533 4654 manifesta
1590 4599 1882 4661 concessit;
1916 4609 2186 4665 postremo

620 4691 715 4728 cur
757 4686 904 4730 tanto
934 4685 1170 4746 tempore
1198 4696 1319 4734 cum
1367 4681 1464 4734 ista
1495 4672 1694 4751 gerere
1729 4698 1814 4741 tur
1843 4691 1926 4744 vel
1954 4697 2183 4759 gerentia

619 4781 984 4836 cognosceret,
1039 4787 1142 4824 non
1187 4777 1251 4825 ad
1283 4774 1464 4828 sedem
1491 4780 1864 4842 apustulieam,
1897 4797 1927 4834 a
1955 4798 2055 4850 qua
2085 4788 2184 4841 sibi

620 4876 804 4912 curam
838 4861 1046 4914 illarum
1079 4863 1353 4931 regionum
1385 4881 1606 4922 noverat
1647 4872 1947 4942 deb-gatam
1976 4877 2186 4940 deferre

618 4951 856 5004 curarit?
876 4951 979 5010 Sed
1008 4955 1152 5020 prius
1183 4955 1423 5013 laudator
1451 4961 1619 5014 fartus
1641 4974 1716 5017 est
1752 4967 1864 5032 ipse
1891 4979 2181 5037 gestorum,

617 5057 774 5106 quam
807 5045 889 5094 vel
922 5057 1274 5108 prmtnoneret
1317 5051 1440 5102 talia
1486 5065 1607 5106 esse
1665 5059 1935 5122 tentanda,
1989 5062 2069 5115 \el
2117 5079 2186 5119 ne

619 5142 949 5187 mutarentur
970 5135 1253 5191 olnisteret
1281 5157 1294 5190 :
1329 5140 1470 5193 sicut
1493 5144 1592 5195 sub
1621 5143 1877 5206 Basilisco
1899 5150 2007 5217 jam
2041 5153 2182 5207 fece-

620 5235 724 5276 rat.
756 5222 864 5276 Cur
918 5225 1018 5277 illi~
1064 5231 1273 5284 czrtrris
1324 5233 1720 5290 cmntnonicare
1771 5244 2061 5307 consensit,
2096 5246 2183 5314 qui

616 5315 848 5382 depulsis
877 5317 1153 5373 catholicis
1180 5324 1553 5377 sacerdotibus
1573 5366 1588 5385 .
1623 5327 1985 5387 indubitanter
2010 5335 2183 5390 barre-

617 5407 704 5458 tici
735 5407 958 5474 singulis
988 5409 1204 5462 urbibus
1246 5410 1454 5465 fuerant
1484 5415 1798 5476 substituti?
1832 5420 2109 5476 Postremo
2136 5425 2180 5478 si

618 5499 706 5552 illc
736 5501 897 5554 defuit
926 5505 1034 5556 suis
1066 5504 1328 5570 partibus.
1372 5519 1425 5560 et
1455 5524 1574 5576 quae
1601 5515 1863 5566 sacerdoti
1917 5517 2183 5573 eatltolico

617 5604 972 5655 uolumen-retu
1003 5610 1161 5658 agere
1204 5613 1310 5648 lttm
1354 5613 1591 5663 curant;
1625 5604 1746 5656 ideo
1772 5603 1928 5657 Sedes
1969 5620 2178 5672 aptis-sitt-

617 5681 712 5731 lu-a
743 5680 879 5746 quod
910 5683 974 5735 ad
1003 5701 1120 5737 eum
1169 5687 1470 5754 pertinebat
1503 5692 1580 5743 vei
1637 5695 1806 5759 potuit
1853 5696 1936 5748 vel
1995 5698 2178 5754 debuit

616 5773 904 5836 praeterire?
945 5777 1185 5840 Q-tulibct
1235 5778 1392 5831 modo
1439 5780 1805 5835 lmreticoruttt
1853 5790 2168 5852 compitcem

2313 581 2690 632 enitimunioue
2717 578 2972 644 dimovit,
3003 594 3103 634 nec
3145 592 3282 647 opus
3323 577 3420 633 fuit
3471 594 3603 633 nova
3653 579 3879 652 synodo,

2310 684 2433 725 cum
2466 673 2664 726 veteris
2698 671 2974 726 constituti
3030 672 3360 727 sufficienter
3401 671 3504 726 hoc
3545 669 3715 726 forma
3744 685 3880 741 pre.

2309 764 2608 828 scriberet;
2657 777 2756 818 net-
2784 779 2919 833 opus
2967 763 3061 818 fu't
3100 773 3158 818 ut
3211 765 3325 820 hac
3369 762 3609 819 facienda
3646 765 3879 818 Orientis

2308 855 2576 923 episcopis
2597 855 2891 918 intimaret,
2914 869 3048 924 quos
3069 862 3125 908 et
3140 855 3454 922 expulsione
3470 853 3874 918 catholicorum,

2308 961 2379 1014 qu
2398 967 2426 995 ι·
2455 945 2752 1014 agebantur
2790 946 2846 998 in
2875 958 3034 999 causa
3066 943 3187 999 fidei
3219 959 3327 1002 non
3357 944 3636 1014 ignorasse
3661 942 3878 998 manife-

2307 1047 2447 1088 stum
2476 1037 2568 1101 sit,
2596 1044 2652 1090 et
2679 1035 3126 1091 communicando
3156 1034 3426 1090 nauticis
3451 1032 3776 1102 subrogatis,
3807 1032 3879 1086 ἵει

2306 1135 2393 1180 cto
2421 1126 2509 1179 tali
2533 1125 2893 1180 consensisse.
2925 1123 3043 1179 Non
3076 1123 3296 1181 dubium
3334 1136 3419 1180 est
3442 1124 3603 1178 etiam
3639 1131 3878 1177 externae

2305 1215 2694 1272 communionis
2740 1214 2986 1282 effectus,
3013 1224 3176 1283 atque
3220 1214 3344 1270 ideo
3391 1229 3513 1268 eum
3540 1213 3620 1269 eis
3641 1211 3749 1281 iam
3782 1226 3879 1266 nee

2307 1309 2562 1378 patuisse,
2588 1324 2687 1364 nec
2705 1309 2954 1363 debuisse
2978 1307 3129 1362 sedis
3153 1305 3463 1376 apostolica:
3485 1306 3618 1360 scita
3644 1305 3876 1358 tractari.

2309 1403 2445 1456 Ecce
2472 1409 2804 1470 agnoverunt
2830 1401 2881 1454 in
2909 1413 3096 1454 eorum
3137 1397 3470 1466 professione
3513 1396 3601 1464 qui
3621 1404 3878 1448 constan-

2306 1491 2510 1547 tissime
2557 1492 2932 1561 perdnrarunt,
2963 1489 3090 1561 quid
3137 1489 3260 1545 lldei
3284 1486 3757 1556 communioniqne
3787 1499 3876 1537 ea-

2305 1583 2515 1638 tbolicae
2542 1581 2849 1638 deberetur.

2375 1676 2866 1744 Ecceaguoverunt
2918 1668 3367 1740 quemadmodum
3417 1682 3448 1720 a
3496 1666 3690 1721 talibus
3733 1677 3878 1720 rece-

2302 1765 2501 1828 deodo,
2542 1767 2652 1820 imo
2704 1764 2896 1819 talibus
2940 1764 3210 1820 contraria
3259 1759 3552 1822 moliendo,
3593 1775 3624 1812 a
3669 1757 3772 1812 fide
3826 1765 3880 1812 et

2308 1857 2685 1912 communione
2711 1855 2972 1909 catholica
2997 1852 3224 1908 deviarit
3254 1852 3498 1912 Aeacius,
3543 1862 3710 1917 seque
3739 1847 3879 1916 tiari-

2311 1955 2393 2000 ter
2433 1960 2554 2000 cum
2583 1944 2773 1999 eodem
2814 1943 2983 1999 errori
3012 1941 3336 1996 subdiderit.
3368 1940 3507 1995 Ecce
3553 1937 3879 2009 agnoverunt

2306 2055 2466 2107 quam
2484 2039 2641 2107 iustis
2667 2052 2732 2092 ex
2763 2037 2944 2092 causis
2968 2051 3065 2104 pro
3093 2035 3197 2090 fide
3220 2044 3270 2086 et
3299 2031 3678 2087 communione
3705 2029 3881 2085 catho-

2309 2133 2406 2187 lica
2436 2143 2591 2202 atque
2619 2129 2935 2200 apostolica.
2965 2129 3050 2184 cui
3079 2135 3134 2182 et
3153 2127 3227 2181 illi
3247 2126 3334 2196 qui
3360 2127 3411 2180 in
3441 2141 3504 2181 ea
3535 2124 3881 2195 perstiterant

2305 2221 2693 2291 congruebant,
2723 2231 2779 2277 et
2823 2220 2900 2275 illi
2926 2220 3015 2288 qtti
3061 2216 3422 2289 [erstautibus
3474 2214 3881 2278 obviabant,1tb

2305 2311 2494 2368 eadem
2539 2312 2876 2368 docebantur
2901 2309 3086 2375 alieni,
3111 2309 3257 2365 sedis
3301 2307 3612 2378 apostolica
3649 2305 3880 2360 auctori-

2308 2413 2414 2458 tate
2441 2403 2506 2456 sit
2539 2413 2776 2457 rctnouu
2807 2402 3054 2466 Aeacius,
3086 2402 3312 2469 ejusque
3350 2400 3552 2467 pariter
3576 2398 3880 2468 quicunque

2306 2495 2597 2564 complices
2625 2494 2974 2559 exstiterunt;
3005 2505 3166 2562 atque
3205 2494 3274 2548 ab
3304 2491 3396 2545 illa
3426 2491 3622 2545 merito
3641 2503 3879 2544 commu~

2308 2584 2466 2639 niooe
2491 2597 2613 2639 cunt
2653 2585 2736 2640 bis
2768 2585 3052 2649 discretus,
3081 2599 3111 2637 a
3140 2599 3242 2652 qua
3269 2597 3329 2637 se
3356 2583 3472 2650 ipse
3499 2583 3726 2652 primum
3755 2596 3876 2634 cum

2305 2679 2417 2733 suis
2462 2677 2822 2739 consortibus,
2870 2693 2902 2732 a
2958 2675 3296 2751 pontificibus
3349 2672 3630 2730 catholicis
3671 2672 3878 2726 discre-

2305 2768 2502 2836 pando,
2553 2768 2894 2832 conticiscitur
2938 2781 3238 2837 separasse,
3282 2765 3513 2835 iureque
3556 2763 3877 2820 sententiam

2303 2857 2394 2912 ille
2435 2857 2792 2911 damnationis
2846 2858 3058 2926 excepit
3115 2856 3327 2910 caeteris
3371 2853 3713 2910 consortibus
3753 2869 3874 2920 proo

2304 2947 2666 3016 mulgandam,
2695 2948 2782 3013 qui
2823 2949 2970 3004 solus
2999 2963 3096 3017 pro
3118 2945 3368 3001 omnibus
3399 2945 3514 2999 suis
3538 2943 3875 2999 consortibus

2305 3038 2355 3090 in
2387 3037 2818 3091 communionem
2855 3052 2915 3093 se
2943 3036 3197 3092 recidisse
3228 3033 3465 3104 perfidiae
3509 3034 3575 3088 ad
3620 3034 3877 3104 epistoli-

2303 3143 2419 3183 cam
2449 3131 2631 3184 sedem
2662 3128 2843 3183 missis
2873 3129 3065 3184 litteris
3091 3136 3177 3184 est
3205 3126 3500 3196 professos.
3530 3126 3624 3180 Cui
3655 3127 3699 3180 si
3729 3139 3874 3178 com-

2303 3221 2708 3275 tnunicaverant
2755 3217 3056 3274 Orientales
3102 3217 3371 3286 episc0pi,
3429 3225 3714 3285 antequam
3767 3214 3873 3270 hoc

2300 3311 2545 3378 referret,
2582 3314 2690 3378 ιιιντῐ
2730 3314 2917 3379 utique
2959 3311 3076 3380 sine
3108 3310 3270 3364 dubio
3294 3320 3446 3363 reatu
3471 3309 3763 3376 probantur
3795 3307 3874 3361 in-

2299 3405 2462 3469 volvi,
2497 3405 2725 3474 jureque
2755 3421 2849 3473 per
2895 3419 3019 3459 eum
3069 3406 3389 3458 sententiam
3432 3401 3873 3472 transgressionis

2297 3506 2664 3566 Susceperunt,
2693 3505 2941 3564 tanquam
2971 3494 3093 3549 facti
3121 3509 3240 3549 cum
3264 3496 3452 3547 eodem
3478 3491 3869 3547 connuuniunis

2297 3601 2555 3644 caternte.
2601 3589 2702 3653 Qui
2731 3589 2912 3658 utique
2966 3603 3071 3641 non
3120 3588 3351 3648 consuli,
3386 3598 3632 3653 tanquam
3671 3595 3868 3638 nostra:

2296 3681 2686 3735 communionis
2721 3679 2987 3743 homines,
3025 3677 3132 3746 jam
3158 3677 3446 3740 deberent;
3486 3677 3578 3731 scd
3617 3685 3865 3743 tanquam

2298 3773 2350 3825 in
2377 3775 2648 3826 contrario
2691 3772 2848 3842 positi
2894 3771 3168 3825 consortio
3220 3768 3460 3824 refutari.
3494 3767 3549 3823 Si
3599 3782 3724 3821 vero
3764 3781 3867 3818 non

2294 3865 2678 3917 communicare
2701 3873 2822 3917 rant
2851 3873 3132 3930 antequam
3157 3859 3383 3915 Aeacius
3413 3860 3517 3912 huc
3543 3857 3786 3911 referret.
3814 3866 3867 3911 et

2294 3957 2777 4009 communicantem
2809 3965 2996 4007 notare
3023 3954 3342 4013 debuerant,
3385 3959 3438 4004 et
3467 3948 3566 4017 ipsi
3602 3947 3774 4016 potius
3799 3946 3868 3999 de

2296 4051 2483 4100 eodem
2538 4045 2642 4099 huc
2669 4045 2886 4103 referre.
2928 4056 3085 4112 atque
3135 4042 3446 4110 apostolica:
3499 4039 3642 4095 sedis
3685 4037 3868 4106 vigore

2297 4140 2597 4206 perculsum
2626 4138 2818 4192 merito
2845 4137 3220 4205 comprobare.
3255 4149 3482 4202 cumque
3502 4147 3566 4186 ea
3586 4130 3714 4188 sede
3741 4143 3868 4198 apo—

2293 4232 2477 4285 stoiica
2533 4232 2796 4298 tantisque
2827 4228 2933 4282 illis
2979 4228 3258 4280 catholicis
3304 4224 3653 4293 pontificibus
3699 4223 3868 4286 magis

2297 4335 2478 4376 tenere
2523 4322 2884 4375 concordiam.
2920 4320 3024 4372 Sed
3056 4317 3176 4386 quia
3229 4319 3296 4369 ab
3340 4316 3554 4368 illorum
3611 4312 3870 4367 societate

2291 4416 2647 4470 desciverant.
2700 4420 2757 4463 et
2801 4424 2988 4464 eorum
3041 4407 3444 4462 successoribus
3473 4405 3871 4458 comtmmicnro

2295 4507 2624 4572 delegerant,
2657 4503 2776 4557 ideo
2816 4515 2937 4555 cum
2994 4501 3122 4555 sede
3151 4500 3442 4567 apostolica
3473 4497 3692 4551 minime
3738 4513 3870 4550 eon-

2291 4597 2577 4664 gruebaut,
2608 4611 2678 4663 qu
2701 4611 2730 4647 a
2780 4594 2831 4648 iu
2871 4603 3069 4648 sortem
3105 4591 3409 4648 reciderant
3441 4590 3867 4660 prtevariratutis

2291 4688 2488 4751 Acacii,
2521 4692 2573 4740 et
2602 4684 2747 4750 illius
2767 4699 2826 4739 se
2848 4687 2965 4739 siue
3007 4684 3173 4737 dubio
3225 4681 3573 4752 pervidebant
3599 4679 3865 4734 sententia

2289 4787 2680 4846 Consequenter
2719 4775 2963 4846 astringi.
2993 4775 3071 4830 0b
3120 4777 3220 4830 hoc
3263 4789 3384 4829 eum
3417 4771 3585 4828 videri
3614 4770 3868 4825 nolebant

2288 4884 2409 4926 esse
2462 4870 2796 4931 dautnatum,
2839 4867 2960 4935 quia
3006 4880 3064 4920 se
3113 4865 3507 4933 cognoscebant
3564 4864 3618 4915 in
3674 4859 3862 4915 eadem

2290 4959 2736 5023 praevaricatione
2787 4960 3086 5020 damnatos,
3119 4957 3170 5010 in
3198 4969 3301 5025 qua
3333 4954 3596 5022 hodieque
3643 4966 3867 5007 manere

2290 5052 2600 5118 persistunt.
2633 5049 2737 5104 Sed
2773 5050 2911 5102 situt
2942 5047 2992 5102 hi
3028 5046 3186 5102 simili
3215 5045 3522 5101 conditione
3561 5040 3860 5106 constricti,

2287 5143 2600 5208 compltrem
2653 5155 2808 5203 suum
2865 5155 2970 5191 non
3027 5145 3248 5204 possunt
3297 5135 3543 5203 judicare
3590 5148 3697 5186 non
3742 5131 3864 5200 jure

2288 5235 2623 5299 damnatura;
2683 5249 2855 5301 neque
2900 5232 2987 5306 rei
3034 5246 3182 5286 reum
3223 5237 3448 5298 possunt
3494 5231 3863 5293 competenter

2291 5329 2605 5392 absolvere;
2635 5328 2711 5381 sic
2743 5327 2836 5384 illo
2864 5324 3275 5392 praivaricatore
3295 5323 3440 5390 juste
3474 5321 3749 5382 damnato,
3771 5315 3862 5369 isti

2289 5437 2500 5492 quoque
2528 5425 2641 5490 pari
2675 5420 2857 5488 jaceut
2881 5417 3220 5472 damnatione
3251 5412 3499 5484 prostrati
3526 5427 3541 5465 :
3566 5424 3736 5477 neque
3759 5409 3864 5463 nisi

2290 5516 2665 5582 resipiscentes
2708 5513 2831 5568 inde
2879 5517 3129 5579 poterunt
3184 5522 3405 5578 prorsus
3448 5504 3682 5566 absolvi;
3736 5502 3860 5569 quin

2285 5614 2426 5665 sicut
2453 5626 2547 5676 per
2577 5625 2739 5663 ttnum
2792 5606 3112 5660 scribentem
3158 5618 3342 5657 eorum
3369 5599 3605 5653 omnium
3648 5599 3859 5666 volgata

2286 5702 2640 5770 transgressio
2669 5711 2769 5766 est,
2800 5700 2890 5769 qui
2940 5699 2990 5751 in
3021 5698 3260 5752 eamdem
3294 5695 3530 5764 perlitlize
3561 5696 3862 5748 rveiilerant

2286 5797 2584 5857 actionem;
2633 5795 2709 5849 sic
2761 5797 2810 5849 in
2862 5811 2967 5847 uno
2996 5793 3289 5863 eodemque
3330 5795 3416 5864 qui
3466 5811 3561 5864 pro
3616 5796 3861 5854 :tnmbns
