3994 6408
507 353 574 404 8'7
1848 337 2109 395 GELASII
2148 336 2347 392 PAPAS
2385 336 2403 391 I
3672 338 3741 391 8's

502 476 711 531 operum
733 460 835 513 diei
862 460 1132 514 lucentium
1155 458 1349 509 alienus
1377 469 1648 523 apmrnus,
1673 453 1878 505 omnino
1911 462 2048 505 tene-

2171 454 2396 521 quandiu
2446 451 2908 521 prmvaricatorum
2973 452 3182 505 nomina
3231 451 3300 506 de
3353 451 3589 506 Ecclesia
3634 465 3739 503 non

502 555 616 607 bras
638 553 707 606 ad
736 552 1059 605 latrocinium
1083 546 1425 616 peragendum
1451 561 1702 614 congruas
1735 560 1909 597 eorum
1946 558 2065 595 coo-

503 653 703 711 perator
721 642 991 703 inveniens,
1016 639 1180 691 media
1202 647 1364 699 nocte,
1396 633 1565 688 adhuc
1588 636 1795 700 jncente
1822 634 2066 686 cadavere

504 733 662 794 illius,
693 734 779 801 qui
797 742 1026 798 paternos
1048 743 1270 780 canones
1292 726 1613 789 subverterat,
1645 724 1923 794 insepulta,
1950 720 2066 775 sub-

503 825 658 892 repsit
688 825 737 876 in
766 821 959 885 sedem,
1000 820 1128 872 sicut
1161 819 1270 884 ipse
1301 817 1571 871 arbitratus
1612 824 1717 882 est,
1752 831 1859 869 uno
1880 824 1925 868 et
1953 814 2061 867 solo

505 922 775 974 prasente,
809 919 854 963 et
882 927 941 964 eo
968 910 1055 979 qui
1096 924 1302 962 consors
1340 909 1477 961 illius
1511 906 1767 961 insistebat
1810 905 2020 959 insanio:
2042 917 2062 955 :

502 1008 570 1055 ita
593 1011 646 1053 ut
671 1008 875 1070 propter
904 1002 997 1053 hic
1021 1000 1296 1071 majoribus
1319 998 1579 1068 suppliciis
1603 996 1937 1059 subderetur;
1977 1011 2069 1047 nec

501 1093 635 1161 quod
666 1093 899 1161 sperabat
928 1092 1159 1157 elfectum
1194 1100 1285 1144 est.
1326 1088 1430 1141 Sed
1465 1088 1551 1140 ille
1586 1088 1791 1154 quidem
1823 1088 1885 1139 de
1916 1101 1971 1138 se
2005 1101 2068 1137 ex

503 1193 645 1251 parte
680 1185 755 1237 vel
791 1184 1000 1237 minima
1042 1182 1275 1250 iudicans
1324 1194 1575 1247 nusquam
1616 1180 1816 1248 penitus
1862 1176 2069 1229 omnino

502 1276 810 1342 comparuit.
842 1274 1126 1327 Timotheus
1160 1268 1584 1340 (Salophaciolus
1617 1267 1729 1321 sive
1758 1266 1948 1335 Albus)
1974 1282 2067 1317 att-

502 1376 601 1419 tem
628 1376 947 1436 paternorum
989 1379 1239 1417 canonum
1282 1373 1480 1429 rustos,
1510 1365 1595 1427 qui
1628 1359 1885 1414 Davidica:
1924 1375 2069 1411 mon-

503 1457 783 1533 suetudinis
806 1456 1036 1520 exemplo
1066 1454 1318 1516 subditur,
1336 1461 1382 1504 et
1413 1467 1570 1520 usque
1593 1452 1646 1504 in
1666 1452 1818 1516 linem
1850 1448 2062 1517 patiens,

502 1560 650 1618 atque
698 1547 927 1615 potestati
968 1545 1184 1615 propria:
1230 1543 1489 1596 restitutus
1524 1558 1556 1593 α
1598 1540 1821 1601 Christo,
1850 1538 2069 1608 proprie

500 1641 632 1693 sedis
669 1639 862 1692 honore
907 1639 1110 1690 (letatur
1148 1652 1164 1687 :
1202 1645 1251 1688 et
1288 1635 1626 1703 spiritualium
1674 1632 1899 1699 ﬁliorum
1926 1645 2067 1683 voces

500 1732 773 1796 occipiens,
804 1730 1018 1799 gratiam
1046 1728 1320 1780 rurationis
1348 1732 1625 1795 exspectnt.
1652 1723 1989 1789 multiplicato
2014 1722 2068 1774 in

501 1838 554 1874 se
580 1821 770 1875 honore
793 1839 825 1873 α
851 1819 1050 1875 Christo
1073 1820 1297 1887 principe
1323 1819 1662 1871 sacerrimum.

573 1998 709 2051 Ecce
752 1994 1109 2050 testimonium
1144 1994 1317 2046 Aeacii
1366 1990 1778 2055 validissimum,
1828 1990 1953 2059 quid
2002 1990 2068 2043 de

502 2088 815 2152 Timotheo,
844 2086 965 2155 quid
996 2087 1062 2139 de
1092 2085 1249 2139 Petro
1278 2083 1525 2137 senserit.
1562 2084 1692 2135 Vere
1722 2083 1863 2134 enim
1884 2122 1897 2143 ,
1930 2083 2069 2135 sicut

500 2182 755 2248 scriptum
798 2189 877 2233 est
922 2178 973 2231 in
1003 2176 1291 2245 Etangelio
1328 2175 1394 2228 de
1430 2174 1629 2243 Caiplta
1675 2173 1766 2227 illo
1797 2172 2062 2237 pontiﬁce,

499 2272 673 2325 evenit
701 2268 912 2324 Acacio.
952 2268 1153 2319 Dicitur
1179 2266 1320 2319 enim
1358 2264 1424 2317 de
1462 2264 1582 2327 illo,
1624 2264 1744 2331 quia
1775 2278 1893 2316 cum
1926 2272 2067 2316 esset

500 2362 746 2430 princeps
781 2359 1115 2414 sacerdotum
1162 2357 1287 2409 anni
1334 2356 1506 2417 illius,
1539 2355 1604 2409 de
1636 2354 1841 2406 Domini
1872 2353 2069 2407 dixerit

503 2455 743 2520 mssione
781 2470 796 2507 :
827 2438 1042 2519 Expedit
1066 2461 1116 2502 ut
1139 2465 1268 2502 unus
1292 2449 1437 2500 homo
1464 2449 1592 2499 mori
1610 2457 1713 2500 itur
1736 2462 1829 2515 pro
1856 2446 2063 2515 papula,

502 2555 555 2595 ut
588 2560 687 2595 non
716 2552 819 2595 tota
839 2558 959 2611 gens
981 2548 1145 2608 pereat
1178 2537 1363 2606 (Joan.
1398 2537 1493 2603 at).
1522 2538 1585 2590 Et
1611 2537 1877 2605 subjus-git
1907 2552 2070 2589 cvan-

501 2634 682 2696 celista
718 2634 900 2686 beatus
928 2630 1177 2694 Joannes,
1195 2628 1309 2695 hoc,
1343 2628 1939 2695 inquiens,asemetipso
1966 2644 2066 2678 non

503 2726 627 2777 dixit
652 2766 666 2786 ,
717 2721 805 2773 sed
833 2737 946 2773 cum
976 2731 1102 2773 esset
1147 2719 1379 2787 princeps
1422 2720 1735 2771 sacerdotum
1780 2719 1900 2769 anni
1926 2717 2065 2769 illius

502 2814 830 2881 ριόῃΙιεάιιΞι.
857 2811 928 2863 lta
960 2820 1009 2863 et
1043 2809 1146 2872 hic,
1170 2825 1289 2863 cum
1316 2810 1367 2861 in
1395 2810 1585 2862 summi
1612 2816 1755 2862 esset
1778 2807 2064 2861 sacerdmii

502 2907 530 2958 tl
554 2905 751 2973 guitatc
777 2903 1005 2962 locatus,
1053 2910 1227 2952 utrum
1257 2900 1441 2953 nolens
1472 2913 1537 2951 an
1569 2897 1797 2961 invitus,
1826 2898 2066 2951 dubitare

501 2996 694 3063 quippe
719 3006 816 3045 nos
841 2991 955 3057 rjos
987 2990 1209 3041 varietas
1236 2997 1287 3043 et
1323 2988 1672 3042 incenstantia
1705 2987 1857 3053 ficit,
1895 2990 2063 3040 Vrt'is-

501 3087 686 3138 simam
736 3082 803 3134 de
850 3081 1075 3132 inimicis
1125 3079 1214 3133 Det
1265 3077 1381 3130 tulit
1425 3078 1770 3141 sententiam;
1812 3092 1966 3145 quam
2018 3077 2060 3129 si

2166 539 2501 607 auferuntur,
2548 542 2693 609 pacis
2738 541 3009 595 vinculum
3050 543 3350 596 nullatenus
3376 542 3742 609 redintegrare

2169 636 2500 703 permittunt.
2531 633 2586 688 Si
2617 635 2759 689 enim
2802 632 2928 688 licet
2967 645 3289 690 sectatorum
3319 635 3399 688 vel
3444 636 3739 688 communi-

2166 736 2407 780 caturum
2437 724 2742 795 Eutychetis
2765 764 2783 790 ,
2812 732 2871 779 ut
2898 723 2992 778 luit
3025 726 3143 790 ejus
3171 735 3403 779 sectator
3428 724 3622 779 Petrus
3647 764 3661 785 ,
3688 732 3741 777 et

2168 822 2590 875 communicatur
2617 818 2843 873 Aeacius
2868 857 2883 882 ,
2932 817 2983 871 in
3018 816 3257 871 Ecclesia
3298 817 3510 871 nomina
3555 829 3739 869 recen-

2170 914 2275 968 seri
2300 955 2315 979 ,
2349 929 2443 969 cur
2469 910 2537 966 de
2578 911 2936 965 sectatoribus
2975 922 3029 964 et
3056 910 3600 964 communit-atoribus
3629 908 3738 962 Arii

2170 1009 2253 1062 vel
2275 1017 2586 1062 ceterorum
2621 1005 3017 1067 litereticorum,
3039 1002 3198 1059 simili
3226 1010 3370 1056 sorte
3400 1015 3508 1055 non
3546 998 3741 1054 liceat?

2172 1102 2252 1153 An
2302 1097 2519 1153 minoris
2570 1095 2857 1165 impietatis
2900 1104 2956 1148 et
2999 1092 3233 1162 perﬁdia:
3276 1091 3537 1161 Eutyebes
3580 1090 3743 1145 luisse

2171 1198 2385 1255 ponitur
2411 1202 2568 1256 quam
2600 1186 2793 1242 Arius?
2830 1184 3001 1240 Nemo
3033 1186 3133 1239 hoc
3164 1183 3380 1254 quidem
3408 1182 3523 1237 sani
3550 1181 3742 1249 capitis

2169 1280 2385 1334 audebit
2423 1279 2623 1333 dicere.
2658 1277 2711 1333 Si
2750 1291 2881 1346 ergo
2916 1292 3013 1347 par
3043 1287 3123 1331 est
3158 1260 3431 1346 impietas,
3466 1288 3561 1341 par
3590 1275 3661 1327 sit
3689 1283 3745 1327 et

2172 1384 2514 1439 utrorumque
2558 1371 2842 1425 detestatio
2882 1387 2897 1424 :
2941 1385 3008 1423 ne
3036 1370 3081 1422 si
3113 1369 3277 1422 semt-l
3310 1367 3427 1420 talis
3458 1365 3617 1421 fuerit
3664 1365 3744 1418 in-

2171 1468 2417 1521 tromissa
2461 1464 2670 1518 licentia
2696 1505 2711 1527 ,
2763 1462 3010 1516 omnibus
3053 1458 3247 1515 exinde
3290 1458 3470 1511 omnia
3517 1457 3739 1516 liceant,

2170 1558 2407 1618 natiue,
2460 1555 2598 1621 quod
2644 1554 2823 1617 absit.
2876 1562 2979 1606 tam
3029 1551 3235 1619 passiva
3278 1563 3455 1603 rerum
3498 1546 3745 1601 confusio

2169 1658 2328 1717 atque
2356 1646 2687 1708 commistio,
2718 1654 2773 1697 ut
2813 1643 2953 1697 nulla
2986 1644 3123 1697 inter
3148 1639 3403 1693 mundum
3432 1647 3486 1691 et
3514 1638 3747 1689 immun-

2169 1738 2294 1791 dum
2327 1738 2396 1789 sit
2423 1736 2712 1789 secundum
2747 1735 3055 1801 prophetam
3080 1730 3291 1799 (Ezech.
3325 1744 3453 1791 χιιι,
3478 1725 3571 1794 26)
3600 1737 3743 1780 certa

2098 1811 2142 1870 Β
2169 1827 2441 1882 discretio.
2490 1827 2603 1880 bon
2630 1836 2711 1879 est
2755 1824 2968 1893 quidem
3001 1830 3198 1875 nostra:
3229 1818 3545 1874 humilitatis
3570 1818 3638 1870 de
3666 1826 3747 1870 to-

2170 1922 2275 1974 tius
2301 1920 2447 1973 orbis
2492 1918 2823 1973 dissensione
2866 1916 3006 1969 lerrc
3046 1913 3397 1975 sentt-otium;
3438 1921 3521 1965 est
3566 1919 3745 1963 tamen

2170 2023 2410 2067 ιιονιιειιιιι
2449 2011 2516 2063 de
2560 2008 2768 2076 propria
2790 2008 2960 2060 saltue
3007 2021 3127 2060 esse
3170 2006 3455 2067 sollicitos,
3488 2004 3742 2072 quoniam

2170 2106 2531 2172 unusquisque
2584 2117 2678 2170 pro
2736 2116 2794 2155 se
2843 2100 3103 2153 rationem
3151 2098 3451 2149 reddituros
3498 2104 3581 2148 est
3620 2104 3755 2155 ante

2168 2196 2294 2251 illud
2325 2192 2767 2257 trilmnal‘judicis
2791 2200 2846 2245 et
2874 2191 3013 2260 regis
3045 2189 3229 2244 a-terni
3262 2191 3279 2257 (
3310 2186 3366 2239 11
3403 2185 3525 2240 Cor.
3557 2203 3587 2240 v
3616 2184 3655 2252 ),
3692 2186 3745 2239 in

2169 2302 2276 2355 quo
2304 2286 2461 2341 etiam
2493 2284 2559 2339 de
2604 2283 2774 2337 verbo
2807 2284 3000 2347 otioso,
3048 2281 3377 2349 minimoque
3409 2278 3747 2345 quadrante.

2169 2392 2351 2433 sumus
2376 2387 2673 2429 nostrorum
2702 2374 2961 2427 rationem
2989 2384 3200 2426 actuum
3226 2370 3746 2440 prmstitnriﬂlatth.

2173 2489 2204 2524 v
2230 2484 2276 2525 et
2310 2471 2427 2539 χιι).
2459 2470 2607 2524 Unde
2637 2480 2692 2523 et
2719 2478 2985 2535 Optamus,
3012 2467 3399 2534 qualiacunque
3439 2474 3491 2518 et
3520 2474 3747 2533 quanta-

2168 2578 2377 2632 cunque
2398 2577 2557 2630 super
2582 2575 2679 2615 nos
2702 2558 3065 2627 importaverit
3094 2558 3359 2619 inimicus.
3386 2557 3615 2609 tolerare
3643 2555 3743 2608 dis-

2168 2654 2386 2705 crimina
2412 2654 2462 2705 in
2480 2650 2676 2703 smculo
2692 2650 2957 2715 praesenti,
2974 2656 3175 2700 tantum
3206 2663 3272 2700 ne
3293 2661 3482 2699 causas
3506 2647 3745 2699 incurra-

2169 2761 2285 2798 mus
2309 2744 2491 2796 mortis
2524 2754 2755 2795 tolerate.
2781 2741 2883 2795 Sed
2918 2742 3110 2793 dicitur
3138 2740 3203 2792 de
3234 2739 3411 2800 Petro,
3445 2754 3745 2806 quanquam

2167 2837 2281 2889 sine
2326 2833 2708 2901 approbatione
2773 2832 3013 2890 dicatur.
3069 2829 3360 2895 pratsertim
3410 2828 3479 2881 de
3527 2828 3744 2879 homine

2168 2924 2626 2995 perspicacissimo
2666 2920 3130 2992 [pervicacissitno
3175 2920 3441 2987 legendum
3488 2915 3745 2985 videtur],

2169 3020 2252 3079 qui
2289 3033 2378 3084 per
2411 3016 2479 3071 50
2522 3029 2691 3069 annos
2726 3012 2958 3065 famosus
2992 3020 3323 3079 expugnator
3354 3008 3525 3061 luerat
3556 3007 3745 3060 verita—

2169 3111 2234 3163 tis
2262 3152 2274 3169 ,
2323 3108 2460 3177 quod
2494 3106 2801 3175 pmuitentia
2852 3116 2963 3157 aeta
2994 3111 3273 3167 susceptus
3304 3100 3370 3151 sil
3400 3100 3449 3151 iu
3482 3097 3741 3151 Eeclosia.

504 3190 715 3228 “mne
745 3174 1015 3230 "omisso"
1047 3171 1329 3237 numnam
1358 3184 1513 3236 quam
1546 3170 1611 3219 ab
1640 3168 1877 3221 Eme“:
1909 3181 2061 3221 mra'
2090 3159 2134 3219 C
2167 3159 2628 3265 ἆιιᾶιᾶέιῖέίὲιιητ
2660 3210 2755 3262 per
2781 3194 2849 3248 50
2876 3207 3045 3246 annos
3087 3159 3246 3259 altore
3274 3190 3440 3253 t'otuit
3471 3189 3734 3257 paeniten-

501 3267 631 3319 citur
660 3265 975 3330 depulerat,
1014 3277 1197 3315 rursus
1226 3262 1277 3314 itt
1310 3260 1601 3315 Ecclesium
1632 3261 1742 3327 ipse
1770 3274 1871 3312 non
1904 3274 2061 3312 revo-

502 3368 705 3419 casset;
744 3368 796 3408 et
823 3355 889 3408 de
918 3370 1022 3420 quo
1050 3354 1287 3413 dixerat.
1322 3337 1430 3404 tace
1454 3361 1500 3405 et
1542 3354 1819 3405 obmutesce
1846 3351 2061 3418 (.llattlt.

504 3463 628 3509 \‘Ill',
674 3446 835 3499 Marc.
867 3441 963 3511 tv),
993 3459 1176 3498 rursus
1209 3444 1348 3497 Petri
1384 3458 1662 3506 personam
1696 3442 1837 3508 loqui
1886 3443 1936 3495 in
1969 3444 2063 3495 Ec-

504 3541 659 3595 clesia
693 3540 909 3592 minime
933 3538 1279 3606 permisisset.
1308 3535 1473 3599 Quam
1505 3536 1749 3588 similiter
1777 3536 2062 3601 proernam

504 3647 530 3683 a
562 3638 746 3683 sancto
776 3629 974 3697 Spiritu
1007 3626 1313 3694 dissipatam
1343 3640 1460 3678 esse
1510 3626 1847 3689 praedixerat,
1878 3640 2064 3692 quem-

504 3737 602 3790 que
632 3721 794 3773 lilium
844 3718 1013 3772 noctis
1056 3723 1479 3781 assevet-avetat,
1522 3726 1575 3768 et
1623 3730 1777 3781 quem
1809 3716 1874 3767 ab
1904 3731 2069 3782 opere

504 3810 718 3865 luminis
765 3810 1029 3875 alienum,
1079 3816 1450 3873 amantemque
1512 3807 1756 3860 tenebras
1802 3808 2064 3861 latronum

504 3899 753 3966 operibus
777 3912 1036 3968 congruas
1062 3911 1179 3950 esse
1214 3897 1460 3948 narrabat
1487 3912 1498 3946 :
1538 3898 1626 3963 qui
1672 3896 1859 3949 flilﬂmt
1892 3914 2068 3950 sacer-

506 3988 631 4043 dntii
660 4003 851 4043 nomen
876 4030 889 4049 ,
918 3988 987 4042 ab
1013 4002 1077 4041 eo
1106 3986 1194 4055 qui
1227 3995 1473 4054 paternos
1500 4026 1513 4049 ,
1545 3995 1601 4038 ut
1632 3987 1743 4053 ipse
1778 3988 1871 4049 ait,
1905 4002 2069 4040 cano-

507 4095 600 4134 nes
628 4079 981 4140 subverterat,
1006 4077 1208 4129 artibus
1234 4075 1433 4129 dolosis
1458 4076 1556 4127 sibi
1586 4076 1699 4140 ipse
1723 4076 2067 4143 imposuerat.

508 4171 603 4225 llic
632 4172 844 4233 Petrus,
886 4170 953 4223 de
992 4184 1097 4239 quo
1144 4169 1311 4224 beata:
1348 4172 1618 4224 memoria:
1645 4172 1955 4225 Timotheus
1984 4188 2073 4225 ca-

508 4262 753 4321 tholicus,
786 4270 842 4314 ut
876 4262 989 4331 ipse
1017 4260 1172 4325 dixit,
1204 4270 1542 4327 paternorum
1571 4275 1752 4316 cusms
1782 4278 2068 4328 canonum,

511 4351 877 4405 Alexandrina:
905 4351 1171 4419 quondam
1203 4351 1453 4405 Ecclesia:
1489 4351 1751 4419 pontifex,
1783 4352 1847 4405 ad
1888 4352 2068 4407 sedem

509 4441 850 4508 apostolicam
895 4441 1058 4495 multa
1102 4440 1285 4494 retulit
1323 4441 1586 4495 deteriOra
1632 4456 1787 4510 quam
1827 4444 2071 4510 superius

508 4530 875 4595 continentur,
920 4543 1169 4585 asserens
1209 4530 1512 4598 specialiter
1552 4540 1605 4585 et
1646 4532 1920 4586 alllrmans
1971 4534 2067 4587 ini-

510 4620 701 4674 micum
754 4622 912 4688 lidei,
959 4621 1226 4675 inimicum
1256 4622 1701 4678 Chalcedonensis
1747 4626 1932 4695 synodi
1981 4643 2073 4694 per

509 4726 695 4766 omnes
754 4714 1019 4765 exstitisse
1065 4711 1386 4767 infelicitatis
1430 4724 1674 4769 conatus.
1730 4716 1863 4782 Quid
1917 4719 2074 4785 igitur

511 4804 665 4857 nobis
706 4802 1005 4858 iaciendum
1054 4804 1175 4858 est?
1212 4804 1325 4859 Non
1376 4808 1644 4861 credimus
1691 4817 1768 4861 tot
1814 4819 1867 4862 et
1917 4813 2072 4864 tantis

510 4902 771 4946 tantarum
815 4894 1017 4947 sodium
1050 4894 1446 4960 sacerdotibus,
1478 4899 1567 4964 qui
1613 4914 1798 4951 omnes
1827 4915 1932 4952 ttno
1957 4917 2071 4964 ore,

511 5000 618 5038 uno
646 5000 907 5039 consen~u
932 5028 945 5046 .
978 4986 1239 5053 publicam
1266 4997 1322 5041 et
1363 4990 1581 5043 terolem
1616 4989 1858 5043 humana!
1886 4995 2073 5046 salutis

512 5076 737 5129 bestiam
765 5074 975 5129 Petrum
1006 5092 1126 5130 esse
1152 5079 1442 5145 dixerunt,
1475 5081 1527 5133 in
1558 5080 1708 5149 Cujus
1751 5097 1809 5136 se
1837 5098 2076 5136 commu-

512 5167 581 5220 nii
604 5183 690 5229 ne,
716 5167 1008 5234 perniciosa
1038 5169 1434 5235 conjunctione,
1467 5171 1752 5226 suadentes
1778 5173 2077 5236 daeumpico

513 5257 697 5326 spiritu
723 5294 739 5321 ,
770 5255 1048 5311 infeliciter
1077 5261 1373 5313 sociaverat
1414 5262 1636 5316 Aeacius
1661 5303 1674 5325 ,
1709 5266 1845 5318 male
1892 5279 2077 5320 rursus

515 5348 782 5401 :ltdllit'atls
834 5348 975 5416 quod
1025 5348 1157 5402 bene
1198 5351 1572 5406 destruat-rat?
1610 5353 1718 5407 Nec
1761 5370 1894 5423 opus
1928 5358 2073 5425 plura

519 5446 639 5496 hinc
660 5445 860 5506 dicere,
889 5460 1007 5497 cum
1037 5444 1341 5500 timentibus
1369 5448 1533 5501 Deum
1565 5459 1617 5502 et
1665 5450 2075 5506 formidantibus

519 5536 655 5587 diem
683 5535 891 5601 iudicii.
931 5548 985 5591 et
1015 5536 1262 5591 ECcIcsite
1292 5540 1545 5593 unitatem
1572 5540 1914 5609 diligentibus
1950 5544 2078 5596 satis

521 5634 801 5692 aperteque
833 5639 989 5681 canSa
1032 5630 1098 5682 sit
1134 5630 1298 5683 clara.
1334 5628 1455 5685 lltec
1484 5634 1624 5686 enim
1668 5634 1779 5687 sola
1826 5636 1962 5689 ratio
1991 5646 2074 5689 est

522 5732 636 5781 qua
684 5726 932 5773 unitatem
970 5718 1154 5774 dividit
1180 5729 1233 5775 et
1259 5723 1595 5777 concordiam
1640 5724 1862 5790 dissipat
1911 5726 2078 5790 :quia

2167 3291 2312 3351 tiam,
2344 3289 2441 3341 nisi
2476 3299 2599 3340 tunc
2628 3302 2689 3339 cu
2702 3302 2749 3337 nt
2778 3287 3116 3353 episeopatus
3142 3297 3322 3333 amore
3353 3292 3404 3330 et
3433 3281 3737 3332 ambitionis

2166 3383 2358 3434 ardore
2399 3376 2676 3432 lrrveliat?
2707 3374 2752 3431 Ο
2782 3390 2892 3427 rem
2938 3381 3177 3426 monstro
3224 3370 3581 3423 simillimam!
3620 3377 3744 3422 ante

2167 3472 2317 3524 illum
2349 3469 2583 3538 potuis~e
2613 3467 2782 3520 locum
2810 3480 2962 3517 somn
2990 3461 3271 3516 sacerdotii
3297 3460 3561 3522 obtinere,
3582 3476 3741 3529 quam

2168 3571 2345 3629 posset
2376 3559 2459 3612 vel
2506 3559 2653 3611 brevi
2700 3572 2795 3625 pro
2834 3568 2936 3607 tam
2971 3553 3185 3606 immani
3216 3552 3438 3603 crimine
3480 3552 3743 3618 paenitens

2170 3654 2359 3708 videri.
2385 3653 2486 3707 Sed
2515 3650 2672 3705 solvit
2697 3650 2863 3710 illum,
2900 3647 3067 3710 inquit
3090 3686 3105 3707 ,
3135 3645 3447 3698 attc'oritztte
3471 3657 3564 3695 sua
3596 3643 3742 3710 prius

2168 3744 2412 3805 Aeacius.
2444 3751 2494 3795 et
2520 3741 2597 3794 sic
2625 3740 2874 3806 suscepit.
2894 3736 3114 3791 Utinam
3146 3735 3376 3800 seipsum
3409 3732 3744 3787 miserrimus

2168 3832 2429 3896 omnium.
2454 3847 2739 3900 secumque
2766 3828 3203 3899 quamplurimos,
3232 3842 3337 3879 non
3364 3834 3580 3878 :rternre
3608 3838 3745 3877 mon

2171 3926 2239 3978 tis
2301 3924 2649 3993 compedibus
2707 3923 2975 3990 alligaret!
3037 3919 3135 3986 Qui
3191 3933 3311 3972 cum
3358 3915 3742 3985 superbissimo

2174 4017 2443 4085 prtcﬂatus
2485 4016 2675 4081 spiritu
2723 4017 2971 4066 thronum
3021 4012 3333 4065 humilitatis
3364 4012 3519 4064 altius
3548 4008 3739 4063 efferre

2172 4117 2393 4161 conatur
2423 4120 2578 4174 quam
2609 4104 2787 4158 deruit
2810 4146 2824 4167 ,
2868 4112 2921 4156 et
2961 4102 3464 4170 prmsumptinnibus
3492 4100 3604 4153 suis
3629 4099 3745 4155 adi-

2175 4207 2281 4249 tum
2304 4195 2657 4259 undecunque
2685 4192 2974 4261 conquirit,
2992 4192 3258 4258 simulque
3287 4206 3381 4255 per
3409 4190 3489 4245 fas
3516 4199 3572 4245 et
3598 4190 3747 4244 nefas

2174 4290 2343 4343 Calcat
2371 4299 2420 4341 et
2455 4286 2648 4340 transit
2678 4283 3004 4337 inviolabilia
3038 4290 3231 4335 statuta
3257 4291 3595 4341 sanctorum.
3624 4295 3744 4335 cum

2175 4380 2288 4446 ipso
2318 4392 2474 4444 quem
2503 4376 2741 4429 imitatus
2769 4382 2851 4427 est
2882 4382 3101 4427 auctore
3128 4372 3414 4441 superbiat,
3448 4372 3499 4424 in
3532 4370 3750 4439 profun-

2174 4469 2444 4523 dissimam
2488 4468 2697 4521 ruinam
2727 4465 2964 4530 deiectus
2988 4503 3002 4526 ,
3055 4463 3104 4517 id
3151 4463 3433 4532 dereliquit
3472 4463 3751 4528 Ecclesiae,

2180 4557 2319 4610 unde
2351 4556 2591 4625 lugerent
2615 4552 2820 4619 paciﬁci
2844 4592 2859 4615 ,
2890 4552 3178 4620 ﬁdelesque
3201 4561 3253 4605 et
3283 4552 3508 4606 humiles
3538 4552 3749 4607 ﬂerent.

2178 4646 2231 4699 Si
2262 4644 2403 4699 enim
2435 4645 2522 4699 ille
2567 4642 2783 4697 modum
2834 4650 3122 4710 temperata
3170 4649 3432 4709 potestate
3460 4651 3750 4708 servasset,

2180 4751 2277 4791 nec
2307 4735 2519 4791 Petrum
2550 4734 2858 4789 barelieum
2884 4772 2900 4797 ,
2934 4733 3076 4785 nullo
3122 4732 3349 4796 regulari
3378 4729 3569 4785 ordine
3596 4731 3754 4786 abso-

2181 4830 2345 4882 lutum
2371 4868 2387 4893 ,
2422 4843 2517 4895 pro
2545 4828 2663 4893 ejus
2687 4824 2873 4879 audaci
2901 4824 3199 4879 temeritate-
3228 4866 3243 4885 .
3276 4825 3329 4877 in
3370 4838 3465 4876 sua
3495 4826 3756 4882 societate

2182 4919 2341 4972 hodie
2373 4917 2605 4971 Ecclesia
2637 4915 2926 4980 suspiraret
2958 4925 3320 4980 assumptum;
3362 4929 3461 4968 nec
3493 4916 3756 4985 caritatis,

2177 5024 2294 5077 qua!
2324 5008 2560 5062 omnium
2590 5007 2841 5058 virtutum
2870 5014 2951 5058 est
2975 5003 3231 5072 perieCtio
3251 5044 3265 5065 ,
3298 5015 3351 5059 et
3397 5006 3515 5058 sine
3541 5020 3644 5072 qua
3675 5019 3761 5060 se-

2178 5095 2406 5149 cundum
2457 5094 2770 5165 Apostolum
2817 5093 2989 5146 inania
3022 5101 3143 5146 sunt
3188 5092 3437 5147 universa
3483 5109 3606 5161 qua:
3632 5095 3760 5147 lari-

2183 5201 2299 5240 mus
2323 5184 2366 5255 (l
2395 5183 2921 5249 Cor.xtu),tautatilii
2956 5184 3099 5251 pacis
3120 5184 3395 5252 dispendia
3426 5195 3758 5250 paterentur,

2182 5289 2283 5330 nec
2304 5274 2599 5328 mordenda
2625 5274 2873 5335 invicem,
2903 5284 3345 5329 consumerentur
3369 5274 3617 5328 invicem.
3652 5276 3757 5329 Sed

2181 5366 2420 5434 quolibet
2447 5364 2604 5418 modo
2630 5363 2840 5418 dieatur
2859 5365 3044 5418 Petrus
3072 5380 3193 5419 esse
3221 5375 3760 5433 Sttscepttts.apparet

2181 5465 2359 5508 tamen
2403 5469 2524 5507 eum
2575 5452 2735 5507 fuisse
2783 5450 3088 5507 habreticum
3115 5493 3132 5519 ,
3178 5456 3267 5522 qui
3321 5454 3636 5521 paenituisse
3670 5472 3760 5522 pro

2184 5546 2533 5613 perversitate
2579 5543 2917 5606 delenditur;
2959 5552 3011 5597 et
3055 5548 3193 5612 quod
3228 5560 3421 5613 pravus
3451 5556 3503 5599 et
3534 5546 3761 5599 inﬁdelis

2182 5638 2335 5690 luerit
2363 5676 2377 5697 ,
2407 5644 2463 5687 et
2506 5635 2574 5688 de
2604 5634 2842 5689 Ecclesia
2889 5633 3256 5688 ecclesiastico
3296 5635 3416 5699 jure
3466 5636 3761 5703 projetus,

2182 5728 2375 5789 ambigi
2419 5727 2757 5789 dubitarique
2805 5742 2910 5782 non
2975 5738 3163 5791 potcSt.
3227 5726 3333 5783 Sed
3399 5728 3761 5781 conce'amus
