3994 6460
2821 44 2938 56 --ιι-..ι-
3013 44 3020 46 -

2821 44 2938 56 ..-δυ
3013 44 3020 46 .

1435 108 1494 116 ν.
2895 53 3152 92 ’⁸-νζὲξι-ὲ2.“
3181 67 3198 74 ·

253 479 324 537 3ft
1466 460 1748 516 EPISTOL
1760 459 1819 514 ,Ε
1866 459 1950 512 ET
1994 458 2306 514 DECRETA
2318 498 2331 512 .
3471 461 3544 516 90

256 594 526 663 ιηιιιίςρνιι
573 584 884 653 ρωιιῑιιιῑςςο
934 591 1054 632 cum
1077 617 1090 638 ,
1125 573 1265 642 quod
1319 572 1626 625 nullatenus
1656 584 1838 621 verum
1873 578 1915 629 Α
1949 570 2073 623 lites
2121 569 2217 637 ipsi
2266 568 2352 636 qui
2385 567 2667 621 Dominum
2701 567 3086 622 crttciﬁxerunt
3109 609 3124 632 ,
3160 567 3401 624 dividere
3425 573 3542 627 ausi

253 661 369 745 est;
409 677 694 732 videndum
725 688 853 741 ergo
898 679 980 722 est
1009 664 1300 733 quomodo,
1335 663 1384 715 id
1415 671 1496 713 est
1544 669 1720 713 utrum
1752 661 1840 728 qui

253 772 445 825 ordine
492 765 856 834 competenti,
904 757 1134 827 regulari
1198 753 1484 808 severitate
1529 751 1740 804 excisus
1791 759 1845 800 t‘l

253 860 584 928 cxstirpatus
614 865 696 906 est
726 894 737 915 ,
773 848 1037 919 paenitens
1075 855 1224 900 recte
1251 853 1309 897 et
1335 849 1730 908 consequenter
1760 853 1844 892 rc-

253 963 442 1022 ceptus
484 950 570 1001 sit.
606 947 708 1001 Sed
745 957 1010 1010 nunquam
1052 937 1348 996 docebitur,
1387 948 1658 1001 nunquam
1692 946 1842 984 mon-

253 1044 531 1104 strabitur,
566 1052 833 1106 nunquam
882 1034 1101 1087 omnino
1144 1030 1456 1100 probabitur
1495 1027 1612 1095 ejus
1654 1041 1844 1094 purga-

257 1136 456 1186 tionem
491 1132 649 1184 fuisse.
682 1127 993 1195 legitimam,
1019 1137 1137 1189 qua:
1170 1135 1272 1173 non
1303 1129 1385 1171 est
1415 1117 1844 1183 competentibus

258 1225 458 1294 regulis
503 1221 790 1276 celebrata.
861 1214 1123 1268 Set-undae
1167 1214 1309 1267 enim
1361 1209 1505 1264 sedis
1549 1209 1841 1262 antistitem

258 1330 357 1367 nec
388 1314 660 1381 expellere
688 1310 963 1376 quit-«piam
990 1348 1000 1366 ,
1041 1320 1137 1358 nec
1166 1315 1420 1356 revocare
1443 1341 1458 1363 ,
1509 1301 1624 1353 sine
1656 1300 1844 1368 prima:

257 1405 399 1458 sedi~
431 1417 674 1461 assitnsu,
710 1400 788 1450 vel
821 1398 1010 1466 potuit,
1047 1395 1126 1447 vel
1155 1393 1356 1448 debuit.
1391 1390 1501 1446 Nisi
1545 1390 1682 1444 forte
1715 1405 1844 1443 con-

258 1497 373 1549 fuso
400 1496 509 1561 jam
542 1493 731 1546 ordine
765 1505 942 1542 rerum
987 1497 1148 1554 atque
1205 1485 1417 1536 turban
1443 1524 1456 1544 ,
1504 1497 1603 1535 nec
1647 1487 1840 1549 prima,

259 1603 357 1641 nec
397 1584 629 1638 secunda
659 1624 673 1646 ,
703 1595 799 1634 nec
831 1581 983 1633 tertia
1016 1577 1173 1630 sedes
1213 1575 1404 1628 debeat
1431 1574 1728 1638 observari,
1760 1573 1843 1625 vel

257 1677 452 1744 suscipi
504 1675 798 1728 secundum
850 1670 1064 1734 antiqua
1103 1676 1300 1721 statuta
1353 1665 1636 1733 majorum,
1670 1675 1720 1718 et
1752 1679 1840 1716 su-

261 1775 402 1824 blato
428 1771 623 1835 capite,
674 1779 729 1819 ut
758 1767 1019 1824 videmus,
1051 1762 1227 1814 oinnia
1256 1759 1495 1812 membra
1529 1759 1675 1810 rario
1706 1758 1844 1810 inter

257 1879 317 1917 se
342 1867 704 1929 eompugnent
732 1867 1042 1912 certamine,
1079 1855 1276 1918 liatque
1317 1850 1443 1902 illud
1471 1839 1612 1915 quod
1645 1849 1711 1900 de
1745 1861 1839 1915 po-

1948 661 2171 714 l'uisscnt
2199 660 2379 729 (Joau.
2428 659 2565 727 six).
2600 659 2728 724 Qum
2761 675 2903 713 nunc
2931 661 2973 712 si
3017 669 3239 729 propter
3269 663 3543 728 perlidiam

1949 753 2309 814 Petri,Acacii
2344 751 2674 822 tyranniczim
2704 753 3032 819 superbiam,
3059 752 3382 820 impiumque
3411 768 3544 819 prte-

1945 847 2301 915 snmptioncm
2330 846 2466 913 ejus,
2502 846 2730 899 violatur
2759 855 2921 914 atque
2948 847 3338 909 conscimlitnr,
3371 849 3546 903 videte

1947 949 2001 992 et
2047 938 2321 1006 Sapienter
2370 935 2662 1004 expendite
2692 975 2705 998 ,
2759 937 2811 989 in
2861 952 3019 1002 quam
3050 952 3217 1004 grave
3250 939 3545 1005 periculum

1948 1041 2127 1087 nostra
2176 1031 2456 1085 deducitur
2504 1027 2832 1082 conscientia
2861 1069 2876 1092 ,
2926 1029 3052 1082 dum
3106 1039 3248 1082 tanta
3283 1031 3580 1097 majorum:

1948 1125 2171 1178 solvitur
2218 1124 2589 1178 observantia.
2645 1121 2774 1186 Quis
2801 1136 2945 1174 Oltillt
2981 1138 3086 1174 non
3117 1134 3235 1190 agat
3265 1123 3547 1190 qttothun-

1947 1231 2050 1282 que
2080 1214 2338 1277 libuerit,
2387 1215 2431 1266 si
2483 1213 2650 1267 semel
2694 1215 2744 1265 in
2776 1211 3224 1265 consuetudinem
3267 1225 3550 1279 corruptus

1947 1307 2083 1359 ordo
2115 1305 2460 1374 pervenerit?
2499 1304 2552 1357 Si
2585 1312 2760 1356 autent
2793 1303 2892 1356 hoc
2926 1305 3243 1370 sacrilegum
3278 1315 3354 1357 es:
3389 1308 3548 1357 etiam

1947 1403 2222 1468 Cogitare,
2267 1417 2363 1454 cur
2395 1415 2500 1452 non
2547 1416 2665 1451 cum
2719 1397 3127 1464 tliligcntis~ima
3172 1399 3550 1450 observatione

1949 1508 2190 1551 teneatur
2223 1499 2334 1546 llzt't'
2366 1496 2532 1547 forma
2583 1493 2876 1561 majorutn,
2909 1508 3029 1545 cum
3079 1494 3147 1544 sit
3203 1496 3252 1544 in
3307 1495 3404 1545 hoc
3455 1497 3551 1545 ob.

1946 1588 2261 1641 SCI'V‘JIiOIIlS
2306 1598 2486 1637 tenore
2535 1585 2816 1638 inell'abilis
2867 1584 3284 1652 indubitatrqtte
3335 1587 3550 1640 unitatis

1947 1681 2174 1732 evidens
2218 1687 2272 1730 et
2322 1677 2521 1741 gramle
2577 1676 2928 1744 mysterium?
2982 1677 3060 1727 Au
3104 1675 3221 1726 duae
3278 1687 3401 1728 sunt
3445 1677 3541 1729 lic-

1947 1773 2125 1825 clcsim.
2187 1779 2236 1822 et
2282 1769 2388 1819 duo
2454 1766 2740 1834 pastores?
2801 1765 2972 1818 Absit.
3052 1765 3197 1817 L'nus
3253 1776 3335 1818 est
3402 1766 3546 1818 enim

1946 1865 2031 1928 qui
2063 1863 2180 1928 [erit
2214 1871 2425 1927 utroque
2459 1875 2614 1910 unum
2644 1861 2660 1926 (
2692 1856 2880 1925 Ephes.
2913 1873 2944 1926 l‘l
2971 1856 3011 1924 ),
3050 1860 3243 1911 tollens
3274 1859 3339 1908 de
3373 1860 3551 1914 medio

258 1954 384 2021 pulo
408 1954 659 2018 scriptum
693 1957 776 2002 est
824 1947 980 1999 Israel
1022 1963 1033 1995 :
1080 1942 1144 1994 In
1195 1943 1286 1994 illo
1325 1954 1576 2007 tempore,
1608 1957 1709 1991 non
1737 1947 1845 1991 erat

1962 1953 2351 2006 inimicitiarum
2403 1950 2660 2017 par-intem
2717 1950 2766 2001 in
2817 1964 3043 2016 corpore
3099 1964 3214 2001 suo.
3266 1949 3375 2000 Cur
3421 1966 3550 2016 ergo

259 2047 366 2096 dux
398 2045 446 2093 in
474 2041 634 2093 Israt-l
655 2055 674 2092 :
699 2040 1041 2106 unusquisque
1070 2036 1202 2100 quod
1231 2033 1476 2100 placitum
1503 2043 1611 2084 erat
1643 2033 1692 2083 in
1727 2047 1848 2082 ocu-

257 2134 322 2184 lis
349 2133 454 2183 suis
487 2130 704 2200 faciebat
738 2125 956 2194 (Judic.
991 2141 1076 2178 ut
1110 2126 1147 2192 ).
1193 2124 1308 2190 Qua
1338 2125 1478 2176 enim
1530 2124 1738 2174 ratione
1769 2123 1848 2175 vel

256 2221 636 2290 consequentia
685 2219 804 2273 aliis
853 2217 1070 2272 selibus
1118 2215 1514 2268 defendendum
1563 2213 1654 2284 [ιιι.
1698 2213 1847 2265 deie-

260 2310 506 2382 rendum]
535 2322 646 2372 est,
680 2311 723 2363 si
758 2311 942 2377 prinue
981 2307 1274 2361 beatissimi
1317 2308 1455 2358 l’etri
1487 2307 1600 2358 sedi
1633 2306 1845 2370 antiqua

258 2417 309 2459 ct
335 2415 540 2458 vetusta
569 2405 870 2458 reverentia
896 2416 998 2453 non
1027 2401 1284 2464 defertur,
1313 2414 1406 2466 per
1427 2414 1584 2466 quam
1607 2397 1848 2450 omnium

257 2497 592 2551 sacerdotum
623 2495 856 2561 dignitas
885 2506 1098 2559 semper
1147 2501 1229 2543 est
1282 2491 1528 2542 roborata
1572 2497 1730 2556 atque
1760 2490 1850 2539 lir-

258 2600 420 2649 mata,
454 2596 918 2652 trecentorumqne
947 2584 1130 2635 decem
1161 2593 1215 2635 et
1244 2592 1364 2636 octo
1402 2581 1618 2633 Patrum
1652 2581 1849 2632 invicto

257 2689 311 2734 et
357 2677 609 2741 singulari
647 2675 848 2743 judicio
895 2673 1283 2727 vetustissimus
1309 2672 1578 2740 judicatus
1608 2672 1702 2738 (al.
1736 2671 1849 2724 viu-

257 2769 483 2837 dicatus]
517 2775 598 2819 est
629 2766 834 2818 honor?
899 2765 1090 2830 litpote
1119 2767 1206 2831 qui
1234 2763 1444 2816 Domini
1487 2764 1844 2815 recordaban—

261 2874 344 2914 tur
372 2860 690 2914 sententiam
729 2873 743 2909 :
777 2856 850 2909 Tu
889 2873 940 2909 es
982 2855 1181 2917 Petrus,
1208 2863 1252 2907 et
1300 2871 1452 2922 super
1489 2854 1620 2906 hanc
1653 2865 1848 2918 petram

259 2958 296 3018 ft
320 2951 484 3002 ndobo
518 2949 796 3001 Ecclesium
827 2963 1010 3009 meam,
1055 2957 1102 2997 et
1151 2956 1312 3012 portat
1341 2946 1494 3013 inferi
1523 2961 1622 2997 non
1654 2960 1848 3012 pra'va-

258 3043 428 3095 lebuut
459 3034 698 3092 adrersns
727 3054 857 3089 erm.
877 3037 938 3088 Iit
961 3038 1048 3089 tibi
1070 3036 1198 3088 dabo
1224 3037 1387 3088 claves
1418 3038 1560 3106 regni
1586 3037 1846 3096 caelorum,

257 3147 304 3189 ct
335 3150 643 3203 quarumque
673 3131 908 3199 ligaveris
945 3130 1018 3181 vel
1061 3129 1270 3182 solvcris
1315 3129 1366 3179 in
1398 3137 1531 3179 terra
1555 3167 1568 3189 ,
1609 3138 1754 3179 erunt
1787 3129 1849 3179 li-

258 3238 378 3296 gata
420 3227 496 3279 rel
542 3226 709 3278 soluta
741 3226 789 3276 in
835 3227 958 3275 cath
991 3222 1218 3289 (Matth.
1269 3237 1354 3273 xw
1383 3221 1420 3289 ).
1458 3221 1523 3275 Et
1566 3237 1751 3274 rur.~us
1780 3223 1843 3272 ad

1955 2058 2048 2110 per
2105 2042 2244 2095 l’ctri
2298 2049 2350 2092 et
2402 2042 2577 2093 Attat-ii
2633 2039 2847 2091 nomina
2895 2053 3083 2091 rursus
3149 2039 3358 2090 inimica
3407 2041 3551 2106 si-pis

1954 2137 2232 2199 intexitur,
2264 2150 2421 2203 quam
2453 2135 2617 2185 semel
2662 2131 2855 2185 (.‘bristi
2888 2147 3041 2192 crux,
3076 2146 3220 2183 mors
3250 2143 3303 2184 et
3334 2134 3552 2199 Sanguis

1952 2227 2258 2290 destruxit,
2305 2226 2465 2279 solvit
2514 2235 2566 2277 et
2598 2226 2825 2277 evertit?
2867 2223 2979 2276 Non
3024 2238 3155 2292 ergo
3201 2223 3402 2276 dividat
3455 2239 3550 2277 eos

1955 2323 2327 2387 interpositum
2360 2321 2500 2372 Petri
2551 2330 2600 2372 et
2635 2319 2813 2371 Aracii
2863 2334 3079 2382 nomen,
3111 2336 3243 2387 quos
3275 2320 3404 2371 tanti
3435 2335 3550 2370 mo-

1952 2414 2176 2467 diatoris
2221 2413 2484 2480 pretiosus
2531 2412 2748 2480 sanguis
2791 2412 2980 2464 univit.
3019 2411 3296 2465 Postremo
3339 2430 3548 2480 a'quuttt

1952 2513 2035 2557 est
2062 2513 2118 2556 ut
2146 2503 2232 2571 qtti
2262 2503 2396 2555 alios
2427 2501 2655 2555 libenter
2685 2513 2736 2554 et
2763 2511 3134 2568 competenter
3163 2504 3320 2556 vultis
3354 2504 3551 2556 habere

1952 2596 2226 2664 subjectos
2256 2639 2266 2659 ,
2301 2594 2507 2647 cedatis
2535 2603 2589 2646 et
2620 2595 2716 2662 ipsi
2765 2594 2986 2659 antiquo
3036 2610 3187 2648 more
3234 2595 3548 2663 majoribus,

1954 2696 2012 2740 ut
2041 2685 2375 2739 conﬁdenter
2403 2685 2666 2753 imperare
2712 2686 2928 2750 possitis
2979 2686 3282 2739 minoribus
3333 2693 3549 2741 vestris.

1958 2780 2243 2834 Duodecim
2277 2788 2422 2832 certe
2473 2779 2617 2830 fuere
2650 2779 2900 2846 apostoli,
2932 2780 3148 2847 paribus
3200 2781 3429 2844 meritis,
3461 2797 3553 2850 pa-

1955 2874 2105 2940 rique
2159 2873 2418 2941 dignitate
2467 2871 2692 2926 suil‘u'ti.
2744 2870 2986 2940 Cumque
3032 2887 3221 2925 omnes
3274 2877 3552 2941 aequaliter

1951 2965 2214 3027 snirituali
2247 2965 2363 3017 luce
2396 2964 2679 3032 ﬁngerent,
2709 2979 2870 3016 unum
2899 2974 3076 3017 tamen
3107 2966 3399 3032 principem
3429 2983 3550 3022 esse

1953 3071 2014 3108 cx
2045 3055 2146 3108 illis
2177 3055 2345 3105 voltnt
2377 3053 2486 3106 Chr
2511 3064 2623 3104 Slus
2646 3095 2659 3117 ,
2690 3069 2924 3118 eumque
2951 3053 3353 3120 diSpensatione
3384 3059 3546 3110 mira-

1953 3147 2044 3199 bili
2077 3146 2126 3199 in
2156 3146 2425 3198 dominam
2457 3155 2696 3213 gentuun
2733 3143 2954 3196 Romam
2984 3145 3201 3207 direxit,
3235 3157 3288 3198 ut
3333 3149 3383 3200 in
3415 3164 3551 3214 prte-

1952 3239 2105 3306 cipua
2135 3238 2264 3290 urbe
2292 3238 2371 3291 vel
2406 3238 2572 3304 prima
2606 3236 2833 3304 primum
2859 3247 2911 3290 et
2941 3238 3266 3308 praecipuum
3293 3240 3550 3307 dirigeret

259 3318 506 3370 eumdem
534 3330 546 3364 :
577 3314 705 3366 Ecce
734 3327 826 3380 ego
856 3311 1027 3380 rogavi
1054 3325 1146 3377 pro
1176 3319 1244 3370 te,
1271 3321 1322 3360 ut
1351 3325 1451 3360 non
1483 3309 1686 3376 deﬁciat
1716 3310 1841 3375 ﬁdes
1872 3310 1916 3370 C
1953 3331 2187 3384 penum.
2238 3328 2419 3396 Ibique
2462 3327 2603 3381 siem
2630 3327 2892 3382 doctrinm,
2921 3329 3117 3382 virtute
3143 3332 3389 3385 subl-"nis
3417 3333 3550 3387 εηιί-

261 3421 346 3459 tua
369 3449 383 3472 ,
439 3416 480 3456 tt
527 3416 580 3456 tu
629 3402 903 3468 aliquando
930 3411 1221 3452 convertere
1245 3437 1261 3462 ,
1304 3409 1352 3451 et
1383 3401 1630 3466 confirma
1661 3403 1845 3466 fratres

260 3508 374 3552 tuos
403 3496 552 3564 (Luc.
599 3498 761 3563 χχιι),
801 3503 856 3548 et
883 3493 1010 3546 illud
1048 3511 1060 3544 :
1106 3493 1164 3547 Si
1195 3509 1336 3545 amas
1385 3510 1462 3546 me
1488 3535 1502 3556 ,
1543 3509 1694 3561 pasce
1734 3508 1848 3545 ovt-s

260 3607 397 3643 νηί-αδ
424 3591 440 3657 (
463 3587 620 3641 Joau.
661 3603 745 3640 xxi
771 3588 810 3656 ).
848 3588 1022 3652 Quare
1065 3585 1224 3654 igitur
1251 3584 1316 3638 ad
1349 3586 1558 3639 Petrum
1603 3596 1707 3638 tam
1740 3586 1841 3638 tre-

260 3699 430 3753 quens
466 3681 672 3735 Domini
702 3695 880 3736 sermo
924 3679 1210 3748 dirigitur?
1250 3679 1614 3746 nunquidnam
1659 3677 1848 3743 reliqui

261 3776 430 3833 sancti
470 3784 524 3833 et
567 3773 705 3832 beati
738 3772 966 3846 apostoli
1000 3792 1102 3830 non
1133 3787 1284 3832 erant
1315 3771 1474 3830 simili
1509 3771 1700 3829 virtute
1732 3786 1851 3828 suc-

261 3875 380 3925 cinc
406 3871 461 3925 i?
498 3869 627 3937 Quis
653 3872 753 3923 hoc
782 3870 971 3921 audeat
999 3869 1297 3922 aliirmare?
1329 3868 1433 3922 Sed
1462 3878 1515 3919 ut
1542 3871 1706 3931 capite
1738 3884 1854 3918 ron-

261 3967 460 4024 stituto,
507 3962 793 4015 schismatis
823 3961 1080 4014 tolli-retur
1118 3964 1312 4014 occasio
1358 3961 1442 4031 (S.
1484 3961 1705 4015 Hieron.
1735 3977 1848 4027 cap.

265 4054 372 4117 14,
421 4057 509 4107 lib.
559 4071 573 4108 t
623 4057 740 4106 adv.
792 4052 1184 4119 Jovin‘auum),
1229 4061 1284 4106 et
1313 4068 1412 4103 una
1463 4060 1854 4104 monstraretur

262 4162 522 4215 compago
548 4146 788 4213 corporis
822 4144 1054 4206 Christi,
1089 4159 1208 4211 qua:
1249 4145 1311 4197 ad
1357 4160 1517 4196 unum
1549 4154 1710 4212 caput
1736 4145 1855 4212 glo-

263 4239 558 4291 r:osissima
601 4236 903 4288 dilectionis
938 4223 1191 4288 societate
1242 4244 1628 4296 concurreret;
1671 4242 1725 4286 et
1753 4250 1853 4286 una

263 4338 410 4384 esset
438 4328 709 4393 Ecclesia,
742 4329 824 4381 cui
870 4327 1095 4380 lideliter
1139 4328 1468 4391 crederetur,
1509 4341 1720 4394 unaque
1762 4326 1860 4379 du—

264 4434 387 4473 tnus
438 4418 590 4471 unius
644 4417 854 4470 Domini
899 4427 952 4469 et
1013 4417 1165 4469 unius
1214 4416 1610 4483 redemptoris,
1660 4418 1712 4469 in
1756 4432 1856 4484 qua

263 4514 335 4563 de
363 4525 468 4563 uno
499 4524 633 4576 pane
677 4518 728 4561 et
755 4506 823 4562 de
856 4524 960 4560 uno
990 4508 1154 4561 calice
1185 4509 1508 4562 nutriremur
1537 4507 1588 4577 (Ι
1632 4507 1753 4561 Cor.
1781 4513 1854 4576 λ).

265 4606 379 4666 Qua
411 4600 612 4654 I'aliOIte
638 4640 651 4661 ,
695 4599 828 4654 sicut
862 4599 968 4651 dixi
996 4639 1009 4662 ,
1045 4598 1274 4665 majores
1315 4601 1482 4651 nostri
1510 4640 1523 4662 ,
1569 4601 1847 4653 reverendi

265 4696 344 4749 ili
379 4693 732 4747 Ecclesiarum
780 4693 1061 4761 magistri,
1111 4694 1510 4756 clarissimaqne
1553 4692 1643 4744 illa
1677 4691 1854 4760 populi
1888 4677 1939 4735 D

265 4787 440 4840 Christ
467 4785 552 4838 ani
606 4783 848 4852 lumina,
898 4799 1032 4853 quos
1081 4786 1269 4838 merita
1327 4786 1586 4837 virtutum
1637 4798 1855 4836 suarum

269 4895 437 4944 usque
467 4878 530 4929 ad
559 4875 914 4931 confessionis
943 4877 1358 4945 gloriosissimas
1389 4878 1611 4944 palmas,
1635 4887 1687 4930 et
1718 4892 1859 4930 mar-

267 4973 391 5042 tyrii
416 4973 677 5042 fulgentes
696 4972 936 5025 extulere
958 4986 1205 5036 coronas,
1231 4972 1295 5023 ad
1325 4971 1469 5023 illam
1493 4970 1674 5024 sedetn
1699 4985 1856 5035 quam

271 5071 516 5133 princeps
543 5064 907 5132 apostolorum
942 5063 1157 5117 sederat
1190 5063 1398 5129 Petrus,
1446 5065 1528 5116 sui
1571 5062 1858 5116 sacerdotii

268 5166 476 5220 sumpta
507 5154 767 5222 principia
806 5153 992 5221 repleti
1033 5154 1232 5208 Christi
1275 5157 1500 5209 caritate
1546 5154 1850 5218 mittebant,
1901 5137 1909 5150 ’

269 5263 380 5302 soa-
406 5247 524 5299 inde
549 5247 828 5300 soliditatis
853 5246 1162 5314 gravissima
1192 5247 1454 5301 lirmitatis
1480 5247 1853 5300 roboramenta

269 5349 576 5408 rio-centes.
627 5337 695 5392 Ut
737 5353 832 5406 per
876 5337 1012 5391 hanc
1059 5336 1293 5405 speciem
1326 5337 1576 5390 omnibus
1605 5347 1862 5406 appareat

269 5447 397 5484 vere
429 5443 582 5481 unam
612 5442 732 5483 esse
759 5443 850 5494 rer
878 5427 1082 5493 omnia,
1113 5438 1166 5482 et
1206 5427 1629 5482 indissolubilem
1660 5428 1860 5482 Christi

273 5523 566 5578 [ecclesiam
594 5562 609 5586 ,
639 5536 758 5590 qua:
788 5520 1090 5574 conenrdie
1119 5521 1334 5574 vinculo
1376 5520 1714 5589 mirabiliquc
1766 5535 1859 5574 ca-

271 5617 450 5671 ritatis.
491 5623 696 5668 textura
741 5611 1036 5679 COIBPOsila
1065 5654 1078 5677 ,
1120 5611 1231 5664 soli
1281 5623 1336 5665 et
1381 5611 1604 5666 indivisa
1655 5627 1750 5679 per
1782 5624 1861 5666 to-

272 5719 385 5762 tum
416 5704 790 5762 Os'cnderetur
819 5716 939 5756 esse
967 5703 1141 5756 tunica
1171 5701 1394 5768 Christi,
1427 5717 1585 5770 quam
1634 5717 1731 5756 nec
1764 5703 1862 5756 mi-

349 5827 359 5856 ¹
406 5825 457 5877 In
491 5839 592 5876 uis.
625 5819 811 5874 codice
866 5828 1174 5889 pervetusto
1207 5817 1530 5872 Veronensis
1587 5816 1836 5889 capituli,

271 5914 390 5953 cum
421 5911 528 5963 quo
556 5892 748 5948 collata
780 5887 880 5944 luit
903 5907 932 5944 a
958 5890 1241 5945 Francisco
1269 5890 1568 5944 Dlancbino
1610 5889 1725 5942 banc
1752 5887 1856 5943 Ce-

1950 3423 2080 3483 cuit,
2097 3421 2163 3473 ita
2189 3420 2463 3489 sanguinis
2487 3420 2716 3488 gloriosa
2742 3419 3000 3474 emisione
3024 3421 3548 3487 tlecorattis,rr.terno

1954 3515 2182 3583 hospitio
2213 3515 2567 3582 conquiescit,
2604 3522 2864 3580 prmstans
2891 3515 3023 3577 sedi,
3057 3531 3214 3583 quam
3245 3516 3356 3582 ipse
3387 3517 3548 3571 bene-

1951 3609 2108 3674 dixit,
2139 3617 2196 3660 ut
2244 3621 2272 3660 a
2318 3607 2484 3675 portis
2531 3605 2685 3659 inferi
2721 3622 2990 3670 nunquam
3037 3622 3136 3675 pro
3167 3607 3379 3660 Domini
3427 3625 3551 3676 pro-

1955 3701 2208 3752 missione
2241 3699 2483 3750 rimatur
2516 3696 2744 3761 (Matth.
2776 3713 2861 3749 xu
2888 3697 2930 3765 ),
2970 3699 3320 3766 omniumque
3352 3700 3418 3750 sit
3454 3702 3552 3751 llu-

1954 3792 2246 3849 rtuantinm
2291 3788 2586 3843 tutissimus
2620 3798 2822 3854 portus.
2859 3790 2912 3842 In
2941 3803 3046 3855 quo
3075 3789 3162 3854 qui
3201 3792 3547 3858 requieverit,

1958 3889 2109 3940 beata
2139 3898 2189 3940 et
2218 3895 2418 3939 mterua
2451 3880 2683 3936 statione
2711 3879 2964 3948 gaudebit
2991 3897 3002 3930 ;
3027 3881 3116 3946 qui
3151 3895 3280 3932 vero
3306 3894 3551 3932 conlem-

1959 3981 2161 4049 pserit,
2215 3980 2328 4046 ipse
2374 3975 2574 4029 videbit
2603 3977 2778 4042 qualia
2819 3990 3014 4041 genera
3057 3972 3461 4028 excusationum
3499 3974 3548 4025 iu

1957 4077 2044 4129 die
2076 4073 2333 4126 obtendat
2357 4069 2563 4137 jndicii.
2613 4069 2695 4122 Me
2736 4069 2876 4120 enim
2904 4067 3093 4127 credo,
3127 4081 3305 4133 spero,
3338 4066 3553 4120 rottlido

1959 4170 2012 4223 in
2045 4167 2280 4226 Chritto,
2313 4163 2450 4232 quod
2479 4162 2546 4215 ab
2576 4160 2691 4230 ejus
2735 4160 2958 4214 caritate
2990 4175 3087 4211 nec
3133 4161 3421 4222 tribulatio,
3456 4176 3555 4214 nec

1959 4261 2223 4329 angustia,
2259 4272 2357 4311 nec
2387 4255 2618 4324 gladius,
2649 4269 2745 4307 nec
2787 4255 3113 4322 persecutio,
3148 4268 3244 4306 occ
3294 4254 3418 4314 vita,
3456 4269 3555 4306 nec

1964 4365 2106 4404 mors
2138 4363 2370 4417 unquam
2405 4347 2596 4413 poterit
2623 4359 2874 4412 separare
2903 4343 3081 4409 (Rom.
3112 4344 3246 4410 vin).
3279 4343 3556 4397 lncumbat

1965 4440 2290 4511 persecutio,
2313 4438 2534 4490 swviant
2564 4435 2730 4504 leges,
2748 4434 2898 4487 militi
2932 4434 3126 4487 Christi
3159 4435 3445 4502 gloriosius
3475 4444 3556 4489 est

1966 4533 2097 4586 mori
2149 4546 2308 4601 quam
2349 4529 2484 4582 vinci
2527 4544 2542 4580 :
2590 4526 2820 4579 fraudari
2873 4527 3212 4594 prmscntium
3260 4526 3556 4579 cormnodis

1969 4628 2160 4682 melius
2190 4639 2347 4692 quam
2379 4635 2566 4676 carere
2594 4620 2804 4672 futuris.

2518 4727 2850 4804 EPISTULA
2889 4726 3002 4779 xv.

2137 4839 2343 4882 GELASII
2398 4837 2547 4876 PAPE
2589 4838 2653 4875 AD
2709 4834 2984 4873 EPISCOPOS
3023 4833 3371 4873 ORIEﬁTALES.

1966 4938 2115 5004 Quod
2157 4937 2211 4989 in
2254 4935 2428 4988 Acocii
2465 4930 3165 5004 aliorumque‘damnrztiouc
3203 4930 3400 5004 synodo
3435 4946 3561 5004 ηοω

2035 5025 2161 5073 opus
2190 5024 2289 5059 non
2325 5005 2506 5073 fuerit,
2539 5015 2585 5056 et
2623 5000 2758 5071 quad
2795 5000 3018 5073 Petrum
3046 5001 3454 5053 Alexandrinum
3473 5003 3560 5052 ab-

2038 5070 2232 5132 solvere
2278 5070 2493 5129 .ttracius
2516 5070 2790 5127 siitc’sedis
2818 5070 3115 5139 apostolica‘
3137 5073 3443 5124 auctoritate
3463 5088 3561 5123 non

2033 5150 2251 5216 potuerit
2307 5147 2434 5196 Tum
2468 5145 2529 5195 de
2581 5143 2824 5213 episcopis
2878 5141 3142 5194 catholicis
3181 5143 3299 5194 sedc
3336 5159 3431 5194 sua
3455 5143 3564 5194 sine

2035 5219 2352 5272 dist-ussioue
2381 5217 2608 5278 defertis.

2039 5331 2408 5387 Dilectissimis
2436 5329 2687 5382 fratribus
2714 5326 2978 5379 universis
3018 5325 3285 5394 episcopis
3316 5325 3567 5380 Orienta-

1965 5426 2102 5481 libus
2126 5421 2390 5476 Gelasius.

2631 5513 2898 5544 *νει*

2045 5611 2058 5640 ⁸
2102 5606 2238 5673 Quid
2270 5621 2397 5672 ergo
2423 5603 2508 5657 isti
2542 5605 2829 5671 prudentes
2856 5602 2972 5666 viri,
3001 5611 3050 5656 et
3074 5608 3274 5670 argutis
3301 5598 3570 5662 mentibus

1972 5705 2133 5758 totius
2162 5700 2438 5770 religionis
2461 5699 2668 5752 interna
2698 5697 2976 5762 rimantes,
3008 5699 3057 5749 in
3075 5694 3307 5748 Orientis
3325 5694 3566 5763 partibus

1951 5818 2070 5872 Iasii
2098 5815 2347 5884 epistola,
2387 5813 2489 5868 hoc
2518 5811 2636 5879 eius
2661 5811 2856 5884 legitur
2901 5814 3275 5884 argumentum
3322 5804 3563 5884 :Ilncipit

1969 5889 2031 5942 de
2055 5877 2230 5941 eadem
2259 5888 2457 5938 ratione
2479 5877 2743 5938 reddenda
2767 5881 2835 5933 ad
2876 5879 3136 5950 episcopos
3171 5877 3412 5931 Urimtis.
