  <div class='ocr_page' id='page_1' title='image "/cluster/home/n/w/nwhite01/storage/ocr_20150623/58-59/uc1.31175013991289/665.png"; bbox 0 0 3994 6386; ppageno 0'>
   <div class='ocr_carea' id='block_1_1' title="bbox 503 354 3752 424">
    <p class='ocr_par' dir='ltr' id='par_1_1' title="bbox 503 354 3752 424">
     <span class='ocr_line' id='line_1_1' title="bbox 503 354 3752 424; baseline -0.006 -1"><span class='ocrx_word' id='word_1_1' title='bbox 503 367 565 424; x_wconf 80' lang='lat'><strong>9|</strong></span> <span class='ocrx_word' id='word_1_2' title='bbox 1822 354 2090 412; x_wconf 76' lang='lat' dir='ltr'><strong>CELASII</strong></span> <span class='ocrx_word' id='word_1_3' title='bbox 2133 354 2332 412; x_wconf 60' lang='grc' dir='ltr'><strong>ΡᾹΡᾹ</strong></span> <span class='ocrx_word' id='word_1_4' title='bbox 2372 355 2390 408; x_wconf 92' lang='grc' dir='ltr'><strong>Ι</strong></span> <span class='ocrx_word' id='word_1_5' title='bbox 3683 356 3752 409; x_wconf 68' lang='lat'><strong>93</strong></span> 
     </span>
    </p>
   </div>
   <div class='ocr_carea' id='block_1_2' title="bbox 495 470 3750 545">
    <p class='ocr_par' dir='ltr' id='par_1_2' title="bbox 495 470 3750 545">
     <span class='ocr_line' id='line_1_2' title="bbox 495 470 3750 545; baseline -0.003 -10"><span class='ocrx_word' id='word_1_6' title='bbox 495 475 1226 545; x_wconf 80' lang='lat' dir='ltr'><strong>ctmstituti,sicognovernnt</strong></span> <span class='ocrx_word' id='word_1_7' title='bbox 1244 470 1541 540; x_wconf 86' lang='lat' dir='ltr'><strong>hujusmodi</strong></span> <span class='ocrx_word' id='word_1_8' title='bbox 1560 484 1842 539; x_wconf 77' lang='lat' dir='ltr'><strong>personam</strong></span> <span class='ocrx_word' id='word_1_9' title='bbox 1867 471 1884 502; x_wconf 87' lang='grc'>¹</span> <span class='ocrx_word' id='word_1_10' title='bbox 1906 471 1956 524; x_wconf 90' lang='lat' dir='ltr'><strong>in</strong></span> <span class='ocrx_word' id='word_1_11' title='bbox 1976 475 2086 526; x_wconf 75' lang='lat' dir='ltr'><strong>An-</strong></span> <span class='ocrx_word' id='word_1_12' title='bbox 2109 478 2155 538; x_wconf 76' lang='grc' dir='ltr'>Α</span> <span class='ocrx_word' id='word_1_13' title='bbox 2186 472 2240 528; x_wconf 92' lang='lat' dir='ltr'><strong>in</strong></span> <span class='ocrx_word' id='word_1_14' title='bbox 2265 474 2487 528; x_wconf 89' lang='lat' dir='ltr'><strong>istorum</strong></span> <span class='ocrx_word' id='word_1_15' title='bbox 2517 473 2859 527; x_wconf 66' lang='lat' dir='ltr'><strong>damnatione</strong></span> <span class='ocrx_word' id='word_1_16' title='bbox 2884 474 2951 528; x_wconf 90' lang='lat' dir='ltr'><strong>de</strong></span> <span class='ocrx_word' id='word_1_17' title='bbox 2975 471 3179 544; x_wconf 78' lang='lat' dir='ltr'><strong>synodo</strong></span> <span class='ocrx_word' id='word_1_18' title='bbox 3217 486 3324 526; x_wconf 85' lang='lat' dir='ltr'><strong>non</strong></span> <span class='ocrx_word' id='word_1_19' title='bbox 3356 473 3487 527; x_wconf 73' lang='lat' dir='ltr'><strong>facta</strong></span> <span class='ocrx_word' id='word_1_20' title='bbox 3519 476 3750 537; x_wconf 85' lang='lat' dir='ltr'><strong>causari,</strong></span> 
     </span>
    </p>
   </div>
   <div class='ocr_carea' id='block_1_3' title="bbox 498 561 2070 625">
    <p class='ocr_par' dir='ltr' id='par_1_3' title="bbox 498 561 2070 625">
     <span class='ocr_line' id='line_1_3' title="bbox 498 561 2070 625; baseline -0.004 -4"><span class='ocrx_word' id='word_1_21' title='bbox 498 568 742 621; x_wconf 86' lang='lat' dir='ltr'><strong>tioebena</strong></span> <span class='ocrx_word' id='word_1_22' title='bbox 769 565 1001 620; x_wconf 82' lang='lat' dir='ltr'><strong>Ecclesia</strong></span> <span class='ocrx_word' id='word_1_23' title='bbox 1014 561 1372 625; x_wconf 85' lang='lat' dir='ltr'><strong>constitutam,</strong></span> <span class='ocrx_word' id='word_1_24' title='bbox 1387 576 1484 616; x_wconf 84' lang='lat' dir='ltr'><strong>cur</strong></span> <span class='ocrx_word' id='word_1_25' title='bbox 1496 561 1939 616; x_wconf 89' lang='lat' dir='ltr'><strong>communicando</strong></span> <span class='ocrx_word' id='word_1_26' title='bbox 1950 561 2070 616; x_wconf 83' lang='lat' dir='ltr'><strong>tali-</strong></span> 
     </span>
    </p>
   </div>
   <div class='ocr_carea' id='block_1_4' title="bbox 497 649 2072 730">
    <p class='ocr_par' dir='ltr' id='par_1_4' title="bbox 497 649 2072 730">
     <span class='ocr_line' id='line_1_4' title="bbox 497 649 2072 730; baseline -0.004 -20"><span class='ocrx_word' id='word_1_27' title='bbox 497 657 598 713; x_wconf 77' lang='lat' dir='ltr'><strong>bus</strong></span> <span class='ocrx_word' id='word_1_28' title='bbox 625 657 899 728; x_wconf 75' lang='lat' dir='ltr'><strong>prtcbucre</strong></span> <span class='ocrx_word' id='word_1_29' title='bbox 917 666 1230 708; x_wconf 76' lang='lat' dir='ltr'><strong>consensum</strong></span> <span class='ocrx_word' id='word_1_30' title='bbox 1247 649 1394 705; x_wconf 66' lang='lat' dir='ltr'><strong>iCur</strong></span> <span class='ocrx_word' id='word_1_31' title='bbox 1411 665 1517 705; x_wconf 92' lang='lat' dir='ltr'><strong>non</strong></span> <span class='ocrx_word' id='word_1_32' title='bbox 1540 651 1682 705; x_wconf 82' lang='lat' dir='ltr'><strong>illico</strong></span> <span class='ocrx_word' id='word_1_33' title='bbox 1696 651 2072 730; x_wconf 58' lang='lat' dir='ltr'><strong>reclamarent,</strong></span> 
     </span>
    </p>
   </div>
   <div class='ocr_carea' id='block_1_5' title="bbox 499 742 2072 811">
    <p class='ocr_par' dir='ltr' id='par_1_5' title="bbox 499 742 2072 811">
     <span class='ocr_line' id='line_1_5' title="bbox 499 742 2072 811; baseline -0.001 -11"><span class='ocrx_word' id='word_1_34' title='bbox 499 761 599 800; x_wconf 90' lang='lat' dir='ltr'><strong>cur</strong></span> <span class='ocrx_word' id='word_1_35' title='bbox 642 761 747 802; x_wconf 91' lang='lat' dir='ltr'><strong>non</strong></span> <span class='ocrx_word' id='word_1_36' title='bbox 791 760 854 806; x_wconf 79' lang='lat' dir='ltr'><strong>se</strong></span> <span class='ocrx_word' id='word_1_37' title='bbox 893 759 921 796; x_wconf 90' lang='lat' dir='ltr'><strong>a</strong></span> <span class='ocrx_word' id='word_1_38' title='bbox 975 742 1064 796; x_wconf 86' lang='lat' dir='ltr'><strong>tali</strong></span> <span class='ocrx_word' id='word_1_39' title='bbox 1094 742 1340 811; x_wconf 85' lang='lat' dir='ltr'><strong>contagio</strong></span> <span class='ocrx_word' id='word_1_40' title='bbox 1380 753 1763 808; x_wconf 85' lang='lat' dir='ltr'><strong>removerunt,</strong></span> <span class='ocrx_word' id='word_1_41' title='bbox 1810 759 1933 798; x_wconf 90' lang='lat' dir='ltr'><strong>cum</strong></span> <span class='ocrx_word' id='word_1_42' title='bbox 1965 755 2072 799; x_wconf 91' lang='lat' dir='ltr'><strong>tam</strong></span> 
     </span>
    </p>
   </div>
   <div class='ocr_carea' id='block_1_6' title="bbox 501 832 2074 910">
    <p class='ocr_par' dir='ltr' id='par_1_6' title="bbox 501 832 2074 910">
     <span class='ocr_line' id='line_1_6' title="bbox 501 832 2074 910; baseline -0.004 -15"><span class='ocrx_word' id='word_1_43' title='bbox 501 837 606 910; x_wconf 77' lang='lat' dir='ltr'><strong>[aL</strong></span> <span class='ocrx_word' id='word_1_44' title='bbox 665 835 807 908; x_wconf 78' lang='lat' dir='ltr'><strong>jam]</strong></span> <span class='ocrx_word' id='word_1_45' title='bbox 869 836 1142 890; x_wconf 71' lang='lat' dir='ltr'><strong>evidenter</strong></span> <span class='ocrx_word' id='word_1_46' title='bbox 1209 833 1550 889; x_wconf 74' lang='lat' dir='ltr'><strong>adverterem</strong></span> <span class='ocrx_word' id='word_1_47' title='bbox 1607 832 1732 888; x_wconf 90' lang='lat' dir='ltr'><strong>ideo</strong></span> <span class='ocrx_word' id='word_1_48' title='bbox 1791 835 2074 891; x_wconf 79' lang='lat' dir='ltr'><strong>Calendio-</strong></span> 
     </span>
    </p>
   </div>
   <div class='ocr_carea' id='block_1_7' title="bbox 502 924 2073 998">
    <p class='ocr_par' dir='ltr' id='par_1_7' title="bbox 502 924 2073 998">
     <span class='ocr_line' id='line_1_7' title="bbox 502 924 2073 998; baseline -0.004 -13"><span class='ocrx_word' id='word_1_49' title='bbox 502 944 624 985; x_wconf 86' lang='lat' dir='ltr'><strong>nem</strong></span> <span class='ocrx_word' id='word_1_50' title='bbox 649 927 928 995; x_wconf 84' lang='lat' dir='ltr'><strong>depulsum</strong></span> <span class='ocrx_word' id='word_1_51' title='bbox 957 925 1121 997; x_wconf 89' lang='lat' dir='ltr'><strong>(anno</strong></span> <span class='ocrx_word' id='word_1_52' title='bbox 1145 926 1275 998; x_wconf 71' lang='grc'><strong>485)</strong></span> <span class='ocrx_word' id='word_1_53' title='bbox 1328 935 1386 980; x_wconf 89' lang='lat' dir='ltr'><strong>ut</strong></span> <span class='ocrx_word' id='word_1_54' title='bbox 1433 924 1700 979; x_wconf 82' lang='lat' dir='ltr'><strong>lneretieis</strong></span> <span class='ocrx_word' id='word_1_55' title='bbox 1753 926 2073 993; x_wconf 74' lang='lat' dir='ltr'><strong>panderetur</strong></span> 
     </span>
    </p>
   </div>
   <div class='ocr_carea' id='block_1_8' title="bbox 503 1016 2072 1086">
    <p class='ocr_par' dir='ltr' id='par_1_8' title="bbox 503 1016 2072 1086">
     <span class='ocr_line' id='line_1_8' title="bbox 503 1016 2072 1086; baseline 0 -11"><span class='ocrx_word' id='word_1_56' title='bbox 503 1018 799 1075; x_wconf 71' lang='lat' dir='ltr'><strong>introitus?</strong></span> <span class='ocrx_word' id='word_1_57' title='bbox 837 1017 1016 1086; x_wconf 78' lang='lat' dir='ltr'><strong>Quare</strong></span> <span class='ocrx_word' id='word_1_58' title='bbox 1063 1018 1148 1074; x_wconf 87' lang='lat' dir='ltr'><strong>hic</strong></span> <span class='ocrx_word' id='word_1_59' title='bbox 1190 1020 1210 1052; x_wconf 80' lang='lat'><strong>’</strong></span> <span class='ocrx_word' id='word_1_60' title='bbox 1257 1017 1389 1073; x_wconf 81' lang='lat' dir='ltr'><strong>nihil</strong></span> <span class='ocrx_word' id='word_1_61' title='bbox 1454 1016 1524 1072; x_wconf 89' lang='lat' dir='ltr'><strong>de</strong></span> <span class='ocrx_word' id='word_1_62' title='bbox 1571 1031 1630 1072; x_wconf 92' lang='lat' dir='ltr'><strong>re</strong></span> <span class='ocrx_word' id='word_1_63' title='bbox 1682 1016 1810 1071; x_wconf 84' lang='lat' dir='ltr'><strong>nihil</strong></span> <span class='ocrx_word' id='word_1_64' title='bbox 1861 1023 1929 1072; x_wconf 83' lang='lat' dir='ltr'><strong>de</strong></span> <span class='ocrx_word' id='word_1_65' title='bbox 1967 1016 2072 1075; x_wconf 84' lang='lat' dir='ltr'><strong>ille</strong></span> 
     </span>
    </p>
   </div>
   <div class='ocr_carea' id='block_1_9' title="bbox 503 1108 2072 1178">
    <p class='ocr_par' dir='ltr' id='par_1_9' title="bbox 503 1108 2072 1178">
     <span class='ocr_line' id='line_1_9' title="bbox 503 1108 2072 1178; baseline 0.001 -14"><span class='ocrx_word' id='word_1_66' title='bbox 503 1109 801 1164; x_wconf 75' lang='lat' dir='ltr'><strong>Christiana</strong></span> <span class='ocrx_word' id='word_1_67' title='bbox 850 1148 867 1173; x_wconf 91' lang='lat'><strong>,</strong></span> <span class='ocrx_word' id='word_1_68' title='bbox 924 1109 1055 1164; x_wconf 80' lang='lat' dir='ltr'><strong>nihil</strong></span> <span class='ocrx_word' id='word_1_69' title='bbox 1120 1108 1189 1165; x_wconf 86' lang='lat' dir='ltr'><strong>de</strong></span> <span class='ocrx_word' id='word_1_70' title='bbox 1260 1124 1607 1178; x_wconf 82' lang='lat' dir='ltr'><strong>personarum</strong></span> <span class='ocrx_word' id='word_1_71' title='bbox 1682 1110 2072 1166; x_wconf 80' lang='lat' dir='ltr'><strong>examinatione</strong></span> 
     </span>
    </p>
   </div>
   <div class='ocr_carea' id='block_1_10' title="bbox 501 1201 2070 1260">
    <p class='ocr_par' dir='ltr' id='par_1_10' title="bbox 501 1201 2070 1260">
     <span class='ocr_line' id='line_1_10' title="bbox 501 1201 2070 1260; baseline 0.001 -3"><span class='ocrx_word' id='word_1_72' title='bbox 501 1209 800 1257; x_wconf 81' lang='lat' dir='ltr'><strong>tractarunt</strong></span> <span class='ocrx_word' id='word_1_73' title='bbox 848 1201 874 1256; x_wconf 69' lang='lat'><strong><em>2</em></strong></span> <span class='ocrx_word' id='word_1_74' title='bbox 919 1202 972 1257; x_wconf 90' lang='lat' dir='ltr'><strong>Si</strong></span> <span class='ocrx_word' id='word_1_75' title='bbox 1024 1217 1154 1256; x_wconf 81' lang='lat' dir='ltr'><strong>vero</strong></span> <span class='ocrx_word' id='word_1_76' title='bbox 1219 1202 1293 1257; x_wconf 91' lang='lat' dir='ltr'><strong>illi</strong></span> <span class='ocrx_word' id='word_1_77' title='bbox 1365 1219 1548 1259; x_wconf 87' lang='lat' dir='ltr'><strong>eorum</strong></span> <span class='ocrx_word' id='word_1_78' title='bbox 1594 1219 1656 1258; x_wconf 86' lang='lat' dir='ltr'><strong>se</strong></span> <span class='ocrx_word' id='word_1_79' title='bbox 1710 1203 2070 1260; x_wconf 81' lang='lat' dir='ltr'><strong>communioni</strong></span> 
     </span>
    </p>
   </div>
   <div class='ocr_carea' id='block_1_11' title="bbox 503 1292 2073 1368">
    <p class='ocr_par' dir='ltr' id='par_1_11' title="bbox 503 1292 2073 1368">
     <span class='ocr_line' id='line_1_11' title="bbox 503 1292 2073 1368; baseline 0.001 -20"><span class='ocrx_word' id='word_1_80' title='bbox 503 1293 806 1368; x_wconf 81' lang='lat' dir='ltr'><strong>voluntarie</strong></span> <span class='ocrx_word' id='word_1_81' title='bbox 834 1292 1221 1360; x_wconf 81' lang='lat' dir='ltr'><strong>subdiderunt,</strong></span> <span class='ocrx_word' id='word_1_82' title='bbox 1275 1295 1345 1349; x_wconf 91' lang='lat' dir='ltr'><strong>ab</strong></span> <span class='ocrx_word' id='word_1_83' title='bbox 1401 1296 1690 1364; x_wconf 85' lang='lat' dir='ltr'><strong>apostolica</strong></span> <span class='ocrx_word' id='word_1_84' title='bbox 1743 1295 1872 1350; x_wconf 84' lang='lat' dir='ltr'><strong>sede</strong></span> <span class='ocrx_word' id='word_1_85' title='bbox 1926 1304 2073 1349; x_wconf 87' lang='lat' dir='ltr'><strong>certe</strong></span> 
     </span>
    </p>
   </div>
   <div class='ocr_carea' id='block_1_12' title="bbox 502 1384 2070 1457">
    <p class='ocr_par' dir='ltr' id='par_1_12' title="bbox 502 1384 2070 1457">
     <span class='ocr_line' id='line_1_12' title="bbox 502 1384 2070 1457; baseline 0.001 -19"><span class='ocrx_word' id='word_1_86' title='bbox 502 1384 737 1455; x_wconf 71' lang='lat' dir='ltr'><strong>separati</strong></span> <span class='ocrx_word' id='word_1_87' title='bbox 786 1393 930 1450; x_wconf 85' lang='lat' dir='ltr'><strong>sunt,</strong></span> <span class='ocrx_word' id='word_1_88' title='bbox 980 1395 1102 1440; x_wconf 88' lang='lat' dir='ltr'><strong>cum</strong></span> <span class='ocrx_word' id='word_1_89' title='bbox 1151 1385 1342 1442; x_wconf 90' lang='lat' dir='ltr'><strong>talibus</strong></span> <span class='ocrx_word' id='word_1_90' title='bbox 1368 1395 1422 1441; x_wconf 87' lang='lat' dir='ltr'><strong>et</strong></span> <span class='ocrx_word' id='word_1_91' title='bbox 1471 1387 1610 1457; x_wconf 82' lang='lat' dir='ltr'><strong>apud</strong></span> <span class='ocrx_word' id='word_1_92' title='bbox 1661 1387 1819 1456; x_wconf 92' lang='lat' dir='ltr'><strong>tales,</strong></span> <span class='ocrx_word' id='word_1_93' title='bbox 1863 1385 2070 1443; x_wconf 87' lang='lat' dir='ltr'><strong>etiamsi</strong></span> 
     </span>
    </p>
   </div>
   <div class='ocr_carea' id='block_1_13' title="bbox 503 1475 2075 1550">
    <p class='ocr_par' dir='ltr' id='par_1_13' title="bbox 503 1475 2075 1550">
     <span class='ocr_line' id='line_1_13' title="bbox 503 1475 2075 1550; baseline 0.003 -18"><span class='ocrx_word' id='word_1_94' title='bbox 503 1484 651 1532; x_wconf 79' lang='lat' dir='ltr'><strong>esset</strong></span> <span class='ocrx_word' id='word_1_95' title='bbox 697 1489 915 1530; x_wconf 87' lang='lat' dir='ltr'><strong>necesse</strong></span> <span class='ocrx_word' id='word_1_96' title='bbox 964 1475 1109 1537; x_wconf 81' lang='lat' dir='ltr'><strong>lteri,</strong></span> <span class='ocrx_word' id='word_1_97' title='bbox 1144 1475 1282 1530; x_wconf 89' lang='lat' dir='ltr'><strong>nulla</strong></span> <span class='ocrx_word' id='word_1_98' title='bbox 1328 1485 1512 1546; x_wconf 90' lang='lat' dir='ltr'><strong>posset</strong></span> <span class='ocrx_word' id='word_1_99' title='bbox 1564 1479 1783 1533; x_wconf 82' lang='lat' dir='ltr'><strong>omnino</strong></span> <span class='ocrx_word' id='word_1_100' title='bbox 1835 1479 2075 1550; x_wconf 81' lang='lat' dir='ltr'><strong>synodus</strong></span> 
     </span>
    </p>
   </div>
   <div class='ocr_carea' id='block_1_14' title="bbox 507 1560 2074 1637">
    <p class='ocr_par' dir='ltr' id='par_1_14' title="bbox 507 1560 2074 1637">
     <span class='ocr_line' id='line_1_14' title="bbox 507 1560 2074 1637; baseline 0.002 -18"><span class='ocrx_word' id='word_1_101' title='bbox 507 1560 791 1630; x_wconf 79' lang='lat' dir='ltr'><strong>provenire</strong></span> <span class='ocrx_word' id='word_1_102' title='bbox 838 1563 988 1629; x_wconf 80' lang='lat' dir='ltr'><strong>Quod</strong></span> <span class='ocrx_word' id='word_1_103' title='bbox 1008 1563 1052 1617; x_wconf 88' lang='lat' dir='ltr'><strong>si</strong></span> <span class='ocrx_word' id='word_1_104' title='bbox 1082 1565 1355 1633; x_wconf 88' lang='lat' dir='ltr'><strong>ignorasse</strong></span> <span class='ocrx_word' id='word_1_105' title='bbox 1373 1581 1431 1620; x_wconf 88' lang='lat' dir='ltr'><strong>se</strong></span> <span class='ocrx_word' id='word_1_106' title='bbox 1459 1567 1690 1622; x_wconf 80' lang='lat' dir='ltr'><strong>dixerim</strong></span> <span class='ocrx_word' id='word_1_107' title='bbox 1715 1569 1886 1637; x_wconf 87' lang='lat' dir='ltr'><strong>qualis</strong></span> <span class='ocrx_word' id='word_1_108' title='bbox 1913 1569 1936 1602; x_wconf 89' lang='grc'><em>³</em></span> <span class='ocrx_word' id='word_1_109' title='bbox 1961 1570 2074 1624; x_wconf 80' lang='lat' dir='ltr'><strong>Au-</strong></span> 
     </span>
    </p>
   </div>
   <div class='ocr_carea' id='block_1_15' title="bbox 506 1650 2077 1728">
    <p class='ocr_par' dir='ltr' id='par_1_15' title="bbox 506 1650 2077 1728">
     <span class='ocr_line' id='line_1_15' title="bbox 506 1650 2077 1728; baseline 0.004 -20"><span class='ocrx_word' id='word_1_110' title='bbox 506 1651 714 1708; x_wconf 77' lang='lat' dir='ltr'><strong>tiochia:</strong></span> <span class='ocrx_word' id='word_1_111' title='bbox 738 1650 1260 1720; x_wconf 75' lang='lat' dir='ltr'><strong>postCalendionem</strong></span> <span class='ocrx_word' id='word_1_112' title='bbox 1307 1658 1654 1712; x_wconf 76' lang='lat' dir='ltr'><strong>successisset</strong></span> <span class='ocrx_word' id='word_1_113' title='bbox 1678 1656 1923 1725; x_wconf 85' lang='lat' dir='ltr'><strong>antistes,</strong></span> <span class='ocrx_word' id='word_1_114' title='bbox 1949 1659 2077 1728; x_wconf 85' lang='lat' dir='ltr'><strong>quid</strong></span> 
     </span>
    </p>
   </div>
   <div class='ocr_carea' id='block_1_16' title="bbox 506 1742 2080 1818">
    <p class='ocr_par' dir='ltr' id='par_1_16' title="bbox 506 1742 2080 1818">
     <span class='ocr_line' id='line_1_16' title="bbox 506 1742 2080 1818; baseline 0.003 -19"><span class='ocrx_word' id='word_1_115' title='bbox 506 1744 725 1809; x_wconf 83' lang='lat' dir='ltr'><strong>mirum,</strong></span> <span class='ocrx_word' id='word_1_116' title='bbox 752 1742 799 1798; x_wconf 87' lang='lat' dir='ltr'><strong>si</strong></span> <span class='ocrx_word' id='word_1_117' title='bbox 823 1745 914 1814; x_wconf 90' lang='lat' dir='ltr'><strong>qui</strong></span> <span class='ocrx_word' id='word_1_118' title='bbox 940 1745 994 1800; x_wconf 91' lang='lat' dir='ltr'><strong>iu</strong></span> <span class='ocrx_word' id='word_1_119' title='bbox 1015 1745 1232 1801; x_wconf 85' lang='lat' dir='ltr'><strong>Oriente</strong></span> <span class='ocrx_word' id='word_1_120' title='bbox 1262 1746 1444 1816; x_wconf 81' lang='lat' dir='ltr'><strong>positi,</strong></span> <span class='ocrx_word' id='word_1_121' title='bbox 1489 1764 1608 1815; x_wconf 70' lang='lat' dir='ltr'><strong>quae</strong></span> <span class='ocrx_word' id='word_1_122' title='bbox 1634 1749 1686 1802; x_wconf 93' lang='lat' dir='ltr'><strong>in</strong></span> <span class='ocrx_word' id='word_1_123' title='bbox 1743 1750 1958 1818; x_wconf 85' lang='lat' dir='ltr'><strong>regione</strong></span> <span class='ocrx_word' id='word_1_124' title='bbox 1984 1764 2080 1806; x_wconf 79' lang='lat' dir='ltr'><strong>sua</strong></span> 
     </span>
    </p>
   </div>
   <div class='ocr_carea' id='block_1_17' title="bbox 503 1833 2152 1909">
    <p class='ocr_par' dir='ltr' id='par_1_17' title="bbox 503 1833 2152 1909">
     <span class='ocr_line' id='line_1_17' title="bbox 503 1833 2152 1909; baseline 0.003 -19"><span class='ocrx_word' id='word_1_125' title='bbox 503 1833 828 1905; x_wconf 69' lang='lat' dir='ltr'><strong>contigerint</strong></span> <span class='ocrx_word' id='word_1_126' title='bbox 862 1833 1003 1891; x_wconf 86' lang='lat' dir='ltr'><strong>scire</strong></span> <span class='ocrx_word' id='word_1_127' title='bbox 1032 1837 1402 1906; x_wconf 86' lang='lat' dir='ltr'><strong>nequiverunt,</strong></span> <span class='ocrx_word' id='word_1_128' title='bbox 1429 1851 1490 1892; x_wconf 86' lang='lat' dir='ltr'><strong>ea</strong></span> <span class='ocrx_word' id='word_1_129' title='bbox 1531 1853 1650 1907; x_wconf 57' lang='lat' dir='ltr'><strong>qua</strong></span> <span class='ocrx_word' id='word_1_130' title='bbox 1676 1839 1814 1906; x_wconf 87' lang='lat' dir='ltr'><strong>apud</strong></span> <span class='ocrx_word' id='word_1_131' title='bbox 1860 1850 2074 1909; x_wconf 82' lang='lat' dir='ltr'><strong>aposto-</strong></span> <span class='ocrx_word' id='word_1_132' title='bbox 2108 1842 2152 1902; x_wconf 82' lang='grc' dir='ltr'><strong><em>Β</em></strong></span> 
     </span>
    </p>
   </div>
   <div class='ocr_carea' id='block_1_18' title="bbox 505 1925 2081 2000">
    <p class='ocr_par' dir='ltr' id='par_1_18' title="bbox 505 1925 2081 2000">
     <span class='ocr_line' id='line_1_18' title="bbox 505 1925 2081 2000; baseline 0.003 -18"><span class='ocrx_word' id='word_1_133' title='bbox 505 1925 666 1982; x_wconf 83' lang='lat' dir='ltr'><strong>licam</strong></span> <span class='ocrx_word' id='word_1_134' title='bbox 698 1925 882 1981; x_wconf 81' lang='lat' dir='ltr'><strong>sedem</strong></span> <span class='ocrx_word' id='word_1_135' title='bbox 914 1938 1064 1998; x_wconf 86' lang='lat' dir='ltr'><strong>gesta</strong></span> <span class='ocrx_word' id='word_1_136' title='bbox 1099 1927 1310 1983; x_wconf 78' lang='lat' dir='ltr'><strong>fuerant</strong></span> <span class='ocrx_word' id='word_1_137' title='bbox 1363 1929 1703 1999; x_wconf 71' lang='lat' dir='ltr'><strong>ignorarent?</strong></span> <span class='ocrx_word' id='word_1_138' title='bbox 1745 1928 1850 1986; x_wconf 84' lang='lat' dir='ltr'><strong>Cur</strong></span> <span class='ocrx_word' id='word_1_139' title='bbox 1880 1941 2081 2000; x_wconf 87' lang='lat' dir='ltr'><strong>tamen,</strong></span> 
     </span>
    </p>
   </div>
   <div class='ocr_carea' id='block_1_19' title="bbox 507 2017 2084 2089">
    <p class='ocr_par' dir='ltr' id='par_1_19' title="bbox 507 2017 2084 2089">
     <span class='ocr_line' id='line_1_19' title="bbox 507 2017 2084 2089; baseline 0.001 -20"><span class='ocrx_word' id='word_1_140' title='bbox 507 2025 852 2086; x_wconf 61' lang='lat' dir='ltr'><strong>wtaquam</strong></span> <span class='ocrx_word' id='word_1_141' title='bbox 877 2017 944 2070; x_wconf 90' lang='lat' dir='ltr'><strong>ad</strong></span> <span class='ocrx_word' id='word_1_142' title='bbox 982 2031 1166 2072; x_wconf 86' lang='lat' dir='ltr'><strong>eorum</strong></span> <span class='ocrx_word' id='word_1_143' title='bbox 1195 2019 1434 2073; x_wconf 89' lang='lat' dir='ltr'><strong>notitiam</strong></span> <span class='ocrx_word' id='word_1_144' title='bbox 1465 2020 1704 2088; x_wconf 79' lang='lat' dir='ltr'><strong>pervenit</strong></span> <span class='ocrx_word' id='word_1_145' title='bbox 1751 2020 1921 2089; x_wconf 90' lang='lat' dir='ltr'><strong>qualis</strong></span> <span class='ocrx_word' id='word_1_146' title='bbox 1939 2026 2084 2075; x_wconf 70' lang='lat' dir='ltr'><strong>esset</strong></span> 
     </span>
    </p>
   </div>
   <div class='ocr_carea' id='block_1_20' title="bbox 508 2103 2080 2177">
    <p class='ocr_par' dir='ltr' id='par_1_20' title="bbox 508 2103 2080 2177">
     <span class='ocr_line' id='line_1_20' title="bbox 508 2103 2080 2177; baseline 0.003 -19"><span class='ocrx_word' id='word_1_147' title='bbox 508 2103 763 2159; x_wconf 72' lang='lat' dir='ltr'><strong>sacerdos</strong></span> <span class='ocrx_word' id='word_1_148' title='bbox 787 2105 930 2174; x_wconf 83' lang='lat' dir='ltr'><strong>apud</strong></span> <span class='ocrx_word' id='word_1_149' title='bbox 958 2106 1288 2163; x_wconf 74' lang='lat' dir='ltr'><strong>Antiochiam</strong></span> <span class='ocrx_word' id='word_1_150' title='bbox 1313 2109 1656 2175; x_wconf 81' lang='lat' dir='ltr'><strong>constitutus,</strong></span> <span class='ocrx_word' id='word_1_151' title='bbox 1680 2124 1786 2163; x_wconf 87' lang='lat' dir='ltr'><strong>non</strong></span> <span class='ocrx_word' id='word_1_152' title='bbox 1805 2110 1922 2177; x_wconf 82' lang='lat' dir='ltr'><strong>ejus</strong></span> <span class='ocrx_word' id='word_1_153' title='bbox 1947 2123 2080 2164; x_wconf 88' lang='lat' dir='ltr'><strong>con-</strong></span> 
     </span>
    </p>
   </div>
   <div class='ocr_carea' id='block_1_21' title="bbox 506 2195 2083 2265">
    <p class='ocr_par' dir='ltr' id='par_1_21' title="bbox 506 2195 2083 2265">
     <span class='ocr_line' id='line_1_21' title="bbox 506 2195 2083 2265; baseline 0.004 -16"><span class='ocrx_word' id='word_1_154' title='bbox 506 2195 668 2249; x_wconf 87' lang='lat' dir='ltr'><strong>sortia</strong></span> <span class='ocrx_word' id='word_1_155' title='bbox 699 2196 952 2250; x_wconf 87' lang='lat' dir='ltr'><strong>continuo</strong></span> <span class='ocrx_word' id='word_1_156' title='bbox 980 2205 1298 2265; x_wconf 84' lang='lat' dir='ltr'><strong>respuerunt</strong></span> <span class='ocrx_word' id='word_1_157' title='bbox 1326 2196 1350 2249; x_wconf 76' lang='lat' dir='ltr'><strong>i</strong></span> <span class='ocrx_word' id='word_1_158' title='bbox 1401 2197 1536 2262; x_wconf 80' lang='lat' dir='ltr'><strong>Quid</strong></span> <span class='ocrx_word' id='word_1_159' title='bbox 1587 2200 1985 2254; x_wconf 76' lang='lat' dir='ltr'><strong>excusationem</strong></span> <span class='ocrx_word' id='word_1_160' title='bbox 2013 2200 2083 2256; x_wconf 87' lang='lat' dir='ltr'><strong>de</strong></span> 
     </span>
    </p>
   </div>
   <div class='ocr_carea' id='block_1_22' title="bbox 507 2282 2080 2358">
    <p class='ocr_par' dir='ltr' id='par_1_22' title="bbox 507 2282 2080 2358">
     <span class='ocr_line' id='line_1_22' title="bbox 507 2282 2080 2358; baseline 0.003 -19"><span class='ocrx_word' id='word_1_161' title='bbox 507 2282 822 2351; x_wconf 66' lang='lat' dir='ltr'><strong>ignorantia</strong></span> <span class='ocrx_word' id='word_1_162' title='bbox 848 2285 1032 2341; x_wconf 76' lang='lat' dir='ltr'><strong>colore</strong></span> <span class='ocrx_word' id='word_1_163' title='bbox 1056 2287 1415 2355; x_wconf 61' lang='lat' dir='ltr'><strong>prati-miunt,</strong></span> <span class='ocrx_word' id='word_1_164' title='bbox 1445 2301 1565 2342; x_wconf 87' lang='lat' dir='ltr'><strong>cum</strong></span> <span class='ocrx_word' id='word_1_165' title='bbox 1597 2288 1862 2358; x_wconf 76' lang='lat' dir='ltr'><strong>hodieque</strong></span> <span class='ocrx_word' id='word_1_166' title='bbox 1881 2301 1934 2344; x_wconf 90' lang='lat' dir='ltr'><strong>et</strong></span> <span class='ocrx_word' id='word_1_167' title='bbox 1963 2304 2080 2344; x_wconf 85' lang='lat' dir='ltr'><strong>ma-</strong></span> 
     </span>
    </p>
   </div>
   <div class='ocr_carea' id='block_1_23' title="bbox 505 2372 2084 2447">
    <p class='ocr_par' dir='ltr' id='par_1_23' title="bbox 505 2372 2084 2447">
     <span class='ocr_line' id='line_1_23' title="bbox 505 2372 2084 2447; baseline 0.005 -20"><span class='ocrx_word' id='word_1_168' title='bbox 505 2372 755 2428; x_wconf 69' lang='lat' dir='ltr'><strong>ni&#39;estata</strong></span> <span class='ocrx_word' id='word_1_169' title='bbox 796 2375 1040 2442; x_wconf 82' lang='lat' dir='ltr'><strong>contagia</strong></span> <span class='ocrx_word' id='word_1_170' title='bbox 1089 2376 1454 2444; x_wconf 88' lang='lat' dir='ltr'><strong>perlidorum,</strong></span> <span class='ocrx_word' id='word_1_171' title='bbox 1509 2389 1563 2430; x_wconf 90' lang='lat' dir='ltr'><strong>et</strong></span> <span class='ocrx_word' id='word_1_172' title='bbox 1599 2393 1629 2432; x_wconf 88' lang='lat' dir='ltr'><strong>a</strong></span> <span class='ocrx_word' id='word_1_173' title='bbox 1685 2378 1839 2435; x_wconf 83' lang='lat' dir='ltr'><strong>nobis</strong></span> <span class='ocrx_word' id='word_1_174' title='bbox 1887 2379 2084 2447; x_wconf 65' lang='lat' dir='ltr'><strong>sapius</strong></span> 
     </span>
    </p>
   </div>
   <div class='ocr_carea' id='block_1_24' title="bbox 507 2467 2084 2541">
    <p class='ocr_par' dir='ltr' id='par_1_24' title="bbox 507 2467 2084 2541">
     <span class='ocr_line' id='line_1_24' title="bbox 507 2467 2084 2541; baseline 0.006 -23"><span class='ocrx_word' id='word_1_175' title='bbox 507 2467 828 2541; x_wconf 76' lang='lat' dir='ltr'><strong>exprobrata</strong></span> <span class='ocrx_word' id='word_1_176' title='bbox 862 2469 1180 2522; x_wconf 72' lang='lat' dir='ltr'><strong>sectentur?</strong></span> <span class='ocrx_word' id='word_1_177' title='bbox 1226 2469 1360 2536; x_wconf 81' lang='lat' dir='ltr'><strong>Quo.</strong></span> <span class='ocrx_word' id='word_1_178' title='bbox 1392 2471 1522 2524; x_wconf 87' lang='lat' dir='ltr'><strong>satis</strong></span> <span class='ocrx_word' id='word_1_179' title='bbox 1547 2483 1804 2541; x_wconf 88' lang='lat' dir='ltr'><strong>apparet,</strong></span> <span class='ocrx_word' id='word_1_180' title='bbox 1852 2473 1972 2540; x_wconf 88' lang='lat' dir='ltr'><strong>quia</strong></span> <span class='ocrx_word' id='word_1_181' title='bbox 2016 2487 2084 2528; x_wconf 91' lang='lat' dir='ltr'><strong>ne</strong></span> 
     </span>
    </p>
   </div>
   <div class='ocr_carea' id='block_1_25' title="bbox 507 2555 2084 2633">
    <p class='ocr_par' dir='ltr' id='par_1_25' title="bbox 507 2555 2084 2633">
     <span class='ocr_line' id='line_1_25' title="bbox 507 2555 2084 2633; baseline 0.007 -24"><span class='ocrx_word' id='word_1_182' title='bbox 507 2562 636 2611; x_wconf 86' lang='lat' dir='ltr'><strong>tunc</strong></span> <span class='ocrx_word' id='word_1_183' title='bbox 661 2555 876 2622; x_wconf 79' lang='lat' dir='ltr'><strong>quidem</strong></span> <span class='ocrx_word' id='word_1_184' title='bbox 905 2558 1110 2613; x_wconf 72' lang='lat' dir='ltr'><strong>etiamsi</strong></span> <span class='ocrx_word' id='word_1_185' title='bbox 1133 2569 1516 2628; x_wconf 73' lang='lat' dir='ltr'><strong>cognoscerent</strong></span> <span class='ocrx_word' id='word_1_186' title='bbox 1537 2561 1849 2626; x_wconf 82' lang='lat' dir='ltr'><strong>relutareut,</strong></span> <span class='ocrx_word' id='word_1_187' title='bbox 1871 2564 2084 2633; x_wconf 88' lang='lat' dir='ltr'><strong>quando</strong></span> 
     </span>
    </p>
   </div>
   <div class='ocr_carea' id='block_1_26' title="bbox 509 2645 2082 2724">
    <p class='ocr_par' dir='ltr' id='par_1_26' title="bbox 509 2645 2082 2724">
     <span class='ocr_line' id='line_1_26' title="bbox 509 2645 2082 2724; baseline 0.008 -26"><span class='ocrx_word' id='word_1_188' title='bbox 509 2658 652 2698; x_wconf 89' lang='lat' dir='ltr'><strong>nunc</strong></span> <span class='ocrx_word' id='word_1_189' title='bbox 669 2646 828 2700; x_wconf 88' lang='lat' dir='ltr'><strong>etiam</strong></span> <span class='ocrx_word' id='word_1_190' title='bbox 853 2645 1119 2715; x_wconf 73' lang='lat' dir='ltr'><strong>publicata</strong></span> <span class='ocrx_word' id='word_1_191' title='bbox 1149 2663 1254 2702; x_wconf 90' lang='lat' dir='ltr'><strong>non</strong></span> <span class='ocrx_word' id='word_1_192' title='bbox 1284 2659 1532 2705; x_wconf 87' lang='lat' dir='ltr'><strong>renuunt.</strong></span> <span class='ocrx_word' id='word_1_193' title='bbox 1563 2649 1794 2706; x_wconf 86' lang='lat' dir='ltr'><strong>Prorsus</strong></span> <span class='ocrx_word' id='word_1_194' title='bbox 1815 2653 1866 2708; x_wconf 91' lang='lat' dir='ltr'><strong>in</strong></span> <span class='ocrx_word' id='word_1_195' title='bbox 1896 2669 2082 2724; x_wconf 84' lang='lat' dir='ltr'><strong>qnam-</strong></span> 
     </span>
    </p>
   </div>
   <div class='ocr_carea' id='block_1_27' title="bbox 505 2735 2075 2812">
    <p class='ocr_par' dir='ltr' id='par_1_27' title="bbox 505 2735 2075 2812">
     <span class='ocr_line' id='line_1_27' title="bbox 505 2735 2075 2812; baseline 0.006 -22"><span class='ocrx_word' id='word_1_196' title='bbox 505 2735 638 2790; x_wconf 83' lang='lat' dir='ltr'><strong>libet</strong></span> <span class='ocrx_word' id='word_1_197' title='bbox 672 2748 733 2790; x_wconf 89' lang='lat' dir='ltr'><strong>se</strong></span> <span class='ocrx_word' id='word_1_198' title='bbox 759 2743 964 2805; x_wconf 77' lang='lat' dir='ltr'><strong>partem</strong></span> <span class='ocrx_word' id='word_1_199' title='bbox 1005 2739 1473 2810; x_wconf 85' lang='lat' dir='ltr'><strong>causationemque</strong></span> <span class='ocrx_word' id='word_1_200' title='bbox 1519 2737 1613 2812; x_wconf 80' lang='grc' dir='ltr'><strong>[αι.</strong></span> <span class='ocrx_word' id='word_1_201' title='bbox 1647 2745 2075 2800; x_wconf 78' lang='lat' dir='ltr'><strong>excusationem-</strong></span> 
     </span>
    </p>
   </div>
   <div class='ocr_carea' id='block_1_28' title="bbox 505 2823 2083 2903">
    <p class='ocr_par' dir='ltr' id='par_1_28' title="bbox 505 2823 2083 2903">
     <span class='ocr_line' id='line_1_28' title="bbox 505 2823 2083 2903; baseline 0.003 -24"><span class='ocrx_word' id='word_1_202' title='bbox 505 2823 632 2896; x_wconf 83' lang='lat' dir='ltr'><strong>quo]</strong></span> <span class='ocrx_word' id='word_1_203' title='bbox 652 2834 983 2893; x_wconf 74' lang='lat' dir='ltr'><strong>convertant,</strong></span> <span class='ocrx_word' id='word_1_204' title='bbox 1008 2827 1308 2883; x_wconf 63' lang='lat' dir='ltr'><strong>manifesta:</strong></span> <span class='ocrx_word' id='word_1_205' title='bbox 1334 2832 1571 2885; x_wconf 75' lang='lat' dir='ltr'><strong>veritatis</strong></span> <span class='ocrx_word' id='word_1_206' title='bbox 1599 2831 1673 2886; x_wconf 88' lang='lat' dir='ltr'><strong>ita</strong></span> <span class='ocrx_word' id='word_1_207' title='bbox 1697 2832 1900 2903; x_wconf 83' lang='lat' dir='ltr'><strong>laqueis</strong></span> <span class='ocrx_word' id='word_1_208' title='bbox 1920 2834 2083 2888; x_wconf 71' lang='lat' dir='ltr'><strong>sntio-</strong></span> 
     </span>
    </p>
   </div>
   <div class='ocr_carea' id='block_1_29' title="bbox 505 2918 2080 2994">
    <p class='ocr_par' dir='ltr' id='par_1_29' title="bbox 505 2918 2080 2994">
     <span class='ocr_line' id='line_1_29' title="bbox 505 2918 2080 2994; baseline 0.007 -22"><span class='ocrx_word' id='word_1_209' title='bbox 505 2927 717 2981; x_wconf 86' lang='lat' dir='ltr'><strong>cantur,</strong></span> <span class='ocrx_word' id='word_1_210' title='bbox 742 2925 800 2972; x_wconf 84' lang='lat' dir='ltr'><strong>ut</strong></span> <span class='ocrx_word' id='word_1_211' title='bbox 821 2918 934 2974; x_wconf 87' lang='lat' dir='ltr'><strong>suis</strong></span> <span class='ocrx_word' id='word_1_212' title='bbox 960 2919 1058 2988; x_wconf 83' lang='lat' dir='ltr'><strong>ipsi</strong></span> <span class='ocrx_word' id='word_1_213' title='bbox 1087 2920 1262 2976; x_wconf 76' lang='lat' dir='ltr'><strong>verbis</strong></span> <span class='ocrx_word' id='word_1_214' title='bbox 1289 2922 1497 2991; x_wconf 87' lang='lat' dir='ltr'><strong>possint</strong></span> <span class='ocrx_word' id='word_1_215' title='bbox 1522 2923 1837 2994; x_wconf 87' lang='lat' dir='ltr'><strong>actibusque</strong></span> <span class='ocrx_word' id='word_1_216' title='bbox 1855 2929 2080 2982; x_wconf 85' lang='lat' dir='ltr'><strong>conclu-</strong></span> 
     </span>
    </p>
   </div>
   <div class='ocr_carea' id='block_1_30' title="bbox 510 3009 2084 3087">
    <p class='ocr_par' dir='ltr' id='par_1_30' title="bbox 510 3009 2084 3087">
     <span class='ocr_line' id='line_1_30' title="bbox 510 3009 2084 3087; baseline 0.007 -24"><span class='ocrx_word' id='word_1_217' title='bbox 510 3009 587 3074; x_wconf 89' lang='lat' dir='ltr'><strong>di,</strong></span> <span class='ocrx_word' id='word_1_218' title='bbox 613 3023 712 3063; x_wconf 87' lang='lat' dir='ltr'><strong>ncc</strong></span> <span class='ocrx_word' id='word_1_219' title='bbox 737 3009 838 3065; x_wconf 83' lang='lat' dir='ltr'><strong>nisi</strong></span> <span class='ocrx_word' id='word_1_220' title='bbox 870 3009 1040 3065; x_wconf 83' lang='lat' dir='ltr'><strong>solam</strong></span> <span class='ocrx_word' id='word_1_221' title='bbox 1072 3011 1365 3082; x_wconf 81' lang='lat' dir='ltr'><strong>perniciem</strong></span> <span class='ocrx_word' id='word_1_222' title='bbox 1409 3014 1690 3070; x_wconf 67' lang='lat' dir='ltr'><strong>obstinata:</strong></span> <span class='ocrx_word' id='word_1_223' title='bbox 1739 3017 1974 3087; x_wconf 70' lang='lat' dir='ltr'><strong>perﬁdiae</strong></span> <span class='ocrx_word' id='word_1_224' title='bbox 1999 3034 2084 3074; x_wconf 80' lang='lat' dir='ltr'><strong>re-</strong></span> 
     </span>
    </p>
   </div>
   <div class='ocr_carea' id='block_1_31' title="bbox 508 3098 2085 3174">
    <p class='ocr_par' dir='ltr' id='par_1_31' title="bbox 508 3098 2085 3174">
     <span class='ocr_line' id='line_1_31' title="bbox 508 3098 2085 3174; baseline 0.007 -21"><span class='ocrx_word' id='word_1_225' title='bbox 508 3098 714 3154; x_wconf 90' lang='lat' dir='ltr'><strong>siduam</strong></span> <span class='ocrx_word' id='word_1_226' title='bbox 743 3101 1021 3158; x_wconf 76' lang='lat' dir='ltr'><strong>ventilare.</strong></span> <span class='ocrx_word' id='word_1_227' title='bbox 1065 3103 1193 3157; x_wconf 66' lang='lat' dir='ltr'><strong>lla‘c</strong></span> <span class='ocrx_word' id='word_1_228' title='bbox 1234 3111 1433 3168; x_wconf 80' lang='lat' dir='ltr'><strong>autem,</strong></span> <span class='ocrx_word' id='word_1_229' title='bbox 1489 3120 1609 3174; x_wconf 75' lang='lat' dir='ltr'><strong>quze</strong></span> <span class='ocrx_word' id='word_1_230' title='bbox 1648 3105 1716 3161; x_wconf 89' lang='lat' dir='ltr'><strong>de</strong></span> <span class='ocrx_word' id='word_1_231' title='bbox 1758 3108 2085 3164; x_wconf 81' lang='lat' dir='ltr'><strong>Calendione</strong></span> 
     </span>
    </p>
   </div>
   <div class='ocr_carea' id='block_1_32' title="bbox 2176 563 3809 636">
    <p class='ocr_par' dir='ltr' id='par_1_32' title="bbox 2176 563 3809 636">
     <span class='ocr_line' id='line_1_32' title="bbox 2176 563 3809 636; baseline -0.002 -14"><span class='ocrx_word' id='word_1_232' title='bbox 2176 582 2302 622; x_wconf 87' lang='lat' dir='ltr'><strong>cum</strong></span> <span class='ocrx_word' id='word_1_233' title='bbox 2323 568 2497 621; x_wconf 87' lang='lat' dir='ltr'><strong>sciant</strong></span> <span class='ocrx_word' id='word_1_234' title='bbox 2511 574 2588 620; x_wconf 90' lang='lat' dir='ltr'><strong>tot</strong></span> <span class='ocrx_word' id='word_1_235' title='bbox 2604 575 2884 634; x_wconf 87' lang='lat' dir='ltr'><strong>tantosque</strong></span> <span class='ocrx_word' id='word_1_236' title='bbox 2907 568 3185 634; x_wconf 70' lang='lat' dir='ltr'><strong>pontiﬁces</strong></span> <span class='ocrx_word' id='word_1_237' title='bbox 3209 565 3351 619; x_wconf 86' lang='lat' dir='ltr'><strong>nulla</strong></span> <span class='ocrx_word' id='word_1_238' title='bbox 3370 563 3577 634; x_wconf 83' lang='lat' dir='ltr'><strong>synodo</strong></span> <span class='ocrx_word' id='word_1_239' title='bbox 3589 563 3756 619; x_wconf 72' lang='lat' dir='ltr'><strong>fuisse</strong></span> <span class='ocrx_word' id='word_1_240' title='bbox 3807 634 3809 636; x_wconf 21' lang='grc' dir='ltr'><strong>η</strong></span> 
     </span>
    </p>
   </div>
   <div class='ocr_carea' id='block_1_33' title="bbox 2174 654 3753 726">
    <p class='ocr_par' dir='ltr' id='par_1_33' title="bbox 2174 654 3753 726">
     <span class='ocr_line' id='line_1_33' title="bbox 2174 654 3753 726; baseline -0.003 -15"><span class='ocrx_word' id='word_1_241' title='bbox 2174 656 2444 722; x_wconf 83' lang='lat' dir='ltr'><strong>depulsos.</strong></span> <span class='ocrx_word' id='word_1_242' title='bbox 2483 657 2539 712; x_wconf 84' lang='lat' dir='ltr'><strong>Si</strong></span> <span class='ocrx_word' id='word_1_243' title='bbox 2566 658 2619 712; x_wconf 89' lang='lat' dir='ltr'><strong>in</strong></span> <span class='ocrx_word' id='word_1_244' title='bbox 2651 656 2872 711; x_wconf 86' lang='lat' dir='ltr'><strong>istorum</strong></span> <span class='ocrx_word' id='word_1_245' title='bbox 2904 655 3196 726; x_wconf 83' lang='lat' dir='ltr'><strong>rejectione</strong></span> <span class='ocrx_word' id='word_1_246' title='bbox 3218 655 3288 709; x_wconf 88' lang='lat' dir='ltr'><strong>de</strong></span> <span class='ocrx_word' id='word_1_247' title='bbox 3314 670 3420 710; x_wconf 86' lang='lat' dir='ltr'><strong>non</strong></span> <span class='ocrx_word' id='word_1_248' title='bbox 3448 654 3582 708; x_wconf 84' lang='lat' dir='ltr'><strong>inito</strong></span> <span class='ocrx_word' id='word_1_249' title='bbox 3626 668 3753 710; x_wconf 86' lang='lat' dir='ltr'><strong>con-</strong></span> 
     </span>
    </p>
   </div>
   <div class='ocr_carea' id='block_1_34' title="bbox 2172 742 3747 816">
    <p class='ocr_par' dir='ltr' id='par_1_34' title="bbox 2172 742 3747 816">
     <span class='ocr_line' id='line_1_34' title="bbox 2172 742 3747 816; baseline -0.005 -14"><span class='ocrx_word' id='word_1_250' title='bbox 2172 747 2296 802; x_wconf 85' lang='lat' dir='ltr'><strong>cilio</strong></span> <span class='ocrx_word' id='word_1_251' title='bbox 2321 757 2742 816; x_wconf 89' lang='lat' dir='ltr'><strong>conqueruntur,</strong></span> <span class='ocrx_word' id='word_1_252' title='bbox 2775 755 3101 816; x_wconf 74' lang='lat' dir='ltr'><strong>cognoscant</strong></span> <span class='ocrx_word' id='word_1_253' title='bbox 3138 761 3198 801; x_wconf 61' lang='lat' dir='ltr'><strong>se</strong></span> <span class='ocrx_word' id='word_1_254' title='bbox 3219 761 3317 799; x_wconf 86' lang='lat' dir='ltr'><strong>cur</strong></span> <span class='ocrx_word' id='word_1_255' title='bbox 3349 760 3454 798; x_wconf 91' lang='lat' dir='ltr'><strong>non</strong></span> <span class='ocrx_word' id='word_1_256' title='bbox 3485 753 3538 798; x_wconf 86' lang='lat' dir='ltr'><strong>et</strong></span> <span class='ocrx_word' id='word_1_257' title='bbox 3571 743 3674 796; x_wconf 89' lang='lat' dir='ltr'><strong>hoc</strong></span> <span class='ocrx_word' id='word_1_258' title='bbox 3698 742 3747 794; x_wconf 87' lang='lat' dir='ltr'><strong>io</strong></span> 
     </span>
    </p>
   </div>
   <div class='ocr_carea' id='block_1_35' title="bbox 2173 831 3750 909">
    <p class='ocr_par' dir='ltr' id='par_1_35' title="bbox 2173 831 3750 909">
     <span class='ocr_line' id='line_1_35' title="bbox 2173 831 3750 909; baseline -0.008 -15"><span class='ocrx_word' id='word_1_259' title='bbox 2173 840 2243 894; x_wconf 86' lang='lat' dir='ltr'><strong>ali</strong></span> <span class='ocrx_word' id='word_1_260' title='bbox 2283 855 2398 893; x_wconf 86' lang='lat' dir='ltr'><strong>rum</strong></span> <span class='ocrx_word' id='word_1_261' title='bbox 2429 839 2714 909; x_wconf 75' lang='lat' dir='ltr'><strong>reiectione</strong></span> <span class='ocrx_word' id='word_1_262' title='bbox 2751 835 3116 906; x_wconf 73' lang='lat' dir='ltr'><strong>qutcsiverint,</strong></span> <span class='ocrx_word' id='word_1_263' title='bbox 3162 834 3422 890; x_wconf 82' lang='lat' dir='ltr'><strong>accusari.</strong></span> <span class='ocrx_word' id='word_1_264' title='bbox 3453 834 3508 887; x_wconf 81' lang='lat' dir='ltr'><strong>Si</strong></span> <span class='ocrx_word' id='word_1_265' title='bbox 3541 847 3675 886; x_wconf 85' lang='lat' dir='ltr'><strong>vero</strong></span> <span class='ocrx_word' id='word_1_266' title='bbox 3697 831 3750 885; x_wconf 90' lang='lat' dir='ltr'><strong>in</strong></span> 
     </span>
    </p>
   </div>
   <div class='ocr_carea' id='block_1_36' title="bbox 2172 921 3751 997">
    <p class='ocr_par' dir='ltr' id='par_1_36' title="bbox 2172 921 3751 997">
     <span class='ocr_line' id='line_1_36' title="bbox 2172 921 3751 997; baseline -0.006 -13"><span class='ocrx_word' id='word_1_267' title='bbox 2172 941 2488 985; x_wconf 64' lang='lat' dir='ltr'><strong>ceterorum</strong></span> <span class='ocrx_word' id='word_1_268' title='bbox 2517 928 2807 997; x_wconf 87' lang='lat' dir='ltr'><strong>rejectione</strong></span> <span class='ocrx_word' id='word_1_269' title='bbox 2822 926 3045 982; x_wconf 83' lang='lat' dir='ltr'><strong>concilia</strong></span> <span class='ocrx_word' id='word_1_270' title='bbox 3067 925 3369 981; x_wconf 72' lang='lat' dir='ltr'><strong>necessaria</strong></span> <span class='ocrx_word' id='word_1_271' title='bbox 3385 939 3490 978; x_wconf 68' lang='lat' dir='ltr'><strong>non</strong></span> <span class='ocrx_word' id='word_1_272' title='bbox 3515 921 3751 984; x_wconf 77' lang='lat' dir='ltr'><strong>inerunt,</strong></span> 
     </span>
    </p>
   </div>
   <div class='ocr_carea' id='block_1_37' title="bbox 2173 1012 3755 1086">
    <p class='ocr_par' dir='ltr' id='par_1_37' title="bbox 2173 1012 3755 1086">
     <span class='ocr_line' id='line_1_37' title="bbox 2173 1012 3755 1086; baseline -0.01 -9"><span class='ocrx_word' id='word_1_273' title='bbox 2173 1037 2271 1077; x_wconf 85' lang='lat' dir='ltr'><strong>nec</strong></span> <span class='ocrx_word' id='word_1_274' title='bbox 2297 1022 2348 1076; x_wconf 92' lang='lat' dir='ltr'><strong>in</strong></span> <span class='ocrx_word' id='word_1_275' title='bbox 2380 1023 2494 1076; x_wconf 82' lang='lat' dir='ltr'><strong>istis</strong></span> <span class='ocrx_word' id='word_1_276' title='bbox 2519 1018 2819 1074; x_wconf 82' lang='lat' dir='ltr'><strong>necessaria</strong></span> <span class='ocrx_word' id='word_1_277' title='bbox 2867 1017 3031 1072; x_wconf 69' lang='lat' dir='ltr'><strong>fuTsse</strong></span> <span class='ocrx_word' id='word_1_278' title='bbox 3066 1023 3415 1086; x_wconf 63' lang='lat' dir='ltr'><strong>cognoscant.</strong></span> <span class='ocrx_word' id='word_1_279' title='bbox 3469 1014 3557 1067; x_wconf 73' lang='lat' dir='ltr'><strong>An</strong></span> <span class='ocrx_word' id='word_1_280' title='bbox 3585 1012 3639 1065; x_wconf 82' lang='lat' dir='ltr'><strong>in</strong></span> <span class='ocrx_word' id='word_1_281' title='bbox 3665 1026 3755 1064; x_wconf 66' lang='lat' dir='ltr'><strong>ea.</strong></span> 
     </span>
    </p>
   </div>
   <div class='ocr_carea' id='block_1_38' title="bbox 2174 1103 3756 1180">
    <p class='ocr_par' dir='ltr' id='par_1_38' title="bbox 2174 1103 3756 1180">
     <span class='ocr_line' id='line_1_38' title="bbox 2174 1103 3756 1180; baseline -0.011 -12"><span class='ocrx_word' id='word_1_282' title='bbox 2174 1113 2500 1169; x_wconf 64' lang='lat' dir='ltr'><strong>tholicorum&#39;</strong></span> <span class='ocrx_word' id='word_1_283' title='bbox 2521 1110 2820 1180; x_wconf 85' lang='lat' dir='ltr'><strong>dejectione</strong></span> <span class='ocrx_word' id='word_1_284' title='bbox 2849 1123 2955 1163; x_wconf 86' lang='lat' dir='ltr'><strong>non</strong></span> <span class='ocrx_word' id='word_1_285' title='bbox 3011 1107 3103 1163; x_wconf 77' lang='lat' dir='ltr'><strong>fuit</strong></span> <span class='ocrx_word' id='word_1_286' title='bbox 3129 1121 3284 1174; x_wconf 86' lang='lat' dir='ltr'><strong>opus,</strong></span> <span class='ocrx_word' id='word_1_287' title='bbox 3309 1113 3367 1160; x_wconf 85' lang='lat' dir='ltr'><strong>et</strong></span> <span class='ocrx_word' id='word_1_288' title='bbox 3395 1103 3491 1161; x_wconf 76' lang='lat' dir='ltr'><strong>fuit</strong></span> <span class='ocrx_word' id='word_1_289' title='bbox 3537 1116 3756 1168; x_wconf 75' lang='lat' dir='ltr'><strong>magno-</strong></span> 
     </span>
    </p>
   </div>
   <div class='ocr_carea' id='block_1_39' title="bbox 2175 1191 3756 1272">
    <p class='ocr_par' dir='ltr' id='par_1_39' title="bbox 2175 1191 3756 1272">
     <span class='ocr_line' id='line_1_39' title="bbox 2175 1191 3756 1272; baseline -0.01 -13"><span class='ocrx_word' id='word_1_290' title='bbox 2175 1218 2303 1272; x_wconf 86' lang='lat' dir='ltr'><strong>pere</strong></span> <span class='ocrx_word' id='word_1_291' title='bbox 2363 1200 2732 1271; x_wconf 65' lang='lat' dir='ltr'><strong>congreganda</strong></span> <span class='ocrx_word' id='word_1_292' title='bbox 2805 1200 2857 1251; x_wconf 87' lang='lat' dir='ltr'><strong>io</strong></span> <span class='ocrx_word' id='word_1_293' title='bbox 2922 1195 3348 1266; x_wconf 65' lang='lat' dir='ltr'><strong>praevaricatoris</strong></span> <span class='ocrx_word' id='word_1_294' title='bbox 3412 1191 3756 1249; x_wconf 74' lang='lat' dir='ltr'><strong>damnatione</strong></span> 
     </span>
    </p>
   </div>
   <div class='ocr_carea' id='block_1_40' title="bbox 2175 1281 3757 1360">
    <p class='ocr_par' dir='ltr' id='par_1_40' title="bbox 2175 1281 3757 1360">
     <span class='ocr_line' id='line_1_40' title="bbox 2175 1281 3757 1360; baseline -0.009 -10"><span class='ocrx_word' id='word_1_295' title='bbox 2175 1293 2408 1350; x_wconf 73' lang='lat' dir='ltr'><strong>confessi</strong></span> <span class='ocrx_word' id='word_1_296' title='bbox 2437 1291 2618 1359; x_wconf 78' lang='lat' dir='ltr'><strong>?Quid</strong></span> <span class='ocrx_word' id='word_1_297' title='bbox 2651 1290 2809 1360; x_wconf 82' lang='lat' dir='ltr'><strong>igitur</strong></span> <span class='ocrx_word' id='word_1_298' title='bbox 2827 1298 3017 1354; x_wconf 85' lang='lat' dir='ltr'><strong>restat,</strong></span> <span class='ocrx_word' id='word_1_299' title='bbox 3049 1287 3152 1342; x_wconf 88' lang='lat' dir='ltr'><strong>nisi</strong></span> <span class='ocrx_word' id='word_1_300' title='bbox 3188 1295 3246 1341; x_wconf 90' lang='lat' dir='ltr'><strong>ut</strong></span> <span class='ocrx_word' id='word_1_301' title='bbox 3263 1285 3444 1341; x_wconf 90' lang='lat' dir='ltr'><strong>dicant</strong></span> <span class='ocrx_word' id='word_1_302' title='bbox 3470 1281 3757 1337; x_wconf 77' lang='lat' dir='ltr'><strong>lueretieos</strong></span> 
     </span>
    </p>
   </div>
   <div class='ocr_carea' id='block_1_41' title="bbox 2176 1370 3753 1448">
    <p class='ocr_par' dir='ltr' id='par_1_41' title="bbox 2176 1370 3753 1448">
     <span class='ocr_line' id='line_1_41' title="bbox 2176 1370 3753 1448; baseline -0.008 -11"><span class='ocrx_word' id='word_1_303' title='bbox 2176 1398 2281 1438; x_wconf 92' lang='lat' dir='ltr'><strong>non</strong></span> <span class='ocrx_word' id='word_1_304' title='bbox 2309 1381 2474 1437; x_wconf 80' lang='lat' dir='ltr'><strong>fuisse</strong></span> <span class='ocrx_word' id='word_1_305' title='bbox 2497 1382 2522 1434; x_wconf 69' lang='grc' dir='ltr'><em>ἲ</em></span> <span class='ocrx_word' id='word_1_306' title='bbox 2564 1380 2679 1435; x_wconf 81' lang='lat' dir='ltr'><strong>Non</strong></span> <span class='ocrx_word' id='word_1_307' title='bbox 2702 1392 2832 1448; x_wconf 85' lang='lat' dir='ltr'><strong>ergo</strong></span> <span class='ocrx_word' id='word_1_308' title='bbox 2869 1377 2937 1434; x_wconf 90' lang='lat' dir='ltr'><strong>de</strong></span> <span class='ocrx_word' id='word_1_309' title='bbox 2962 1375 3171 1448; x_wconf 80' lang='lat' dir='ltr'><strong>synodo</strong></span> <span class='ocrx_word' id='word_1_310' title='bbox 3211 1379 3631 1442; x_wconf 80' lang='lat' dir='ltr'><strong>conquerantur,</strong></span> <span class='ocrx_word' id='word_1_311' title='bbox 3661 1370 3753 1437; x_wconf 89' lang='lat' dir='ltr'><strong>qui</strong></span> 
     </span>
    </p>
   </div>
   <div class='ocr_carea' id='block_1_42' title="bbox 2174 1458 3758 1541">
    <p class='ocr_par' dir='ltr' id='par_1_42' title="bbox 2174 1458 3758 1541">
     <span class='ocr_line' id='line_1_42' title="bbox 2174 1458 3758 1541; baseline -0.009 -12"><span class='ocrx_word' id='word_1_312' title='bbox 2174 1488 2234 1529; x_wconf 86' lang='lat' dir='ltr'><strong>se</strong></span> <span class='ocrx_word' id='word_1_313' title='bbox 2259 1474 2431 1541; x_wconf 86' lang='lat' dir='ltr'><strong>palam</strong></span> <span class='ocrx_word' id='word_1_314' title='bbox 2467 1468 2861 1526; x_wconf 89' lang='lat' dir='ltr'><strong>communionis</strong></span> <span class='ocrx_word' id='word_1_315' title='bbox 2896 1476 3136 1521; x_wconf 76' lang='lat' dir='ltr'><strong>esternte</strong></span> <span class='ocrx_word' id='word_1_316' title='bbox 3168 1461 3262 1536; x_wconf 83' lang='lat' dir='ltr'><strong>[al.</strong></span> <span class='ocrx_word' id='word_1_317' title='bbox 3305 1458 3592 1532; x_wconf 52' lang='lat' dir='ltr'><strong>haeretica]</strong></span> <span class='ocrx_word' id='word_1_318' title='bbox 3637 1473 3758 1528; x_wconf 81' lang='lat' dir='ltr'><strong>per-</strong></span> 
     </span>
    </p>
   </div>
   <div class='ocr_carea' id='block_1_43' title="bbox 2178 1549 3759 1618">
    <p class='ocr_par' dir='ltr' id='par_1_43' title="bbox 2178 1549 3759 1618">
     <span class='ocr_line' id='line_1_43' title="bbox 2178 1549 3759 1618; baseline -0.01 0"><span class='ocrx_word' id='word_1_319' title='bbox 2178 1563 2363 1618; x_wconf 91' lang='lat' dir='ltr'><strong>hibent</strong></span> <span class='ocrx_word' id='word_1_320' title='bbox 2386 1571 2700 1617; x_wconf 86' lang='lat' dir='ltr'><strong>sectatores.</strong></span> <span class='ocrx_word' id='word_1_321' title='bbox 2734 1560 2755 1592; x_wconf 85' lang='lat'><strong><em>&quot;</em></strong></span> <span class='ocrx_word' id='word_1_322' title='bbox 2785 1558 2892 1614; x_wconf 82' lang='lat' dir='ltr'><strong>Cur</strong></span> <span class='ocrx_word' id='word_1_323' title='bbox 2917 1558 3061 1612; x_wconf 89' lang='lat' dir='ltr'><strong>enim</strong></span> <span class='ocrx_word' id='word_1_324' title='bbox 3088 1556 3169 1611; x_wconf 87' lang='lat' dir='ltr'><strong>eis</strong></span> <span class='ocrx_word' id='word_1_325' title='bbox 3188 1554 3425 1618; x_wconf 78' lang='lat' dir='ltr'><strong>synodus</strong></span> <span class='ocrx_word' id='word_1_326' title='bbox 3453 1549 3759 1606; x_wconf 87' lang='lat' dir='ltr'><strong>necessaria</strong></span> 
     </span>
    </p>
   </div>
   <div class='ocr_carea' id='block_1_44' title="bbox 2179 1643 3755 1720">
    <p class='ocr_par' dir='ltr' id='par_1_44' title="bbox 2179 1643 3755 1720">
     <span class='ocr_line' id='line_1_44' title="bbox 2179 1643 3755 1720; baseline -0.01 -13"><span class='ocrx_word' id='word_1_327' title='bbox 2179 1652 2350 1709; x_wconf 76' lang='lat' dir='ltr'><strong>fuisse</strong></span> <span class='ocrx_word' id='word_1_328' title='bbox 2370 1651 2633 1718; x_wconf 87' lang='lat' dir='ltr'><strong>videatur,</strong></span> <span class='ocrx_word' id='word_1_329' title='bbox 2658 1649 2748 1720; x_wconf 87' lang='lat' dir='ltr'><strong>qui</strong></span> <span class='ocrx_word' id='word_1_330' title='bbox 2769 1663 2831 1705; x_wconf 81' lang='lat' dir='ltr'><strong>se</strong></span> <span class='ocrx_word' id='word_1_331' title='bbox 2851 1657 3038 1703; x_wconf 89' lang='lat' dir='ltr'><strong>contra</strong></span> <span class='ocrx_word' id='word_1_332' title='bbox 3066 1643 3560 1700; x_wconf 86' lang='lat' dir='ltr'><strong>Chalcedonensem</strong></span> <span class='ocrx_word' id='word_1_333' title='bbox 3591 1655 3755 1710; x_wconf 78' lang='lat' dir='ltr'><strong>syno-</strong></span> 
     </span>
    </p>
   </div>
   <div class='ocr_carea' id='block_1_45' title="bbox 2180 1733 3756 1811">
    <p class='ocr_par' dir='ltr' id='par_1_45' title="bbox 2180 1733 3756 1811">
     <span class='ocr_line' id='line_1_45' title="bbox 2180 1733 3756 1811; baseline -0.009 -14"><span class='ocrx_word' id='word_1_334' title='bbox 2180 1746 2306 1797; x_wconf 89' lang='lat' dir='ltr'><strong>dum</strong></span> <span class='ocrx_word' id='word_1_335' title='bbox 2337 1743 2518 1798; x_wconf 88' lang='lat' dir='ltr'><strong>vcnire</strong></span> <span class='ocrx_word' id='word_1_336' title='bbox 2540 1749 2890 1811; x_wconf 83' lang='lat' dir='ltr'><strong>cognoscunt.</strong></span> <span class='ocrx_word' id='word_1_337' title='bbox 2914 1753 3018 1810; x_wconf 84' lang='lat' dir='ltr'><strong>qua</strong></span> <span class='ocrx_word' id='word_1_338' title='bbox 3053 1733 3415 1806; x_wconf 78' lang='lat' dir='ltr'><strong>Entychlanus</strong></span> <span class='ocrx_word' id='word_1_339' title='bbox 3439 1745 3596 1788; x_wconf 89' lang='lat' dir='ltr'><strong>error</strong></span> <span class='ocrx_word' id='word_1_340' title='bbox 3628 1744 3756 1784; x_wconf 86' lang='lat' dir='ltr'><strong>cum</strong></span> 
     </span>
    </p>
   </div>
   <div class='ocr_carea' id='block_1_46' title="bbox 2178 1819 3762 1901">
    <p class='ocr_par' dir='ltr' id='par_1_46' title="bbox 2178 1819 3762 1901">
     <span class='ocr_line' id='line_1_46' title="bbox 2178 1819 3762 1901; baseline -0.011 -13"><span class='ocrx_word' id='word_1_341' title='bbox 2178 1835 2202 1867; x_wconf 83' lang='lat'>&#39;</span> <span class='ocrx_word' id='word_1_342' title='bbox 2231 1833 2538 1887; x_wconf 75' lang='lat' dir='ltr'><strong>auctoribus</strong></span> <span class='ocrx_word' id='word_1_343' title='bbox 2564 1829 2799 1901; x_wconf 69' lang='lat' dir='ltr'><strong>generali</strong></span> <span class='ocrx_word' id='word_1_344' title='bbox 2851 1826 3111 1890; x_wconf 72' lang='lat' dir='ltr'><strong>Ecclesia:</strong></span> <span class='ocrx_word' id='word_1_345' title='bbox 3159 1837 3293 1878; x_wconf 85' lang='lat' dir='ltr'><strong>voce</strong></span> <span class='ocrx_word' id='word_1_346' title='bbox 3329 1821 3616 1876; x_wconf 84' lang='lat' dir='ltr'><strong>damnatus</strong></span> <span class='ocrx_word' id='word_1_347' title='bbox 3640 1819 3762 1874; x_wconf 74' lang='lat' dir='ltr'><strong>est!</strong></span> 
     </span>
    </p>
   </div>
   <div class='ocr_carea' id='block_1_47' title="bbox 2183 1907 3766 1990">
    <p class='ocr_par' dir='ltr' id='par_1_47' title="bbox 2183 1907 3766 1990">
     <span class='ocr_line' id='line_1_47' title="bbox 2183 1907 3766 1990; baseline -0.01 -12"><span class='ocrx_word' id='word_1_348' title='bbox 2183 1923 2293 1978; x_wconf 79' lang='lat' dir='ltr'><strong>Nec</strong></span> <span class='ocrx_word' id='word_1_349' title='bbox 2311 1923 2530 1976; x_wconf 86' lang='lat' dir='ltr'><strong>dubium</strong></span> <span class='ocrx_word' id='word_1_350' title='bbox 2559 1919 2700 1990; x_wconf 89' lang='lat' dir='ltr'><strong>quod</strong></span> <span class='ocrx_word' id='word_1_351' title='bbox 2746 1918 2887 1973; x_wconf 88' lang='lat' dir='ltr'><strong>sicut</strong></span> <span class='ocrx_word' id='word_1_352' title='bbox 2926 1916 2982 1978; x_wconf 77' lang='lat' dir='ltr'><strong>in</strong></span> <span class='ocrx_word' id='word_1_353' title='bbox 3031 1925 3346 1984; x_wconf 84' lang='lat' dir='ltr'><strong>unaquaque</strong></span> <span class='ocrx_word' id='word_1_354' title='bbox 3375 1910 3591 1978; x_wconf 69' lang='lat' dir='ltr'><strong>heresi,</strong></span> <span class='ocrx_word' id='word_1_355' title='bbox 3619 1907 3766 1977; x_wconf 83' lang='lat' dir='ltr'><strong>quod</strong></span> 
     </span>
    </p>
   </div>
   <div class='ocr_carea' id='block_1_48' title="bbox 2183 2001 3766 2075">
    <p class='ocr_par' dir='ltr' id='par_1_48' title="bbox 2183 2001 3766 2075">
     <span class='ocr_line' id='line_1_48' title="bbox 2183 2001 3766 2075; baseline -0.008 -11"><span class='ocrx_word' id='word_1_356' title='bbox 2183 2008 2572 2064; x_wconf 84' lang='lat' dir='ltr'><strong>incessabiliter</strong></span> <span class='ocrx_word' id='word_1_357' title='bbox 2626 2005 2976 2075; x_wconf 83' lang='lat' dir='ltr'><strong>repetendum</strong></span> <span class='ocrx_word' id='word_1_358' title='bbox 3027 2011 3150 2066; x_wconf 87' lang='lat' dir='ltr'><strong>est,</strong></span> <span class='ocrx_word' id='word_1_359' title='bbox 3198 2002 3325 2072; x_wconf 87' lang='lat' dir='ltr'><strong>quia</strong></span> <span class='ocrx_word' id='word_1_360' title='bbox 3376 2001 3586 2055; x_wconf 68' lang='lat' dir='ltr'><strong>annum</strong></span> <span class='ocrx_word' id='word_1_361' title='bbox 3641 2012 3766 2054; x_wconf 85' lang='lat' dir='ltr'><strong>esse</strong></span> 
     </span>
    </p>
   </div>
   <div class='ocr_carea' id='block_1_49' title="bbox 2182 2091 3766 2168">
    <p class='ocr_par' dir='ltr' id='par_1_49' title="bbox 2182 2091 3766 2168">
     <span class='ocr_line' id='line_1_49' title="bbox 2182 2091 3766 2168; baseline -0.01 -14"><span class='ocrx_word' id='word_1_362' title='bbox 2182 2100 2362 2154; x_wconf 88' lang='lat' dir='ltr'><strong>nullus</strong></span> <span class='ocrx_word' id='word_1_363' title='bbox 2400 2097 2624 2168; x_wconf 84' lang='lat' dir='ltr'><strong>ambigit</strong></span> <span class='ocrx_word' id='word_1_364' title='bbox 2659 2095 3029 2159; x_wconf 82' lang='lat' dir='ltr'><strong>Christianus,</strong></span> <span class='ocrx_word' id='word_1_365' title='bbox 3080 2105 3275 2148; x_wconf 90' lang='lat' dir='ltr'><strong>omnes</strong></span> <span class='ocrx_word' id='word_1_366' title='bbox 3295 2091 3625 2158; x_wconf 85' lang='lat' dir='ltr'><strong>oomplices,</strong></span> <span class='ocrx_word' id='word_1_367' title='bbox 3682 2103 3766 2140; x_wconf 72' lang='lat' dir='ltr'><strong>se.</strong></span> 
     </span>
    </p>
   </div>
   <div class='ocr_carea' id='block_1_50' title="bbox 2181 2178 3767 2254">
    <p class='ocr_par' dir='ltr' id='par_1_50' title="bbox 2181 2178 3767 2254">
     <span class='ocr_line' id='line_1_50' title="bbox 2181 2178 3767 2254; baseline -0.009 -7"><span class='ocrx_word' id='word_1_368' title='bbox 2181 2201 2438 2254; x_wconf 83' lang='lat' dir='ltr'><strong>ctatores,</strong></span> <span class='ocrx_word' id='word_1_369' title='bbox 2470 2185 2954 2243; x_wconf 85' lang='lat' dir='ltr'><strong>eommunicatores</strong></span> <span class='ocrx_word' id='word_1_370' title='bbox 2991 2183 3257 2238; x_wconf 63' lang='lat' dir='ltr'><strong>damnata</strong></span> <span class='ocrx_word' id='word_1_371' title='bbox 3284 2179 3453 2235; x_wconf 86' lang='lat' dir='ltr'><strong>semel</strong></span> <span class='ocrx_word' id='word_1_372' title='bbox 3487 2178 3767 2245; x_wconf 76' lang='lat' dir='ltr'><strong>pravitatis</strong></span> 
     </span>
    </p>
   </div>
   <div class='ocr_carea' id='block_1_51' title="bbox 2183 2269 3763 2354">
    <p class='ocr_par' dir='ltr' id='par_1_51' title="bbox 2183 2269 3763 2354">
     <span class='ocr_line' id='line_1_51' title="bbox 2183 2269 3763 2354; baseline -0.009 -17"><span class='ocrx_word' id='word_1_373' title='bbox 2183 2283 2296 2354; x_wconf 86' lang='lat' dir='ltr'><strong>pari</strong></span> <span class='ocrx_word' id='word_1_374' title='bbox 2331 2291 2475 2335; x_wconf 87' lang='lat' dir='ltr'><strong>sorte</strong></span> <span class='ocrx_word' id='word_1_375' title='bbox 2501 2286 2808 2335; x_wconf 84' lang='lat' dir='ltr'><strong>censentur.</strong></span> <span class='ocrx_word' id='word_1_376' title='bbox 2841 2275 3074 2344; x_wconf 85' lang='lat' dir='ltr'><strong>ideoque</strong></span> <span class='ocrx_word' id='word_1_377' title='bbox 3103 2273 3164 2327; x_wconf 79' lang='lat' dir='ltr'><strong>ﬁt</strong></span> <span class='ocrx_word' id='word_1_378' title='bbox 3205 2284 3566 2341; x_wconf 84' lang='lat' dir='ltr'><strong>consequens,</strong></span> <span class='ocrx_word' id='word_1_379' title='bbox 3595 2278 3649 2322; x_wconf 92' lang='lat' dir='ltr'><strong>ut</strong></span> <span class='ocrx_word' id='word_1_380' title='bbox 3681 2269 3763 2323; x_wconf 74' lang='lat' dir='ltr'><strong>si-</strong></span> 
     </span>
    </p>
   </div>
   <div class='ocr_carea' id='block_1_52' title="bbox 2182 2368 3768 2440">
    <p class='ocr_par' dir='ltr' id='par_1_52' title="bbox 2182 2368 3768 2440">
     <span class='ocr_line' id='line_1_52' title="bbox 2182 2368 3768 2440; baseline -0.011 -10"><span class='ocrx_word' id='word_1_381' title='bbox 2182 2384 2270 2430; x_wconf 90' lang='lat' dir='ltr'><strong>cut</strong></span> <span class='ocrx_word' id='word_1_382' title='bbox 2309 2373 2626 2428; x_wconf 79' lang='lat' dir='ltr'><strong>Timotheus</strong></span> <span class='ocrx_word' id='word_1_383' title='bbox 2652 2379 2813 2440; x_wconf 80' lang='lat' dir='ltr'><strong>atque</strong></span> <span class='ocrx_word' id='word_1_384' title='bbox 2841 2370 3032 2424; x_wconf 79' lang='lat' dir='ltr'><strong>Petrus</strong></span> <span class='ocrx_word' id='word_1_385' title='bbox 3089 2368 3272 2421; x_wconf 88' lang='lat' dir='ltr'><strong>talium</strong></span> <span class='ocrx_word' id='word_1_386' title='bbox 3325 2373 3644 2426; x_wconf 87' lang='lat' dir='ltr'><strong>sectatores,</strong></span> <span class='ocrx_word' id='word_1_387' title='bbox 3674 2373 3768 2414; x_wconf 77' lang='lat' dir='ltr'><strong>se-</strong></span> 
     </span>
    </p>
   </div>
   <div class='ocr_carea' id='block_1_53' title="bbox 2183 2451 3771 2529">
    <p class='ocr_par' dir='ltr' id='par_1_53' title="bbox 2183 2451 3771 2529">
     <span class='ocr_line' id='line_1_53' title="bbox 2183 2451 3771 2529; baseline -0.011 -8"><span class='ocrx_word' id='word_1_388' title='bbox 2183 2463 2416 2520; x_wconf 88' lang='lat' dir='ltr'><strong>cundum</strong></span> <span class='ocrx_word' id='word_1_389' title='bbox 2466 2463 2608 2516; x_wconf 86' lang='lat' dir='ltr'><strong>illius</strong></span> <span class='ocrx_word' id='word_1_390' title='bbox 2651 2471 2892 2516; x_wconf 89' lang='lat' dir='ltr'><strong>tenorem</strong></span> <span class='ocrx_word' id='word_1_391' title='bbox 2932 2456 3145 2529; x_wconf 80' lang='lat' dir='ltr'><strong>synodi,</strong></span> <span class='ocrx_word' id='word_1_392' title='bbox 3188 2455 3331 2510; x_wconf 90' lang='lat' dir='ltr'><strong>nulla</strong></span> <span class='ocrx_word' id='word_1_393' title='bbox 3382 2453 3587 2509; x_wconf 83' lang='lat' dir='ltr'><strong>recenti</strong></span> <span class='ocrx_word' id='word_1_394' title='bbox 3632 2451 3771 2504; x_wconf 80' lang='lat' dir='ltr'><strong>laeta</strong></span> 
     </span>
    </p>
   </div>
   <div class='ocr_carea' id='block_1_54' title="bbox 2184 2544 3770 2629">
    <p class='ocr_par' dir='ltr' id='par_1_54' title="bbox 2184 2544 3770 2629">
     <span class='ocr_line' id='line_1_54' title="bbox 2184 2544 3770 2629; baseline -0.008 -17"><span class='ocrx_word' id='word_1_395' title='bbox 2184 2558 2503 2629; x_wconf 87' lang='lat' dir='ltr'><strong>pontiiicum</strong></span> <span class='ocrx_word' id='word_1_396' title='bbox 2533 2554 2943 2624; x_wconf 85' lang='lat' dir='ltr'><strong>congregatione</strong></span> <span class='ocrx_word' id='word_1_397' title='bbox 2963 2551 3201 2606; x_wconf 86' lang='lat' dir='ltr'><strong>damnati</strong></span> <span class='ocrx_word' id='word_1_398' title='bbox 3229 2556 3358 2604; x_wconf 89' lang='lat' dir='ltr'><strong>sunt</strong></span> <span class='ocrx_word' id='word_1_399' title='bbox 3383 2564 3398 2602; x_wconf 93' lang='lat'><strong>:</strong></span> <span class='ocrx_word' id='word_1_400' title='bbox 3455 2548 3537 2602; x_wconf 92' lang='lat' dir='ltr'><strong>sic</strong></span> <span class='ocrx_word' id='word_1_401' title='bbox 3566 2556 3620 2601; x_wconf 87' lang='lat' dir='ltr'><strong>et</strong></span> <span class='ocrx_word' id='word_1_402' title='bbox 3675 2544 3770 2614; x_wconf 89' lang='lat' dir='ltr'><strong>qui</strong></span> 
     </span>
    </p>
   </div>
   <div class='ocr_carea' id='block_1_55' title="bbox 2184 2636 3773 2707">
    <p class='ocr_par' dir='ltr' id='par_1_55' title="bbox 2184 2636 3773 2707">
     <span class='ocr_line' id='line_1_55' title="bbox 2184 2636 3773 2707; baseline -0.009 -3"><span class='ocrx_word' id='word_1_403' title='bbox 2184 2650 2343 2705; x_wconf 81' lang='lat' dir='ltr'><strong>Petro</strong></span> <span class='ocrx_word' id='word_1_404' title='bbox 2371 2645 2788 2704; x_wconf 70' lang='lat' dir='ltr'><strong>communicavit</strong></span> <span class='ocrx_word' id='word_1_405' title='bbox 2826 2643 3078 2707; x_wconf 80' lang='lat' dir='ltr'><strong>Aeacius,</strong></span> <span class='ocrx_word' id='word_1_406' title='bbox 3117 2651 3176 2696; x_wconf 89' lang='lat' dir='ltr'><strong>ut</strong></span> <span class='ocrx_word' id='word_1_407' title='bbox 3198 2640 3440 2696; x_wconf 89' lang='lat' dir='ltr'><strong>criminis</strong></span> <span class='ocrx_word' id='word_1_408' title='bbox 3481 2636 3773 2707; x_wconf 73' lang='lat' dir='ltr'><strong>particeps.</strong></span> 
     </span>
    </p>
   </div>
   <div class='ocr_carea' id='block_1_56' title="bbox 2182 2728 3772 2804">
    <p class='ocr_par' dir='ltr' id='par_1_56' title="bbox 2182 2728 3772 2804">
     <span class='ocr_line' id='line_1_56' title="bbox 2182 2728 3772 2804; baseline -0.009 -9"><span class='ocrx_word' id='word_1_409' title='bbox 2182 2741 2255 2795; x_wconf 87' lang='lat' dir='ltr'><strong>ita</strong></span> <span class='ocrx_word' id='word_1_410' title='bbox 2289 2753 2512 2794; x_wconf 87' lang='lat' dir='ltr'><strong>consors</strong></span> <span class='ocrx_word' id='word_1_411' title='bbox 2539 2739 2610 2792; x_wconf 89' lang='lat' dir='ltr'><strong>sit</strong></span> <span class='ocrx_word' id='word_1_412' title='bbox 2649 2737 2816 2791; x_wconf 81' lang='lat' dir='ltr'><strong>factus</strong></span> <span class='ocrx_word' id='word_1_413' title='bbox 2850 2745 2906 2789; x_wconf 89' lang='lat' dir='ltr'><strong>et</strong></span> <span class='ocrx_word' id='word_1_414' title='bbox 2955 2748 3146 2804; x_wconf 67' lang='lat' dir='ltr'><strong>ptem.</strong></span> <span class='ocrx_word' id='word_1_415' title='bbox 3193 2731 3329 2800; x_wconf 84' lang='lat' dir='ltr'><strong>Quid</strong></span> <span class='ocrx_word' id='word_1_416' title='bbox 3384 2730 3547 2801; x_wconf 68' lang='lat' dir='ltr'><strong>igitur</strong></span> <span class='ocrx_word' id='word_1_417' title='bbox 3590 2728 3772 2783; x_wconf 80' lang='lat' dir='ltr'><strong>amba-</strong></span> 
     </span>
    </p>
   </div>
   <div class='ocr_carea' id='block_1_57' title="bbox 2181 2818 3771 2901">
    <p class='ocr_par' dir='ltr' id='par_1_57' title="bbox 2181 2818 3771 2901">
     <span class='ocr_line' id='line_1_57' title="bbox 2181 2818 3771 2901; baseline -0.007 -20"><span class='ocrx_word' id='word_1_418' title='bbox 2181 2831 2334 2901; x_wconf 77' lang='lat' dir='ltr'><strong>gibus</strong></span> <span class='ocrx_word' id='word_1_419' title='bbox 2377 2841 2432 2884; x_wconf 89' lang='lat' dir='ltr'><strong>et</strong></span> <span class='ocrx_word' id='word_1_420' title='bbox 2481 2828 2690 2883; x_wconf 83' lang='lat' dir='ltr'><strong>nebulis</strong></span> <span class='ocrx_word' id='word_1_421' title='bbox 2743 2829 2844 2879; x_wconf 90' lang='lat' dir='ltr'><strong>ista</strong></span> <span class='ocrx_word' id='word_1_422' title='bbox 2894 2830 3234 2895; x_wconf 55' lang='lat' dir='ltr'><strong>praesunt,</strong></span> <span class='ocrx_word' id='word_1_423' title='bbox 3282 2832 3340 2876; x_wconf 90' lang='lat' dir='ltr'><strong>ut</strong></span> <span class='ocrx_word' id='word_1_424' title='bbox 3382 2818 3771 2888; x_wconf 82' lang='lat' dir='ltr'><strong>impudentiam</strong></span> 
     </span>
    </p>
   </div>
   <div class='ocr_carea' id='block_1_58' title="bbox 2183 2908 3775 2986">
    <p class='ocr_par' dir='ltr' id='par_1_58' title="bbox 2183 2908 3775 2986">
     <span class='ocr_line' id='line_1_58' title="bbox 2183 2908 3775 2986; baseline -0.007 -12"><span class='ocrx_word' id='word_1_425' title='bbox 2183 2935 2358 2986; x_wconf 88' lang='lat' dir='ltr'><strong>suam,</strong></span> <span class='ocrx_word' id='word_1_426' title='bbox 2397 2929 2736 2985; x_wconf 86' lang='lat' dir='ltr'><strong>mentemque</strong></span> <span class='ocrx_word' id='word_1_427' title='bbox 2773 2929 3024 2970; x_wconf 70' lang='lat' dir='ltr'><strong>vesanam</strong></span> <span class='ocrx_word' id='word_1_428' title='bbox 3071 2913 3322 2968; x_wconf 85' lang='lat' dir='ltr'><strong>inanibus</strong></span> <span class='ocrx_word' id='word_1_429' title='bbox 3361 2910 3540 2981; x_wconf 85' lang='lat' dir='ltr'><strong>potius</strong></span> <span class='ocrx_word' id='word_1_430' title='bbox 3577 2908 3775 2964; x_wconf 76' lang='lat' dir='ltr'><strong>fabulis</strong></span> 
     </span>
    </p>
   </div>
   <div class='ocr_carea' id='block_1_59' title="bbox 2183 2999 3774 3074">
    <p class='ocr_par' dir='ltr' id='par_1_59' title="bbox 2183 2999 3774 3074">
     <span class='ocr_line' id='line_1_59' title="bbox 2183 2999 3774 3074; baseline -0.007 -11"><span class='ocrx_word' id='word_1_431' title='bbox 2183 3013 2205 3045; x_wconf 80' lang='grc'><strong><em>⁸</em></strong></span> <span class='ocrx_word' id='word_1_432' title='bbox 2245 3013 2426 3064; x_wconf 73' lang='lat' dir='ltr'><strong>velare</strong></span> <span class='ocrx_word' id='word_1_433' title='bbox 2475 3007 2763 3069; x_wconf 84' lang='lat' dir='ltr'><strong>lcthaliter,</strong></span> <span class='ocrx_word' id='word_1_434' title='bbox 2807 3020 2965 3074; x_wconf 88' lang='lat' dir='ltr'><strong>quam</strong></span> <span class='ocrx_word' id='word_1_435' title='bbox 3039 3002 3316 3071; x_wconf 86' lang='lat' dir='ltr'><strong>prodendo</strong></span> <span class='ocrx_word' id='word_1_436' title='bbox 3385 2999 3774 3056; x_wconf 85' lang='lat' dir='ltr'><strong>medicinalitcr</strong></span> 
     </span>
    </p>
   </div>
   <div class='ocr_carea' id='block_1_60' title="bbox 2183 3095 3772 3155">
    <p class='ocr_par' dir='ltr' id='par_1_60' title="bbox 2183 3095 3772 3155">
     <span class='ocr_line' id='line_1_60' title="bbox 2183 3095 3772 3155; baseline -0.008 -1"><span class='ocrx_word' id='word_1_437' title='bbox 2183 3116 2375 3155; x_wconf 82' lang='lat' dir='ltr'><strong>sanare</strong></span> <span class='ocrx_word' id='word_1_438' title='bbox 2401 3099 2726 3154; x_wconf 81' lang='lat' dir='ltr'><strong>contendant</strong></span> <span class='ocrx_word' id='word_1_439' title='bbox 2753 3096 2778 3148; x_wconf 70' lang='grc'><strong>9</strong></span> <span class='ocrx_word' id='word_1_440' title='bbox 2808 3096 2945 3150; x_wconf 76' lang='lat' dir='ltr'><strong>Nihil</strong></span> <span class='ocrx_word' id='word_1_441' title='bbox 2973 3095 3116 3150; x_wconf 87' lang='lat' dir='ltr'><strong>enim</strong></span> <span class='ocrx_word' id='word_1_442' title='bbox 3148 3095 3302 3148; x_wconf 90' lang='lat' dir='ltr'><strong>nobis</strong></span> <span class='ocrx_word' id='word_1_443' title='bbox 3327 3107 3614 3148; x_wconf 89' lang='lat' dir='ltr'><strong>commune</strong></span> <span class='ocrx_word' id='word_1_444' title='bbox 3649 3105 3772 3146; x_wconf 92' lang='lat' dir='ltr'><strong>cum</strong></span> 
     </span>
    </p>
   </div>
   <div class='ocr_carea' id='block_1_61' title="bbox 509 3180 2085 3257">
    <p class='ocr_par' dir='ltr' id='par_1_61' title="bbox 509 3190 2082 3257">
     <span class='ocr_line' id='line_1_61' title="bbox 509 3190 2082 3257; baseline 0.005 -13"><span class='ocrx_word' id='word_1_445' title='bbox 509 3190 800 3246; x_wconf 87' lang='lat' dir='ltr'><strong>venerabili</strong></span> <span class='ocrx_word' id='word_1_446' title='bbox 830 3191 969 3246; x_wconf 90' lang='lat' dir='ltr'><strong>dicta</strong></span> <span class='ocrx_word' id='word_1_447' title='bbox 999 3203 1141 3257; x_wconf 86' lang='lat' dir='ltr'><strong>sunt,</strong></span> <span class='ocrx_word' id='word_1_448' title='bbox 1171 3203 1227 3247; x_wconf 87' lang='lat' dir='ltr'><strong>et</strong></span> <span class='ocrx_word' id='word_1_449' title='bbox 1251 3195 1302 3248; x_wconf 90' lang='lat' dir='ltr'><strong>in</strong></span> <span class='ocrx_word' id='word_1_450' title='bbox 1332 3195 1554 3250; x_wconf 75' lang='lat' dir='ltr'><strong>Joannis</strong></span> <span class='ocrx_word' id='word_1_451' title='bbox 1580 3195 1926 3253; x_wconf 80' lang='lat' dir='ltr'><strong>Alexandrini</strong></span> <span class='ocrx_word' id='word_1_452' title='bbox 1952 3214 2082 3254; x_wconf 90' lang='lat' dir='ltr'><strong>con-</strong></span> 
     </span>
    </p>
   </div>
   <div class='ocr_carea' id='block_1_62' title="bbox 2186 3180 3769 3257">
    <p class='ocr_par' dir='ltr' id='par_1_62' title="bbox 2186 3180 3769 3243">
     <span class='ocr_line' id='line_1_62' title="bbox 2186 3180 3769 3243; baseline -0.007 0"><span class='ocrx_word' id='word_1_453' title='bbox 2186 3189 2497 3243; x_wconf 86' lang='lat' dir='ltr'><strong>bomiuibus</strong></span> <span class='ocrx_word' id='word_1_454' title='bbox 2537 3184 2928 3242; x_wconf 69' lang='lat' dir='ltr'><strong>communionis</strong></span> <span class='ocrx_word' id='word_1_455' title='bbox 2975 3195 3234 3238; x_wconf 68' lang='lat' dir='ltr'><strong>externae.</strong></span> <span class='ocrx_word' id='word_1_456' title='bbox 3285 3180 3409 3236; x_wconf 87' lang='lat' dir='ltr'><strong>ideo</strong></span> <span class='ocrx_word' id='word_1_457' title='bbox 3451 3187 3677 3235; x_wconf 81' lang='lat' dir='ltr'><strong>vocatur</strong></span> <span class='ocrx_word' id='word_1_458' title='bbox 3703 3181 3769 3232; x_wconf 83' lang='lat' dir='ltr'><strong>ad</strong></span> 
     </span>
    </p>
   </div>
   <div class='ocr_carea' id='block_1_63' title="bbox 510 3279 2081 3352">
    <p class='ocr_par' dir='ltr' id='par_1_63' title="bbox 510 3279 2081 3352">
     <span class='ocr_line' id='line_1_63' title="bbox 510 3279 2081 3352; baseline 0.006 -20"><span class='ocrx_word' id='word_1_459' title='bbox 510 3279 726 3335; x_wconf 76' lang='lat' dir='ltr'><strong>veniunt</strong></span> <span class='ocrx_word' id='word_1_460' title='bbox 752 3290 897 3336; x_wconf 72' lang='lat' dir='ltr'><strong>ceita</strong></span> <span class='ocrx_word' id='word_1_461' title='bbox 926 3282 1130 3336; x_wconf 83' lang='lat' dir='ltr'><strong>ratione</strong></span> <span class='ocrx_word' id='word_1_462' title='bbox 1159 3299 1458 3351; x_wconf 89' lang='lat' dir='ltr'><strong>personam.</strong></span> <span class='ocrx_word' id='word_1_463' title='bbox 1489 3283 1622 3352; x_wconf 89' lang='lat' dir='ltr'><strong>lmo,</strong></span> <span class='ocrx_word' id='word_1_464' title='bbox 1644 3286 1691 3340; x_wconf 87' lang='lat' dir='ltr'><strong>si</strong></span> <span class='ocrx_word' id='word_1_465' title='bbox 1715 3301 1875 3342; x_wconf 85' lang='lat' dir='ltr'><strong>causa</strong></span> <span class='ocrx_word' id='word_1_466' title='bbox 1895 3288 2081 3342; x_wconf 86' lang='lat' dir='ltr'><strong>eadem</strong></span> 
     </span>
    </p>
   </div>
   <div class='ocr_carea' id='block_1_64' title="bbox 511 3369 2086 3450">
    <p class='ocr_par' dir='ltr' id='par_1_64' title="bbox 511 3369 2086 3450">
     <span class='ocr_line' id='line_1_64' title="bbox 511 3369 2086 3450; baseline 0.005 -26"><span class='ocrx_word' id='word_1_467' title='bbox 511 3369 672 3425; x_wconf 79' lang='lat' dir='ltr'><strong>latius</strong></span> <span class='ocrx_word' id='word_1_468' title='bbox 700 3371 1015 3440; x_wconf 88' lang='lat' dir='ltr'><strong>inquiratur,</strong></span> <span class='ocrx_word' id='word_1_469' title='bbox 1052 3382 1214 3428; x_wconf 63' lang='lat' dir='ltr'><strong>tanta</strong></span> <span class='ocrx_word' id='word_1_470' title='bbox 1246 3375 1354 3429; x_wconf 91' lang='lat' dir='ltr'><strong>illic</strong></span> <span class='ocrx_word' id='word_1_471' title='bbox 1408 3375 1699 3444; x_wconf 75' lang='lat' dir='ltr'><strong>tragmdim,</strong></span> <span class='ocrx_word' id='word_1_472' title='bbox 1749 3379 1880 3450; x_wconf 82' lang='lat' dir='ltr'><strong>tanti</strong></span> <span class='ocrx_word' id='word_1_473' title='bbox 1933 3394 2086 3447; x_wconf 82' lang='lat' dir='ltr'><strong>repe-</strong></span> 
     </span>
    </p>
   </div>
   <div class='ocr_carea' id='block_1_65' title="bbox 511 3458 2085 3534">
    <p class='ocr_par' dir='ltr' id='par_1_65' title="bbox 511 3458 2085 3534">
     <span class='ocr_line' id='line_1_65' title="bbox 511 3458 2085 3534; baseline 0.006 -22"><span class='ocrx_word' id='word_1_474' title='bbox 511 3458 724 3513; x_wconf 83' lang='lat' dir='ltr'><strong>riuntur</strong></span> <span class='ocrx_word' id='word_1_475' title='bbox 747 3473 982 3522; x_wconf 86' lang='lat' dir='ltr'><strong>errores,</strong></span> <span class='ocrx_word' id='word_1_476' title='bbox 1024 3469 1079 3515; x_wconf 91' lang='lat' dir='ltr'><strong>ut</strong></span> <span class='ocrx_word' id='word_1_477' title='bbox 1130 3462 1176 3515; x_wconf 85' lang='lat' dir='ltr'><strong>si</strong></span> <span class='ocrx_word' id='word_1_478' title='bbox 1225 3462 1324 3529; x_wconf 90' lang='lat' dir='ltr'><strong>ipsi</strong></span> <span class='ocrx_word' id='word_1_479' title='bbox 1353 3463 1458 3516; x_wconf 89' lang='lat' dir='ltr'><strong>sint</strong></span> <span class='ocrx_word' id='word_1_480' title='bbox 1505 3465 1718 3530; x_wconf 88' lang='lat' dir='ltr'><strong>judices</strong></span> <span class='ocrx_word' id='word_1_481' title='bbox 1765 3468 1854 3534; x_wconf 91' lang='lat' dir='ltr'><strong>qui</strong></span> <span class='ocrx_word' id='word_1_482' title='bbox 1898 3469 2085 3522; x_wconf 78' lang='lat' dir='ltr'><strong>eadem</strong></span> 
     </span>
    </p>
   </div>
   <div class='ocr_carea' id='block_1_66' title="bbox 514 3551 2087 3623">
    <p class='ocr_par' dir='ltr' id='par_1_66' title="bbox 514 3551 2087 3623">
     <span class='ocr_line' id='line_1_66' title="bbox 514 3551 2087 3623; baseline 0.01 -24"><span class='ocrx_word' id='word_1_483' title='bbox 514 3556 906 3617; x_wconf 87' lang='lat' dir='ltr'><strong>perpetrarunt,</strong></span> <span class='ocrx_word' id='word_1_484' title='bbox 936 3564 1054 3605; x_wconf 88' lang='lat' dir='ltr'><strong>cum</strong></span> <span class='ocrx_word' id='word_1_485' title='bbox 1077 3551 1351 3606; x_wconf 82' lang='lat' dir='ltr'><strong>evidenter</strong></span> <span class='ocrx_word' id='word_1_486' title='bbox 1395 3554 1592 3610; x_wconf 81' lang='lat' dir='ltr'><strong>fin-rint</strong></span> <span class='ocrx_word' id='word_1_487' title='bbox 1633 3557 1913 3623; x_wconf 81' lang='lat' dir='ltr'><strong>confutati,</strong></span> <span class='ocrx_word' id='word_1_488' title='bbox 1944 3573 1973 3612; x_wconf 88' lang='lat' dir='ltr'><strong>a</strong></span> <span class='ocrx_word' id='word_1_489' title='bbox 2001 3559 2087 3614; x_wconf 86' lang='lat' dir='ltr'><strong>sui</strong></span> 
     </span>
    </p>
   </div>
   <div class='ocr_carea' id='block_1_67' title="bbox 511 3637 2088 3713">
    <p class='ocr_par' dir='ltr' id='par_1_67' title="bbox 511 3637 2088 3713">
     <span class='ocr_line' id='line_1_67' title="bbox 511 3637 2088 3713; baseline 0.007 -22"><span class='ocrx_word' id='word_1_490' title='bbox 511 3637 854 3692; x_wconf 86' lang='lat' dir='ltr'><strong>damnatione</strong></span> <span class='ocrx_word' id='word_1_491' title='bbox 884 3653 987 3693; x_wconf 87' lang='lat' dir='ltr'><strong>non</strong></span> <span class='ocrx_word' id='word_1_492' title='bbox 1027 3651 1342 3709; x_wconf 85' lang='lat' dir='ltr'><strong>temperent.</strong></span> <span class='ocrx_word' id='word_1_493' title='bbox 1407 3644 1584 3697; x_wconf 81' lang='lat' dir='ltr'><strong>Palam</strong></span> <span class='ocrx_word' id='word_1_494' title='bbox 1611 3647 1753 3701; x_wconf 88' lang='lat' dir='ltr'><strong>enim</strong></span> <span class='ocrx_word' id='word_1_495' title='bbox 1787 3647 1891 3701; x_wconf 89' lang='lat' dir='ltr'><strong>illic</strong></span> <span class='ocrx_word' id='word_1_496' title='bbox 1935 3664 2088 3713; x_wconf 85' lang='lat' dir='ltr'><strong>aper-</strong></span> 
     </span>
    </p>
   </div>
   <div class='ocr_carea' id='block_1_68' title="bbox 515 3731 2086 3804">
    <p class='ocr_par' dir='ltr' id='par_1_68' title="bbox 515 3731 2086 3804">
     <span class='ocr_line' id='line_1_68' title="bbox 515 3731 2086 3804; baseline 0.007 -22"><span class='ocrx_word' id='word_1_497' title='bbox 515 3737 672 3796; x_wconf 86' lang='lat' dir='ltr'><strong>teque</strong></span> <span class='ocrx_word' id='word_1_498' title='bbox 700 3737 1040 3794; x_wconf 81' lang='lat' dir='ltr'><strong>munstratur,</strong></span> <span class='ocrx_word' id='word_1_499' title='bbox 1092 3731 1220 3785; x_wconf 86' lang='lat' dir='ltr'><strong>nihil</strong></span> <span class='ocrx_word' id='word_1_500' title='bbox 1269 3734 1409 3788; x_wconf 68' lang='lat' dir='ltr'><strong>aliud</strong></span> <span class='ocrx_word' id='word_1_501' title='bbox 1442 3750 1600 3803; x_wconf 88' lang='lat' dir='ltr'><strong>quam</strong></span> <span class='ocrx_word' id='word_1_502' title='bbox 1642 3740 1919 3804; x_wconf 70' lang='lat' dir='ltr'><strong>quaesitam</strong></span> <span class='ocrx_word' id='word_1_503' title='bbox 1963 3756 2086 3794; x_wconf 86' lang='lat' dir='ltr'><strong>can-</strong></span> 
     </span>
    </p>
   </div>
   <div class='ocr_carea' id='block_1_69' title="bbox 513 3818 2091 3898">
    <p class='ocr_par' dir='ltr' id='par_1_69' title="bbox 513 3818 2091 3898">
     <span class='ocr_line' id='line_1_69' title="bbox 513 3818 2091 3898; baseline 0.01 -28"><span class='ocrx_word' id='word_1_504' title='bbox 513 3830 650 3882; x_wconf 83' lang='lat' dir='ltr'><strong>sam,</strong></span> <span class='ocrx_word' id='word_1_505' title='bbox 680 3818 1149 3885; x_wconf 83' lang='lat' dir='ltr'><strong>quemadmodum,</strong></span> <span class='ocrx_word' id='word_1_506' title='bbox 1175 3822 1438 3878; x_wconf 83' lang='lat' dir='ltr'><strong>catho‘ico</strong></span> <span class='ocrx_word' id='word_1_507' title='bbox 1463 3827 1815 3898; x_wconf 52' lang='lat' dir='ltr'><strong>qualicunque.</strong></span> <span class='ocrx_word' id='word_1_508' title='bbox 1867 3830 2091 3894; x_wconf 85' lang='lat' dir='ltr'><strong>depulso</strong></span> 
     </span>
    </p>
   </div>
   <div class='ocr_carea' id='block_1_70' title="bbox 517 3908 2092 3976">
    <p class='ocr_par' dir='ltr' id='par_1_70' title="bbox 517 3908 2092 3976">
     <span class='ocr_line' id='line_1_70' title="bbox 517 3908 2092 3976; baseline 0.01 -17"><span class='ocrx_word' id='word_1_509' title='bbox 517 3908 790 3976; x_wconf 72' lang='lat' dir='ltr'><strong>pontiﬁce,</strong></span> <span class='ocrx_word' id='word_1_510' title='bbox 823 3908 1075 3962; x_wconf 59' lang='lat' dir='ltr'><strong>hatretii-o</strong></span> <span class='ocrx_word' id='word_1_511' title='bbox 1102 3912 1258 3965; x_wconf 86' lang='lat' dir='ltr'><strong>Petro</strong></span> <span class='ocrx_word' id='word_1_512' title='bbox 1284 3926 1611 3969; x_wconf 82' lang='lat' dir='ltr'><strong>reseraretur</strong></span> <span class='ocrx_word' id='word_1_513' title='bbox 1645 3933 1911 3972; x_wconf 85' lang='lat' dir='ltr'><strong>accessus.</strong></span> <span class='ocrx_word' id='word_1_514' title='bbox 1944 3920 2040 3972; x_wconf 83' lang='lat' dir='ltr'><strong>Tu:</strong></span> <span class='ocrx_word' id='word_1_515' title='bbox 2062 3936 2092 3974; x_wconf 93' lang='lat' dir='ltr'><strong>c</strong></span> 
     </span>
    </p>
   </div>
   <div class='ocr_carea' id='block_1_71' title="bbox 518 3996 2090 4075">
    <p class='ocr_par' dir='ltr' id='par_1_71' title="bbox 518 3996 2090 4075">
     <span class='ocr_line' id='line_1_71' title="bbox 518 3996 2090 4075; baseline 0.006 -24"><span class='ocrx_word' id='word_1_516' title='bbox 518 3996 660 4051; x_wconf 84' lang='lat' dir='ltr'><strong>istud</strong></span> <span class='ocrx_word' id='word_1_517' title='bbox 714 4013 874 4053; x_wconf 88' lang='lat' dir='ltr'><strong>nemo</strong></span> <span class='ocrx_word' id='word_1_518' title='bbox 917 3998 1258 4064; x_wconf 80' lang='lat' dir='ltr'><strong>discutiebat,</strong></span> <span class='ocrx_word' id='word_1_519' title='bbox 1304 4004 1565 4074; x_wconf 85' lang='lat' dir='ltr'><strong>synodum</strong></span> <span class='ocrx_word' id='word_1_520' title='bbox 1611 4020 1767 4060; x_wconf 89' lang='lat' dir='ltr'><strong>nemo</strong></span> <span class='ocrx_word' id='word_1_521' title='bbox 1820 4010 2014 4073; x_wconf 71' lang='lat' dir='ltr'><strong>posci-li</strong></span> <span class='ocrx_word' id='word_1_522' title='bbox 2053 4020 2090 4075; x_wconf 90' lang='lat' dir='ltr'><strong>t,</strong></span> 
     </span>
    </p>
   </div>
   <div class='ocr_carea' id='block_1_72' title="bbox 518 4089 2090 4166">
    <p class='ocr_par' dir='ltr' id='par_1_72' title="bbox 518 4089 2090 4166">
     <span class='ocr_line' id='line_1_72' title="bbox 518 4089 2090 4166; baseline 0.008 -27"><span class='ocrx_word' id='word_1_523' title='bbox 518 4089 713 4159; x_wconf 82' lang='lat' dir='ltr'><strong>passim</strong></span> <span class='ocrx_word' id='word_1_524' title='bbox 735 4090 910 4144; x_wconf 86' lang='lat' dir='ltr'><strong>omnia</strong></span> <span class='ocrx_word' id='word_1_525' title='bbox 943 4091 1089 4145; x_wconf 89' lang='lat' dir='ltr'><strong>licito</strong></span> <span class='ocrx_word' id='word_1_526' title='bbox 1111 4093 1226 4146; x_wconf 84' lang='lat' dir='ltr'><strong>ﬁeri</strong></span> <span class='ocrx_word' id='word_1_527' title='bbox 1253 4110 1281 4144; x_wconf 89' lang='lat' dir='ltr'><strong>a</strong></span> <span class='ocrx_word' id='word_1_528' title='bbox 1308 4095 1711 4166; x_wconf 77' lang='lat' dir='ltr'><strong>quibo-cunque</strong></span> <span class='ocrx_word' id='word_1_529' title='bbox 1740 4098 2053 4154; x_wconf 78' lang='lat' dir='ltr'><strong>videbantur</strong></span> <span class='ocrx_word' id='word_1_530' title='bbox 2078 4120 2090 4152; x_wconf 88' lang='lat'><strong>:</strong></span> 
     </span>
    </p>
   </div>
   <div class='ocr_carea' id='block_1_73' title="bbox 518 4178 2092 4258">
    <p class='ocr_par' dir='ltr' id='par_1_73' title="bbox 518 4178 2092 4258">
     <span class='ocr_line' id='line_1_73' title="bbox 518 4178 2092 4258; baseline 0.008 -26"><span class='ocrx_word' id='word_1_531' title='bbox 518 4178 721 4233; x_wconf 78' lang='lat' dir='ltr'><strong>nullum</strong></span> <span class='ocrx_word' id='word_1_532' title='bbox 762 4179 1049 4236; x_wconf 87' lang='lat' dir='ltr'><strong>discrimen</strong></span> <span class='ocrx_word' id='word_1_533' title='bbox 1080 4199 1277 4246; x_wconf 87' lang='lat' dir='ltr'><strong>rerum,</strong></span> <span class='ocrx_word' id='word_1_534' title='bbox 1305 4186 1446 4240; x_wconf 88' lang='lat' dir='ltr'><strong>nulla</strong></span> <span class='ocrx_word' id='word_1_535' title='bbox 1484 4189 1812 4244; x_wconf 80' lang='lat' dir='ltr'><strong>examinatio</strong></span> <span class='ocrx_word' id='word_1_536' title='bbox 1861 4193 2092 4258; x_wconf 84' lang='lat' dir='ltr'><strong>postula-</strong></span> 
     </span>
    </p>
   </div>
   <div class='ocr_carea' id='block_1_74' title="bbox 517 4271 2093 4348">
    <p class='ocr_par' dir='ltr' id='par_1_74' title="bbox 517 4271 2093 4348">
     <span class='ocr_line' id='line_1_74' title="bbox 517 4271 2093 4348; baseline 0.007 -22"><span class='ocrx_word' id='word_1_537' title='bbox 517 4271 673 4326; x_wconf 84' lang='lat' dir='ltr'><strong>batur</strong></span> <span class='ocrx_word' id='word_1_538' title='bbox 701 4271 982 4338; x_wconf 77' lang='lat' dir='ltr'><strong>Ecclesize;</strong></span> <span class='ocrx_word' id='word_1_539' title='bbox 1026 4273 1120 4328; x_wconf 88' lang='lat' dir='ltr'><strong>sed</strong></span> <span class='ocrx_word' id='word_1_540' title='bbox 1151 4285 1305 4340; x_wconf 87' lang='lat' dir='ltr'><strong>prout</strong></span> <span class='ocrx_word' id='word_1_541' title='bbox 1329 4276 1395 4329; x_wconf 89' lang='lat' dir='ltr'><strong>de</strong></span> <span class='ocrx_word' id='word_1_542' title='bbox 1430 4292 1747 4348; x_wconf 88' lang='lat' dir='ltr'><strong>unoquoque</strong></span> <span class='ocrx_word' id='word_1_543' title='bbox 1778 4283 2009 4336; x_wconf 82' lang='lat' dir='ltr'><strong>venisset</strong></span> <span class='ocrx_word' id='word_1_544' title='bbox 2042 4284 2093 4337; x_wconf 93' lang='lat' dir='ltr'><strong>in</strong></span> 
     </span>
    </p>
   </div>
   <div class='ocr_carea' id='block_1_75' title="bbox 429 4363 2094 4442">
    <p class='ocr_par' dir='ltr' id='par_1_75' title="bbox 429 4363 2094 4442">
     <span class='ocr_line' id='line_1_75' title="bbox 429 4363 2094 4442; baseline 0.009 -30"><span class='ocrx_word' id='word_1_545' title='bbox 429 4371 436 4376; x_wconf 78' lang='lat'><strong>‘</strong></span> <span class='ocrx_word' id='word_1_546' title='bbox 521 4371 774 4426; x_wconf 89' lang='lat' dir='ltr'><strong>mentem,</strong></span> <span class='ocrx_word' id='word_1_547' title='bbox 813 4363 882 4418; x_wconf 90' lang='lat' dir='ltr'><strong>de</strong></span> <span class='ocrx_word' id='word_1_548' title='bbox 923 4364 1035 4417; x_wconf 84' lang='lat' dir='ltr'><strong>suis</strong></span> <span class='ocrx_word' id='word_1_549' title='bbox 1063 4366 1282 4419; x_wconf 87' lang='lat' dir='ltr'><strong>urbibus</strong></span> <span class='ocrx_word' id='word_1_550' title='bbox 1311 4367 1606 4424; x_wconf 87' lang='lat' dir='ltr'><strong>catholicus</strong></span> <span class='ocrx_word' id='word_1_551' title='bbox 1657 4371 1949 4438; x_wconf 82' lang='lat' dir='ltr'><strong>pellebatur</strong></span> <span class='ocrx_word' id='word_1_552' title='bbox 1983 4375 2094 4442; x_wconf 86' lang='lat' dir='ltr'><strong>epi-</strong></span> 
     </span>
    </p>
   </div>
   <div class='ocr_carea' id='block_1_76' title="bbox 523 4455 2094 4523">
    <p class='ocr_par' dir='ltr' id='par_1_76' title="bbox 523 4455 2094 4523">
     <span class='ocr_line' id='line_1_76' title="bbox 523 4455 2094 4523; baseline 0.008 -17"><span class='ocrx_word' id='word_1_553' title='bbox 523 4467 738 4519; x_wconf 87' lang='lat' dir='ltr'><strong>scopus,</strong></span> <span class='ocrx_word' id='word_1_554' title='bbox 777 4467 882 4508; x_wconf 91' lang='lat' dir='ltr'><strong>non</strong></span> <span class='ocrx_word' id='word_1_555' title='bbox 915 4455 1086 4508; x_wconf 89' lang='lat' dir='ltr'><strong>solum</strong></span> <span class='ocrx_word' id='word_1_556' title='bbox 1131 4459 1588 4523; x_wconf 76' lang='lat' dir='ltr'><strong>metrooolitanus,</strong></span> <span class='ocrx_word' id='word_1_557' title='bbox 1615 4462 1708 4515; x_wconf 85' lang='lat' dir='ltr'><strong>sed</strong></span> <span class='ocrx_word' id='word_1_558' title='bbox 1736 4465 1896 4516; x_wconf 88' lang='lat' dir='ltr'><strong>etiam</strong></span> <span class='ocrx_word' id='word_1_559' title='bbox 1926 4466 2094 4519; x_wconf 67' lang='lat' dir='ltr'><strong>tertiae</strong></span> 
     </span>
    </p>
   </div>
   <div class='ocr_carea' id='block_1_77' title="bbox 2184 3270 3772 3350">
    <p class='ocr_par' dir='ltr' id='par_1_77' title="bbox 2184 3270 3772 3350">
     <span class='ocr_line' id='line_1_77' title="bbox 2184 3270 3772 3350; baseline -0.008 -18"><span class='ocrx_word' id='word_1_560' title='bbox 2184 3280 2441 3350; x_wconf 85' lang='lat' dir='ltr'><strong>judicium</strong></span> <span class='ocrx_word' id='word_1_561' title='bbox 2469 3287 2618 3333; x_wconf 88' lang='lat' dir='ltr'><strong>certe</strong></span> <span class='ocrx_word' id='word_1_562' title='bbox 2644 3289 2979 3347; x_wconf 53' lang='lat' dir='ltr'><strong>quascunque</strong></span> <span class='ocrx_word' id='word_1_563' title='bbox 3027 3287 3277 3343; x_wconf 84' lang='lat' dir='ltr'><strong>persona,</strong></span> <span class='ocrx_word' id='word_1_564' title='bbox 3328 3281 3387 3328; x_wconf 89' lang='lat' dir='ltr'><strong>ttt</strong></span> <span class='ocrx_word' id='word_1_565' title='bbox 3412 3282 3506 3324; x_wconf 88' lang='lat' dir='ltr'><strong>aut</strong></span> <span class='ocrx_word' id='word_1_566' title='bbox 3543 3270 3772 3324; x_wconf 74' lang='lat' dir='ltr'><strong>fateatur</strong></span> 
     </span>
    </p>
   </div>
   <div class='ocr_carea' id='block_1_78' title="bbox 2189 3360 3772 3439">
    <p class='ocr_par' dir='ltr' id='par_1_78' title="bbox 2189 3360 3772 3439">
     <span class='ocr_line' id='line_1_78' title="bbox 2189 3360 3772 3439; baseline -0.007 -18"><span class='ocrx_word' id='word_1_567' title='bbox 2189 3371 2420 3439; x_wconf 81' lang='lat' dir='ltr'><strong>objecta,</strong></span> <span class='ocrx_word' id='word_1_568' title='bbox 2451 3375 2540 3421; x_wconf 87' lang='lat' dir='ltr'><strong>aut</strong></span> <span class='ocrx_word' id='word_1_569' title='bbox 2568 3367 2915 3420; x_wconf 69' lang='lat' dir='ltr'><strong>convincatur</strong></span> <span class='ocrx_word' id='word_1_570' title='bbox 2938 3363 3183 3434; x_wconf 84' lang='lat' dir='ltr'><strong>objectis.</strong></span> <span class='ocrx_word' id='word_1_571' title='bbox 3214 3360 3344 3415; x_wconf 88' lang='lat' dir='ltr'><strong>Post</strong></span> <span class='ocrx_word' id='word_1_572' title='bbox 3377 3361 3772 3414; x_wconf 73' lang='lat' dir='ltr'><strong>confessionem</strong></span> 
     </span>
    </p>
   </div>
   <div class='ocr_carea' id='block_1_79' title="bbox 2192 3448 3772 3528">
    <p class='ocr_par' dir='ltr' id='par_1_79' title="bbox 2192 3448 3772 3528">
     <span class='ocr_line' id='line_1_79' title="bbox 2192 3448 3772 3528; baseline -0.007 -19"><span class='ocrx_word' id='word_1_573' title='bbox 2192 3475 2351 3528; x_wconf 87' lang='lat' dir='ltr'><strong>porro</strong></span> <span class='ocrx_word' id='word_1_574' title='bbox 2377 3458 2672 3511; x_wconf 87' lang='lat' dir='ltr'><strong>litterarum</strong></span> <span class='ocrx_word' id='word_1_575' title='bbox 2721 3461 2907 3508; x_wconf 83' lang='lat' dir='ltr'><strong>tenore</strong></span> <span class='ocrx_word' id='word_1_576' title='bbox 2956 3453 3324 3521; x_wconf 85' lang='lat' dir='ltr'><strong>depromptam</strong></span> <span class='ocrx_word' id='word_1_577' title='bbox 3376 3464 3470 3504; x_wconf 89' lang='lat' dir='ltr'><strong>cur</strong></span> <span class='ocrx_word' id='word_1_578' title='bbox 3514 3449 3580 3502; x_wconf 90' lang='lat' dir='ltr'><strong>ad</strong></span> <span class='ocrx_word' id='word_1_579' title='bbox 3629 3448 3772 3514; x_wconf 83' lang='lat' dir='ltr'><strong>judi-</strong></span> 
     </span>
    </p>
   </div>
   <div class='ocr_carea' id='block_1_80' title="bbox 2190 3541 3771 3614">
    <p class='ocr_par' dir='ltr' id='par_1_80' title="bbox 2190 3541 3771 3614">
     <span class='ocr_line' id='line_1_80' title="bbox 2190 3541 3771 3614; baseline -0.007 -10"><span class='ocrx_word' id='word_1_580' title='bbox 2190 3554 2330 3604; x_wconf 88' lang='lat' dir='ltr'><strong>cium</strong></span> <span class='ocrx_word' id='word_1_581' title='bbox 2362 3559 2644 3603; x_wconf 79' lang='lat' dir='ltr'><strong>vocaretur</strong></span> <span class='ocrx_word' id='word_1_582' title='bbox 2671 3546 2921 3608; x_wconf 79' lang='lat' dir='ltr'><strong>Aeacius,</strong></span> <span class='ocrx_word' id='word_1_583' title='bbox 2945 3545 3033 3614; x_wconf 87' lang='lat' dir='ltr'><strong>qui</strong></span> <span class='ocrx_word' id='word_1_584' title='bbox 3070 3557 3129 3599; x_wconf 86' lang='lat' dir='ltr'><strong>se</strong></span> <span class='ocrx_word' id='word_1_585' title='bbox 3181 3543 3461 3598; x_wconf 69' lang='lat' dir='ltr'><strong>confessus</strong></span> <span class='ocrx_word' id='word_1_586' title='bbox 3489 3552 3564 3595; x_wconf 81' lang='lat' dir='ltr'><strong>est</strong></span> <span class='ocrx_word' id='word_1_587' title='bbox 3593 3541 3771 3599; x_wconf 69' lang='lat' dir='ltr'><strong>Petro,</strong></span> 
     </span>
    </p>
   </div>
   <div class='ocr_carea' id='block_1_81' title="bbox 2191 3636 3772 3710">
    <p class='ocr_par' dir='ltr' id='par_1_81' title="bbox 2191 3636 3772 3710">
     <span class='ocr_line' id='line_1_81' title="bbox 2191 3636 3772 3710; baseline -0.006 -17"><span class='ocrx_word' id='word_1_588' title='bbox 2191 3657 2348 3708; x_wconf 78' lang='lat' dir='ltr'><strong>quem</strong></span> <span class='ocrx_word' id='word_1_589' title='bbox 2380 3643 2542 3710; x_wconf 83' lang='lat' dir='ltr'><strong>petita</strong></span> <span class='ocrx_word' id='word_1_590' title='bbox 2571 3641 2711 3694; x_wconf 87' lang='lat' dir='ltr'><strong>sedis</strong></span> <span class='ocrx_word' id='word_1_591' title='bbox 2736 3639 3047 3707; x_wconf 67' lang='lat' dir='ltr'><strong>apostolicae</strong></span> <span class='ocrx_word' id='word_1_592' title='bbox 3083 3637 3441 3706; x_wconf 68' lang='lat' dir='ltr'><strong>pratecptionc</strong></span> <span class='ocrx_word' id='word_1_593' title='bbox 3470 3636 3772 3698; x_wconf 81' lang='lat' dir='ltr'><strong>damnarat,</strong></span> 
     </span>
    </p>
   </div>
   <div class='ocr_carea' id='block_1_82' title="bbox 2192 3727 3778 3794">
    <p class='ocr_par' dir='ltr' id='par_1_82' title="bbox 2192 3727 3778 3794">
     <span class='ocr_line' id='line_1_82' title="bbox 2192 3727 3778 3794; baseline -0.003 -10"><span class='ocrx_word' id='word_1_594' title='bbox 2192 3733 2566 3786; x_wconf 81' lang='lat' dir='ltr'><strong>t-ommunione</strong></span> <span class='ocrx_word' id='word_1_595' title='bbox 2619 3729 2891 3785; x_wconf 77' lang='lat' dir='ltr'><strong>sociasse:</strong></span> <span class='ocrx_word' id='word_1_596' title='bbox 2943 3744 3042 3784; x_wconf 89' lang='lat' dir='ltr'><strong>nec</strong></span> <span class='ocrx_word' id='word_1_597' title='bbox 3086 3727 3136 3782; x_wconf 91' lang='lat' dir='ltr'><strong>ei</strong></span> <span class='ocrx_word' id='word_1_598' title='bbox 3183 3727 3330 3784; x_wconf 79' lang='lat' dir='ltr'><strong>credi</strong></span> <span class='ocrx_word' id='word_1_599' title='bbox 3371 3727 3479 3794; x_wconf 87' lang='lat' dir='ltr'><strong>jam</strong></span> <span class='ocrx_word' id='word_1_600' title='bbox 3538 3739 3778 3781; x_wconf 76' lang='lat' dir='ltr'><strong>extorum</strong></span> 
     </span>
    </p>
   </div>
   <div class='ocr_carea' id='block_1_83' title="bbox 2192 3818 3774 3890">
    <p class='ocr_par' dir='ltr' id='par_1_83' title="bbox 2192 3818 3774 3890">
     <span class='ocr_line' id='line_1_83' title="bbox 2192 3818 3774 3890; baseline -0.004 -14"><span class='ocrx_word' id='word_1_601' title='bbox 2192 3823 2582 3877; x_wconf 86' lang='lat' dir='ltr'><strong>communionis</strong></span> <span class='ocrx_word' id='word_1_602' title='bbox 2606 3821 2818 3881; x_wconf 85' lang='lat' dir='ltr'><strong>eil&#39;ecto.</strong></span> <span class='ocrx_word' id='word_1_603' title='bbox 2862 3819 2948 3874; x_wconf 80' lang='lat' dir='ltr'><strong>vel</strong></span> <span class='ocrx_word' id='word_1_604' title='bbox 2969 3835 3068 3890; x_wconf 89' lang='lat' dir='ltr'><strong>pro</strong></span> <span class='ocrx_word' id='word_1_605' title='bbox 3095 3835 3226 3885; x_wconf 75' lang='lat' dir='ltr'><strong>sua,</strong></span> <span class='ocrx_word' id='word_1_606' title='bbox 3270 3820 3352 3875; x_wconf 90' lang='lat' dir='ltr'><strong>vel</strong></span> <span class='ocrx_word' id='word_1_607' title='bbox 3389 3833 3483 3886; x_wconf 86' lang='lat' dir='ltr'><strong>pro</strong></span> <span class='ocrx_word' id='word_1_608' title='bbox 3535 3818 3774 3879; x_wconf 86' lang='lat' dir='ltr'><strong>illorum,</strong></span> 
     </span>
    </p>
   </div>
   <div class='ocr_carea' id='block_1_84' title="bbox 2196 3911 3777 3979">
    <p class='ocr_par' dir='ltr' id='par_1_84' title="bbox 2196 3911 3777 3979">
     <span class='ocr_line' id='line_1_84' title="bbox 2196 3911 3777 3979; baseline -0.001 -14"><span class='ocrx_word' id='word_1_609' title='bbox 2196 3915 2275 3966; x_wconf 76' lang='lat' dir='ltr'><strong>\’t‘|</strong></span> <span class='ocrx_word' id='word_1_610' title='bbox 2315 3929 2408 3979; x_wconf 89' lang='lat' dir='ltr'><strong>pro</strong></span> <span class='ocrx_word' id='word_1_611' title='bbox 2460 3914 2602 3966; x_wconf 76' lang='lat' dir='ltr'><strong>Petri</strong></span> <span class='ocrx_word' id='word_1_612' title='bbox 2663 3912 2976 3967; x_wconf 78' lang='lat' dir='ltr'><strong>defensioue</strong></span> <span class='ocrx_word' id='word_1_613' title='bbox 3009 3914 3116 3979; x_wconf 85' lang='lat' dir='ltr'><strong>jam</strong></span> <span class='ocrx_word' id='word_1_614' title='bbox 3173 3921 3372 3979; x_wconf 84' lang='lat' dir='ltr'><strong>posset.</strong></span> <span class='ocrx_word' id='word_1_615' title='bbox 3404 3911 3488 3966; x_wconf 87' lang='lat' dir='ltr'><strong>cui</strong></span> <span class='ocrx_word' id='word_1_616' title='bbox 3517 3925 3576 3964; x_wconf 87' lang='lat' dir='ltr'><strong>se</strong></span> <span class='ocrx_word' id='word_1_617' title='bbox 3629 3911 3777 3978; x_wconf 78' lang='lat' dir='ltr'><strong>prius</strong></span> 
     </span>
    </p>
   </div>
   <div class='ocr_carea' id='block_1_85' title="bbox 2200 4004 3779 4068">
    <p class='ocr_par' dir='ltr' id='par_1_85' title="bbox 2200 4004 3779 4068">
     <span class='ocr_line' id='line_1_85' title="bbox 2200 4004 3779 4068; baseline -0.006 -8"><span class='ocrx_word' id='word_1_618' title='bbox 2200 4005 2486 4060; x_wconf 71' lang='lat' dir='ltr'><strong>miscuerat</strong></span> <span class='ocrx_word' id='word_1_619' title='bbox 2515 4004 2744 4058; x_wconf 74' lang='lat' dir='ltr'><strong>nefando</strong></span> <span class='ocrx_word' id='word_1_620' title='bbox 2764 4004 3066 4064; x_wconf 80' lang='lat' dir='ltr'><strong>consortio.</strong></span> <span class='ocrx_word' id='word_1_621' title='bbox 3091 4004 3393 4063; x_wconf 69' lang='lat' dir='ltr'><strong>ieceratque</strong></span> <span class='ocrx_word' id='word_1_622' title='bbox 3417 4018 3476 4056; x_wconf 86' lang='lat' dir='ltr'><strong>se</strong></span> <span class='ocrx_word' id='word_1_623' title='bbox 3503 4017 3626 4056; x_wconf 90' lang='lat' dir='ltr'><strong>cum</strong></span> <span class='ocrx_word' id='word_1_624' title='bbox 3659 4005 3779 4068; x_wconf 74' lang='lat' dir='ltr'><strong>ejus</strong></span> 
     </span>
    </p>
   </div>
   <div class='ocr_carea' id='block_1_86' title="bbox 2196 4092 3780 4151">
    <p class='ocr_par' dir='ltr' id='par_1_86' title="bbox 2196 4092 3780 4151">
     <span class='ocr_line' id='line_1_86' title="bbox 2196 4092 3780 4151; baseline -0.004 0"><span class='ocrx_word' id='word_1_625' title='bbox 2196 4112 2353 4151; x_wconf 79' lang='lat' dir='ltr'><strong>causa</strong></span> <span class='ocrx_word' id='word_1_626' title='bbox 2382 4097 2499 4150; x_wconf 87' lang='lat' dir='ltr'><strong>sine</strong></span> <span class='ocrx_word' id='word_1_627' title='bbox 2519 4093 2849 4148; x_wconf 85' lang='lat' dir='ltr'><strong>dubitatione</strong></span> <span class='ocrx_word' id='word_1_628' title='bbox 2875 4109 3217 4148; x_wconf 89' lang='lat' dir='ltr'><strong>communem</strong></span> <span class='ocrx_word' id='word_1_629' title='bbox 3240 4094 3262 4147; x_wconf 67' lang='grc' dir='ltr'><strong><em>τ</em></strong></span> <span class='ocrx_word' id='word_1_630' title='bbox 3314 4093 3353 4124; x_wconf 87' lang='grc'><strong>¹⁹</strong></span> <span class='ocrx_word' id='word_1_631' title='bbox 3379 4092 3474 4147; x_wconf 88' lang='lat' dir='ltr'><strong>Cui</strong></span> <span class='ocrx_word' id='word_1_632' title='bbox 3502 4097 3780 4147; x_wconf 67' lang='lat' dir='ltr'><strong>examina-</strong></span> 
     </span>
    </p>
   </div>
   <div class='ocr_carea' id='block_1_87' title="bbox 2199 4185 3781 4256">
    <p class='ocr_par' dir='ltr' id='par_1_87' title="bbox 2199 4185 3781 4256">
     <span class='ocr_line' id='line_1_87' title="bbox 2199 4185 3781 4256; baseline 0.001 -17"><span class='ocrx_word' id='word_1_633' title='bbox 2199 4189 2342 4241; x_wconf 87' lang='lat' dir='ltr'><strong>t&#39;one</strong></span> <span class='ocrx_word' id='word_1_634' title='bbox 2370 4189 2665 4256; x_wconf 75' lang='lat' dir='ltr'><strong>prtemissa,</strong></span> <span class='ocrx_word' id='word_1_635' title='bbox 2689 4195 2743 4240; x_wconf 89' lang='lat' dir='ltr'><strong>et</strong></span> <span class='ocrx_word' id='word_1_636' title='bbox 2770 4185 3002 4253; x_wconf 77' lang='lat' dir='ltr'><strong>legitima</strong></span> <span class='ocrx_word' id='word_1_637' title='bbox 3052 4185 3095 4238; x_wconf 82' lang='lat' dir='ltr'><strong>si</strong></span> <span class='ocrx_word' id='word_1_638' title='bbox 3128 4185 3199 4238; x_wconf 87' lang='lat' dir='ltr'><strong>ita</strong></span> <span class='ocrx_word' id='word_1_639' title='bbox 3260 4193 3406 4239; x_wconf 83' lang='lat' dir='ltr'><strong>esset</strong></span> <span class='ocrx_word' id='word_1_640' title='bbox 3455 4185 3781 4253; x_wconf 78' lang='lat' dir='ltr'><strong>purgatione</strong></span> 
     </span>
    </p>
   </div>
   <div class='ocr_carea' id='block_1_88' title="bbox 2197 4277 3780 4350">
    <p class='ocr_par' dir='ltr' id='par_1_88' title="bbox 2197 4277 3780 4350">
     <span class='ocr_line' id='line_1_88' title="bbox 2197 4277 3780 4350; baseline -0.001 -17"><span class='ocrx_word' id='word_1_641' title='bbox 2197 4287 2470 4350; x_wconf 88' lang='lat' dir='ltr'><strong>suscepto,</strong></span> <span class='ocrx_word' id='word_1_642' title='bbox 2524 4279 2842 4348; x_wconf 72' lang='lat' dir='ltr'><strong>regulariter</strong></span> <span class='ocrx_word' id='word_1_643' title='bbox 2890 4278 3229 4333; x_wconf 83' lang='lat' dir='ltr'><strong>misceretur.</strong></span> <span class='ocrx_word' id='word_1_644' title='bbox 3277 4277 3384 4333; x_wconf 88' lang='lat' dir='ltr'><strong>Sed</strong></span> <span class='ocrx_word' id='word_1_645' title='bbox 3413 4293 3533 4331; x_wconf 87' lang='lat' dir='ltr'><strong>cum</strong></span> <span class='ocrx_word' id='word_1_646' title='bbox 3587 4278 3780 4332; x_wconf 85' lang='lat' dir='ltr'><strong>eodem</strong></span> 
     </span>
    </p>
   </div>
   <div class='ocr_carea' id='block_1_89' title="bbox 2199 4367 3783 4440">
    <p class='ocr_par' dir='ltr' id='par_1_89' title="bbox 2199 4367 3783 4440">
     <span class='ocr_line' id='line_1_89' title="bbox 2199 4367 3783 4440; baseline -0.003 -14"><span class='ocrx_word' id='word_1_647' title='bbox 2199 4373 2430 4426; x_wconf 85' lang='lat' dir='ltr'><strong>nondum</strong></span> <span class='ocrx_word' id='word_1_648' title='bbox 2491 4370 2727 4440; x_wconf 84' lang='lat' dir='ltr'><strong>legitime</strong></span> <span class='ocrx_word' id='word_1_649' title='bbox 2765 4367 3010 4422; x_wconf 87' lang='lat' dir='ltr'><strong>discusso</strong></span> <span class='ocrx_word' id='word_1_650' title='bbox 3061 4379 3222 4437; x_wconf 80' lang='lat' dir='ltr'><strong>atque</strong></span> <span class='ocrx_word' id='word_1_651' title='bbox 3267 4379 3492 4438; x_wconf 87' lang='lat' dir='ltr'><strong>purgato</strong></span> <span class='ocrx_word' id='word_1_652' title='bbox 3531 4381 3783 4421; x_wconf 77' lang='lat' dir='ltr'><strong>commu-</strong></span> 
     </span>
    </p>
   </div>
   <div class='ocr_carea' id='block_1_90' title="bbox 2200 4459 3784 4529">
    <p class='ocr_par' dir='ltr' id='par_1_90' title="bbox 2200 4459 3784 4529">
     <span class='ocr_line' id='line_1_90' title="bbox 2200 4459 3784 4529; baseline 0 -15"><span class='ocrx_word' id='word_1_653' title='bbox 2200 4464 2358 4516; x_wconf 84' lang='lat' dir='ltr'><strong>nione</strong></span> <span class='ocrx_word' id='word_1_654' title='bbox 2382 4461 2636 4529; x_wconf 85' lang='lat' dir='ltr'><strong>sociatus,</strong></span> <span class='ocrx_word' id='word_1_655' title='bbox 2669 4475 2828 4529; x_wconf 89' lang='lat' dir='ltr'><strong>quam</strong></span> <span class='ocrx_word' id='word_1_656' title='bbox 2858 4460 3031 4514; x_wconf 86' lang='lat' dir='ltr'><strong>adhuc</strong></span> <span class='ocrx_word' id='word_1_657' title='bbox 3054 4473 3148 4514; x_wconf 82' lang='lat' dir='ltr'><strong>reo</strong></span> <span class='ocrx_word' id='word_1_658' title='bbox 3175 4473 3236 4514; x_wconf 75' lang='lat' dir='ltr'><strong>se</strong></span> <span class='ocrx_word' id='word_1_659' title='bbox 3277 4459 3512 4522; x_wconf 85' lang='lat' dir='ltr'><strong>miscuit.</strong></span> <span class='ocrx_word' id='word_1_660' title='bbox 3549 4467 3660 4512; x_wconf 81' lang='lat' dir='ltr'><strong>tam</strong></span> <span class='ocrx_word' id='word_1_661' title='bbox 3684 4475 3784 4527; x_wconf 87' lang='lat' dir='ltr'><strong>pro</strong></span> 
     </span>
    </p>
   </div>
   <div class='ocr_carea' id='block_1_91' title="bbox 521 4543 3784 4618">
    <p class='ocr_par' dir='ltr' id='par_1_91' title="bbox 521 4543 3784 4618">
     <span class='ocr_line' id='line_1_91' title="bbox 521 4543 3784 4618; baseline 0.002 -21"><span class='ocrx_word' id='word_1_662' title='bbox 521 4552 574 4597; x_wconf 83' lang='lat' dir='ltr'><strong>et</strong></span> <span class='ocrx_word' id='word_1_663' title='bbox 607 4543 854 4598; x_wconf 76' lang='lat' dir='ltr'><strong>secundm</strong></span> <span class='ocrx_word' id='word_1_664' title='bbox 892 4545 1034 4599; x_wconf 84' lang='lat' dir='ltr'><strong>sedis</strong></span> <span class='ocrx_word' id='word_1_665' title='bbox 1063 4548 1283 4602; x_wconf 82' lang='lat' dir='ltr'><strong>antistes</strong></span> <span class='ocrx_word' id='word_1_666' title='bbox 1312 4548 1353 4602; x_wconf 76' lang='grc'><strong>⁸.</strong></span> <span class='ocrx_word' id='word_1_667' title='bbox 1388 4549 1444 4604; x_wconf 85' lang='lat' dir='ltr'><strong>in</strong></span> <span class='ocrx_word' id='word_1_668' title='bbox 1493 4553 1574 4605; x_wconf 85' lang='lat' dir='ltr'><strong>his</strong></span> <span class='ocrx_word' id='word_1_669' title='bbox 1594 4554 1736 4607; x_wconf 69' lang='lat' dir='ltr'><strong>nulla</strong></span> <span class='ocrx_word' id='word_1_670' title='bbox 1789 4569 1962 4609; x_wconf 85' lang='lat' dir='ltr'><strong>rerum</strong></span> <span class='ocrx_word' id='word_1_671' title='bbox 2007 4573 2095 4610; x_wconf 66' lang='grc' dir='ltr'><strong>γε·</strong></span> <span class='ocrx_word' id='word_1_672' title='bbox 2125 4550 2175 4609; x_wconf 88' lang='lat' dir='ltr'><strong>D</strong></span> <span class='ocrx_word' id='word_1_673' title='bbox 2199 4555 2385 4609; x_wconf 81' lang='lat' dir='ltr'><strong>eodem</strong></span> <span class='ocrx_word' id='word_1_674' title='bbox 2415 4571 2519 4607; x_wconf 89' lang='lat' dir='ltr'><strong>non</strong></span> <span class='ocrx_word' id='word_1_675' title='bbox 2549 4554 2731 4608; x_wconf 89' lang='lat' dir='ltr'><strong>habuit</strong></span> <span class='ocrx_word' id='word_1_676' title='bbox 2755 4551 3006 4618; x_wconf 89' lang='lat' dir='ltr'><strong>loquendi</strong></span> <span class='ocrx_word' id='word_1_677' title='bbox 3038 4551 3302 4605; x_wconf 84' lang='lat' dir='ltr'><strong>ﬁduciam.</strong></span> <span class='ocrx_word' id='word_1_678' title='bbox 3331 4550 3463 4605; x_wconf 84' lang='lat' dir='ltr'><strong>Nam</strong></span> <span class='ocrx_word' id='word_1_679' title='bbox 3493 4564 3618 4606; x_wconf 89' lang='lat' dir='ltr'><strong>cum</strong></span> <span class='ocrx_word' id='word_1_680' title='bbox 3645 4551 3784 4606; x_wconf 77' lang='lat' dir='ltr'><strong>Aca-</strong></span> 
     </span>
    </p>
   </div>
   <div class='ocr_carea' id='block_1_92' title="bbox 522 4635 2096 4715">
    <p class='ocr_par' dir='ltr' id='par_1_92' title="bbox 522 4635 2096 4715">
     <span class='ocr_line' id='line_1_92' title="bbox 522 4635 2096 4715; baseline 0.009 -27"><span class='ocrx_word' id='word_1_681' title='bbox 522 4635 740 4704; x_wconf 77' lang='lat' dir='ltr'><strong>stigatio</strong></span> <span class='ocrx_word' id='word_1_682' title='bbox 781 4638 1151 4704; x_wconf 64' lang='lat' dir='ltr'><strong>quarebatur,</strong></span> <span class='ocrx_word' id='word_1_683' title='bbox 1201 4641 1343 4695; x_wconf 86' lang='lat' dir='ltr'><strong>nulla</strong></span> <span class='ocrx_word' id='word_1_684' title='bbox 1395 4643 1632 4700; x_wconf 82' lang='lat' dir='ltr'><strong>iacienda</strong></span> <span class='ocrx_word' id='word_1_685' title='bbox 1669 4649 1892 4702; x_wconf 88' lang='lat' dir='ltr'><strong>concilia</strong></span> <span class='ocrx_word' id='word_1_686' title='bbox 1932 4649 2096 4715; x_wconf 81' lang='lat' dir='ltr'><strong>jacta-</strong></span> 
     </span>
    </p>
   </div>
   <div class='ocr_carea' id='block_1_93' title="bbox 528 4727 2095 4799">
    <p class='ocr_par' dir='ltr' id='par_1_93' title="bbox 528 4727 2095 4799">
     <span class='ocr_line' id='line_1_93' title="bbox 528 4727 2095 4799; baseline 0.009 -20"><span class='ocrx_word' id='word_1_687' title='bbox 528 4727 788 4781; x_wconf 70' lang='lat' dir='ltr'><strong>lmntur.‘</strong></span> <span class='ocrx_word' id='word_1_688' title='bbox 832 4727 1201 4796; x_wconf 79' lang='lat' dir='ltr'><strong>SuhrOgantur</strong></span> <span class='ocrx_word' id='word_1_689' title='bbox 1245 4731 1501 4799; x_wconf 76' lang='lat' dir='ltr'><strong>haeretici,</strong></span> <span class='ocrx_word' id='word_1_690' title='bbox 1557 4749 1713 4790; x_wconf 80' lang='lat' dir='ltr'><strong>nemo</strong></span> <span class='ocrx_word' id='word_1_691' title='bbox 1762 4729 2095 4793; x_wconf 67' lang='lat' dir='ltr'><strong>resultabat:</strong></span> 
     </span>
    </p>
   </div>
   <div class='ocr_carea' id='block_1_94' title="bbox 2199 4640 3780 4711">
    <p class='ocr_par' dir='ltr' id='par_1_94' title="bbox 2199 4640 3780 4711">
     <span class='ocr_line' id='line_1_94' title="bbox 2199 4640 3780 4711; baseline -0.003 -12"><span class='ocrx_word' id='word_1_692' title='bbox 2199 4647 2314 4699; x_wconf 80' lang='lat' dir='ltr'><strong>eius</strong></span> <span class='ocrx_word' id='word_1_693' title='bbox 2380 4645 2528 4699; x_wconf 78' lang='lat' dir='ltr'><strong>nullo</strong></span> <span class='ocrx_word' id='word_1_694' title='bbox 2601 4642 2883 4711; x_wconf 84' lang='lat' dir='ltr'><strong>privilegio</strong></span> <span class='ocrx_word' id='word_1_695' title='bbox 2932 4641 3204 4697; x_wconf 76' lang='lat' dir='ltr'><strong>fulciretur</strong></span> <span class='ocrx_word' id='word_1_696' title='bbox 3234 4683 3249 4706; x_wconf 87' lang='lat'><strong>,</strong></span> <span class='ocrx_word' id='word_1_697' title='bbox 3300 4651 3358 4696; x_wconf 87' lang='lat' dir='ltr'><strong>ttt</strong></span> <span class='ocrx_word' id='word_1_698' title='bbox 3421 4641 3491 4695; x_wconf 91' lang='lat' dir='ltr'><strong>de</strong></span> <span class='ocrx_word' id='word_1_699' title='bbox 3543 4640 3780 4696; x_wconf 86' lang='lat' dir='ltr'><strong>secunda</strong></span> 
     </span>
    </p>
   </div>
   <div class='ocr_carea' id='block_1_95' title="bbox 2201 4730 3784 4806">
    <p class='ocr_par' dir='ltr' id='par_1_95' title="bbox 2201 4730 3784 4806">
     <span class='ocr_line' id='line_1_95' title="bbox 2201 4730 3784 4806; baseline -0.006 -14"><span class='ocrx_word' id='word_1_700' title='bbox 2201 4735 2603 4806; x_wconf 73' lang='lat' dir='ltr'><strong>(Alexandrina)</strong></span> <span class='ocrx_word' id='word_1_701' title='bbox 2627 4735 2755 4790; x_wconf 89' lang='lat' dir='ltr'><strong>sede</strong></span> <span class='ocrx_word' id='word_1_702' title='bbox 2784 4741 2964 4803; x_wconf 87' lang='lat' dir='ltr'><strong>posset</strong></span> <span class='ocrx_word' id='word_1_703' title='bbox 2989 4730 3129 4788; x_wconf 85' lang='lat' dir='ltr'><strong>lcrre</strong></span> <span class='ocrx_word' id='word_1_704' title='bbox 3150 4733 3430 4801; x_wconf 88' lang='lat' dir='ltr'><strong>judicium,</strong></span> <span class='ocrx_word' id='word_1_705' title='bbox 3468 4732 3509 4763; x_wconf 84' lang='grc'>¹¹</span> <span class='ocrx_word' id='word_1_706' title='bbox 3540 4747 3650 4785; x_wconf 88' lang='lat' dir='ltr'><strong>non</strong></span> <span class='ocrx_word' id='word_1_707' title='bbox 3682 4747 3784 4801; x_wconf 75' lang='lat' dir='ltr'><strong>po-</strong></span> 
     </span>
    </p>
   </div>
   <div class='ocr_carea' id='block_1_96' title="bbox 525 4816 3784 4898">
    <p class='ocr_par' dir='ltr' id='par_1_96' title="bbox 525 4816 3784 4898">
     <span class='ocr_line' id='line_1_96' title="bbox 525 4816 3784 4898; baseline 0.001 -26"><span class='ocrx_word' id='word_1_708' title='bbox 525 4816 621 4872; x_wconf 85' lang='lat' dir='ltr'><strong>sed</strong></span> <span class='ocrx_word' id='word_1_709' title='bbox 651 4817 792 4871; x_wconf 78' lang='lat' dir='ltr'><strong>velut</strong></span> <span class='ocrx_word' id='word_1_710' title='bbox 820 4825 964 4871; x_wconf 88' lang='lat' dir='ltr'><strong>muta</strong></span> <span class='ocrx_word' id='word_1_711' title='bbox 988 4833 1174 4885; x_wconf 80' lang='lat' dir='ltr'><strong>pecora</strong></span> <span class='ocrx_word' id='word_1_712' title='bbox 1205 4820 1258 4876; x_wconf 90' lang='lat' dir='ltr'><strong>in</strong></span> <span class='ocrx_word' id='word_1_713' title='bbox 1303 4825 1604 4891; x_wconf 86' lang='lat' dir='ltr'><strong>captionem</strong></span> <span class='ocrx_word' id='word_1_714' title='bbox 1647 4825 1825 4889; x_wconf 86' lang='lat' dir='ltr'><strong>ducta,</strong></span> <span class='ocrx_word' id='word_1_715' title='bbox 1874 4827 2099 4882; x_wconf 86' lang='lat' dir='ltr'><strong>subditis</strong></span> <span class='ocrx_word' id='word_1_716' title='bbox 2202 4830 2302 4882; x_wconf 91' lang='lat' dir='ltr'><strong>tuit</strong></span> <span class='ocrx_word' id='word_1_717' title='bbox 2321 4829 2443 4897; x_wconf 88' lang='lat' dir='ltr'><strong>jure</strong></span> <span class='ocrx_word' id='word_1_718' title='bbox 2471 4841 2794 4898; x_wconf 88' lang='lat' dir='ltr'><strong>quemquam</strong></span> <span class='ocrx_word' id='word_1_719' title='bbox 2825 4825 3102 4879; x_wconf 85' lang='lat' dir='ltr'><strong>damnare.</strong></span> <span class='ocrx_word' id='word_1_720' title='bbox 3131 4824 3302 4880; x_wconf 88' lang='lat' dir='ltr'><strong>Simili</strong></span> <span class='ocrx_word' id='word_1_721' title='bbox 3334 4821 3516 4888; x_wconf 89' lang='lat' dir='ltr'><strong>modo,</strong></span> <span class='ocrx_word' id='word_1_722' title='bbox 3546 4823 3649 4878; x_wconf 88' lang='lat' dir='ltr'><strong>nisi</strong></span> <span class='ocrx_word' id='word_1_723' title='bbox 3675 4839 3784 4892; x_wconf 81' lang='lat' dir='ltr'><strong>prt-</strong></span> 
     </span>
    </p>
   </div>
   <div class='ocr_carea' id='block_1_97' title="bbox 527 4908 2102 4989">
    <p class='ocr_par' dir='ltr' id='par_1_97' title="bbox 527 4908 2102 4989">
     <span class='ocr_line' id='line_1_97' title="bbox 527 4908 2102 4989; baseline 0.004 -26"><span class='ocrx_word' id='word_1_724' title='bbox 527 4908 890 4964; x_wconf 68' lang='lat' dir='ltr'><strong>soluntatibus</strong></span> <span class='ocrx_word' id='word_1_725' title='bbox 919 4909 1190 4978; x_wconf 75' lang='lat' dir='ltr'><strong>perﬁdiam</strong></span> <span class='ocrx_word' id='word_1_726' title='bbox 1221 4916 1583 4971; x_wconf 86' lang='lat' dir='ltr'><strong>sectabantur.</strong></span> <span class='ocrx_word' id='word_1_727' title='bbox 1625 4917 1739 4972; x_wconf 79' lang='lat' dir='ltr'><strong>Non</strong></span> <span class='ocrx_word' id='word_1_728' title='bbox 1773 4919 1964 4972; x_wconf 87' lang='lat' dir='ltr'><strong>mirum</strong></span> <span class='ocrx_word' id='word_1_729' title='bbox 1986 4919 2102 4989; x_wconf 74' lang='lat' dir='ltr'><strong>qui-</strong></span> 
     </span>
    </p>
   </div>
   <div class='ocr_carea' id='block_1_98' title="bbox 527 4999 2103 5076">
    <p class='ocr_par' dir='ltr' id='par_1_98' title="bbox 527 4999 2103 5076">
     <span class='ocr_line' id='line_1_98' title="bbox 527 4999 2103 5076; baseline 0.007 -24"><span class='ocrx_word' id='word_1_730' title='bbox 527 4999 675 5063; x_wconf 86' lang='lat' dir='ltr'><strong>dem,</strong></span> <span class='ocrx_word' id='word_1_731' title='bbox 697 4999 741 5054; x_wconf 92' lang='lat' dir='ltr'><strong>si</strong></span> <span class='ocrx_word' id='word_1_732' title='bbox 765 5016 904 5055; x_wconf 90' lang='lat' dir='ltr'><strong>nunc</strong></span> <span class='ocrx_word' id='word_1_733' title='bbox 918 5017 1013 5057; x_wconf 87' lang='lat' dir='ltr'><strong>eos</strong></span> <span class='ocrx_word' id='word_1_734' title='bbox 1036 5003 1326 5060; x_wconf 79' lang='lat' dir='ltr'><strong>defendere</strong></span> <span class='ocrx_word' id='word_1_735' title='bbox 1379 5007 1684 5073; x_wconf 87' lang='lat' dir='ltr'><strong>moliantur,</strong></span> <span class='ocrx_word' id='word_1_736' title='bbox 1715 5024 1940 5076; x_wconf 90' lang='lat' dir='ltr'><strong>quorum</strong></span> <span class='ocrx_word' id='word_1_737' title='bbox 1964 5009 2103 5063; x_wconf 86' lang='lat' dir='ltr'><strong>indi-</strong></span> 
     </span>
    </p>
   </div>
   <div class='ocr_carea' id='block_1_99' title="bbox 530 5092 2098 5168">
    <p class='ocr_par' dir='ltr' id='par_1_99' title="bbox 530 5092 2098 5168">
     <span class='ocr_line' id='line_1_99' title="bbox 530 5092 2098 5168; baseline 0.006 -24"><span class='ocrx_word' id='word_1_738' title='bbox 530 5106 772 5146; x_wconf 84' lang='lat' dir='ltr'><strong>scussam</strong></span> <span class='ocrx_word' id='word_1_739' title='bbox 822 5093 980 5147; x_wconf 66' lang='lat' dir='ltr'><strong>caecis</strong></span> <span class='ocrx_word' id='word_1_740' title='bbox 1028 5092 1132 5166; x_wconf 76' lang='grc' dir='ltr'><strong>[σι.</strong></span> <span class='ocrx_word' id='word_1_741' title='bbox 1185 5095 1564 5168; x_wconf 84' lang='lat' dir='ltr'><strong>schismaticis]</strong></span> <span class='ocrx_word' id='word_1_742' title='bbox 1608 5099 1876 5152; x_wconf 86' lang='lat' dir='ltr'><strong>mentibus</strong></span> <span class='ocrx_word' id='word_1_743' title='bbox 1931 5098 2098 5152; x_wconf 88' lang='lat' dir='ltr'><strong>secuti</strong></span> 
     </span>
    </p>
   </div>
   <div class='ocr_carea' id='block_1_100' title="bbox 530 5183 2101 5259">
    <p class='ocr_par' dir='ltr' id='par_1_100' title="bbox 530 5183 2101 5259">
     <span class='ocr_line' id='line_1_100' title="bbox 530 5183 2101 5259; baseline 0.005 -22"><span class='ocrx_word' id='word_1_744' title='bbox 530 5191 656 5238; x_wconf 78' lang='lat' dir='ltr'><strong>sunt</strong></span> <span class='ocrx_word' id='word_1_745' title='bbox 679 5183 700 5214; x_wconf 84' lang='lat'>&#39;</span> <span class='ocrx_word' id='word_1_746' title='bbox 730 5183 1030 5239; x_wconf 88' lang='lat' dir='ltr'><strong>utilitatem.</strong></span> <span class='ocrx_word' id='word_1_747' title='bbox 1051 5185 1156 5241; x_wconf 87' lang='lat' dir='ltr'><strong>Sed</strong></span> <span class='ocrx_word' id='word_1_748' title='bbox 1182 5188 1436 5242; x_wconf 82' lang='lat' dir='ltr'><strong>miramur</strong></span> <span class='ocrx_word' id='word_1_749' title='bbox 1491 5203 1585 5243; x_wconf 91' lang='lat' dir='ltr'><strong>cur</strong></span> <span class='ocrx_word' id='word_1_750' title='bbox 1612 5203 1706 5243; x_wconf 88' lang='lat' dir='ltr'><strong>eos</strong></span> <span class='ocrx_word' id='word_1_751' title='bbox 1755 5205 1859 5243; x_wconf 91' lang='lat' dir='ltr'><strong>non</strong></span> <span class='ocrx_word' id='word_1_752' title='bbox 1907 5191 2101 5259; x_wconf 85' lang='lat' dir='ltr'><strong>pudeat</strong></span> 
     </span>
    </p>
   </div>
   <div class='ocr_carea' id='block_1_101' title="bbox 606 5317 1993 5408">
    <p class='ocr_par' dir='ltr' id='par_1_101' title="bbox 606 5317 1993 5408">
     <span class='ocr_line' id='line_1_101' title="bbox 606 5317 1993 5408; baseline 0.004 -18"><span class='ocrx_word' id='word_1_753' title='bbox 606 5338 622 5408; x_wconf 50' lang='grc' dir='ltr'>ξ</span> <span class='ocrx_word' id='word_1_754' title='bbox 665 5337 913 5408; x_wconf 72' lang='lat' dir='ltr'><strong>Intelliglt</strong></span> <span class='ocrx_word' id='word_1_755' title='bbox 944 5337 1158 5392; x_wconf 82' lang='lat' dir='ltr'><strong>Petrum</strong></span> <span class='ocrx_word' id='word_1_756' title='bbox 1188 5317 1501 5408; x_wconf 73' lang='lat' dir='ltr'><strong>Cuaplteum</strong></span> <span class='ocrx_word' id='word_1_757' title='bbox 1535 5341 1648 5396; x_wconf 75' lang='lat' dir='ltr'><strong>sive</strong></span> <span class='ocrx_word' id='word_1_758' title='bbox 1695 5343 1993 5397; x_wconf 76' lang='lat' dir='ltr'><strong>Fulloncm.</strong></span> 
     </span>
    </p>
   </div>
   <div class='ocr_carea' id='block_1_102' title="bbox 608 5407 2109 5479">
    <p class='ocr_par' dir='ltr' id='par_1_102' title="bbox 608 5407 2109 5479">
     <span class='ocr_line' id='line_1_102' title="bbox 608 5407 2109 5479; baseline 0.006 -21"><span class='ocrx_word' id='word_1_759' title='bbox 608 5407 797 5479; x_wconf 66' lang='lat' dir='ltr'><strong>‘tlod.</strong></span> <span class='ocrx_word' id='word_1_760' title='bbox 838 5407 1059 5479; x_wconf 73' lang='lat' dir='ltr'><strong>Verum,</strong></span> <span class='ocrx_word' id='word_1_761' title='bbox 1089 5409 1218 5462; x_wconf 74' lang='lat' dir='ltr'><strong>nihil</strong></span> <span class='ocrx_word' id='word_1_762' title='bbox 1247 5407 1412 5476; x_wconf 77' lang='lat' dir='ltr'><strong>dere,</strong></span> <span class='ocrx_word' id='word_1_763' title='bbox 1446 5411 1574 5466; x_wconf 78' lang='lat' dir='ltr'><strong>nihil</strong></span> <span class='ocrx_word' id='word_1_764' title='bbox 1623 5413 1686 5466; x_wconf 84' lang='lat' dir='ltr'><strong>de</strong></span> <span class='ocrx_word' id='word_1_765' title='bbox 1711 5416 1925 5479; x_wconf 80' lang='lat' dir='ltr'><strong>mundo,</strong></span> <span class='ocrx_word' id='word_1_766' title='bbox 1979 5415 2109 5467; x_wconf 74' lang='lat' dir='ltr'><strong>nihil</strong></span> 
     </span>
    </p>
   </div>
   <div class='ocr_carea' id='block_1_103' title="bbox 539 5477 1059 5543">
    <p class='ocr_par' dir='ltr' id='par_1_103' title="bbox 539 5477 1059 5543">
     <span class='ocr_line' id='line_1_103' title="bbox 539 5477 1059 5543; baseline 0 -14"><span class='ocrx_word' id='word_1_767' title='bbox 539 5477 604 5529; x_wconf 82' lang='lat' dir='ltr'><strong>de</strong></span> <span class='ocrx_word' id='word_1_768' title='bbox 628 5477 725 5543; x_wconf 77' lang='lat' dir='ltr'><strong>ﬁde</strong></span> <span class='ocrx_word' id='word_1_769' title='bbox 751 5477 1059 5531; x_wconf 76' lang='lat' dir='ltr'><strong>Christiana.</strong></span> 
     </span>
    </p>
   </div>
   <div class='ocr_carea' id='block_1_104' title="bbox 614 5544 2104 5631">
    <p class='ocr_par' dir='ltr' id='par_1_104' title="bbox 614 5544 2104 5631">
     <span class='ocr_line' id='line_1_104' title="bbox 614 5544 2104 5631; baseline 0.007 -35"><span class='ocrx_word' id='word_1_770' title='bbox 614 5545 633 5625; x_wconf 62' lang='grc' dir='ltr'><strong>ξ</strong></span> <span class='ocrx_word' id='word_1_771' title='bbox 670 5544 925 5631; x_wconf 60' lang='lat' dir='ltr'><strong>cod.,</strong></span> <span class='ocrx_word' id='word_1_772' title='bbox 966 5549 1106 5615; x_wconf 78' lang='lat' dir='ltr'><strong>apud</strong></span> <span class='ocrx_word' id='word_1_773' title='bbox 1129 5547 1584 5631; x_wconf 35' lang='lat' dir='ltr'><strong>duties/timum“</strong></span> <span class='ocrx_word' id='word_1_774' title='bbox 1618 5550 2007 5631; x_wconf 62' lang='lat' dir='ltr'><strong>Kalendionem.</strong></span> <span class='ocrx_word' id='word_1_775' title='bbox 2035 5566 2104 5631; x_wconf 69' lang='lat' dir='ltr'><strong>_ct</strong></span> 
     </span>
    </p>
   </div>
   <div class='ocr_carea' id='block_1_105' title="bbox 541 5615 2101 5679">
    <p class='ocr_par' dir='ltr' id='par_1_105' title="bbox 541 5615 2101 5679">
     <span class='ocr_line' id='line_1_105' title="bbox 541 5615 2101 5679; baseline 0.004 -10"><span class='ocrx_word' id='word_1_776' title='bbox 541 5615 736 5679; x_wconf 81' lang='lat' dir='ltr'><strong>ubique</strong></span> <span class='ocrx_word' id='word_1_777' title='bbox 758 5616 808 5668; x_wconf 90' lang='lat' dir='ltr'><strong>in</strong></span> <span class='ocrx_word' id='word_1_778' title='bbox 829 5617 1015 5670; x_wconf 86' lang='lat' dir='ltr'><strong>eodem</strong></span> <span class='ocrx_word' id='word_1_779' title='bbox 1059 5618 1243 5670; x_wconf 79' lang='lat' dir='ltr'><strong>codice</strong></span> <span class='ocrx_word' id='word_1_780' title='bbox 1270 5615 1559 5674; x_wconf 84' lang='lat' dir='ltr'><strong>Kalendion</strong></span> <span class='ocrx_word' id='word_1_781' title='bbox 1588 5621 1840 5675; x_wconf 81' lang='lat' dir='ltr'><strong>scribitur</strong></span> <span class='ocrx_word' id='word_1_782' title='bbox 1869 5637 1990 5675; x_wconf 85' lang='lat' dir='ltr'><strong>cum</strong></span> <span class='ocrx_word' id='word_1_783' title='bbox 2034 5623 2101 5678; x_wconf 79' lang='grc' dir='ltr'><strong>Κ.</strong></span> 
     </span>
    </p>
   </div>
   <div class='ocr_carea' id='block_1_106' title="bbox 615 5684 2103 5747">
    <p class='ocr_par' dir='ltr' id='par_1_106' title="bbox 615 5684 2103 5747">
     <span class='ocr_line' id='line_1_106' title="bbox 615 5684 2103 5747; baseline 0.008 -12"><span class='ocrx_word' id='word_1_784' title='bbox 615 5685 636 5715; x_wconf 71' lang='grc'>⁸</span> <span class='ocrx_word' id='word_1_785' title='bbox 672 5684 1312 5744; x_wconf 64' lang='grc' dir='ltr'><strong>ΟιιιςιιιιίῐιἈιιιίοοιιςηιιε</strong></span> <span class='ocrx_word' id='word_1_786' title='bbox 1333 5700 1384 5744; x_wconf 86' lang='lat' dir='ltr'><strong>et</strong></span> <span class='ocrx_word' id='word_1_787' title='bbox 1416 5689 1648 5745; x_wconf 78' lang='lat' dir='ltr'><strong>Joannes</strong></span> <span class='ocrx_word' id='word_1_788' title='bbox 1679 5691 1855 5746; x_wconf 73' lang='lat' dir='ltr'><strong>Tulaia</strong></span> <span class='ocrx_word' id='word_1_789' title='bbox 1882 5695 2103 5747; x_wconf 76' lang='lat' dir='ltr'><strong>Alexan-</strong></span> 
     </span>
    </p>
   </div>
   <div class='ocr_carea' id='block_1_107' title="bbox 539 5753 1043 5811">
    <p class='ocr_par' dir='ltr' id='par_1_107' title="bbox 539 5753 1043 5811">
     <span class='ocr_line' id='line_1_107' title="bbox 539 5753 1043 5811; baseline 0 -2"><span class='ocrx_word' id='word_1_790' title='bbox 539 5753 747 5809; x_wconf 69' lang='lat' dir='ltr'><strong>dtiu&#39;us.</strong></span> <span class='ocrx_word' id='word_1_791' title='bbox 788 5753 1043 5811; x_wconf 70' lang='lat' dir='ltr'><strong>Lanaeus.</strong></span> 
     </span>
    </p>
   </div>
   <div class='ocr_carea' id='block_1_108' title="bbox 2202 4916 3786 4987">
    <p class='ocr_par' dir='ltr' id='par_1_108' title="bbox 2202 4916 3786 4987">
     <span class='ocr_line' id='line_1_108' title="bbox 2202 4916 3786 4987; baseline -0.004 -13"><span class='ocrx_word' id='word_1_792' title='bbox 2202 4936 2305 4975; x_wconf 73' lang='lat' dir='ltr'><strong>mze</strong></span> <span class='ocrx_word' id='word_1_793' title='bbox 2333 4917 2630 4987; x_wconf 75' lang='lat' dir='ltr'><strong>(Romanae)</strong></span> <span class='ocrx_word' id='word_1_794' title='bbox 2663 4917 2808 4971; x_wconf 88' lang='lat' dir='ltr'><strong>sedis</strong></span> <span class='ocrx_word' id='word_1_795' title='bbox 2854 4916 3168 4972; x_wconf 88' lang='lat' dir='ltr'><strong>auctoritate</strong></span> <span class='ocrx_word' id='word_1_796' title='bbox 3196 4923 3468 4983; x_wconf 82' lang='lat' dir='ltr'><strong>percepta.</strong></span> <span class='ocrx_word' id='word_1_797' title='bbox 3512 4929 3626 4972; x_wconf 86' lang='lat' dir='ltr'><strong>nec.</strong></span> <span class='ocrx_word' id='word_1_798' title='bbox 3652 4929 3786 4970; x_wconf 76' lang='lat' dir='ltr'><strong>eaa-</strong></span> 
     </span>
    </p>
   </div>
   <div class='ocr_carea' id='block_1_109' title="bbox 2205 5005 3778 5076">
    <p class='ocr_par' dir='ltr' id='par_1_109' title="bbox 2205 5005 3778 5076">
     <span class='ocr_line' id='line_1_109' title="bbox 2205 5005 3778 5076; baseline -0.006 -10"><span class='ocrx_word' id='word_1_799' title='bbox 2205 5010 2438 5066; x_wconf 86' lang='lat' dir='ltr'><strong>minandi</strong></span> <span class='ocrx_word' id='word_1_800' title='bbox 2470 5009 2616 5064; x_wconf 82' lang='lat' dir='ltr'><strong>Petri</strong></span> <span class='ocrx_word' id='word_1_801' title='bbox 2638 5009 2730 5076; x_wconf 88' lang='lat' dir='ltr'><strong>jus</strong></span> <span class='ocrx_word' id='word_1_802' title='bbox 2753 5006 2959 5070; x_wconf 85' lang='lat' dir='ltr'><strong>habuit,</strong></span> <span class='ocrx_word' id='word_1_803' title='bbox 2991 5021 3087 5062; x_wconf 87' lang='lat' dir='ltr'><strong>nec</strong></span> <span class='ocrx_word' id='word_1_804' title='bbox 3124 5005 3414 5074; x_wconf 89' lang='lat' dir='ltr'><strong>recipiendi</strong></span> <span class='ocrx_word' id='word_1_805' title='bbox 3438 5006 3650 5074; x_wconf 86' lang='lat' dir='ltr'><strong>penitus</strong></span> <span class='ocrx_word' id='word_1_806' title='bbox 3689 5019 3778 5072; x_wconf 76' lang='lat' dir='ltr'><strong>po-</strong></span> 
     </span>
    </p>
   </div>
   <div class='ocr_carea' id='block_1_110' title="bbox 2207 5097 3786 5165">
    <p class='ocr_par' dir='ltr' id='par_1_110' title="bbox 2207 5097 3786 5165">
     <span class='ocr_line' id='line_1_110' title="bbox 2207 5097 3786 5165; baseline -0.003 -10"><span class='ocrx_word' id='word_1_807' title='bbox 2207 5101 2613 5165; x_wconf 76' lang='lat' dir='ltr'><strong>testatcm.0uo‘</strong></span> <span class='ocrx_word' id='word_1_808' title='bbox 2635 5097 2958 5164; x_wconf 75' lang='lat' dir='ltr'><strong>regulariter</strong></span> <span class='ocrx_word' id='word_1_809' title='bbox 2990 5098 3306 5161; x_wconf 82' lang='lat' dir='ltr'><strong>constituto,</strong></span> <span class='ocrx_word' id='word_1_810' title='bbox 3349 5112 3448 5152; x_wconf 90' lang='lat' dir='ltr'><strong>nec</strong></span> <span class='ocrx_word' id='word_1_811' title='bbox 3491 5098 3632 5165; x_wconf 90' lang='lat' dir='ltr'><strong>apud</strong></span> <span class='ocrx_word' id='word_1_812' title='bbox 3690 5110 3786 5151; x_wconf 86' lang='lat' dir='ltr'><strong>nos</strong></span> 
     </span>
    </p>
   </div>
   <div class='ocr_carea' id='block_1_111' title="bbox 2212 5179 3786 5258">
    <p class='ocr_par' dir='ltr' id='par_1_111' title="bbox 2212 5179 3786 5258">
     <span class='ocr_line' id='line_1_111' title="bbox 2212 5179 3786 5258; baseline -0.004 -14"><span class='ocrx_word' id='word_1_813' title='bbox 2212 5191 2368 5247; x_wconf 84' lang='lat' dir='ltr'><strong>I‘etro</strong></span> <span class='ocrx_word' id='word_1_814' title='bbox 2398 5179 2960 5252; x_wconf 43' lang='lat' dir='ltr'><strong>ttilatcnus&#39;absoluto,</strong></span> <span class='ocrx_word' id='word_1_815' title='bbox 2990 5204 3146 5258; x_wconf 86' lang='lat' dir='ltr'><strong>quem</strong></span> <span class='ocrx_word' id='word_1_816' title='bbox 3173 5189 3458 5244; x_wconf 76' lang='lat' dir='ltr'><strong>damnasse</strong></span> <span class='ocrx_word' id='word_1_817' title='bbox 3487 5201 3586 5242; x_wconf 85' lang='lat' dir='ltr'><strong>nos</strong></span> <span class='ocrx_word' id='word_1_818' title='bbox 3634 5187 3786 5242; x_wconf 80' lang='lat' dir='ltr'><strong>novi-</strong></span> 
     </span>
    </p>
   </div>
   <div class='ocr_carea' id='block_1_112' title="bbox 2287 5343 3053 5415">
    <p class='ocr_par' dir='ltr' id='par_1_112' title="bbox 2287 5343 3053 5415">
     <span class='ocr_line' id='line_1_112' title="bbox 2287 5343 3053 5415; baseline 0.004 -21"><span class='ocrx_word' id='word_1_819' title='bbox 2287 5346 2307 5376; x_wconf 84' lang='grc'>⁸</span> <span class='ocrx_word' id='word_1_820' title='bbox 2351 5345 2424 5397; x_wconf 86' lang='lat' dir='ltr'><strong>id.</strong></span> <span class='ocrx_word' id='word_1_821' title='bbox 2449 5345 2596 5407; x_wconf 76' lang='lat' dir='ltr'><strong>cod.,</strong></span> <span class='ocrx_word' id='word_1_822' title='bbox 2631 5343 3053 5415; x_wconf 75' lang='lat' dir='ltr'><strong>subrogabantur.</strong></span> 
     </span>
    </p>
   </div>
   <div class='ocr_carea' id='block_1_113' title="bbox 2289 5415 2889 5479">
    <p class='ocr_par' dir='ltr' id='par_1_113' title="bbox 2289 5415 2889 5479">
     <span class='ocr_line' id='line_1_113' title="bbox 2289 5415 2889 5479; baseline -0.003 -11"><span class='ocrx_word' id='word_1_823' title='bbox 2289 5415 2309 5444; x_wconf 75' lang='grc'>⁸</span> <span class='ocrx_word' id='word_1_824' title='bbox 2348 5416 2422 5469; x_wconf 73' lang='grc' dir='ltr'><strong>ΙσΙ.</strong></span> <span class='ocrx_word' id='word_1_825' title='bbox 2453 5418 2598 5479; x_wconf 81' lang='lat' dir='ltr'><strong>t‘mi.,</strong></span> <span class='ocrx_word' id='word_1_826' title='bbox 2625 5416 2889 5468; x_wconf 62' lang='lat' dir='ltr'><strong>vilitatem.</strong></span> 
     </span>
    </p>
   </div>
   <div class='ocr_carea' id='block_1_114' title="bbox 2284 5485 2906 5547">
    <p class='ocr_par' dir='ltr' id='par_1_114' title="bbox 2284 5485 2906 5547">
     <span class='ocr_line' id='line_1_114' title="bbox 2284 5485 2906 5547; baseline -0.003 -11"><span class='ocrx_word' id='word_1_827' title='bbox 2284 5485 2305 5516; x_wconf 66' lang='grc' dir='ltr'><strong><em>τ</em></strong></span> <span class='ocrx_word' id='word_1_828' title='bbox 2349 5487 2420 5536; x_wconf 79' lang='grc' dir='ltr'><strong>Μ.</strong></span> <span class='ocrx_word' id='word_1_829' title='bbox 2465 5486 2610 5547; x_wconf 83' lang='lat' dir='ltr'><strong>cod.,</strong></span> <span class='ocrx_word' id='word_1_830' title='bbox 2635 5486 2739 5539; x_wconf 76' lang='lat' dir='ltr'><strong>C:.r</strong></span> <span class='ocrx_word' id='word_1_831' title='bbox 2764 5500 2906 5541; x_wconf 77' lang='lat' dir='ltr'><strong>mm.</strong></span> 
     </span>
    </p>
   </div>
   <div class='ocr_carea' id='block_1_115' title="bbox 2286 5554 3481 5624">
    <p class='ocr_par' dir='ltr' id='par_1_115' title="bbox 2286 5554 3481 5624">
     <span class='ocr_line' id='line_1_115' title="bbox 2286 5554 3481 5624; baseline 0.004 -20"><span class='ocrx_word' id='word_1_832' title='bbox 2286 5554 2308 5583; x_wconf 80' lang='lat'><strong>&quot;</strong></span> <span class='ocrx_word' id='word_1_833' title='bbox 2351 5554 2424 5606; x_wconf 91' lang='lat' dir='ltr'><strong>id.</strong></span> <span class='ocrx_word' id='word_1_834' title='bbox 2454 5556 2600 5619; x_wconf 70' lang='lat' dir='ltr'><strong>cod.,</strong></span> <span class='ocrx_word' id='word_1_835' title='bbox 2625 5571 2739 5606; x_wconf 83' lang='lat' dir='ltr'><strong>rum</strong></span> <span class='ocrx_word' id='word_1_836' title='bbox 2769 5554 2874 5608; x_wconf 81' lang='lat' dir='ltr'><strong>suis</strong></span> <span class='ocrx_word' id='word_1_837' title='bbox 2914 5554 3204 5608; x_wconf 69' lang='lat' dir='ltr'><strong>auctoribus</strong></span> <span class='ocrx_word' id='word_1_838' title='bbox 3233 5555 3481 5624; x_wconf 69' lang='lat' dir='ltr'><strong>generalis</strong></span> 
     </span>
    </p>
   </div>
   <div class='ocr_carea' id='block_1_116' title="bbox 2287 5625 2803 5686">
    <p class='ocr_par' dir='ltr' id='par_1_116' title="bbox 2287 5625 2803 5686">
     <span class='ocr_line' id='line_1_116' title="bbox 2287 5625 2803 5686; baseline 0.002 -12"><span class='ocrx_word' id='word_1_839' title='bbox 2287 5628 2306 5656; x_wconf 76' lang='grc' dir='ltr'><strong>ο</strong></span> <span class='ocrx_word' id='word_1_840' title='bbox 2349 5625 2426 5678; x_wconf 89' lang='lat' dir='ltr'><strong>ld.</strong></span> <span class='ocrx_word' id='word_1_841' title='bbox 2452 5626 2594 5686; x_wconf 77' lang='lat' dir='ltr'><strong>end.,</strong></span> <span class='ocrx_word' id='word_1_842' title='bbox 2622 5626 2803 5677; x_wconf 68' lang='lat' dir='ltr'><strong>celare.</strong></span> 
     </span>
    </p>
   </div>
   <div class='ocr_carea' id='block_1_117' title="bbox 2294 5692 3201 5758">
    <p class='ocr_par' dir='ltr' id='par_1_117' title="bbox 2294 5692 3201 5758">
     <span class='ocr_line' id='line_1_117' title="bbox 2294 5692 3201 5758; baseline -0.001 -12"><span class='ocrx_word' id='word_1_843' title='bbox 2294 5696 2330 5723; x_wconf 90' lang='lat'>&quot;</span> <span class='ocrx_word' id='word_1_844' title='bbox 2373 5693 2446 5746; x_wconf 91' lang='lat' dir='ltr'><strong>ld.</strong></span> <span class='ocrx_word' id='word_1_845' title='bbox 2476 5695 2593 5747; x_wconf 86' lang='lat' dir='ltr'><strong>cod.</strong></span> <span class='ocrx_word' id='word_1_846' title='bbox 2619 5733 2634 5756; x_wconf 89' lang='lat'><strong>,</strong></span> <span class='ocrx_word' id='word_1_847' title='bbox 2676 5693 2786 5758; x_wconf 68' lang='lat' dir='ltr'><strong>Qui:</strong></span> <span class='ocrx_word' id='word_1_848' title='bbox 2814 5708 2879 5746; x_wconf 72' lang='lat' dir='ltr'><strong>ex</strong></span> <span class='ocrx_word' id='word_1_849' title='bbox 2913 5692 3201 5745; x_wconf 66' lang='lat' dir='ltr'><strong>initiatione.</strong></span> 
     </span>
    </p>
   </div>
   <div class='ocr_carea' id='block_1_118' title="bbox 2291 5761 3230 5832">
    <p class='ocr_par' dir='ltr' id='par_1_118' title="bbox 2291 5761 3230 5832">
     <span class='ocr_line' id='line_1_118' title="bbox 2291 5761 3230 5832; baseline -0.001 -13"><span class='ocrx_word' id='word_1_850' title='bbox 2291 5766 2324 5795; x_wconf 85' lang='lat'>“</span> <span class='ocrx_word' id='word_1_851' title='bbox 2369 5763 2446 5819; x_wconf 85' lang='lat' dir='ltr'><strong>id.</strong></span> <span class='ocrx_word' id='word_1_852' title='bbox 2486 5763 2631 5829; x_wconf 90' lang='lat' dir='ltr'><strong>cod.,</strong></span> <span class='ocrx_word' id='word_1_853' title='bbox 2655 5761 2947 5832; x_wconf 70' lang='lat' dir='ltr'><strong>potaitjure</strong></span> <span class='ocrx_word' id='word_1_854' title='bbox 2967 5762 3230 5818; x_wconf 79' lang='lat' dir='ltr'><strong>damnare.</strong></span> 
     </span>
    </p>
   </div>
  </div>
