3994 6456
331 502 399 555 93
1530 487 1890 547 El‘lSTOLE
1933 488 2020 542 er
2064 487 2400 543 necum.
3538 493 3604 545 υ,

333 624 469 671 tuos,
497 607 832 661 esatitinasse
853 604 935 661 vel
960 602 1277 668 absolvisse,
1325 602 1632 665 nescimus;
1656 608 1821 654 restat
1850 610 1906 652 ut
1937 605 1984 658 Α
2017 600 2332 671 constringi.
2359 599 2413 658 Si
2441 600 2789 668 catholicum,
2823 603 2997 670 palam
3043 604 3205 657 totius
3232 604 3495 665 dogmatis
3544 622 3603 659 es

331 697 460 753 illud
530 698 987 761 detuonstrrmus,
1040 695 1287 750 eumdem
1342 694 1580 756 Petrum,
1643 708 1801 759 quem
1850 708 1909 745 se

331 802 607 862 purgatum
630 791 1007 845 communione
1048 788 1318 856 rccopis-e
1347 784 1629 855 prmtendit
1656 785 1907 849 Aeacius,

330 896 599 949 nunquam
625 880 694 933 ab
714 879 981 933 iners-tice:
1010 877 1403 931 communionis
1427 874 1676 942 contagio
1703 886 1910 925 cessas-

328 989 389 1028 se
432 989 448 1025 :
480 988 543 1023 ac
573 984 676 1023 non
711 968 886 1023 solum
918 970 1034 1037 ipso
1063 977 1303 1037 tempore
1323 981 1429 1034 quo
1462 965 1478 996 ι
1507 964 1555 1018 ei
1609 960 1910 1018 commoni-

326 1066 462 1118 r-avit
488 1062 732 1127 Aeacius,
767 1060 860 1117 sed
886 1062 1051 1116 etiam
1082 1072 1193 1129 post
1220 1057 1654 1114 communionem
1701 1068 1910 1123 przcva-

326 1154 578 1210 rscatoris
608 1151 811 1219 Acacii,
858 1166 1071 1219 semper
1108 1148 1534 1203 Alexandrinum
1593 1146 1805 1200 Petrum
1858 1146 1911 1197 in

327 1245 701 1300 ba:reticorum
727 1241 956 1313 collegio
1003 1240 1340 1311 perdurasse.
1395 1240 1571 1308 Atque
1602 1238 1673 1291 ita
1719 1245 1771 1289 et
1820 1250 1913 1303 per

248 1392 253 1397 ,
326 1334 468 1388 hunc
493 1334 743 1389 Acacium
768 1331 988 1400 perlidae
1015 1328 1407 1385 communionis
1452 1326 1757 1395 suscepisse
1784 1338 1915 1377 con-

326 1427 549 1494 Maium,
576 1433 634 1481 et
661 1440 759 1494 per
784 1423 1029 1478 eamdem
1055 1422 1159 1477 illis
1180 1419 1465 1486 itarretieis,
1498 1421 1694 1489 quibus
1728 1417 1916 1472 Petrus

322 1516 775 1583 communicabat,
826 1513 1015 1569 eadem
1068 1524 1219 1583 peste
1258 1512 1629 1579 coniunctum.
1653 1509 1753 1577 Qui
1778 1522 1914 1576 pra:-

323 1607 551 1675 sumpsit
594 1621 699 1660 non
741 1612 957 1661 servato
1003 1602 1195 1658 ordine
1223 1603 1439 1658 Petrum
1481 1601 1777 1669 suscipere,
1816 1613 1917 1653 nec

323 1700 689 1753 examinatum
717 1712 866 1763 eum,
891 1711 995 1753 nec
1011 1696 1355 1766 cogito-citur
1407 1694 1679 1763 recepisse
1724 1709 1913 1764 purga.

325 1800 437 1843 tum
469 1808 480 1840 :
512 1800 566 1844 et
588 1788 711 1844 ideo
741 1798 937 1857 praeter
961 1786 1104 1843 sedis
1151 1786 1461 1855 apostolica:
1516 1784 1781 1847 notitiam,
1808 1800 1915 1839 non

324 1880 616 1948 legitimam
644 1879 745 1933 sibi
774 1877 894 1947 ejus
917 1876 1283 1945 receptiouem
1333 1890 1599 1946 usurpare
1652 1876 1913 1941 voluisse,

2016 691 2288 759 defensor,
2315 693 2456 763 quod
2485 694 2815 747 catholicum
2868 709 2990 749 csse
3051 698 3384 763 pronuntias.
3420 700 3495 751 Ac
3527 699 3605 752 ni-

2019 784 2310 840 hilominus
2332 785 2475 839 illius
2523 801 2713 841 errore
2734 787 2967 851 censeri,
3009 788 3054 839 si
3088 785 3399 841 hmrcticum
3442 786 3606 843 l‘n'ssc

2016 874 2265 939 delinhs,
2295 875 2388 929 sed
2419 885 2603 944 postea
2631 878 2943 931 correxisse
2977 878 3299 944 prastendas,
3347 879 3506 944 eique
3554 889 3604 931 te

2019 976 2244 1033 purgato
2267 968 2692 1022 communicasse
2723 969 3065 1037 pronunties.
3097 967 3317 1023 Interim
3361 970 3413 1023 in
3449 969 3603 1035 rnjns

2017 1070 2246 1123 persona
2299 1071 2387 1111 me
2437 1058 2815 1127 negligendnm
2861 1074 2984 1114 esse
3031 1060 3346 1124 credidisti,
3394 1063 3605 1113 causari

2017 1158 2125 1198 non
2157 1156 2310 1211 potes
2332 1146 2475 1215 quod
2527 1148 2579 1201 in
2628 1150 2728 1203 bac
2755 1149 2943 1204 eadem
2976 1159 3029 1204 te
3065 1150 3184 1220 ejus
3232 1164 3457 1217 persona
3509 1164 3606 1205 ne-

2015 1235 2297 1303 glexerim.
2326 1235 2527 1293 Deinde
2556 1254 2678 1292 cum
2710 1239 2827 1293 sine
2854 1254 2941 1295 me
2965 1241 3053 1308 jus
3083 1256 3193 1295 non
3231 1240 3485 1294 habueris
3518 1240 3602 1296 vel

2016 1326 2331 1382 absolvendi
2364 1327 2445 1381 vel
2470 1330 2761 1397 recipiendi
2804 1330 3105 1400 ltujosmodi
3139 1332 3241 1386 rite
3285 1346 3602 1399 po'rsonam,

2019 1435 2121 1474 nec
2148 1418 2169 1451 ⁸
2195 1432 2475 1490 purgatum
2502 1421 2763 1491 legalitcr,
2791 1438 2890 1476 nec
2908 1423 3225 1492 regulariter
3243 1432 3604 1475 constetesse.

2017 1511 2188 1577 Qnam
2220 1513 2539 1581 regulariter
2560 1529 2667 1566 non
2694 1513 2716 1544 ⁸
2737 1524 3037 1582 acceptam,
3085 1524 3196 1567 tam
3230 1513 3475 1583 legaliter
3503 1528 3608 1566 non

2017 1613 2236 1657 constat
2253 1618 2375 1660 esse
2402 1616 2680 1675 purgatam
2706 1623 2720 1671 ;
2751 1616 2807 1660 et
2836 1605 2957 1661 ideo
2987 1621 3091 1660 non
3134 1604 3257 1673 jure
3308 1618 3609 1671 purgatam,

2017 1698 2141 1767 quia
2171 1696 2413 1765 legaliter
2437 1712 2545 1752 non
2590 1708 2880 1767 receptam.
2916 1699 3028 1753 Mea
3059 1699 3203 1751 etiim
3227 1697 3277 1750 in
3304 1696 3454 1749 illum
3500 1713 3611 1749 nui.

2021 1800 2181 1841 nente
2200 1791 2489 1853 sententia,
2521 1797 2574 1843 te
2617 1789 2735 1843 sine
2762 1788 2785 1819 ⁸
2811 1804 2896 1843 me
2929 1787 3287 1857 pontiﬁcium,
3346 1796 3398 1837 ut
3433 1801 3608 1840 meam

2021 1878 2340 1933 sententiam
2383 1878 2708 1943 l't‘Sﬂth‘l'CS.
2757 1894 2862 1934 non
2910 1880 3161 1949 habente,
3209 1898 3313 1949 qua
3344 1890 3611 1951 potestate

325 1985 382 2025 ιιι
412 1970 871 2027 esatuinatiouem
912 1968 1032 2036 ejus
1072 1977 1127 2024 et
1165 1968 1539 2039 purgationem
1592 1977 1776 2036 posset
1819 1983 1915 2034 pro
1948 1956 1992 2015 Β
2021 1969 2101 2025 vel
2131 1969 2410 2024 discussus
2440 1981 2523 2025 est
2552 1972 2634 2025 vel
2660 1986 2763 2039 qua
2792 1973 3116 2026 auctoritate
3144 1988 3285 2036 recc;
3309 1982 3391 2025 tos
3416 1972 3613 2025 asseri-

320 2078 414 2116 sua
443 2066 715 2117 vo'untate
759 2060 973 2116 mentiri
1019 2059 1113 2129 lel.
1161 2058 1395 2132 metiri],
1438 2070 1599 2127 atque
1648 2074 1771 2113 eum
1814 2073 1914 2114 nec

320 2157 707 2218 rsatniuatum,
732 2170 832 2209 nec
860 2155 1125 2223 reciperet
1151 2153 1373 2207 omnino
1409 2163 1711 2223 purgatum.
1743 2152 1912 2219 Quem

320 2249 366 2303 si
398 2261 584 2302 revera
609 2246 770 2302 vellet
816 2245 1181 2301 examinatum
1224 2255 1609 2314 purgatumque
1646 2244 1911 2311 recipere,

326 2337 575 2392 ordinent
606 2338 659 2391 in
704 2337 823 2405 ejus
849 2335 1249 2393 examinatione
1283 2345 1338 2391 et
1378 2337 1688 2405 receptiore
1740 2335 1916 2403 potius

326 2428 678 2491 iustodisset,
708 2431 730 2460 θ
761 2443 829 2482 ne
874 2428 1145 2483 videretur
1206 2428 1397 2497 magis,
1446 2443 1605 2496 quam
1655 2428 1917 2482 veraciter

324 2529 504 2587 posset
542 2519 715 2589 jure'
769 2533 1014 2590 purgare.
1064 2518 1216 2577 Sicut
1260 2533 1392 2588 ergo
1446 2527 1570 2573 ante
1609 2533 1715 2571 non
1771 2517 1918 2586 prius

320 2610 593 2666 damnavit
623 2624 784 2681 quant
824 2622 879 2665 et
903 2611 1129 2666 referret
1155 2618 1210 2664 et
1239 2620 1485 2679 posceret
1528 2608 1597 2663 ab
1625 2609 1914 2678 apostolica

324 2718 393 2769 ro
416 2711 588 2758 estate
617 2701 981 2756 damnandum
1013 2718 1026 2755 :
1054 2702 1134 2757 sic
1156 2711 1213 2756 et
1252 2703 1303 2755 in
1334 2701 1644 2769 recipiendo
1697 2700 1915 2754 modum

324 2811 552 2850 scrvare
580 2794 874 2860 debuisset,
908 2806 965 2849 ut
995 2795 1305 2864 priusquam
1348 2808 1408 2848 se
1438 2794 1487 2847 ei
1540 2794 1918 2848 communione

320 2887 595 2954 misr-em,
630 2902 725 2956 per
743 2887 927 2943 sedi-nt
955 2887 1306 2957 apostolicam
1334 2895 1580 2953 posceret
1609 2884 1906 2938 examinari

321 2992 446 3031 ctttn
498 2988 554 3031 et
585 2977 821 3047 legitima
854 2977 1064 3032 ratione
1116 2975 1329 3045 purgari
1359 2991 1373 3027 :
1408 2991 1529 3030 cum
1577 2990 1679 3030 nec
1708 2976 1918 3029 exarui-

325 3069 486 3122 nandi
513 3078 607 3122 aut
634 3068 927 3135 recipiendi
958 3082 1081 3123 eum
1134 3066 1361 3122 haberet
1415 3068 1529 3136 ipse
1557 3066 1914 3136 pontiﬁcium,

324 3167 378 3212 et
408 3173 514 3235 non
552 3159 652 3211 nisi
678 3174 773 3227 per
804 3158 945 3211 illius
972 3157 1117 3212 sedis
1144 3158 1518 3212 auctoritatem
1560 3170 1915 3211 consensum-

319 3264 425 3318 que
455 3250 555 3303 hoc
580 3258 761 3317 posset
804 3249 1046 3317 implere,
1096 3250 1215 3302 sine
1235 3248 1387 3318 cujus
1438 3248 1757 3302 auctoritate
1787 3264 1910 3303 eum

2020 2060 2138 2115 turi
2168 2060 2307 2115 Ecce
2325 2060 2541 2116 interim
2561 2060 2614 2114 in
2631 2061 2885 2116 ltiscausa
2905 2072 3079 2116 vestra
3102 2072 3255 2117 nutat
3273 2074 3326 2116 et
3345 2062 3542 2117 labiotr
3556 2065 3608 2122 ';

2018 2154 2137 2207 etsi
2166 2156 2281 2207 lucc
2309 2154 2425 2207 sola
2456 2155 2575 2221 iuit,
2609 2167 2832 2223 prorsus
2882 2162 2992 2207 tota
3024 2154 3318 2207 subruitur.
3346 2154 3450 2211 Sed
3481 2156 3503 2187 ³
3531 2164 3615 2208 est

2018 2246 2197 2299 adhuc
2217 2245 2388 2311 aliud,
2411 2246 2556 2315 quod
2610 2246 2679 2299 ad
2704 2245 2979 2300 cumulum
3020 2255 3217 2299 vestra:
3257 2246 3615 2301 convictionis

2020 2338 2265 2391 accedat.
2294 2338 2433 2405 Quid
2479 2337 2624 2391 enim
2658 2338 2702 2391 si
2730 2337 3033 2402 doceatur;
3081 2353 3187 2390 non
3236 2338 3407 2391 solum
3441 2336 3614 2407 prius-

2017 2444 2175 2496 qnam
2204 2431 2254 2481 iu
2278 2428 2394 2496 ejus
2409 2427 2849 2482 communionem
2865 2427 3156 2492 veniretis,
3188 2442 3361 2495 neque
3383 2436 3615 2481 tantum-

2020 2517 2181 2571 modo
2211 2533 2333 2572 cum
2363 2518 2429 2571 ad
2458 2518 2577 2582 ejus
2596 2516 3036 2571 communionem
3067 2518 3428 2581 venistis,sed
3454 2520 3615 2572 etiam

2021 2620 2202 2677 postea
2233 2606 2287 2663 in
2317 2608 2691 2663 hareticorom
2722 2607 3072 2662 nihilominus
3086 2623 3208 2662 cum
3238 2609 3617 2663 communione

2020 2700 2285 2755 durasse:
2319 2713 2499 2753 nonne
2542 2706 2632 2751 aut
2660 2712 2758 2768 per
2787 2698 2936 2751 illum
2969 2698 3108 2768 apud
3160 2712 3257 2753 vos
3310 2700 3619 2753 communio

2022 2789 2371 2859 perveniebat
2396 2789 2673 2857 lucretiea,
2707 2799 2800 2844 aut
2832 2789 2885 2843 in
2915 2790 3227 2844 ha-reticant
3281 2792 3619 2844 communio-

2022 2895 2145 2934 nem
2179 2895 2273 2935 vos
2305 2878 2427 2948 ejus
2453 2881 2781 2935 commercio
2821 2880 3181 2935 transibatis?
3214 2880 3410 2935 Docete
3451 2883 3616 2950 igitur

2021 2976 2241 3030 l’etrntu
2270 2974 2697 3029 Alexandrinum
2735 2974 2805 3028 ab
2834 2972 3157 3028 Antiocheni
3207 2972 3350 3027 Petri
3380 2989 3613 3041 unquam

2018 3065 2403 3119 communione
2454 3063 2703 3125 desiisse,
2752 3074 2803 3119 et
2858 3080 2962 3117 non
3019 3063 3283 3132 usquead
3322 3062 3465 3117 diem
3497 3078 3621 3116 cum

2022 3156 2391 3212 Antioehenns
2424 3155 2615 3211 Petrus
2640 3157 2690 3208 in
2741 3157 2839 3209 bac
2868 3155 2989 3210 luce
3015 3166 3258 3209 versatus
3288 3166 3391 3218 est,
3432 3155 3621 3208 inditi-

2021 3251 2183 3305 doum
2217 3252 2461 3321 utrisque
2491 3251 2656 3304 fuisse
2684 3251 3040 3305 consortium.
3082 3249 3161 3304 An
3188 3248 3381 3303 dicturi
3411 3250 3541 3303 estis
3570 3258 3622 3301 ιι

320 3316 426 3392 non
457 3316 701 3410 potuerat
724 3340 839 3408 ipse
884 3316 1147 3394 damnare
1194 3349 1249 3393 et
1281 3316 1433 3405 cujus
1479 3339 1758 3408 principali
1791 3340 1912 3392 dili-
1940 3316 1988 3378 θ
2027 3316 2419 3399 Antiocbeuuru
2451 3344 2668 3398 Petrum
2713 3342 2876 3398 inisse
2904 3351 3230 3405 correctum,
3282 3342 3301 3373 ⁰
3328 3340 3415 3394 cui
3448 3354 3623 3407 usque

319 3433 521 3500 gentia,
550 3442 609 3484 et
632 3432 826 3484 discuti
879 3433 1051 3499 pontit
1075 3443 1129 3485 et
1182 3431 1417 3501 purgari,
1469 3441 1523 3483 et
1554 3432 1620 3483 ad
1676 3445 1917 3484 coxnmo-

319 3524 532 3578 nionem
577 3522 971 3577 convenienter
1021 3524 1253 3577 admitti.
1331 3522 1463 3574 Cum
1515 3523 1656 3574 enim
1710 3532 1920 3575 constet

320 3628 538 3681 semper
568 3625 660 3665 aut
689 3613 835 3667 sedis
875 3615 1187 3679 apostolicre
1241 3616 1565 3667 auctoritate
1610 3612 1916 3682 bujosmodi

323 3717 603 3771 personas,
639 3704 1023 3757 aotdiscussas
1046 3703 1129 3756 vel
1155 3718 1277 3757 esse
1318 3712 1592 3772 purgatis,
1625 3714 1715 3757 aut
1742 3705 1823 3759 sic
1850 3707 1918 3757 ab

320 3796 443 3850 aliis
466 3796 661 3864 quibus
682 3796 1017 3864 cotnpetehat
1050 3795 1313 3864 episccqis
1338 3795 1631 3859 absolutas,
1653 3809 1705 3849 ut
1737 3808 1915 3850 tamen

321 3887 591 3941 absolutio
643 3903 826 3943 carum
886 3904 950 3941 ex
1012 3887 1157 3941 sedis
1200 3889 1512 3957 apostolicae
1558 3891 1917 3945 consensione

325 3978 587 4043 tonderet
615 3995 629 4030 :
661 3977 750 4032 ubi
795 3987 1081 4045 utrumque
1126 3978 1316 4042 deluit,
1377 3995 1490 4036 nec
1522 3980 1915 4035 discessionem

324 4070 645 4139 lgitintam,
681 4085 777 4124 nec
808 4072 1185 4139 purgationem
1215 4074 1448 4133 litmam,
1484 4086 1547 4124 ac
1581 4090 1672 4139 per
1714 4074 1811 4125 hoc
1838 4090 1917 4124 re-

323 4176 363 4216 ες
386 4162 623 4230 ptiottem
650 4160 816 4214 fuisse
835 4171 1045 4214 constat
1075 4161 1390 4215 indebitnnt.
1415 4161 1468 4216 Si
1494 4172 1547 4215 tu
1570 4162 1773 4229 ahSqne
1800 4179 1915 4215 tuna

323 4251 705 4306 communione
736 4250 952 4304 Petrum
977 4250 1227 4318 judicasti
1260 4268 1384 4306 esse
1417 4253 1766 4317 catholicum,
1814 4271 1917 4306 me-

323 4360 429 4413 que
450 4345 707 4413 despecto
734 4355 825 4396 tuo
847 4360 967 4397 cum
1014 4344 1137 4411 jure
1170 4344 1417 4413 recepisti
1440 4386 1453 4406 ,
1483 4345 1609 4411 quid
1655 4349 1917 4407 causeris,

322 4439 369 4491 si
400 4436 549 4490 illum
581 4450 682 4505 ego
711 4436 1139 4490 acommunione
1186 4451 1327 4499 mea,
1382 4453 1541 4505 qtiam
1595 4447 1649 4489 tu
1703 4438 1918 4492 voluisti

324 4538 715 4594 contemptam,
767 4536 1016 4594 tanquam
1060 4527 1263 4595 absque
1302 4538 1390 4581 tua
1438 4530 1627 4582 uetitin
1675 4530 1758 4583 vel
1791 4545 1917 4583 con-

324 4620 613 4675 soltatiooe
665 4620 1009 4688 repuleriml
1060 4620 1150 4674 Vis
1196 4623 1590 4691 acquiescere?
1633 4639 1785 4677 meus
1833 4641 1912 4679 es.

326 4711 441 4763 Non
474 4710 553 4764 vis
575 4710 927 4780 acquiescere
958 4710 1109 4765 inoo
1134 4728 1285 4766 meus
1314 4727 1393 4766 es.
1430 4713 1533 4780 Qui
1559 4716 1693 4768 enim
1722 4732 1916 4770 mecum

325 4817 428 4854 non
450 4810 545 4866 est,
568 4813 748 4854 contra
776 4816 855 4853 me
876 4812 987 4867 est;
1019 4812 1063 4855 ιι
1088 4802 1176 4870 qui
1195 4819 1388 4855 mecum
1405 4819 1505 4855 non
1528 4805 1744 4873 colligit,
1767 4822 1917 4873 spar-

326 4891 401 4959 git
431 4888 642 4962 (ﬂeuit.
692 4889 1029 4960 xtt).Qu:ero
1075 4890 1173 4944 abs
1228 4903 1301 4955 ινα,
1354 4892 1569 4946 Petrum
1609 4896 1919 4950 haeretisnm

327 4980 493 5033 fuisse
519 4988 696 5047 potas,
722 4997 788 5033 an
809 4981 1156 5047 cathol‘cmn,
1183 4997 1249 5034 an
1271 4980 1555 5038 abhmresi
1587 4995 1773 5054 postea
1799 5002 1921 5043 esse

326 5071 673 5125 correctum?
692 5072 747 5126 Si
772 5071 1108 5140 bmreticum,
1136 5073 1442 5128 nullatvuus
1473 5075 1648 5131 eidem
1680 5092 1925 5132 Cttmtltll-

329 5162 511 5215 nicare
540 5158 793 5227 debuisti,
816 5172 870 5217 et
898 5166 1071 5218 eidem
1098 5166 1571 5234 connuonicando,
1605 5169 1843 5225 ba-rctici
1872 5182 1923 5227 te

329 5252 676 5308 manifestum
698 5263 780 5307 est
806 5255 1004 5309 factum
1035 5255 1204 5311 fuisse
1231 5258 1569 5327 participem,
1592 5271 1647 5315 et
1663 5261 1779 5330 ejus
1801 5279 1924 5316 con-

330 5359 625 5419 seqneutcr
678 5363 746 5404 ex
796 5350 991 5421 synodi
1037 5361 1224 5407 tenore
1269 5354 1516 5409 teniettle
1582 5356 1926 5414 damnatione

409 5554 423 5583 ³
466 5551 538 5605 ΙοΙ.
580 5551 725 5613 cod.,
756 5566 854 5617 quo
884 5559 930 5603 et
956 5551 1025 5603 ita
1056 5553 1466 5607 coonuuuicavit.

408 5625 427 5653 ³
470 5620 545 5673 Μ.
588 5622 735 5683 cod.,
766 5622 857 5673 sed
878 5631 928 5672 tu
954 5623 1208 5678 videretur

406 5690 429 5721 ³
470 5690 544 5745 Id.
586 5691 735 5754 (ti-1L,
760 5693 991 5759 purgari.

407 5762 429 5790 ⁸
470 5761 545 5815 ω.
585 5762 733 5831 cod.,
764 5771 1052 5831 purgatum.

411 5831 430 5861 '
470 5831 544 5884 hi.
584 5830 733 5892 cod.,
777 5830 1050 5895 receptam.

412 5904 432 5937 ⁸
471 5901 580 5969 AL,
604 5916 714 5955 meo
740 5900 1024 5970 pontificio,
1048 5910 1100 5954 ιιι
1124 5916 1287 5954 meant
1299 5904 1515 5956 sententi
1535 5920 1600 5956 tot
1627 5904 1925 5971 resolvens,

2027 3436 2081 3490 in
2113 3438 2271 3487 linem
2298 3448 2358 3487 se
2380 3448 2487 3487 non
2514 3434 2942 3487 communicasse
2980 3433 3314 3501 gloriabatur
3357 3429 3623 3484 Aeacius?

2025 3528 2129 3581 Sed
2160 3527 2201 3556 ⁸ο
2226 3526 2365 3593 quod
2401 3525 2620 3594 profuit,
2646 3523 2789 3594 quod
2840 3526 2914 3577 illi
2965 3541 3061 3591 per
3098 3523 3335 3594 seipsnm
3381 3538 3622 3576 ιιοιιιιιιυ⁴

2026 3620 2211 3672 nicare
2238 3632 2343 3671 non
2374 3618 2698 3679 volnit,cum
2729 3616 2905 3669 eidem
2942 3631 3035 3682 per
3075 3614 3499 3669 Alexandrinum
3528 3613 3623 3669 Pe-

2028 3720 2167 3761 trttnt
2221 3709 2341 3761 sine
2392 3708 2498 3762 ulla
2546 3722 2605 3760 se
2650 3707 3053 3761 communicare
3105 3715 3317 3773 putaret
3367 3705 3624 3758 invidia?

2025 3800 2161 3866 Quid
2196 3800 2419 3855 facimus
2450 3801 2517 3854 de
2548 3809 2621 3852 tot
2656 3801 2925 3867 tantisque
2963 3798 3296 3861 civitatibus,
3345 3814 3405 3853 es
3432 3798 3625 3866 quibus

2023 3891 2277 3945 catholici
2310 3892 2591 3956 pontiﬁces
2623 3890 3014 3961 simtrepulsi?
3053 3890 3107 3947 Si
3150 3888 3401 3943 catholici
3434 3889 3625 3941 subro-

2022 3984 2132 4051 μιιὶ
2160 3992 2313 4046 sunt,
2343 3996 2437 4035 cur
2460 3982 2709 4035 catholici
2736 3990 2863 4035 sunt
2912 3979 3142 4048 rejcCIi?
3193 3979 3298 4034 Sed
3348 3978 3626 4031 evidenter

2022 4088 2268 4146 apparet.
2288 4078 2410 4144 quia
2439 4091 2559 4128 cum
2576 4073 2823 4128 catholici
2851 4080 2976 4124 sunt
3004 4071 3216 4135 rejecti,
3248 4086 3352 4124 non
3367 4071 3624 4123 catholici

2024 4181 2149 4223 sunt
2178 4171 2473 4235 subreguli.
2512 4167 2701 4221 Restat
2722 4176 2777 4219 nt
2809 4165 3092 4219 catholicis
3140 4163 3379 4217 lueretici
3407 4165 3627 4226 quicun-

2023 4277 2126 4330 que
2153 4259 2539 4315 successerint.
2569 4261 2678 4312 Cur
2698 4273 2778 4312 eis
2806 4267 3009 4311 temere
3033 4256 3503 4310 comnmnii-astis?
3532 4271 3628 4306 cur

2027 4369 2154 4411 non,
2189 4370 2219 4405 ιι
2276 4353 2374 4405 ista
2408 4366 2543 4405 nova
2577 4349 2745 4403 iacies
2767 4363 2969 4409 rerum,
3018 4358 3069 4401 et
3107 4357 3250 4399 tanta
3278 4345 3537 4413 tragwdla
3561 4346 3628 4398 de

2025 4445 2337 4513 pontiﬁcum
2358 4443 2711 4497 successione
2745 4438 3034 4493 vivi-utinm
3080 4453 3108 4491 a
3138 4437 3347 4507 synodo
3393 4436 3627 4488 discute-

2026 4548 2173 4590 retur
2203 4534 2388 4603 egistis
2412 4539 2435 4585 ’ἵ
2461 4534 2544 4586 Αιι
2568 4531 2635 4585 de
2664 4546 2772 4584 uno
2798 4530 2943 4583 dolet
2970 4527 3187 4591 Acacio.
3233 4526 3373 4596 quod
3406 4526 3627 4594 speciali

2024 4626 2231 4697 synodo
2262 4638 2369 4679 non
2401 4623 2561 4677 fuerit
2582 4620 2911 4681 confutatus",
2945 4635 3066 4673 cum
3115 4618 3393 4687 proprium
3420 4617 3627 4669 crimen

2026 4719 2138 4771 suis
2160 4716 2352 4770 litteris
2380 4717 2497 4784 ipse
2528 4713 2796 4768 detexerit
2821 4754 2836 4779 ,
2872 4727 2972 4764 nec
3020 4711 3191 4763 audiri
3244 4709 3488 4763 debuerit
3515 4707 3627 4775 jam

2024 4817 2219 4875 sponte
2248 4806 2532 4859 cottit'Ssus
2558 4820 2573 4869 ;
2602 4817 2649 4858 et
2682 4803 2748 4857 de
2779 4803 2942 4856 tantis
2975 4800 3327 4870 pontiﬁcibus
3349 4797 3629 4851 catholicis

2030 4916 2135 4952 non
2166 4899 2310 4950 dolet
2338 4898 2457 4950 sine
2490 4896 2594 4949 ulla
2618 4895 2957 4949 discussione
2980 4893 3206 4947 seclusis
3235 4892 3258 4943 Ἰ
3282 4890 3382 4957 Qui
3406 4889 3590 4956 utique
3611 4930 3627 4953 ,

2030 4990 2074 5043 si
2107 4989 2405 5043 catholicos
2435 4995 2659 5040 nossent
2692 5000 2787 5041 eos
2807 5000 3037 5054 quorum
3081 4982 3521 5037 contnmnionem
3553 4981 3628 5032 vi-

2032 5090 2295 5143 taverunt,
2329 5080 2413 5133 itis
2438 5080 2617 5149 potius
2663 5079 3066 5132 communiiare
3098 5078 3433 5139 maluissent,
3469 5090 3629 5141 quam

2030 5190 2138 5230 non
2168 5173 2633 5228 communicantes
2676 5171 2756 5225 eis
2811 5170 2944 5223 dura
2991 5168 3365 5237 persecutione
3408 5163 3627 5233 depelli.

2034 5269 2172 5323 Ecce
2203 5266 2338 5320 tanti
2379 5262 2633 5317 catholici
2662 5261 2979 5317 sacerdotes
3004 5260 3105 5315 hoc
3126 5258 3243 5327 ipso
3280 5273 3341 5313 se
3373 5257 3627 5315 indicant,

2034 5360 2161 5431 quid
2185 5357 2488 5429 apostolica
2513 5355 2673 5411 sedes
2703 5352 2977 5410 censuerit
3004 5351 3352 5423 cognovisse,
3371 5357 3561 5403 .c0ttsta
3572 5362 3630 5400 ιι.

2031 5559 2127 5629 jus
2147 5571 2245 5629 non
2278 5553 2510 5629 habente,
2551 5551 2809 5629 Lanaeus.

2108 5627 2127 5655 ⁷
2173 5626 2283 5687 ΑΙ..
2311 5623 2587 5677 auctoritas
2616 5638 2635 5674 :
2660 5630 2706 5676 et
2733 5622 2774 5673 si
2804 5620 2913 5673 lucc
2952 5619 3063 5673 sola
3113 5617 3239 5682 sint,
3288 5629 3497 5681 prorsus
3525 5621 3631 5666 toto

2036 5697 2212 5751 subrui
2239 5712 2317 5747 nr.

2111 5768 2131 5795 ⁸
2172 5766 2303 5819 Cod.
2332 5763 2556 5827 Vcron.,
2590 5762 2679 5813 sed
2698 5760 2997 5813 adducitur.

2110 5840 2129 5867 ⁹
2170 5838 2247 5887 id.
2288 5835 2434 5899 cod.,
2458 5849 2550 5884 rtn'
2573 5847 2747 5896 usque.

2115 5906 2153 5935 ’θ
2196 5909 2268 5958 id.
2315 5905 2460 5969 c-nl.,
2489 5903 2611 5973 quid
2665 5902 2881 5970 profuit.
