  <div class='ocr_page' id='page_1' title='image "/cluster/home/n/w/nwhite01/storage/ocr_20150623/58-59/uc1.31175013991289/667.png"; bbox 0 0 3994 6390; ppageno 0'>
   <div class='ocr_carea' id='block_1_1' title="bbox 427 339 2054 445">
    <p class='ocr_par' dir='ltr' id='par_1_1' title="bbox 427 357 2052 445">
     <span class='ocr_line' id='line_1_1' title="bbox 427 357 2052 445; baseline -0.004 -30"><span class='ocrx_word' id='word_1_1' title='bbox 427 370 429 372; x_wconf 92' lang='grc'>·</span> <span class='ocrx_word' id='word_1_2' title='bbox 486 391 553 445; x_wconf 65' lang='lat'><strong>95</strong></span> <span class='ocrx_word' id='word_1_3' title='bbox 1783 357 2052 416; x_wconf 64' lang='lat' dir='ltr'><strong>GEIASII</strong></span> 
     </span>
    </p>
   </div>
   <div class='ocr_carea' id='block_1_2' title="bbox 2159 339 3720 445">
    <p class='ocr_par' dir='ltr' id='par_1_2' title="bbox 2159 339 3720 409">
     <span class='ocr_line' id='line_1_2' title="bbox 2159 339 3720 409; baseline -0.002 -1"><span class='ocrx_word' id='word_1_4' title='bbox 2159 354 2291 409; x_wconf 74' lang='lat' dir='ltr'><strong>lNE</strong></span> <span class='ocrx_word' id='word_1_5' title='bbox 2330 353 2348 405; x_wconf 84' lang='grc' dir='ltr'><strong>ι</strong></span> <span class='ocrx_word' id='word_1_6' title='bbox 3652 339 3720 394; x_wconf 59' lang='lat'><strong>9&quot;</strong></span> 
     </span>
    </p>
   </div>
   <div class='ocr_carea' id='block_1_3' title="bbox 484 469 2120 566">
    <p class='ocr_par' dir='ltr' id='par_1_3' title="bbox 484 469 2120 566">
     <span class='ocr_line' id='line_1_3' title="bbox 484 469 2120 566; baseline -0.023 -13"><span class='ocrx_word' id='word_1_7' title='bbox 484 513 666 566; x_wconf 81' lang='lat' dir='ltr'><strong>terque</strong></span> <span class='ocrx_word' id='word_1_8' title='bbox 709 495 964 564; x_wconf 78' lang='lat' dir='ltr'><strong>probasse</strong></span> <span class='ocrx_word' id='word_1_9' title='bbox 1013 485 1368 551; x_wconf 88' lang='lat' dir='ltr'><strong>retinendum,</strong></span> <span class='ocrx_word' id='word_1_10' title='bbox 1416 479 1556 549; x_wconf 87' lang='lat' dir='ltr'><strong>quod</strong></span> <span class='ocrx_word' id='word_1_11' title='bbox 1604 471 2044 566; x_wconf 73' lang='lat' dir='ltr'><strong>communionem</strong></span> <span class='ocrx_word' id='word_1_12' title='bbox 2073 469 2120 528; x_wconf 78' lang='grc' dir='ltr'><strong>Α</strong></span> 
     </span>
    </p>
   </div>
   <div class='ocr_carea' id='block_1_4' title="bbox 483 561 2042 646">
    <p class='ocr_par' dir='ltr' id='par_1_4' title="bbox 483 561 2042 646">
     <span class='ocr_line' id='line_1_4' title="bbox 483 561 2042 646; baseline -0.017 -5"><span class='ocrx_word' id='word_1_13' title='bbox 483 561 795 642; x_wconf 62' lang='lat' dir='ltr'><strong>catholicam</strong></span> <span class='ocrx_word' id='word_1_14' title='bbox 827 593 1177 646; x_wconf 80' lang='lat' dir='ltr'><strong>reservantes,</strong></span> <span class='ocrx_word' id='word_1_15' title='bbox 1220 589 1274 632; x_wconf 87' lang='lat' dir='ltr'><strong>et</strong></span> <span class='ocrx_word' id='word_1_16' title='bbox 1318 591 1410 632; x_wconf 90' lang='lat' dir='ltr'><strong>eos</strong></span> <span class='ocrx_word' id='word_1_17' title='bbox 1439 574 1527 643; x_wconf 99' lang='lat' dir='ltr'><strong>qui</strong></span> <span class='ocrx_word' id='word_1_18' title='bbox 1566 567 1879 638; x_wconf 63' lang='lat' dir='ltr'><strong>apostolica:</strong></span> <span class='ocrx_word' id='word_1_19' title='bbox 1924 561 2042 617; x_wconf 87' lang='lat' dir='ltr'><strong>sedi</strong></span> 
     </span>
    </p>
   </div>
   <div class='ocr_carea' id='block_1_5' title="bbox 483 655 2043 741">
    <p class='ocr_par' dir='ltr' id='par_1_5' title="bbox 483 655 2043 741">
     <span class='ocr_line' id='line_1_5' title="bbox 483 655 2043 741; baseline -0.015 -11"><span class='ocrx_word' id='word_1_20' title='bbox 483 673 813 731; x_wconf 71' lang='lat' dir='ltr'><strong>communica</strong></span> <span class='ocrx_word' id='word_1_21' title='bbox 821 684 956 740; x_wconf 88' lang='lat' dir='ltr'><strong>rent,</strong></span> <span class='ocrx_word' id='word_1_22' title='bbox 969 674 1174 741; x_wconf 75' lang='lat' dir='ltr'><strong>elegere</strong></span> <span class='ocrx_word' id='word_1_23' title='bbox 1184 672 1479 728; x_wconf 83' lang='lat' dir='ltr'><strong>consortes;</strong></span> <span class='ocrx_word' id='word_1_24' title='bbox 1493 662 1675 718; x_wconf 84' lang='lat' dir='ltr'><strong>etillos</strong></span> <span class='ocrx_word' id='word_1_25' title='bbox 1686 657 1877 728; x_wconf 84' lang='lat' dir='ltr'><strong>quibus</strong></span> <span class='ocrx_word' id='word_1_26' title='bbox 1887 655 2043 709; x_wconf 82' lang='lat' dir='ltr'><strong>sedes</strong></span> 
     </span>
    </p>
   </div>
   <div class='ocr_carea' id='block_1_6' title="bbox 484 752 2044 834">
    <p class='ocr_par' dir='ltr' id='par_1_6' title="bbox 484 752 2044 834">
     <span class='ocr_line' id='line_1_6' title="bbox 484 752 2044 834; baseline -0.013 -14"><span class='ocrx_word' id='word_1_27' title='bbox 484 767 775 834; x_wconf 85' lang='lat' dir='ltr'><strong>apostolica</strong></span> <span class='ocrx_word' id='word_1_28' title='bbox 800 765 817 796; x_wconf 72' lang='grc' dir='ltr'>ί</span> <span class='ocrx_word' id='word_1_29' title='bbox 847 765 1154 818; x_wconf 74' lang='lat' dir='ltr'><strong>decreverat</strong></span> <span class='ocrx_word' id='word_1_30' title='bbox 1181 757 1400 812; x_wconf 89' lang='lat' dir='ltr'><strong>minime</strong></span> <span class='ocrx_word' id='word_1_31' title='bbox 1423 752 1820 809; x_wconf 79' lang='lat' dir='ltr'><strong>communicare</strong></span> <span class='ocrx_word' id='word_1_32' title='bbox 1838 791 1852 812; x_wconf 89' lang='lat'><strong>.</strong></span> <span class='ocrx_word' id='word_1_33' title='bbox 1879 760 2044 816; x_wconf 85' lang='lat' dir='ltr'><strong>usque</strong></span> 
     </span>
    </p>
   </div>
   <div class='ocr_carea' id='block_1_7' title="bbox 489 840 2044 924">
    <p class='ocr_par' dir='ltr' id='par_1_7' title="bbox 489 840 2044 924">
     <span class='ocr_line' id='line_1_7' title="bbox 489 840 2044 924; baseline -0.014 -16"><span class='ocrx_word' id='word_1_34' title='bbox 489 857 556 910; x_wconf 86' lang='lat' dir='ltr'><strong>ad</strong></span> <span class='ocrx_word' id='word_1_35' title='bbox 589 852 973 924; x_wconf 76' lang='lat' dir='ltr'><strong>persecutionis</strong></span> <span class='ocrx_word' id='word_1_36' title='bbox 993 851 1235 903; x_wconf 82' lang='lat' dir='ltr'><strong>incursus</strong></span> <span class='ocrx_word' id='word_1_37' title='bbox 1264 849 1284 878; x_wconf 83' lang='grc'>³</span> <span class='ocrx_word' id='word_1_38' title='bbox 1325 858 1547 901; x_wconf 89' lang='lat' dir='ltr'><strong>renuere</strong></span> <span class='ocrx_word' id='word_1_39' title='bbox 1567 850 1863 897; x_wconf 90' lang='lat' dir='ltr'><strong>consortes.</strong></span> <span class='ocrx_word' id='word_1_40' title='bbox 1889 840 2044 891; x_wconf 77' lang='lat' dir='ltr'><strong>(lcrte</strong></span> 
     </span>
    </p>
   </div>
   <div class='ocr_carea' id='block_1_8' title="bbox 486 929 2042 1014">
    <p class='ocr_par' dir='ltr' id='par_1_8' title="bbox 486 929 2042 1014">
     <span class='ocr_line' id='line_1_8' title="bbox 486 929 2042 1014; baseline -0.01 -19"><span class='ocrx_word' id='word_1_41' title='bbox 486 962 602 1014; x_wconf 79' lang='lat' dir='ltr'><strong>qua:</strong></span> <span class='ocrx_word' id='word_1_42' title='bbox 631 945 784 998; x_wconf 83' lang='lat' dir='ltr'><strong>sedes</strong></span> <span class='ocrx_word' id='word_1_43' title='bbox 813 940 1100 1010; x_wconf 89' lang='lat' dir='ltr'><strong>apostolica</strong></span> <span class='ocrx_word' id='word_1_44' title='bbox 1144 939 1482 997; x_wconf 87' lang='lat' dir='ltr'><strong>decreverat,</strong></span> <span class='ocrx_word' id='word_1_45' title='bbox 1529 931 1887 987; x_wconf 80' lang='lat' dir='ltr'><strong>Orientalibus</strong></span> <span class='ocrx_word' id='word_1_46' title='bbox 1926 929 2042 996; x_wconf 90' lang='lat' dir='ltr'><strong>epi-</strong></span> 
     </span>
    </p>
   </div>
   <div class='ocr_carea' id='block_1_9' title="bbox 485 1017 2045 1103">
    <p class='ocr_par' dir='ltr' id='par_1_9' title="bbox 485 1017 2045 1103">
     <span class='ocr_line' id='line_1_9' title="bbox 485 1017 2045 1103; baseline -0.013 -14"><span class='ocrx_word' id='word_1_47' title='bbox 485 1037 657 1103; x_wconf 85' lang='lat' dir='ltr'><strong>scopis</strong></span> <span class='ocrx_word' id='word_1_48' title='bbox 679 1049 783 1086; x_wconf 93' lang='lat' dir='ltr'><strong>non</strong></span> <span class='ocrx_word' id='word_1_49' title='bbox 817 1031 1115 1085; x_wconf 83' lang='lat' dir='ltr'><strong>innotuisse</strong></span> <span class='ocrx_word' id='word_1_50' title='bbox 1151 1030 1394 1094; x_wconf 74' lang='lat' dir='ltr'><strong>iactatur.</strong></span> <span class='ocrx_word' id='word_1_51' title='bbox 1423 1023 1572 1078; x_wconf 90' lang='lat' dir='ltr'><strong>Unde</strong></span> <span class='ocrx_word' id='word_1_52' title='bbox 1598 1037 1724 1087; x_wconf 77' lang='lat' dir='ltr'><strong>ergo</strong></span> <span class='ocrx_word' id='word_1_53' title='bbox 1767 1029 1846 1072; x_wconf 91' lang='lat' dir='ltr'><strong>tot</strong></span> <span class='ocrx_word' id='word_1_54' title='bbox 1888 1017 2045 1070; x_wconf 86' lang='lat' dir='ltr'><strong>tanti-</strong></span> 
     </span>
    </p>
   </div>
   <div class='ocr_carea' id='block_1_10' title="bbox 485 1108 2045 1194">
    <p class='ocr_par' dir='ltr' id='par_1_10' title="bbox 485 1108 2045 1194">
     <span class='ocr_line' id='line_1_10' title="bbox 485 1108 2045 1194; baseline -0.011 -17"><span class='ocrx_word' id='word_1_55' title='bbox 485 1139 589 1194; x_wconf 90' lang='lat' dir='ltr'><strong>que</strong></span> <span class='ocrx_word' id='word_1_56' title='bbox 637 1125 918 1191; x_wconf 80' lang='lat' dir='ltr'><strong>pontifices</strong></span> <span class='ocrx_word' id='word_1_57' title='bbox 961 1133 1122 1174; x_wconf 91' lang='lat' dir='ltr'><strong>unum</strong></span> <span class='ocrx_word' id='word_1_58' title='bbox 1173 1117 1415 1183; x_wconf 85' lang='lat' dir='ltr'><strong>idemque</strong></span> <span class='ocrx_word' id='word_1_59' title='bbox 1439 1128 1557 1166; x_wconf 92' lang='lat' dir='ltr'><strong>cum</strong></span> <span class='ocrx_word' id='word_1_60' title='bbox 1589 1112 1717 1165; x_wconf 87' lang='lat' dir='ltr'><strong>sede</strong></span> <span class='ocrx_word' id='word_1_61' title='bbox 1758 1108 2045 1176; x_wconf 85' lang='lat' dir='ltr'><strong>apostolica</strong></span> 
     </span>
    </p>
   </div>
   <div class='ocr_carea' id='block_1_11' title="bbox 485 1199 2046 1279">
    <p class='ocr_par' dir='ltr' id='par_1_11' title="bbox 485 1199 2046 1279">
     <span class='ocr_line' id='line_1_11' title="bbox 485 1199 2046 1279; baseline -0.013 -13"><span class='ocrx_word' id='word_1_62' title='bbox 485 1214 778 1267; x_wconf 79' lang='lat' dir='ltr'><strong>sentientes</strong></span> <span class='ocrx_word' id='word_1_63' title='bbox 798 1255 814 1279; x_wconf 95' lang='lat'><strong>,</strong></span> <span class='ocrx_word' id='word_1_64' title='bbox 863 1223 1088 1277; x_wconf 81' lang='lat' dir='ltr'><strong>eamque</strong></span> <span class='ocrx_word' id='word_1_65' title='bbox 1113 1207 1397 1276; x_wconf 85' lang='lat' dir='ltr'><strong>probantes</strong></span> <span class='ocrx_word' id='word_1_66' title='bbox 1425 1211 1546 1270; x_wconf 87' lang='lat' dir='ltr'><strong>apta</strong></span> <span class='ocrx_word' id='word_1_67' title='bbox 1593 1199 1830 1269; x_wconf 75' lang='lat' dir='ltr'><strong>religioni</strong></span> <span class='ocrx_word' id='word_1_68' title='bbox 1861 1213 2046 1253; x_wconf 86' lang='lat' dir='ltr'><strong>sacro-</strong></span> 
     </span>
    </p>
   </div>
   <div class='ocr_carea' id='block_1_12' title="bbox 485 1291 2042 1368">
    <p class='ocr_par' dir='ltr' id='par_1_12' title="bbox 485 1291 2042 1368">
     <span class='ocr_line' id='line_1_12' title="bbox 485 1291 2042 1368; baseline -0.008 -12"><span class='ocrx_word' id='word_1_69' title='bbox 485 1313 685 1359; x_wconf 78' lang='lat' dir='ltr'><strong>sanctre</strong></span> <span class='ocrx_word' id='word_1_70' title='bbox 730 1315 956 1368; x_wconf 89' lang='lat' dir='ltr'><strong>veraque</strong></span> <span class='ocrx_word' id='word_1_71' title='bbox 993 1299 1231 1353; x_wconf 77' lang='lat' dir='ltr'><strong>sanxisse</strong></span> <span class='ocrx_word' id='word_1_72' title='bbox 1249 1335 1265 1360; x_wconf 91' lang='lat'><strong>,</strong></span> <span class='ocrx_word' id='word_1_73' title='bbox 1296 1310 1414 1365; x_wconf 75' lang='lat' dir='ltr'><strong>qua:</strong></span> <span class='ocrx_word' id='word_1_74' title='bbox 1443 1309 1548 1346; x_wconf 90' lang='lat' dir='ltr'><strong>non</strong></span> <span class='ocrx_word' id='word_1_75' title='bbox 1574 1294 1747 1347; x_wconf 90' lang='lat' dir='ltr'><strong>solum</strong></span> <span class='ocrx_word' id='word_1_76' title='bbox 1773 1291 2042 1360; x_wconf 88' lang='lat' dir='ltr'><strong>sequenda</strong></span> 
     </span>
    </p>
   </div>
   <div class='ocr_carea' id='block_1_13' title="bbox 487 1385 2044 1460">
    <p class='ocr_par' dir='ltr' id='par_1_13' title="bbox 487 1385 2044 1460">
     <span class='ocr_line' id='line_1_13' title="bbox 487 1385 2044 1460; baseline -0.008 -14"><span class='ocrx_word' id='word_1_77' title='bbox 487 1395 586 1447; x_wconf 62' lang='lat' dir='ltr'><strong>sibi</strong></span> <span class='ocrx_word' id='word_1_78' title='bbox 629 1394 650 1424; x_wconf 87' lang='grc'>³</span> <span class='ocrx_word' id='word_1_79' title='bbox 682 1393 1084 1460; x_wconf 87' lang='lat' dir='ltr'><strong>judicaverunt,</strong></span> <span class='ocrx_word' id='word_1_80' title='bbox 1115 1387 1205 1442; x_wconf 91' lang='lat' dir='ltr'><strong>sed</strong></span> <span class='ocrx_word' id='word_1_81' title='bbox 1234 1385 1391 1440; x_wconf 89' lang='lat' dir='ltr'><strong>etiam</strong></span> <span class='ocrx_word' id='word_1_82' title='bbox 1420 1399 1586 1453; x_wconf 90' lang='lat' dir='ltr'><strong>usque</strong></span> <span class='ocrx_word' id='word_1_83' title='bbox 1617 1385 1682 1437; x_wconf 90' lang='lat' dir='ltr'><strong>ad</strong></span> <span class='ocrx_word' id='word_1_84' title='bbox 1715 1385 2044 1449; x_wconf 58' lang='lat' dir='ltr'><strong>persecutio-</strong></span> 
     </span>
    </p>
   </div>
   <div class='ocr_carea' id='block_1_14' title="bbox 486 1472 2049 1548">
    <p class='ocr_par' dir='ltr' id='par_1_14' title="bbox 486 1472 2049 1548">
     <span class='ocr_line' id='line_1_14' title="bbox 486 1472 2049 1548; baseline -0.007 -11"><span class='ocrx_word' id='word_1_85' title='bbox 486 1500 609 1538; x_wconf 90' lang='lat' dir='ltr'><strong>nem</strong></span> <span class='ocrx_word' id='word_1_86' title='bbox 666 1483 888 1535; x_wconf 79' lang='lat' dir='ltr'><strong>viriliter</strong></span> <span class='ocrx_word' id='word_1_87' title='bbox 933 1479 1197 1534; x_wconf 80' lang='lat' dir='ltr'><strong>exerenda</strong></span> <span class='ocrx_word' id='word_1_88' title='bbox 1229 1477 1333 1548; x_wconf 81' lang='grc' dir='ltr'><strong>[αι.</strong></span> <span class='ocrx_word' id='word_1_89' title='bbox 1365 1472 1758 1543; x_wconf 80' lang='lat' dir='ltr'><strong>exsecranda]?</strong></span> <span class='ocrx_word' id='word_1_90' title='bbox 1787 1474 1926 1528; x_wconf 87' lang='lat' dir='ltr'><strong>Ecce</strong></span> <span class='ocrx_word' id='word_1_91' title='bbox 1959 1474 2049 1526; x_wconf 89' lang='lat' dir='ltr'><strong>ba-</strong></span> 
     </span>
    </p>
   </div>
   <div class='ocr_carea' id='block_1_15' title="bbox 488 1568 2050 1643">
    <p class='ocr_par' dir='ltr' id='par_1_15' title="bbox 488 1568 2050 1643">
     <span class='ocr_line' id='line_1_15' title="bbox 488 1568 2050 1643; baseline -0.006 -13"><span class='ocrx_word' id='word_1_92' title='bbox 488 1578 678 1630; x_wconf 90' lang='lat' dir='ltr'><strong>buistis</strong></span> <span class='ocrx_word' id='word_1_93' title='bbox 705 1577 793 1643; x_wconf 88' lang='lat' dir='ltr'><strong>qui</strong></span> <span class='ocrx_word' id='word_1_94' title='bbox 824 1573 1128 1643; x_wconf 80' lang='lat' dir='ltr'><strong>apostolicae</strong></span> <span class='ocrx_word' id='word_1_95' title='bbox 1159 1570 1586 1634; x_wconf 90' lang='lat' dir='ltr'><strong>constitutionis,</strong></span> <span class='ocrx_word' id='word_1_96' title='bbox 1622 1578 1676 1623; x_wconf 88' lang='lat' dir='ltr'><strong>et</strong></span> <span class='ocrx_word' id='word_1_97' title='bbox 1700 1568 1937 1623; x_wconf 87' lang='lat' dir='ltr'><strong>notitiam</strong></span> <span class='ocrx_word' id='word_1_98' title='bbox 1963 1582 2050 1621; x_wconf 86' lang='lat' dir='ltr'><strong>vo-</strong></span> 
     </span>
    </p>
   </div>
   <div class='ocr_carea' id='block_1_16' title="bbox 489 1660 2046 1733">
    <p class='ocr_par' dir='ltr' id='par_1_16' title="bbox 489 1660 2046 1733">
     <span class='ocr_line' id='line_1_16' title="bbox 489 1660 2046 1733; baseline -0.006 -14"><span class='ocrx_word' id='word_1_99' title='bbox 489 1667 570 1720; x_wconf 85' lang='lat' dir='ltr'><strong>bis</strong></span> <span class='ocrx_word' id='word_1_100' title='bbox 599 1667 919 1733; x_wconf 81' lang='lat' dir='ltr'><strong>ingererent,</strong></span> <span class='ocrx_word' id='word_1_101' title='bbox 940 1673 992 1716; x_wconf 90' lang='lat' dir='ltr'><strong>et</strong></span> <span class='ocrx_word' id='word_1_102' title='bbox 1015 1663 1273 1717; x_wconf 86' lang='lat' dir='ltr'><strong>retinendi</strong></span> <span class='ocrx_word' id='word_1_103' title='bbox 1293 1662 1642 1716; x_wconf 87' lang='lat' dir='ltr'><strong>constantiam</strong></span> <span class='ocrx_word' id='word_1_104' title='bbox 1662 1660 2046 1724; x_wconf 80' lang='lat' dir='ltr'><strong>ministrarent,</strong></span> 
     </span>
    </p>
   </div>
   <div class='ocr_carea' id='block_1_17' title="bbox 487 1750 2047 1823">
    <p class='ocr_par' dir='ltr' id='par_1_17' title="bbox 487 1750 2047 1823">
     <span class='ocr_line' id='line_1_17' title="bbox 487 1750 2047 1823; baseline -0.006 -14"><span class='ocrx_word' id='word_1_105' title='bbox 487 1756 531 1809; x_wconf 93' lang='lat' dir='ltr'><strong>si</strong></span> <span class='ocrx_word' id='word_1_106' title='bbox 569 1754 855 1823; x_wconf 87' lang='lat' dir='ltr'><strong>apostolica</strong></span> <span class='ocrx_word' id='word_1_107' title='bbox 898 1753 1056 1808; x_wconf 87' lang='lat' dir='ltr'><strong>sedes</strong></span> <span class='ocrx_word' id='word_1_108' title='bbox 1097 1752 1355 1817; x_wconf 83' lang='lat' dir='ltr'><strong>misisset,</strong></span> <span class='ocrx_word' id='word_1_109' title='bbox 1391 1753 1474 1804; x_wconf 82' lang='lat' dir='ltr'><strong>vix</strong></span> <span class='ocrx_word' id='word_1_110' title='bbox 1504 1753 1638 1804; x_wconf 82' lang='lat' dir='ltr'><strong>duos</strong></span> <span class='ocrx_word' id='word_1_111' title='bbox 1664 1760 1756 1803; x_wconf 86' lang='lat' dir='ltr'><strong>aut</strong></span> <span class='ocrx_word' id='word_1_112' title='bbox 1784 1761 1891 1804; x_wconf 89' lang='lat' dir='ltr'><strong>tres</strong></span> <span class='ocrx_word' id='word_1_113' title='bbox 1918 1750 2047 1802; x_wconf 91' lang='lat' dir='ltr'><strong>diri-</strong></span> 
     </span>
    </p>
   </div>
   <div class='ocr_carea' id='block_1_18' title="bbox 2155 448 3723 532">
    <p class='ocr_par' dir='ltr' id='par_1_18' title="bbox 2155 448 3723 532">
     <span class='ocr_line' id='line_1_18' title="bbox 2155 448 3723 532; baseline -0.01 -17"><span class='ocrx_word' id='word_1_114' title='bbox 2155 479 2249 532; x_wconf 91' lang='lat' dir='ltr'><strong>pro</strong></span> <span class='ocrx_word' id='word_1_115' title='bbox 2282 462 2561 516; x_wconf 66' lang='lat' dir='ltr'><strong>mundana!</strong></span> <span class='ocrx_word' id='word_1_116' title='bbox 2591 457 2843 527; x_wconf 72' lang='lat' dir='ltr'><strong>potentizc</strong></span> <span class='ocrx_word' id='word_1_117' title='bbox 2862 455 3154 518; x_wconf 80' lang='lat' dir='ltr'><strong>voluntate,</strong></span> <span class='ocrx_word' id='word_1_118' title='bbox 3188 451 3356 506; x_wconf 85' lang='lat' dir='ltr'><strong>sacris</strong></span> <span class='ocrx_word' id='word_1_119' title='bbox 3380 448 3723 520; x_wconf 77' lang='lat' dir='ltr'><strong>dignitatibus</strong></span> 
     </span>
    </p>
   </div>
   <div class='ocr_carea' id='block_1_19' title="bbox 2152 539 3723 622">
    <p class='ocr_par' dir='ltr' id='par_1_19' title="bbox 2152 539 3723 622">
     <span class='ocr_line' id='line_1_19' title="bbox 2152 539 3723 622; baseline -0.012 -14"><span class='ocrx_word' id='word_1_120' title='bbox 2152 555 2512 622; x_wconf 63' lang='lat' dir='ltr'><strong>privarentur.</strong></span> <span class='ocrx_word' id='word_1_121' title='bbox 2544 551 2616 602; x_wconf 80' lang='lat' dir='ltr'><strong>Ex</strong></span> <span class='ocrx_word' id='word_1_122' title='bbox 2650 548 2789 600; x_wconf 87' lang='lat' dir='ltr'><strong>nulla</strong></span> <span class='ocrx_word' id='word_1_123' title='bbox 2822 545 2986 599; x_wconf 76' lang='lat' dir='ltr'><strong>veteri</strong></span> <span class='ocrx_word' id='word_1_124' title='bbox 3019 542 3199 607; x_wconf 86' lang='lat' dir='ltr'><strong>causa,</strong></span> <span class='ocrx_word' id='word_1_125' title='bbox 3224 558 3288 597; x_wconf 80' lang='lat' dir='ltr'><strong>ex</strong></span> <span class='ocrx_word' id='word_1_126' title='bbox 3323 543 3468 595; x_wconf 90' lang='lat' dir='ltr'><strong>nullo</strong></span> <span class='ocrx_word' id='word_1_127' title='bbox 3498 539 3723 605; x_wconf 65' lang='lat' dir='ltr'><strong>collegio</strong></span> 
     </span>
    </p>
   </div>
   <div class='ocr_carea' id='block_1_20' title="bbox 2150 633 3725 706">
    <p class='ocr_par' dir='ltr' id='par_1_20' title="bbox 2150 633 3725 706">
     <span class='ocr_line' id='line_1_20' title="bbox 2150 633 3725 706; baseline -0.01 -8"><span class='ocrx_word' id='word_1_128' title='bbox 2150 654 2363 705; x_wconf 83' lang='lat' dir='ltr'><strong>reatus,</strong></span> <span class='ocrx_word' id='word_1_129' title='bbox 2418 657 2515 695; x_wconf 88' lang='lat' dir='ltr'><strong>nec</strong></span> <span class='ocrx_word' id='word_1_130' title='bbox 2564 638 2842 706; x_wconf 89' lang='lat' dir='ltr'><strong>participio</strong></span> <span class='ocrx_word' id='word_1_131' title='bbox 2887 634 3173 701; x_wconf 69' lang='lat' dir='ltr'><strong>cujuslibet</strong></span> <span class='ocrx_word' id='word_1_132' title='bbox 3213 634 3412 686; x_wconf 74' lang='lat' dir='ltr'><strong>erroris</strong></span> <span class='ocrx_word' id='word_1_133' title='bbox 3448 633 3557 697; x_wconf 87' lang='lat' dir='ltr'><strong>jam</strong></span> <span class='ocrx_word' id='word_1_134' title='bbox 3601 640 3725 683; x_wconf 84' lang='lat' dir='ltr'><strong>ante</strong></span> 
     </span>
    </p>
   </div>
   <div class='ocr_carea' id='block_1_21' title="bbox 2149 726 3723 795">
    <p class='ocr_par' dir='ltr' id='par_1_21' title="bbox 2149 726 3723 795">
     <span class='ocr_line' id='line_1_21' title="bbox 2149 726 3723 795; baseline -0.01 -8"><span class='ocrx_word' id='word_1_135' title='bbox 2149 730 2426 795; x_wconf 81' lang='lat' dir='ltr'><strong>damnali,</strong></span> <span class='ocrx_word' id='word_1_136' title='bbox 2463 729 2632 784; x_wconf 87' lang='lat' dir='ltr'><strong>teneri</strong></span> <span class='ocrx_word' id='word_1_137' title='bbox 2676 744 2769 782; x_wconf 83' lang='lat' dir='ltr'><strong>eos</strong></span> <span class='ocrx_word' id='word_1_138' title='bbox 2807 726 3120 792; x_wconf 85' lang='lat' dir='ltr'><strong>conviciqtte</strong></span> <span class='ocrx_word' id='word_1_139' title='bbox 3153 732 3463 784; x_wconf 72' lang='lat' dir='ltr'><strong>consortes,</strong></span> <span class='ocrx_word' id='word_1_140' title='bbox 3511 730 3566 771; x_wconf 90' lang='lat' dir='ltr'><strong>ut</strong></span> <span class='ocrx_word' id='word_1_141' title='bbox 3613 730 3723 772; x_wconf 88' lang='lat' dir='ltr'><strong>lan-</strong></span> 
     </span>
    </p>
   </div>
   <div class='ocr_carea' id='block_1_22' title="bbox 2150 810 3721 889">
    <p class='ocr_par' dir='ltr' id='par_1_22' title="bbox 2150 810 3721 889">
     <span class='ocr_line' id='line_1_22' title="bbox 2150 810 3721 889; baseline -0.009 -14"><span class='ocrx_word' id='word_1_142' title='bbox 2150 839 2306 886; x_wconf 87' lang='lat' dir='ltr'><strong>quam</strong></span> <span class='ocrx_word' id='word_1_143' title='bbox 2339 839 2399 877; x_wconf 70' lang='lat' dir='ltr'><strong>et</strong></span> <span class='ocrx_word' id='word_1_144' title='bbox 2437 823 2698 889; x_wconf 71' lang='lat' dir='ltr'><strong>prmtcrita</strong></span> <span class='ocrx_word' id='word_1_145' title='bbox 2727 817 3035 872; x_wconf 84' lang='lat' dir='ltr'><strong>definitione</strong></span> <span class='ocrx_word' id='word_1_146' title='bbox 3060 816 3431 880; x_wconf 85' lang='lat' dir='ltr'><strong>judicarentur</strong></span> <span class='ocrx_word' id='word_1_147' title='bbox 3459 810 3721 864; x_wconf 80' lang='lat' dir='ltr'><strong>obSIricti.</strong></span> 
     </span>
    </p>
   </div>
   <div class='ocr_carea' id='block_1_23' title="bbox 2152 903 3724 983">
    <p class='ocr_par' dir='ltr' id='par_1_23' title="bbox 2152 903 3724 983">
     <span class='ocr_line' id='line_1_23' title="bbox 2152 903 3724 983; baseline -0.01 -13"><span class='ocrx_word' id='word_1_148' title='bbox 2152 915 2221 970; x_wconf 85' lang='lat' dir='ltr'><strong>Et</strong></span> <span class='ocrx_word' id='word_1_149' title='bbox 2257 917 2405 974; x_wconf 88' lang='lat' dir='ltr'><strong>ideo.</strong></span> <span class='ocrx_word' id='word_1_150' title='bbox 2439 915 2558 983; x_wconf 76' lang='lat' dir='ltr'><strong>quia</strong></span> <span class='ocrx_word' id='word_1_151' title='bbox 2600 912 2761 965; x_wconf 89' lang='lat' dir='ltr'><strong>nullis</strong></span> <span class='ocrx_word' id='word_1_152' title='bbox 2791 921 2912 968; x_wconf 88' lang='lat' dir='ltr'><strong>ante</strong></span> <span class='ocrx_word' id='word_1_153' title='bbox 2943 907 3369 978; x_wconf 69' lang='lat' dir='ltr'><strong>pra‘ccdentibus</strong></span> <span class='ocrx_word' id='word_1_154' title='bbox 3397 904 3575 956; x_wconf 86' lang='lat' dir='ltr'><strong>causis</strong></span> <span class='ocrx_word' id='word_1_155' title='bbox 3598 903 3619 930; x_wconf 77' lang='grc'><em>³</em></span> <span class='ocrx_word' id='word_1_156' title='bbox 3645 917 3724 954; x_wconf 83' lang='lat' dir='ltr'><strong>re-</strong></span> 
     </span>
    </p>
   </div>
   <div class='ocr_carea' id='block_1_24' title="bbox 2151 996 3724 1073">
    <p class='ocr_par' dir='ltr' id='par_1_24' title="bbox 2151 996 3724 1073">
     <span class='ocr_line' id='line_1_24' title="bbox 2151 996 3724 1073; baseline -0.013 -11"><span class='ocrx_word' id='word_1_157' title='bbox 2151 1011 2277 1062; x_wconf 70' lang='lat' dir='ltr'><strong>tenti</strong></span> <span class='ocrx_word' id='word_1_158' title='bbox 2311 1015 2514 1069; x_wconf 84' lang='lat' dir='ltr'><strong>essent.</strong></span> <span class='ocrx_word' id='word_1_159' title='bbox 2546 1022 2641 1058; x_wconf 89' lang='lat' dir='ltr'><strong>cur</strong></span> <span class='ocrx_word' id='word_1_160' title='bbox 2661 1006 3003 1073; x_wconf 83' lang='lat' dir='ltr'><strong>ej&#39;cerentur,</strong></span> <span class='ocrx_word' id='word_1_161' title='bbox 3023 1000 3267 1054; x_wconf 81' lang='lat' dir='ltr'><strong>incursus</strong></span> <span class='ocrx_word' id='word_1_162' title='bbox 3294 999 3383 1066; x_wconf 91' lang='lat' dir='ltr'><strong>qui</strong></span> <span class='ocrx_word' id='word_1_163' title='bbox 3415 996 3489 1050; x_wconf 90' lang='lat' dir='ltr'><strong>illi</strong></span> <span class='ocrx_word' id='word_1_164' title='bbox 3521 1006 3724 1056; x_wconf 58' lang='grc' dir='ltr'><strong>ρεμθιιι,</strong></span> 
     </span>
    </p>
   </div>
   <div class='ocr_carea' id='block_1_25' title="bbox 2151 1090 3726 1162">
    <p class='ocr_par' dir='ltr' id='par_1_25' title="bbox 2151 1090 3726 1162">
     <span class='ocr_line' id='line_1_25' title="bbox 2151 1090 3726 1162; baseline -0.011 -8"><span class='ocrx_word' id='word_1_165' title='bbox 2151 1100 2350 1154; x_wconf 72' lang='lat' dir='ltr'><strong>debere</strong></span> <span class='ocrx_word' id='word_1_166' title='bbox 2379 1097 2662 1152; x_wconf 66' lang='lat' dir='ltr'><strong>monstrari</strong></span> <span class='ocrx_word' id='word_1_167' title='bbox 2682 1138 2698 1162; x_wconf 92' lang='lat'><strong>,</strong></span> <span class='ocrx_word' id='word_1_168' title='bbox 2724 1105 2778 1148; x_wconf 83' lang='lat' dir='ltr'><strong>et</strong></span> <span class='ocrx_word' id='word_1_169' title='bbox 2818 1092 3194 1150; x_wconf 71' lang='lat' dir='ltr'><strong>ecclesiasticis</strong></span> <span class='ocrx_word' id='word_1_170' title='bbox 3225 1090 3461 1160; x_wconf 77' lang='lat' dir='ltr'><strong>legibus,</strong></span> <span class='ocrx_word' id='word_1_171' title='bbox 3489 1098 3548 1140; x_wconf 91' lang='lat' dir='ltr'><strong>ut</strong></span> <span class='ocrx_word' id='word_1_172' title='bbox 3590 1103 3726 1138; x_wconf 83' lang='lat' dir='ltr'><strong>seiu-</strong></span> 
     </span>
    </p>
   </div>
   <div class='ocr_carea' id='block_1_26' title="bbox 2154 1181 3728 1262">
    <p class='ocr_par' dir='ltr' id='par_1_26' title="bbox 2154 1181 3728 1262">
     <span class='ocr_line' id='line_1_26' title="bbox 2154 1181 3728 1262; baseline -0.012 -16"><span class='ocrx_word' id='word_1_173' title='bbox 2154 1208 2277 1262; x_wconf 87' lang='lat' dir='ltr'><strong>per,</strong></span> <span class='ocrx_word' id='word_1_174' title='bbox 2323 1201 2575 1260; x_wconf 87' lang='lat' dir='ltr'><strong>oporteie</strong></span> <span class='ocrx_word' id='word_1_175' title='bbox 2617 1198 2889 1243; x_wconf 84' lang='lat' dir='ltr'><strong>constare.</strong></span> <span class='ocrx_word' id='word_1_176' title='bbox 2923 1187 3122 1241; x_wconf 82' lang='lat' dir='ltr'><strong>Saltem</strong></span> <span class='ocrx_word' id='word_1_177' title='bbox 3152 1184 3235 1239; x_wconf 85' lang='lat' dir='ltr'><strong>vel</strong></span> <span class='ocrx_word' id='word_1_178' title='bbox 3261 1197 3357 1252; x_wconf 93' lang='lat' dir='ltr'><strong>pro</strong></span> <span class='ocrx_word' id='word_1_179' title='bbox 3382 1192 3564 1234; x_wconf 82' lang='lat' dir='ltr'><strong>veSIro</strong></span> <span class='ocrx_word' id='word_1_180' title='bbox 3612 1181 3728 1232; x_wconf 71' lang='lat' dir='ltr'><strong>loco</strong></span> 
     </span>
    </p>
   </div>
   <div class='ocr_carea' id='block_1_27' title="bbox 2152 1273 3730 1341">
    <p class='ocr_par' dir='ltr' id='par_1_27' title="bbox 2152 1273 3730 1341">
     <span class='ocr_line' id='line_1_27' title="bbox 2152 1273 3730 1341; baseline -0.011 -2"><span class='ocrx_word' id='word_1_181' title='bbox 2152 1285 2360 1339; x_wconf 87' lang='lat' dir='ltr'><strong>illorum</strong></span> <span class='ocrx_word' id='word_1_182' title='bbox 2391 1282 2659 1339; x_wconf 85' lang='lat' dir='ltr'><strong>duceretis</strong></span> <span class='ocrx_word' id='word_1_183' title='bbox 2690 1280 2920 1334; x_wconf 87' lang='lat' dir='ltr'><strong>miseriis</strong></span> <span class='ocrx_word' id='word_1_184' title='bbox 2945 1277 3349 1341; x_wconf 79' lang='lat' dir='ltr'><strong>consulendum,</strong></span> <span class='ocrx_word' id='word_1_185' title='bbox 3381 1273 3730 1328; x_wconf 72' lang='lat' dir='ltr'><strong>fermidanti-s</strong></span> 
     </span>
    </p>
   </div>
   <div class='ocr_carea' id='block_1_28' title="bbox 2152 1366 3727 1444">
    <p class='ocr_par' dir='ltr' id='par_1_28' title="bbox 2152 1366 3727 1444">
     <span class='ocr_line' id='line_1_28' title="bbox 2152 1366 3727 1444; baseline -0.011 -14"><span class='ocrx_word' id='word_1_186' title='bbox 2152 1376 2205 1430; x_wconf 91' lang='lat' dir='ltr'><strong>in</strong></span> <span class='ocrx_word' id='word_1_187' title='bbox 2235 1377 2384 1429; x_wconf 86' lang='lat' dir='ltr'><strong>vobis</strong></span> <span class='ocrx_word' id='word_1_188' title='bbox 2414 1374 2550 1444; x_wconf 90' lang='lat' dir='ltr'><strong>quod</strong></span> <span class='ocrx_word' id='word_1_189' title='bbox 2580 1374 2631 1426; x_wconf 91' lang='lat' dir='ltr'><strong>in</strong></span> <span class='ocrx_word' id='word_1_190' title='bbox 2660 1372 2779 1427; x_wconf 89' lang='lat' dir='ltr'><strong>aliis</strong></span> <span class='ocrx_word' id='word_1_191' title='bbox 2805 1370 3099 1425; x_wconf 83' lang='lat' dir='ltr'><strong>cerneretis</strong></span> <span class='ocrx_word' id='word_1_192' title='bbox 3118 1377 3312 1432; x_wconf 62' lang='lat' dir='ltr'><strong>praeter</strong></span> <span class='ocrx_word' id='word_1_193' title='bbox 3333 1366 3495 1417; x_wconf 90' lang='lat' dir='ltr'><strong>ttllum</strong></span> <span class='ocrx_word' id='word_1_194' title='bbox 3521 1378 3727 1416; x_wconf 82' lang='lat' dir='ltr'><strong>morem</strong></span> 
     </span>
    </p>
   </div>
   <div class='ocr_carea' id='block_1_29' title="bbox 2152 1457 3728 1527">
    <p class='ocr_par' dir='ltr' id='par_1_29' title="bbox 2152 1457 3728 1527">
     <span class='ocr_line' id='line_1_29' title="bbox 2152 1457 3728 1527; baseline -0.013 -6"><span class='ocrx_word' id='word_1_195' title='bbox 2152 1469 2413 1522; x_wconf 79' lang='lat' dir='ltr'><strong>violenter</strong></span> <span class='ocrx_word' id='word_1_196' title='bbox 2441 1466 2668 1518; x_wconf 87' lang='lat' dir='ltr'><strong>admitti.</strong></span> <span class='ocrx_word' id='word_1_197' title='bbox 2701 1464 2753 1518; x_wconf 89' lang='lat' dir='ltr'><strong>Si</strong></span> <span class='ocrx_word' id='word_1_198' title='bbox 2792 1463 3016 1516; x_wconf 87' lang='lat' dir='ltr'><strong>crimine</strong></span> <span class='ocrx_word' id='word_1_199' title='bbox 3047 1460 3280 1527; x_wconf 83' lang='lat' dir='ltr'><strong>respersi</strong></span> <span class='ocrx_word' id='word_1_200' title='bbox 3324 1467 3478 1511; x_wconf 91' lang='lat' dir='ltr'><strong>erant</strong></span> <span class='ocrx_word' id='word_1_201' title='bbox 3526 1457 3728 1522; x_wconf 70' lang='lat' dir='ltr'><strong>aliqua,</strong></span> 
     </span>
    </p>
   </div>
   <div class='ocr_carea' id='block_1_30' title="bbox 2153 1547 3730 1620">
    <p class='ocr_par' dir='ltr' id='par_1_30' title="bbox 2153 1547 3730 1620">
     <span class='ocr_line' id='line_1_30' title="bbox 2153 1547 3730 1620; baseline -0.013 -4"><span class='ocrx_word' id='word_1_202' title='bbox 2153 1563 2512 1616; x_wconf 63' lang='lat' dir='ltr'><strong>eccles&#39;astica</strong></span> <span class='ocrx_word' id='word_1_203' title='bbox 2541 1559 2722 1612; x_wconf 87' lang='lat' dir='ltr'><strong>debuit</strong></span> <span class='ocrx_word' id='word_1_204' title='bbox 2748 1555 3137 1611; x_wconf 78' lang='lat' dir='ltr'><strong>examinatione</strong></span> <span class='ocrx_word' id='word_1_205' title='bbox 3155 1549 3425 1620; x_wconf 80' lang='lat' dir='ltr'><strong>cognosci.</strong></span> <span class='ocrx_word' id='word_1_206' title='bbox 3455 1552 3474 1581; x_wconf 78' lang='lat'><strong><em>°</em></strong></span> <span class='ocrx_word' id='word_1_207' title='bbox 3500 1547 3730 1599; x_wconf 79' lang='lat' dir='ltr'><strong>Taceani</strong></span> 
     </span>
    </p>
   </div>
   <div class='ocr_carea' id='block_1_31' title="bbox 2153 1641 3733 1714">
    <p class='ocr_par' dir='ltr' id='par_1_31' title="bbox 2153 1641 3733 1714">
     <span class='ocr_line' id='line_1_31' title="bbox 2153 1641 3733 1714; baseline -0.012 -8"><span class='ocrx_word' id='word_1_208' title='bbox 2153 1661 2208 1706; x_wconf 88' lang='lat' dir='ltr'><strong>et</strong></span> <span class='ocrx_word' id='word_1_209' title='bbox 2230 1651 2292 1703; x_wconf 92' lang='lat' dir='ltr'><strong>ad</strong></span> <span class='ocrx_word' id='word_1_210' title='bbox 2321 1649 2502 1704; x_wconf 91' lang='lat' dir='ltr'><strong>sedem</strong></span> <span class='ocrx_word' id='word_1_211' title='bbox 2536 1649 2882 1714; x_wconf 81' lang='lat' dir='ltr'><strong>apostolicam</strong></span> <span class='ocrx_word' id='word_1_212' title='bbox 2911 1661 2974 1700; x_wconf 79' lang='lat' dir='ltr'><strong>ex</strong></span> <span class='ocrx_word' id='word_1_213' title='bbox 3007 1659 3155 1697; x_wconf 89' lang='lat' dir='ltr'><strong>more</strong></span> <span class='ocrx_word' id='word_1_214' title='bbox 3185 1641 3415 1702; x_wconf 91' lang='lat' dir='ltr'><strong>deferri,</strong></span> <span class='ocrx_word' id='word_1_215' title='bbox 3453 1654 3519 1692; x_wconf 91' lang='lat' dir='ltr'><strong>ne</strong></span> <span class='ocrx_word' id='word_1_216' title='bbox 3552 1647 3733 1688; x_wconf 82' lang='lat' dir='ltr'><strong>noslta</strong></span> 
     </span>
    </p>
   </div>
   <div class='ocr_carea' id='block_1_32' title="bbox 2158 1728 3732 1811">
    <p class='ocr_par' dir='ltr' id='par_1_32' title="bbox 2158 1728 3732 1811">
     <span class='ocr_line' id='line_1_32' title="bbox 2158 1728 3732 1811; baseline -0.011 -16"><span class='ocrx_word' id='word_1_217' title='bbox 2158 1743 2433 1811; x_wconf 86' lang='lat' dir='ltr'><strong>privilegia</strong></span> <span class='ocrx_word' id='word_1_218' title='bbox 2480 1755 2670 1795; x_wconf 88' lang='lat' dir='ltr'><strong>curare</strong></span> <span class='ocrx_word' id='word_1_219' title='bbox 2703 1741 3000 1792; x_wconf 85' lang='lat' dir='ltr'><strong>videamur.</strong></span> <span class='ocrx_word' id='word_1_220' title='bbox 3027 1735 3169 1789; x_wconf 90' lang='lat' dir='ltr'><strong>Satis</strong></span> <span class='ocrx_word' id='word_1_221' title='bbox 3193 1733 3266 1786; x_wconf 89' lang='lat' dir='ltr'><strong>sit</strong></span> <span class='ocrx_word' id='word_1_222' title='bbox 3288 1730 3574 1786; x_wconf 84' lang='lat' dir='ltr'><strong>ostendere</strong></span> <span class='ocrx_word' id='word_1_223' title='bbox 3605 1728 3732 1796; x_wconf 84' lang='lat' dir='ltr'><strong>quid</strong></span> 
     </span>
    </p>
   </div>
   <div class='ocr_carea' id='block_1_33' title="bbox 488 1819 3733 1917">
    <p class='ocr_par' dir='ltr' id='par_1_33' title="bbox 488 1819 3733 1917">
     <span class='ocr_line' id='line_1_33' title="bbox 488 1819 3733 1917; baseline -0.007 -25"><span class='ocrx_word' id='word_1_224' title='bbox 488 1819 616 1917; x_wconf 49' lang='grc' dir='ltr'><strong>μή</strong></span> <span class='ocrx_word' id='word_1_225' title='bbox 645 1857 903 1914; x_wconf 69' lang='lat' dir='ltr'><strong>potuerat.</strong></span> <span class='ocrx_word' id='word_1_226' title='bbox 938 1847 1074 1900; x_wconf 73' lang='lat' dir='ltr'><strong>Ecce</strong></span> <span class='ocrx_word' id='word_1_227' title='bbox 1101 1856 1177 1900; x_wconf 76' lang='lat' dir='ltr'><strong>tot</strong></span> <span class='ocrx_word' id='word_1_228' title='bbox 1212 1845 1518 1913; x_wconf 81' lang='lat' dir='ltr'><strong>pontiﬁces,</strong></span> <span class='ocrx_word' id='word_1_229' title='bbox 1560 1843 1864 1911; x_wconf 79' lang='lat' dir='ltr'><strong>aposmlicze</strong></span> <span class='ocrx_word' id='word_1_230' title='bbox 1908 1841 2051 1897; x_wconf 88' lang='lat' dir='ltr'><strong>sedis</strong></span> <span class='ocrx_word' id='word_1_231' title='bbox 2085 1829 2128 1888; x_wconf 79' lang='grc' dir='ltr'><strong>Β</strong></span> <span class='ocrx_word' id='word_1_232' title='bbox 2156 1833 2447 1887; x_wconf 78' lang='lat' dir='ltr'><strong>secundum</strong></span> <span class='ocrx_word' id='word_1_233' title='bbox 2481 1831 2690 1898; x_wconf 82' lang='lat' dir='ltr'><strong>regulas</strong></span> <span class='ocrx_word' id='word_1_234' title='bbox 2729 1838 2783 1881; x_wconf 92' lang='lat' dir='ltr'><strong>et</strong></span> <span class='ocrx_word' id='word_1_235' title='bbox 2809 1829 3022 1880; x_wconf 79' lang='lat' dir='ltr'><strong>Patrum</strong></span> <span class='ocrx_word' id='word_1_236' title='bbox 3053 1837 3289 1917; x_wconf 82' lang='lat' dir='ltr'><strong>canones</strong></span> <span class='ocrx_word' id='word_1_237' title='bbox 3338 1825 3513 1917; x_wconf 81' lang='lat' dir='ltr'><strong>facere</strong></span> <span class='ocrx_word' id='word_1_238' title='bbox 3563 1819 3733 1917; x_wconf 58' lang='lat' dir='ltr'><strong>diabe-</strong></span> 
     </span>
    </p>
   </div>
   <div class='ocr_carea' id='block_1_34' title="bbox 489 1931 2050 2004">
    <p class='ocr_par' dir='ltr' id='par_1_34' title="bbox 489 1931 2050 2004">
     <span class='ocr_line' id='line_1_34' title="bbox 489 1931 2050 2004; baseline -0.004 -13"><span class='ocrx_word' id='word_1_239' title='bbox 489 1941 618 1993; x_wconf 90' lang='lat' dir='ltr'><strong>scita</strong></span> <span class='ocrx_word' id='word_1_240' title='bbox 641 1947 936 2001; x_wconf 87' lang='lat' dir='ltr'><strong>sectantes,</strong></span> <span class='ocrx_word' id='word_1_241' title='bbox 974 1937 1221 2004; x_wconf 76' lang='lat' dir='ltr'><strong>ingerunt</strong></span> <span class='ocrx_word' id='word_1_242' title='bbox 1254 1931 1704 1995; x_wconf 71' lang='lat' dir='ltr'><strong>vobishotitiam,</strong></span> <span class='ocrx_word' id='word_1_243' title='bbox 1737 1948 1782 1987; x_wconf 87' lang='lat' dir='ltr'><strong>et</strong></span> <span class='ocrx_word' id='word_1_244' title='bbox 1815 1933 2050 2000; x_wconf 70' lang='lat' dir='ltr'><strong>prmbent</strong></span> 
     </span>
    </p>
   </div>
   <div class='ocr_carea' id='block_1_35' title="bbox 495 2024 2055 2095">
    <p class='ocr_par' dir='ltr' id='par_1_35' title="bbox 495 2024 2055 2095">
     <span class='ocr_line' id='line_1_35' title="bbox 495 2024 2055 2095; baseline -0.004 -15"><span class='ocrx_word' id='word_1_245' title='bbox 495 2027 768 2081; x_wconf 71' lang='lat' dir='ltr'><strong>servandae</strong></span> <span class='ocrx_word' id='word_1_246' title='bbox 798 2028 1033 2082; x_wconf 88' lang='lat' dir='ltr'><strong>veritatis</strong></span> <span class='ocrx_word' id='word_1_247' title='bbox 1062 2027 1328 2095; x_wconf 79' lang='lat' dir='ltr'><strong>exempla.</strong></span> <span class='ocrx_word' id='word_1_248' title='bbox 1359 2025 1455 2090; x_wconf 87' lang='lat' dir='ltr'><strong>Qui</strong></span> <span class='ocrx_word' id='word_1_249' title='bbox 1496 2037 1678 2080; x_wconf 91' lang='lat' dir='ltr'><strong>contra</strong></span> <span class='ocrx_word' id='word_1_250' title='bbox 1711 2035 1880 2078; x_wconf 90' lang='lat' dir='ltr'><strong>tantos</strong></span> <span class='ocrx_word' id='word_1_251' title='bbox 1909 2024 2055 2078; x_wconf 85' lang='lat' dir='ltr'><strong>clau-</strong></span> 
     </span>
    </p>
   </div>
   <div class='ocr_carea' id='block_1_36' title="bbox 494 2115 2050 2182">
    <p class='ocr_par' dir='ltr' id='par_1_36' title="bbox 494 2115 2050 2182">
     <span class='ocr_line' id='line_1_36' title="bbox 494 2115 2050 2182; baseline -0.003 -12"><span class='ocrx_word' id='word_1_252' title='bbox 494 2118 640 2171; x_wconf 89' lang='lat' dir='ltr'><strong>sistis</strong></span> <span class='ocrx_word' id='word_1_253' title='bbox 664 2118 846 2171; x_wconf 85' lang='lat' dir='ltr'><strong>oculos</strong></span> <span class='ocrx_word' id='word_1_254' title='bbox 887 2118 1080 2170; x_wconf 65' lang='lat' dir='ltr'><strong>ibidem</strong></span> <span class='ocrx_word' id='word_1_255' title='bbox 1121 2119 1470 2176; x_wconf 88' lang='lat' dir='ltr'><strong>constitutos,</strong></span> <span class='ocrx_word' id='word_1_256' title='bbox 1514 2115 1779 2182; x_wconf 89' lang='lat' dir='ltr'><strong>quomodo</strong></span> <span class='ocrx_word' id='word_1_257' title='bbox 1807 2116 1939 2168; x_wconf 91' lang='lat' dir='ltr'><strong>duos</strong></span> <span class='ocrx_word' id='word_1_258' title='bbox 1971 2117 2050 2168; x_wconf 91' lang='lat' dir='ltr'><strong>vel</strong></span> 
     </span>
    </p>
   </div>
   <div class='ocr_carea' id='block_1_37' title="bbox 492 2204 2054 2274">
    <p class='ocr_par' dir='ltr' id='par_1_37' title="bbox 492 2204 2054 2274">
     <span class='ocr_line' id='line_1_37' title="bbox 492 2204 2054 2274; baseline 0 -18"><span class='ocrx_word' id='word_1_259' title='bbox 492 2215 601 2258; x_wconf 89' lang='lat' dir='ltr'><strong>tres</strong></span> <span class='ocrx_word' id='word_1_260' title='bbox 624 2206 808 2260; x_wconf 88' lang='lat' dir='ltr'><strong>audire</strong></span> <span class='ocrx_word' id='word_1_261' title='bbox 837 2205 1094 2272; x_wconf 79' lang='lat' dir='ltr'><strong>possetis?</strong></span> <span class='ocrx_word' id='word_1_262' title='bbox 1123 2206 1232 2259; x_wconf 83' lang='lat' dir='ltr'><strong>Hoc</strong></span> <span class='ocrx_word' id='word_1_263' title='bbox 1262 2205 1374 2274; x_wconf 90' lang='lat' dir='ltr'><strong>ipso</strong></span> <span class='ocrx_word' id='word_1_264' title='bbox 1396 2205 1514 2258; x_wconf 91' lang='lat' dir='ltr'><strong>sine</strong></span> <span class='ocrx_word' id='word_1_265' title='bbox 1542 2205 1703 2258; x_wconf 89' lang='lat' dir='ltr'><strong>dubio</strong></span> <span class='ocrx_word' id='word_1_266' title='bbox 1731 2204 2054 2272; x_wconf 90' lang='lat' dir='ltr'><strong>cognovistis</strong></span> 
     </span>
    </p>
   </div>
   <div class='ocr_carea' id='block_1_38' title="bbox 494 2295 2054 2364">
    <p class='ocr_par' dir='ltr' id='par_1_38' title="bbox 494 2295 2054 2364">
     <span class='ocr_line' id='line_1_38' title="bbox 494 2295 2054 2364; baseline 0.001 -16"><span class='ocrx_word' id='word_1_267' title='bbox 494 2295 612 2348; x_wconf 88' lang='lat' dir='ltr'><strong>illos</strong></span> <span class='ocrx_word' id='word_1_268' title='bbox 659 2297 964 2362; x_wconf 71' lang='lat' dir='ltr'><strong>apostolica:</strong></span> <span class='ocrx_word' id='word_1_269' title='bbox 1007 2297 1118 2350; x_wconf 90' lang='lat' dir='ltr'><strong>sedi</strong></span> <span class='ocrx_word' id='word_1_270' title='bbox 1152 2297 1391 2364; x_wconf 87' lang='lat' dir='ltr'><strong>placere,</strong></span> <span class='ocrx_word' id='word_1_271' title='bbox 1442 2297 1583 2363; x_wconf 88' lang='lat' dir='ltr'><strong>quod</strong></span> <span class='ocrx_word' id='word_1_272' title='bbox 1632 2312 1726 2350; x_wconf 88' lang='lat' dir='ltr'><strong>vos</strong></span> <span class='ocrx_word' id='word_1_273' title='bbox 1770 2295 2054 2362; x_wconf 87' lang='lat' dir='ltr'><strong>displicere</strong></span> 
     </span>
    </p>
   </div>
   <div class='ocr_carea' id='block_1_39' title="bbox 493 2384 2054 2454">
    <p class='ocr_par' dir='ltr' id='par_1_39' title="bbox 493 2384 2054 2454">
     <span class='ocr_line' id='line_1_39' title="bbox 493 2384 2054 2454; baseline -0.001 -16"><span class='ocrx_word' id='word_1_274' title='bbox 493 2385 770 2439; x_wconf 64' lang='lat' dir='ltr'><strong>videbatis.</strong></span> <span class='ocrx_word' id='word_1_275' title='bbox 801 2386 906 2438; x_wconf 83' lang='lat' dir='ltr'><strong>Aut</strong></span> <span class='ocrx_word' id='word_1_276' title='bbox 934 2384 1050 2439; x_wconf 84' lang='lat' dir='ltr'><strong>illos</strong></span> <span class='ocrx_word' id='word_1_277' title='bbox 1073 2401 1199 2454; x_wconf 85' lang='lat' dir='ltr'><strong>ergo</strong></span> <span class='ocrx_word' id='word_1_278' title='bbox 1227 2385 1501 2439; x_wconf 89' lang='lat' dir='ltr'><strong>sectamini</strong></span> <span class='ocrx_word' id='word_1_279' title='bbox 1525 2426 1538 2450; x_wconf 88' lang='lat'><strong>,</strong></span> <span class='ocrx_word' id='word_1_280' title='bbox 1573 2400 1666 2454; x_wconf 91' lang='lat' dir='ltr'><strong>per</strong></span> <span class='ocrx_word' id='word_1_281' title='bbox 1693 2401 1827 2453; x_wconf 89' lang='lat' dir='ltr'><strong>quos</strong></span> <span class='ocrx_word' id='word_1_282' title='bbox 1857 2386 2054 2438; x_wconf 83' lang='lat' dir='ltr'><strong>intelli-</strong></span> 
     </span>
    </p>
   </div>
   <div class='ocr_carea' id='block_1_40' title="bbox 501 2477 2058 2543">
    <p class='ocr_par' dir='ltr' id='par_1_40' title="bbox 501 2477 2058 2543">
     <span class='ocr_line' id='line_1_40' title="bbox 501 2477 2058 2543; baseline 0.004 -17"><span class='ocrx_word' id='word_1_283' title='bbox 501 2477 706 2542; x_wconf 77' lang='lat' dir='ltr'><strong>geliatis</strong></span> <span class='ocrx_word' id='word_1_284' title='bbox 758 2477 902 2530; x_wconf 80' lang='lat' dir='ltr'><strong>sedis</strong></span> <span class='ocrx_word' id='word_1_285' title='bbox 945 2477 1248 2543; x_wconf 65' lang='lat' dir='ltr'><strong>apostolicae</strong></span> <span class='ocrx_word' id='word_1_286' title='bbox 1289 2477 1612 2531; x_wconf 85' lang='lat' dir='ltr'><strong>voluntatem</strong></span> <span class='ocrx_word' id='word_1_287' title='bbox 1648 2496 1659 2530; x_wconf 88' lang='lat'>:</span> <span class='ocrx_word' id='word_1_288' title='bbox 1694 2488 1785 2532; x_wconf 91' lang='lat' dir='ltr'><strong>aut</strong></span> <span class='ocrx_word' id='word_1_289' title='bbox 1817 2479 1944 2532; x_wconf 87' lang='lat' dir='ltr'><strong>nihil</strong></span> <span class='ocrx_word' id='word_1_290' title='bbox 1977 2487 2058 2532; x_wconf 90' lang='lat' dir='ltr'><strong>est</strong></span> 
     </span>
    </p>
   </div>
   <div class='ocr_carea' id='block_1_41' title="bbox 499 2567 2058 2634">
    <p class='ocr_par' dir='ltr' id='par_1_41' title="bbox 499 2567 2058 2634">
     <span class='ocr_line' id='line_1_41' title="bbox 499 2567 2058 2634; baseline 0.001 -15"><span class='ocrx_word' id='word_1_291' title='bbox 499 2567 641 2634; x_wconf 91' lang='lat' dir='ltr'><strong>quod</strong></span> <span class='ocrx_word' id='word_1_292' title='bbox 674 2568 739 2619; x_wconf 88' lang='lat' dir='ltr'><strong>de</strong></span> <span class='ocrx_word' id='word_1_293' title='bbox 772 2568 1066 2634; x_wconf 78' lang='lat' dir='ltr'><strong>ignorantia</strong></span> <span class='ocrx_word' id='word_1_294' title='bbox 1113 2569 1288 2621; x_wconf 88' lang='lat' dir='ltr'><strong>velitis</strong></span> <span class='ocrx_word' id='word_1_295' title='bbox 1317 2570 1634 2630; x_wconf 88' lang='lat' dir='ltr'><strong>obtendere,</strong></span> <span class='ocrx_word' id='word_1_296' title='bbox 1676 2585 1795 2622; x_wconf 89' lang='lat' dir='ltr'><strong>cum</strong></span> <span class='ocrx_word' id='word_1_297' title='bbox 1846 2569 2058 2623; x_wconf 90' lang='lat' dir='ltr'><strong>indiciis</strong></span> 
     </span>
    </p>
   </div>
   <div class='ocr_carea' id='block_1_42' title="bbox 501 2658 2052 2727">
    <p class='ocr_par' dir='ltr' id='par_1_42' title="bbox 501 2658 2052 2727">
     <span class='ocr_line' id='line_1_42' title="bbox 501 2658 2052 2727; baseline 0.003 -19"><span class='ocrx_word' id='word_1_298' title='bbox 501 2658 659 2708; x_wconf 84' lang='lat' dir='ltr'><strong>tantis</strong></span> <span class='ocrx_word' id='word_1_299' title='bbox 689 2668 739 2710; x_wconf 90' lang='lat' dir='ltr'><strong>et</strong></span> <span class='ocrx_word' id='word_1_300' title='bbox 779 2658 970 2709; x_wconf 80' lang='lat' dir='ltr'><strong>talibus</strong></span> <span class='ocrx_word' id='word_1_301' title='bbox 1000 2658 1278 2712; x_wconf 84' lang='lat' dir='ltr'><strong>abutentes</strong></span> <span class='ocrx_word' id='word_1_302' title='bbox 1298 2698 1312 2724; x_wconf 89' lang='lat'><strong>,</strong></span> <span class='ocrx_word' id='word_1_303' title='bbox 1344 2660 1485 2712; x_wconf 84' lang='lat' dir='ltr'><strong>sedis</strong></span> <span class='ocrx_word' id='word_1_304' title='bbox 1525 2659 1829 2727; x_wconf 67' lang='lat' dir='ltr'><strong>apostolica:</strong></span> <span class='ocrx_word' id='word_1_305' title='bbox 1855 2663 2052 2713; x_wconf 87' lang='lat' dir='ltr'><strong>consti-</strong></span> 
     </span>
    </p>
   </div>
   <div class='ocr_carea' id='block_1_43' title="bbox 497 2747 2056 2816">
    <p class='ocr_par' dir='ltr' id='par_1_43' title="bbox 497 2747 2056 2816">
     <span class='ocr_line' id='line_1_43' title="bbox 497 2747 2056 2816; baseline 0.005 -21"><span class='ocrx_word' id='word_1_306' title='bbox 497 2755 634 2806; x_wconf 84' lang='lat' dir='ltr'><strong>tuta,</strong></span> <span class='ocrx_word' id='word_1_307' title='bbox 672 2748 828 2798; x_wconf 84' lang='lat' dir='ltr'><strong>tantis</strong></span> <span class='ocrx_word' id='word_1_308' title='bbox 862 2747 1176 2801; x_wconf 81' lang='lat' dir='ltr'><strong>testimoniis</strong></span> <span class='ocrx_word' id='word_1_309' title='bbox 1215 2749 1652 2814; x_wconf 64' lang='lat' dir='ltr'><strong>praedicantibus,</strong></span> <span class='ocrx_word' id='word_1_310' title='bbox 1685 2765 1936 2816; x_wconf 69' lang='lat' dir='ltr'><strong>respuere</strong></span> <span class='ocrx_word' id='word_1_311' title='bbox 1966 2765 2056 2816; x_wconf 88' lang='lat' dir='ltr'><strong>po-</strong></span> 
     </span>
    </p>
   </div>
   <div class='ocr_carea' id='block_1_44' title="bbox 495 2839 2054 2909">
    <p class='ocr_par' dir='ltr' id='par_1_44' title="bbox 495 2839 2054 2909">
     <span class='ocr_line' id='line_1_44' title="bbox 495 2839 2054 2909; baseline 0.005 -23"><span class='ocrx_word' id='word_1_312' title='bbox 495 2839 602 2889; x_wconf 92' lang='lat' dir='ltr'><strong>tius</strong></span> <span class='ocrx_word' id='word_1_313' title='bbox 642 2853 795 2904; x_wconf 83' lang='lat' dir='ltr'><strong>quant</strong></span> <span class='ocrx_word' id='word_1_314' title='bbox 845 2839 1083 2906; x_wconf 83' lang='lat' dir='ltr'><strong>recipere</strong></span> <span class='ocrx_word' id='word_1_315' title='bbox 1131 2841 1413 2893; x_wconf 87' lang='lat' dir='ltr'><strong>maluistis.</strong></span> <span class='ocrx_word' id='word_1_316' title='bbox 1464 2840 1705 2909; x_wconf 85' lang='lat' dir='ltr'><strong>Nunquid</strong></span> <span class='ocrx_word' id='word_1_317' title='bbox 1737 2855 1924 2894; x_wconf 89' lang='lat' dir='ltr'><strong>omncs</strong></span> <span class='ocrx_word' id='word_1_318' title='bbox 1970 2842 2054 2894; x_wconf 92' lang='lat' dir='ltr'><strong>isti</strong></span> 
     </span>
    </p>
   </div>
   <div class='ocr_carea' id='block_1_45' title="bbox 495 2930 2056 3000">
    <p class='ocr_par' dir='ltr' id='par_1_45' title="bbox 495 2930 2056 3000">
     <span class='ocr_line' id='line_1_45' title="bbox 495 2930 2056 3000; baseline 0.006 -23"><span class='ocrx_word' id='word_1_319' title='bbox 495 2943 626 2994; x_wconf 90' lang='lat' dir='ltr'><strong>quos</strong></span> <span class='ocrx_word' id='word_1_320' title='bbox 694 2930 1104 2983; x_wconf 85' lang='lat' dir='ltr'><strong>memoravimus</strong></span> <span class='ocrx_word' id='word_1_321' title='bbox 1167 2932 1400 3000; x_wconf 78' lang='lat' dir='ltr'><strong>episcopi</strong></span> <span class='ocrx_word' id='word_1_322' title='bbox 1467 2933 1776 3000; x_wconf 84' lang='lat' dir='ltr'><strong>imperatori</strong></span> <span class='ocrx_word' id='word_1_323' title='bbox 1849 2934 2056 2986; x_wconf 88' lang='lat' dir='ltr'><strong>mentiti</strong></span> 
     </span>
    </p>
   </div>
   <div class='ocr_carea' id='block_1_46' title="bbox 494 3016 2058 3092">
    <p class='ocr_par' dir='ltr' id='par_1_46' title="bbox 494 3016 2058 3092">
     <span class='ocr_line' id='line_1_46' title="bbox 494 3016 2058 3092; baseline 0.004 -24"><span class='ocrx_word' id='word_1_324' title='bbox 494 3026 620 3070; x_wconf 88' lang='lat' dir='ltr'><strong>sunt</strong></span> <span class='ocrx_word' id='word_1_325' title='bbox 643 3016 694 3069; x_wconf 67' lang='lat'><strong>‘2’</strong></span> <span class='ocrx_word' id='word_1_326' title='bbox 725 3019 957 3086; x_wconf 90' lang='lat' dir='ltr'><strong>nunquid</strong></span> <span class='ocrx_word' id='word_1_327' title='bbox 985 3036 1171 3074; x_wconf 87' lang='lat' dir='ltr'><strong>omnes</strong></span> <span class='ocrx_word' id='word_1_328' title='bbox 1203 3024 1538 3090; x_wconf 87' lang='lat' dir='ltr'><strong>imperatoris</strong></span> <span class='ocrx_word' id='word_1_329' title='bbox 1565 3039 1757 3078; x_wconf 90' lang='lat' dir='ltr'><strong>nomen</strong></span> <span class='ocrx_word' id='word_1_330' title='bbox 1789 3041 1851 3076; x_wconf 86' lang='lat' dir='ltr'><strong>ex</strong></span> <span class='ocrx_word' id='word_1_331' title='bbox 1883 3023 2058 3092; x_wconf 84' lang='lat' dir='ltr'><strong>dipty-</strong></span> 
     </span>
    </p>
   </div>
   <div class='ocr_carea' id='block_1_47' title="bbox 494 3108 2059 3180">
    <p class='ocr_par' dir='ltr' id='par_1_47' title="bbox 494 3108 2059 3180">
     <span class='ocr_line' id='line_1_47' title="bbox 494 3108 2059 3180; baseline 0.005 -20"><span class='ocrx_word' id='word_1_332' title='bbox 494 3108 610 3161; x_wconf 77' lang='lat' dir='ltr'><strong>citis</strong></span> <span class='ocrx_word' id='word_1_333' title='bbox 655 3110 989 3163; x_wconf 87' lang='lat' dir='ltr'><strong>abstulerunt</strong></span> <span class='ocrx_word' id='word_1_334' title='bbox 1019 3112 1072 3163; x_wconf 66' lang='lat'><strong>5?</strong></span> <span class='ocrx_word' id='word_1_335' title='bbox 1101 3110 1229 3164; x_wconf 88' lang='lat' dir='ltr'><strong>Cum</strong></span> <span class='ocrx_word' id='word_1_336' title='bbox 1279 3113 1436 3179; x_wconf 72' lang='lat' dir='ltr'><strong>igitur</strong></span> <span class='ocrx_word' id='word_1_337' title='bbox 1475 3116 1817 3180; x_wconf 87' lang='lat' dir='ltr'><strong>pellerentur,</strong></span> <span class='ocrx_word' id='word_1_338' title='bbox 1846 3126 1899 3168; x_wconf 87' lang='lat' dir='ltr'><strong>et</strong></span> <span class='ocrx_word' id='word_1_339' title='bbox 1928 3115 2059 3168; x_wconf 86' lang='lat' dir='ltr'><strong>vivis</strong></span> 
     </span>
    </p>
   </div>
   <div class='ocr_carea' id='block_1_48' title="bbox 2157 1912 3736 1987">
    <p class='ocr_par' dir='ltr' id='par_1_48' title="bbox 2157 1912 3736 1987">
     <span class='ocr_line' id='line_1_48' title="bbox 2157 1912 3736 1987; baseline -0.011 -10"><span class='ocrx_word' id='word_1_340' title='bbox 2157 1925 2305 1978; x_wconf 77' lang='lat' dir='ltr'><strong>retis.</strong></span> <span class='ocrx_word' id='word_1_341' title='bbox 2339 1923 2606 1987; x_wconf 60' lang='lat' dir='ltr'><strong>Praecipue</strong></span> <span class='ocrx_word' id='word_1_342' title='bbox 2652 1937 2769 1974; x_wconf 79' lang='lat' dir='ltr'><strong>cuiu</strong></span> <span class='ocrx_word' id='word_1_343' title='bbox 2800 1919 2958 1972; x_wconf 80' lang='lat' dir='ltr'><strong>etiam</strong></span> <span class='ocrx_word' id='word_1_344' title='bbox 2991 1918 3120 1985; x_wconf 73' lang='lat' dir='ltr'><strong>ipsze</strong></span> <span class='ocrx_word' id='word_1_345' title='bbox 3152 1916 3296 1982; x_wconf 80' lang='lat' dir='ltr'><strong>leges</strong></span> <span class='ocrx_word' id='word_1_346' title='bbox 3324 1913 3546 1981; x_wconf 74' lang='lat' dir='ltr'><strong>publica:</strong></span> <span class='ocrx_word' id='word_1_347' title='bbox 3582 1912 3622 1941; x_wconf 85' lang='lat'><strong>‘°</strong></span> <span class='ocrx_word' id='word_1_348' title='bbox 3649 1926 3736 1963; x_wconf 87' lang='lat' dir='ltr'><strong>ec-</strong></span> 
     </span>
    </p>
   </div>
   <div class='ocr_carea' id='block_1_49' title="bbox 2156 2007 3738 2079">
    <p class='ocr_par' dir='ltr' id='par_1_49' title="bbox 2156 2007 3738 2079">
     <span class='ocr_line' id='line_1_49' title="bbox 2156 2007 3738 2079; baseline -0.008 -14"><span class='ocrx_word' id='word_1_349' title='bbox 2156 2013 2468 2066; x_wconf 86' lang='lat' dir='ltr'><strong>clesiasticis</strong></span> <span class='ocrx_word' id='word_1_350' title='bbox 2513 2012 2709 2079; x_wconf 85' lang='lat' dir='ltr'><strong>regulis</strong></span> <span class='ocrx_word' id='word_1_351' title='bbox 2735 2011 3114 2074; x_wconf 88' lang='lat' dir='ltr'><strong>obsequentes,</strong></span> <span class='ocrx_word' id='word_1_352' title='bbox 3146 2007 3280 2060; x_wconf 83' lang='lat' dir='ltr'><strong>tales</strong></span> <span class='ocrx_word' id='word_1_353' title='bbox 3324 2018 3580 2071; x_wconf 70' lang='lat' dir='ltr'><strong>personas</strong></span> <span class='ocrx_word' id='word_1_354' title='bbox 3629 2018 3738 2054; x_wconf 83' lang='lat' dir='ltr'><strong>non</strong></span> 
     </span>
    </p>
   </div>
   <div class='ocr_carea' id='block_1_50' title="bbox 2159 2095 3742 2169">
    <p class='ocr_par' dir='ltr' id='par_1_50' title="bbox 2159 2095 3742 2169">
     <span class='ocr_line' id='line_1_50' title="bbox 2159 2095 3742 2169; baseline -0.006 -14"><span class='ocrx_word' id='word_1_355' title='bbox 2159 2103 2260 2155; x_wconf 90' lang='lat' dir='ltr'><strong>nisi</strong></span> <span class='ocrx_word' id='word_1_356' title='bbox 2291 2102 2356 2154; x_wconf 81' lang='lat' dir='ltr'><strong>ab</strong></span> <span class='ocrx_word' id='word_1_357' title='bbox 2383 2103 2647 2169; x_wconf 85' lang='lat' dir='ltr'><strong>episcopis</strong></span> <span class='ocrx_word' id='word_1_358' title='bbox 2679 2099 2953 2153; x_wconf 81' lang='lat' dir='ltr'><strong>sanxerint</strong></span> <span class='ocrx_word' id='word_1_359' title='bbox 2999 2097 3243 2164; x_wconf 87' lang='lat' dir='ltr'><strong>jmlicari.</strong></span> <span class='ocrx_word' id='word_1_360' title='bbox 3277 2097 3330 2150; x_wconf 84' lang='lat' dir='ltr'><strong>Si</strong></span> <span class='ocrx_word' id='word_1_361' title='bbox 3366 2112 3493 2149; x_wconf 84' lang='lat' dir='ltr'><strong>vero</strong></span> <span class='ocrx_word' id='word_1_362' title='bbox 3518 2095 3585 2147; x_wconf 79' lang='lat' dir='ltr'><strong>de</strong></span> <span class='ocrx_word' id='word_1_363' title='bbox 3607 2109 3742 2162; x_wconf 54' lang='lat' dir='ltr'><strong>qua-</strong></span> 
     </span>
    </p>
   </div>
   <div class='ocr_carea' id='block_1_51' title="bbox 2159 2185 3738 2256">
    <p class='ocr_par' dir='ltr' id='par_1_51' title="bbox 2159 2185 3738 2256">
     <span class='ocr_line' id='line_1_51' title="bbox 2159 2185 3738 2256; baseline -0.006 -13"><span class='ocrx_word' id='word_1_364' title='bbox 2159 2191 2285 2244; x_wconf 92' lang='lat' dir='ltr'><strong>Iibct</strong></span> <span class='ocrx_word' id='word_1_365' title='bbox 2315 2191 2502 2244; x_wconf 63' lang='lat' dir='ltr'><strong>haeresi</strong></span> <span class='ocrx_word' id='word_1_366' title='bbox 2536 2191 2745 2244; x_wconf 90' lang='lat' dir='ltr'><strong>fuerant</strong></span> <span class='ocrx_word' id='word_1_367' title='bbox 2782 2187 3029 2256; x_wconf 87' lang='lat' dir='ltr'><strong>impetiti,</strong></span> <span class='ocrx_word' id='word_1_368' title='bbox 3065 2196 3212 2237; x_wconf 91' lang='lat' dir='ltr'><strong>tanto</strong></span> <span class='ocrx_word' id='word_1_369' title='bbox 3239 2186 3406 2254; x_wconf 88' lang='lat' dir='ltr'><strong>magis</strong></span> <span class='ocrx_word' id='word_1_370' title='bbox 3434 2202 3526 2237; x_wconf 65' lang='lat' dir='ltr'><strong>eos</strong></span> <span class='ocrx_word' id='word_1_371' title='bbox 3557 2185 3642 2235; x_wconf 73' lang='lat' dir='ltr'><strong>det</strong></span> <span class='ocrx_word' id='word_1_372' title='bbox 3663 2185 3738 2234; x_wconf 90' lang='lat' dir='ltr'><strong>uit</strong></span> 
     </span>
    </p>
   </div>
   <div class='ocr_carea' id='block_1_52' title="bbox 2159 2275 3739 2348">
    <p class='ocr_par' dir='ltr' id='par_1_52' title="bbox 2159 2275 3739 2348">
     <span class='ocr_line' id='line_1_52' title="bbox 2159 2275 3739 2348; baseline -0.004 -16"><span class='ocrx_word' id='word_1_373' title='bbox 2159 2279 2256 2332; x_wconf 89' lang='lat' dir='ltr'><strong>ista</strong></span> <span class='ocrx_word' id='word_1_374' title='bbox 2295 2295 2642 2348; x_wconf 63' lang='lat' dir='ltr'><strong>cognoscere,</strong></span> <span class='ocrx_word' id='word_1_375' title='bbox 2675 2280 2764 2347; x_wconf 90' lang='lat' dir='ltr'><strong>qui</strong></span> <span class='ocrx_word' id='word_1_376' title='bbox 2793 2289 2846 2333; x_wconf 89' lang='lat' dir='ltr'><strong>et</strong></span> <span class='ocrx_word' id='word_1_377' title='bbox 2871 2277 3163 2331; x_wconf 83' lang='lat' dir='ltr'><strong>seetindum</strong></span> <span class='ocrx_word' id='word_1_378' title='bbox 3199 2275 3468 2342; x_wconf 86' lang='lat' dir='ltr'><strong>religionis</strong></span> <span class='ocrx_word' id='word_1_379' title='bbox 3496 2284 3739 2326; x_wconf 65' lang='lat' dir='ltr'><strong>tenorem</strong></span> 
     </span>
    </p>
   </div>
   <div class='ocr_carea' id='block_1_53' title="bbox 2159 2365 3739 2438">
    <p class='ocr_par' dir='ltr' id='par_1_53' title="bbox 2159 2365 3739 2438">
     <span class='ocr_line' id='line_1_53' title="bbox 2159 2365 3739 2438; baseline -0.004 -16"><span class='ocrx_word' id='word_1_380' title='bbox 2159 2379 2378 2438; x_wconf 82' lang='lat' dir='ltr'><strong>possent</strong></span> <span class='ocrx_word' id='word_1_381' title='bbox 2422 2371 2517 2422; x_wconf 87' lang='lat' dir='ltr'><strong>ista</strong></span> <span class='ocrx_word' id='word_1_382' title='bbox 2558 2371 2864 2437; x_wconf 89' lang='lat' dir='ltr'><strong>discutere,</strong></span> <span class='ocrx_word' id='word_1_383' title='bbox 2907 2377 2962 2421; x_wconf 90' lang='lat' dir='ltr'><strong>et</strong></span> <span class='ocrx_word' id='word_1_384' title='bbox 3008 2368 3266 2420; x_wconf 80' lang='lat' dir='ltr'><strong>haberent</strong></span> <span class='ocrx_word' id='word_1_385' title='bbox 3309 2365 3625 2433; x_wconf 74' lang='lat' dir='ltr'><strong>prisnnnm,</strong></span> <span class='ocrx_word' id='word_1_386' title='bbox 3675 2379 3739 2416; x_wconf 67' lang='lat' dir='ltr'><strong>et</strong></span> 
     </span>
    </p>
   </div>
   <div class='ocr_carea' id='block_1_54' title="bbox 2159 2453 3738 2526">
    <p class='ocr_par' dir='ltr' id='par_1_54' title="bbox 2159 2453 3738 2526">
     <span class='ocr_line' id='line_1_54' title="bbox 2159 2453 3738 2526; baseline -0.004 -15"><span class='ocrx_word' id='word_1_387' title='bbox 2159 2475 2264 2526; x_wconf 85' lang='lat' dir='ltr'><strong>quo</strong></span> <span class='ocrx_word' id='word_1_388' title='bbox 2315 2472 2397 2512; x_wconf 90' lang='lat' dir='ltr'><strong>est</strong></span> <span class='ocrx_word' id='word_1_389' title='bbox 2442 2459 2744 2512; x_wconf 88' lang='lat' dir='ltr'><strong>Christiana</strong></span> <span class='ocrx_word' id='word_1_390' title='bbox 2799 2458 3018 2526; x_wconf 82' lang='lat' dir='ltr'><strong>religio,</strong></span> <span class='ocrx_word' id='word_1_391' title='bbox 3067 2455 3395 2526; x_wconf 86' lang='lat' dir='ltr'><strong>pontificium</strong></span> <span class='ocrx_word' id='word_1_392' title='bbox 3440 2453 3738 2519; x_wconf 86' lang='lat' dir='ltr'><strong>judicandi.</strong></span> 
     </span>
    </p>
   </div>
   <div class='ocr_carea' id='block_1_55' title="bbox 2160 2544 3741 2613">
    <p class='ocr_par' dir='ltr' id='par_1_55' title="bbox 2160 2544 3741 2613">
     <span class='ocr_line' id='line_1_55' title="bbox 2160 2544 3741 2613; baseline -0.005 -9"><span class='ocrx_word' id='word_1_393' title='bbox 2160 2555 2261 2604; x_wconf 85' lang='lat' dir='ltr'><strong>Aut</strong></span> <span class='ocrx_word' id='word_1_394' title='bbox 2292 2551 2534 2604; x_wconf 82' lang='lat' dir='ltr'><strong>catholici</strong></span> <span class='ocrx_word' id='word_1_395' title='bbox 2567 2551 2708 2604; x_wconf 91' lang='lat' dir='ltr'><strong>enim</strong></span> <span class='ocrx_word' id='word_1_396' title='bbox 2752 2558 2936 2613; x_wconf 90' lang='lat' dir='ltr'><strong>erant,</strong></span> <span class='ocrx_word' id='word_1_397' title='bbox 2981 2561 3070 2600; x_wconf 89' lang='lat' dir='ltr'><strong>aut</strong></span> <span class='ocrx_word' id='word_1_398' title='bbox 3117 2546 3382 2606; x_wconf 64' lang='lat' dir='ltr'><strong>lmretici,</strong></span> <span class='ocrx_word' id='word_1_399' title='bbox 3426 2545 3493 2597; x_wconf 89' lang='lat' dir='ltr'><strong>de</strong></span> <span class='ocrx_word' id='word_1_400' title='bbox 3539 2544 3741 2610; x_wconf 83' lang='lat' dir='ltr'><strong>quibus</strong></span> 
     </span>
    </p>
   </div>
   <div class='ocr_carea' id='block_1_56' title="bbox 2163 2637 3743 2711">
    <p class='ocr_par' dir='ltr' id='par_1_56' title="bbox 2163 2637 3743 2711">
     <span class='ocr_line' id='line_1_56' title="bbox 2163 2637 3743 2711; baseline -0.004 -15"><span class='ocrx_word' id='word_1_401' title='bbox 2163 2645 2360 2710; x_wconf 80' lang='lat' dir='ltr'><strong>passim</strong></span> <span class='ocrx_word' id='word_1_402' title='bbox 2412 2644 2497 2696; x_wconf 89' lang='lat' dir='ltr'><strong>illa</strong></span> <span class='ocrx_word' id='word_1_403' title='bbox 2544 2643 2767 2696; x_wconf 89' lang='lat' dir='ltr'><strong>ludibria</strong></span> <span class='ocrx_word' id='word_1_404' title='bbox 2801 2643 3143 2711; x_wconf 80' lang='lat' dir='ltr'><strong>gerebantur,</strong></span> <span class='ocrx_word' id='word_1_405' title='bbox 3193 2647 3248 2693; x_wconf 87' lang='lat' dir='ltr'><strong>et</strong></span> <span class='ocrx_word' id='word_1_406' title='bbox 3287 2639 3559 2690; x_wconf 74' lang='lat' dir='ltr'><strong>Iatrocin‘a</strong></span> <span class='ocrx_word' id='word_1_407' title='bbox 3591 2637 3743 2689; x_wconf 72' lang='lat' dir='ltr'><strong>dcte-</strong></span> 
     </span>
    </p>
   </div>
   <div class='ocr_carea' id='block_1_57' title="bbox 2159 2726 3746 2796">
    <p class='ocr_par' dir='ltr' id='par_1_57' title="bbox 2159 2726 3746 2796">
     <span class='ocr_line' id='line_1_57' title="bbox 2159 2726 3746 2796; baseline -0.003 -14"><span class='ocrx_word' id='word_1_408' title='bbox 2159 2730 2348 2782; x_wconf 87' lang='lat' dir='ltr'><strong>standa</strong></span> <span class='ocrx_word' id='word_1_409' title='bbox 2380 2731 2692 2784; x_wconf 74' lang='lat' dir='ltr'><strong>smviebant.</strong></span> <span class='ocrx_word' id='word_1_410' title='bbox 2724 2730 2778 2784; x_wconf 88' lang='lat' dir='ltr'><strong>Si</strong></span> <span class='ocrx_word' id='word_1_411' title='bbox 2811 2728 3082 2789; x_wconf 66' lang='lat' dir='ltr'><strong>haeretici,</strong></span> <span class='ocrx_word' id='word_1_412' title='bbox 3115 2727 3293 2796; x_wconf 90' lang='lat' dir='ltr'><strong>prodi,</strong></span> <span class='ocrx_word' id='word_1_413' title='bbox 3327 2726 3553 2785; x_wconf 75' lang='lat' dir='ltr'><strong>disciiti,</strong></span> <span class='ocrx_word' id='word_1_414' title='bbox 3585 2736 3640 2780; x_wconf 91' lang='lat' dir='ltr'><strong>et</strong></span> <span class='ocrx_word' id='word_1_415' title='bbox 3671 2726 3746 2778; x_wconf 88' lang='lat' dir='ltr'><strong>le-</strong></span> 
     </span>
    </p>
   </div>
   <div class='ocr_carea' id='block_1_58' title="bbox 2158 2817 3744 2888">
    <p class='ocr_par' dir='ltr' id='par_1_58' title="bbox 2158 2817 3744 2888">
     <span class='ocr_line' id='line_1_58' title="bbox 2158 2817 3744 2888; baseline -0.003 -15"><span class='ocrx_word' id='word_1_416' title='bbox 2158 2821 2342 2888; x_wconf 83' lang='lat' dir='ltr'><strong>gitime</strong></span> <span class='ocrx_word' id='word_1_417' title='bbox 2373 2822 2617 2874; x_wconf 79' lang='lat' dir='ltr'><strong>convinci</strong></span> <span class='ocrx_word' id='word_1_418' title='bbox 2651 2822 2822 2874; x_wconf 88' lang='lat' dir='ltr'><strong>modis</strong></span> <span class='ocrx_word' id='word_1_419' title='bbox 2854 2821 3099 2873; x_wconf 87' lang='lat' dir='ltr'><strong>omnibus</strong></span> <span class='ocrx_word' id='word_1_420' title='bbox 3137 2819 3464 2881; x_wconf 87' lang='lat' dir='ltr'><strong>debuerant,</strong></span> <span class='ocrx_word' id='word_1_421' title='bbox 3505 2817 3586 2868; x_wconf 86' lang='lat' dir='ltr'><strong>vel</strong></span> <span class='ocrx_word' id='word_1_422' title='bbox 3632 2817 3744 2869; x_wconf 87' lang='lat' dir='ltr'><strong>suis</strong></span> 
     </span>
    </p>
   </div>
   <div class='ocr_carea' id='block_1_59' title="bbox 2162 2908 3744 2966">
    <p class='ocr_par' dir='ltr' id='par_1_59' title="bbox 2162 2908 3744 2966">
     <span class='ocr_line' id='line_1_59' title="bbox 2162 2908 3744 2966; baseline -0.004 0"><span class='ocrx_word' id='word_1_423' title='bbox 2162 2912 2594 2966; x_wconf 78' lang='lat' dir='ltr'><strong>confessionibus</strong></span> <span class='ocrx_word' id='word_1_424' title='bbox 2639 2913 2719 2966; x_wconf 87' lang='lat' dir='ltr'><strong>vel</strong></span> <span class='ocrx_word' id='word_1_425' title='bbox 2751 2912 2974 2965; x_wconf 87' lang='lat' dir='ltr'><strong>aliorum</strong></span> <span class='ocrx_word' id='word_1_426' title='bbox 3005 2911 3223 2963; x_wconf 71' lang='lat' dir='ltr'><strong>vocibus</strong></span> <span class='ocrx_word' id='word_1_427' title='bbox 3249 2909 3533 2962; x_wconf 82' lang='lat' dir='ltr'><strong>confutari.</strong></span> <span class='ocrx_word' id='word_1_428' title='bbox 3568 2908 3744 2960; x_wconf 83' lang='lat' dir='ltr'><strong>Taceo</strong></span> 
     </span>
    </p>
   </div>
   <div class='ocr_carea' id='block_1_60' title="bbox 2162 2999 3746 3071">
    <p class='ocr_par' dir='ltr' id='par_1_60' title="bbox 2162 2999 3746 3071">
     <span class='ocr_line' id='line_1_60' title="bbox 2162 2999 3746 3071; baseline -0.003 -17"><span class='ocrx_word' id='word_1_429' title='bbox 2162 3003 2284 3070; x_wconf 87' lang='lat' dir='ltr'><strong>quia</strong></span> <span class='ocrx_word' id='word_1_430' title='bbox 2311 3003 2374 3055; x_wconf 89' lang='lat' dir='ltr'><strong>ad</strong></span> <span class='ocrx_word' id='word_1_431' title='bbox 2404 3018 2500 3056; x_wconf 86' lang='lat' dir='ltr'><strong>nos</strong></span> <span class='ocrx_word' id='word_1_432' title='bbox 2525 3017 2742 3071; x_wconf 86' lang='lat' dir='ltr'><strong>paterna</strong></span> <span class='ocrx_word' id='word_1_433' title='bbox 2775 3005 2945 3057; x_wconf 88' lang='lat' dir='ltr'><strong>fuerat</strong></span> <span class='ocrx_word' id='word_1_434' title='bbox 2974 3002 3359 3056; x_wconf 86' lang='lat' dir='ltr'><strong>consuetudine</strong></span> <span class='ocrx_word' id='word_1_435' title='bbox 3381 2999 3746 3064; x_wconf 87' lang='lat' dir='ltr'><strong>referendum,</strong></span> 
     </span>
    </p>
   </div>
   <div class='ocr_carea' id='block_1_61' title="bbox 2165 3091 3747 3175">
    <p class='ocr_par' dir='ltr' id='par_1_61' title="bbox 2165 3091 3747 3175">
     <span class='ocr_line' id='line_1_61' title="bbox 2165 3091 3747 3175; baseline -0.001 -30"><span class='ocrx_word' id='word_1_436' title='bbox 2165 3101 2476 3175; x_wconf 73' lang='lat' dir='ltr'><strong>tantumque</strong></span> <span class='ocrx_word' id='word_1_437' title='bbox 2526 3108 2843 3148; x_wconf 88' lang='lat' dir='ltr'><strong>commoneo</strong></span> <span class='ocrx_word' id='word_1_438' title='bbox 2890 3097 3014 3163; x_wconf 90' lang='lat' dir='ltr'><strong>quid</strong></span> <span class='ocrx_word' id='word_1_439' title='bbox 3065 3095 3178 3148; x_wconf 84' lang='lat' dir='ltr'><strong>fieri</strong></span> <span class='ocrx_word' id='word_1_440' title='bbox 3230 3091 3747 3158; x_wconf 81' lang='lat' dir='ltr'><strong>ccclesiasticojtne</strong></span> 
     </span>
    </p>
   </div>
   <div class='ocr_carea' id='block_1_62' title="bbox 493 3185 3748 3264">
    <p class='ocr_par' dir='ltr' id='par_1_62' title="bbox 493 3185 3748 3264">
     <span class='ocr_line' id='line_1_62' title="bbox 493 3185 3748 3264; baseline -0.001 -25"><span class='ocrx_word' id='word_1_441' title='bbox 493 3197 832 3264; x_wconf 67' lang='lat' dir='ltr'><strong>ponﬂﬁcibus</strong></span> <span class='ocrx_word' id='word_1_442' title='bbox 863 3198 1137 3254; x_wconf 57' lang='lat' dir='ltr'><strong>catholicis</strong></span> <span class='ocrx_word' id='word_1_443' title='bbox 1165 3216 1500 3255; x_wconf 65' lang='lat' dir='ltr'><strong>successores</strong></span> <span class='ocrx_word' id='word_1_444' title='bbox 1549 3203 1781 3257; x_wconf 55' lang='lat' dir='ltr'><strong>han-elici</strong></span> <span class='ocrx_word' id='word_1_445' title='bbox 1811 3220 2054 3259; x_wconf 68' lang='lat' dir='ltr'><strong>creare&quot;-</strong></span> <span class='ocrx_word' id='word_1_446' title='bbox 2085 3186 2131 3248; x_wconf 85' lang='lat' dir='ltr'>C</span> <span class='ocrx_word' id='word_1_447' title='bbox 2162 3198 2505 3240; x_wconf 86' lang='lat' dir='ltr'><strong>convenerat.</strong></span> <span class='ocrx_word' id='word_1_448' title='bbox 2634 3202 2759 3238; x_wconf 62' lang='grc' dir='ltr'><strong>νυνί)</strong></span> <span class='ocrx_word' id='word_1_449' title='bbox 2800 3185 3044 3238; x_wconf 71' lang='lat' dir='ltr'><strong>CﬂlltﬂliCi</strong></span> <span class='ocrx_word' id='word_1_450' title='bbox 3079 3185 3462 3250; x_wconf 87' lang='lat' dir='ltr'><strong>probabantur,</strong></span> <span class='ocrx_word' id='word_1_451' title='bbox 3497 3198 3624 3242; x_wconf 70' lang='lat' dir='ltr'><strong>VOS,</strong></span> <span class='ocrx_word' id='word_1_452' title='bbox 3658 3188 3748 3249; x_wconf 77' lang='lat' dir='ltr'><strong>qui</strong></span> 
     </span>
    </p>
   </div>
   <div class='ocr_carea' id='block_1_63' title="bbox 494 3289 2052 3362">
    <p class='ocr_par' dir='ltr' id='par_1_63' title="bbox 494 3289 2052 3362">
     <span class='ocr_line' id='line_1_63' title="bbox 494 3289 2052 3362; baseline 0.008 -26"><span class='ocrx_word' id='word_1_453' title='bbox 494 3297 598 3353; x_wconf 88' lang='lat' dir='ltr'><strong>tur,</strong></span> <span class='ocrx_word' id='word_1_454' title='bbox 644 3299 696 3342; x_wconf 89' lang='lat' dir='ltr'><strong>et</strong></span> <span class='ocrx_word' id='word_1_455' title='bbox 741 3304 845 3342; x_wconf 90' lang='lat' dir='ltr'><strong>non</strong></span> <span class='ocrx_word' id='word_1_456' title='bbox 889 3289 954 3343; x_wconf 88' lang='lat' dir='ltr'><strong>de</strong></span> <span class='ocrx_word' id='word_1_457' title='bbox 995 3291 1332 3346; x_wconf 86' lang='lat' dir='ltr'><strong>inferioribus</strong></span> <span class='ocrx_word' id='word_1_458' title='bbox 1376 3296 1667 3362; x_wconf 84' lang='lat' dir='ltr'><strong>qtnbusqne</strong></span> <span class='ocrx_word' id='word_1_459' title='bbox 1711 3296 2052 3360; x_wconf 86' lang='lat' dir='ltr'><strong>civitatibus,</strong></span> 
     </span>
    </p>
   </div>
   <div class='ocr_carea' id='block_1_64' title="bbox 494 3379 2056 3453">
    <p class='ocr_par' dir='ltr' id='par_1_64' title="bbox 494 3379 2056 3453">
     <span class='ocr_line' id='line_1_64' title="bbox 494 3379 2056 3453; baseline 0.006 -25"><span class='ocrx_word' id='word_1_460' title='bbox 494 3379 587 3428; x_wconf 83' lang='lat' dir='ltr'><strong>sed</strong></span> <span class='ocrx_word' id='word_1_461' title='bbox 621 3380 778 3431; x_wconf 86' lang='lat' dir='ltr'><strong>etiam</strong></span> <span class='ocrx_word' id='word_1_462' title='bbox 822 3381 1211 3447; x_wconf 73' lang='lat' dir='ltr'><strong>metrnpolitani</strong></span> <span class='ocrx_word' id='word_1_463' title='bbox 1247 3383 1518 3449; x_wconf 75' lang='lat' dir='ltr'><strong>pontifices</strong></span> <span class='ocrx_word' id='word_1_464' title='bbox 1551 3384 1600 3436; x_wconf 91' lang='lat' dir='ltr'><strong>in</strong></span> <span class='ocrx_word' id='word_1_465' title='bbox 1633 3385 1891 3437; x_wconf 89' lang='lat' dir='ltr'><strong>catholica</strong></span> <span class='ocrx_word' id='word_1_466' title='bbox 1915 3386 2056 3453; x_wconf 80' lang='lat' dir='ltr'><strong>jugi-</strong></span> 
     </span>
    </p>
   </div>
   <div class='ocr_carea' id='block_1_65' title="bbox 495 3469 2057 3540">
    <p class='ocr_par' dir='ltr' id='par_1_65' title="bbox 495 3469 2057 3540">
     <span class='ocr_line' id='line_1_65' title="bbox 495 3469 2057 3540; baseline 0.006 -21"><span class='ocrx_word' id='word_1_467' title='bbox 495 3477 576 3519; x_wconf 73' lang='lat' dir='ltr'><strong>ter</strong></span> <span class='ocrx_word' id='word_1_468' title='bbox 603 3470 977 3523; x_wconf 83' lang='lat' dir='ltr'><strong>communione</strong></span> <span class='ocrx_word' id='word_1_469' title='bbox 1016 3469 1268 3525; x_wconf 88' lang='lat' dir='ltr'><strong>durantes</strong></span> <span class='ocrx_word' id='word_1_470' title='bbox 1289 3517 1301 3537; x_wconf 99' lang='lat'><strong>,</strong></span> <span class='ocrx_word' id='word_1_471' title='bbox 1336 3472 1356 3502; x_wconf 78' lang='lat'>‘</span> <span class='ocrx_word' id='word_1_472' title='bbox 1385 3489 1477 3524; x_wconf 83' lang='lat' dir='ltr'><strong>rnr</strong></span> <span class='ocrx_word' id='word_1_473' title='bbox 1505 3476 1766 3540; x_wconf 79' lang='lat' dir='ltr'><strong>compassi</strong></span> <span class='ocrx_word' id='word_1_474' title='bbox 1798 3491 1900 3528; x_wconf 91' lang='lat' dir='ltr'><strong>non</strong></span> <span class='ocrx_word' id='word_1_475' title='bbox 1930 3477 2057 3530; x_wconf 88' lang='lat' dir='ltr'><strong>estis</strong></span> 
     </span>
    </p>
   </div>
   <div class='ocr_carea' id='block_1_66' title="bbox 497 3558 2057 3634">
    <p class='ocr_par' dir='ltr' id='par_1_66' title="bbox 497 3558 2057 3634">
     <span class='ocr_line' id='line_1_66' title="bbox 497 3558 2057 3634; baseline 0.008 -26"><span class='ocrx_word' id='word_1_476' title='bbox 497 3558 657 3609; x_wconf 81' lang='lat' dir='ltr'><strong>tantis</strong></span> <span class='ocrx_word' id='word_1_477' title='bbox 710 3559 959 3612; x_wconf 76' lang='lat' dir='ltr'><strong>fratribus</strong></span> <span class='ocrx_word' id='word_1_478' title='bbox 993 3562 1215 3614; x_wconf 88' lang='lat' dir='ltr'><strong>vestris?</strong></span> <span class='ocrx_word' id='word_1_479' title='bbox 1257 3579 1350 3616; x_wconf 90' lang='lat' dir='ltr'><strong>cur</strong></span> <span class='ocrx_word' id='word_1_480' title='bbox 1386 3581 1487 3616; x_wconf 87' lang='lat' dir='ltr'><strong>non</strong></span> <span class='ocrx_word' id='word_1_481' title='bbox 1532 3565 1717 3618; x_wconf 87' lang='lat' dir='ltr'><strong>adistis</strong></span> <span class='ocrx_word' id='word_1_482' title='bbox 1770 3566 2057 3634; x_wconf 87' lang='lat' dir='ltr'><strong>imperato-</strong></span> 
     </span>
    </p>
   </div>
   <div class='ocr_carea' id='block_1_67' title="bbox 497 3647 2058 3710">
    <p class='ocr_par' dir='ltr' id='par_1_67' title="bbox 497 3647 2058 3710">
     <span class='ocr_line' id='line_1_67' title="bbox 497 3647 2058 3710; baseline 0.008 -12"><span class='ocrx_word' id='word_1_483' title='bbox 497 3647 652 3699; x_wconf 82' lang='lat' dir='ltr'><strong>rem?</strong></span> <span class='ocrx_word' id='word_1_484' title='bbox 702 3663 798 3701; x_wconf 88' lang='lat' dir='ltr'><strong>cur</strong></span> <span class='ocrx_word' id='word_1_485' title='bbox 831 3665 932 3702; x_wconf 90' lang='lat' dir='ltr'><strong>non</strong></span> <span class='ocrx_word' id='word_1_486' title='bbox 970 3652 1216 3705; x_wconf 72' lang='lat' dir='ltr'><strong>Ecclesia:</strong></span> <span class='ocrx_word' id='word_1_487' title='bbox 1246 3670 1457 3707; x_wconf 71' lang='lat' dir='ltr'><strong>causam</strong></span> <span class='ocrx_word' id='word_1_488' title='bbox 1501 3666 1552 3707; x_wconf 90' lang='lat' dir='ltr'><strong>et</strong></span> <span class='ocrx_word' id='word_1_489' title='bbox 1586 3656 1866 3709; x_wconf 85' lang='lat' dir='ltr'><strong>sacerdotii</strong></span> <span class='ocrx_word' id='word_1_490' title='bbox 1900 3657 2058 3710; x_wconf 87' lang='lat' dir='ltr'><strong>mise-</strong></span> 
     </span>
    </p>
   </div>
   <div class='ocr_carea' id='block_1_68' title="bbox 495 3737 2057 3800">
    <p class='ocr_par' dir='ltr' id='par_1_68' title="bbox 495 3737 2057 3800">
     <span class='ocr_line' id='line_1_68' title="bbox 495 3737 2057 3800; baseline 0.008 -12"><span class='ocrx_word' id='word_1_491' title='bbox 495 3737 712 3790; x_wconf 85' lang='lat' dir='ltr'><strong>rabilem</strong></span> <span class='ocrx_word' id='word_1_492' title='bbox 762 3738 1120 3793; x_wconf 72' lang='lat' dir='ltr'><strong>decoloratien</strong></span> <span class='ocrx_word' id='word_1_493' title='bbox 1159 3757 1208 3794; x_wconf 89' lang='lat' dir='ltr'><strong>m</strong></span> <span class='ocrx_word' id='word_1_494' title='bbox 1242 3746 1560 3798; x_wconf 86' lang='lat' dir='ltr'><strong>continuatis</strong></span> <span class='ocrx_word' id='word_1_495' title='bbox 1593 3746 1804 3799; x_wconf 57' lang='lat' dir='ltr'><strong>vocibus</strong></span> <span class='ocrx_word' id='word_1_496' title='bbox 1836 3746 2057 3800; x_wconf 74' lang='lat' dir='ltr'><strong>deflevi-</strong></span> 
     </span>
    </p>
   </div>
   <div class='ocr_carea' id='block_1_69' title="bbox 492 3829 2058 3902">
    <p class='ocr_par' dir='ltr' id='par_1_69' title="bbox 492 3829 2058 3902">
     <span class='ocr_line' id='line_1_69' title="bbox 492 3829 2058 3902; baseline 0.009 -22"><span class='ocrx_word' id='word_1_497' title='bbox 492 3829 621 3881; x_wconf 67' lang='lat' dir='ltr'><strong>sris?</strong></span> <span class='ocrx_word' id='word_1_498' title='bbox 648 3830 939 3898; x_wconf 82' lang='lat' dir='ltr'><strong>allegantes</strong></span> <span class='ocrx_word' id='word_1_499' title='bbox 971 3849 1236 3901; x_wconf 77' lang='lat' dir='ltr'><strong>nunqmm</strong></span> <span class='ocrx_word' id='word_1_500' title='bbox 1266 3837 1331 3888; x_wconf 89' lang='lat' dir='ltr'><strong>de</strong></span> <span class='ocrx_word' id='word_1_501' title='bbox 1361 3839 1697 3902; x_wconf 76' lang='lat' dir='ltr'><strong>pontificibus</strong></span> <span class='ocrx_word' id='word_1_502' title='bbox 1729 3839 1828 3892; x_wconf 74' lang='lat' dir='ltr'><strong>nisi</strong></span> <span class='ocrx_word' id='word_1_503' title='bbox 1876 3841 2058 3893; x_wconf 48' lang='lat' dir='ltr'><strong>licebi-</strong></span> 
     </span>
    </p>
   </div>
   <div class='ocr_carea' id='block_1_70' title="bbox 492 3919 2058 3998">
    <p class='ocr_par' dir='ltr' id='par_1_70' title="bbox 492 3919 2058 3998">
     <span class='ocr_line' id='line_1_70' title="bbox 492 3919 2058 3998; baseline 0.009 -29"><span class='ocrx_word' id='word_1_504' title='bbox 492 3919 623 3971; x_wconf 88' lang='lat' dir='ltr'><strong>siam</strong></span> <span class='ocrx_word' id='word_1_505' title='bbox 659 3920 922 3986; x_wconf 87' lang='lat' dir='ltr'><strong>judicasse</strong></span> <span class='ocrx_word' id='word_1_506' title='bbox 970 3938 984 3974; x_wconf 93' lang='lat'>:</span> <span class='ocrx_word' id='word_1_507' title='bbox 1033 3939 1137 3974; x_wconf 90' lang='lat' dir='ltr'><strong>non</strong></span> <span class='ocrx_word' id='word_1_508' title='bbox 1192 3940 1311 3978; x_wconf 87' lang='lat' dir='ltr'><strong>esse</strong></span> <span class='ocrx_word' id='word_1_509' title='bbox 1365 3927 1711 3980; x_wconf 84' lang='lat' dir='ltr'><strong>humanarum</strong></span> <span class='ocrx_word' id='word_1_510' title='bbox 1765 3929 1938 3998; x_wconf 84' lang='lat' dir='ltr'><strong>legum</strong></span> <span class='ocrx_word' id='word_1_511' title='bbox 1991 3933 2058 3983; x_wconf 92' lang='lat' dir='ltr'><strong>dc</strong></span> 
     </span>
    </p>
   </div>
   <div class='ocr_carea' id='block_1_71' title="bbox 495 4007 2058 4086">
    <p class='ocr_par' dir='ltr' id='par_1_71' title="bbox 495 4007 2058 4086">
     <span class='ocr_line' id='line_1_71' title="bbox 495 4007 2058 4086; baseline 0.01 -28"><span class='ocrx_word' id='word_1_512' title='bbox 495 4007 687 4060; x_wconf 86' lang='lat' dir='ltr'><strong>talibus</strong></span> <span class='ocrx_word' id='word_1_513' title='bbox 737 4007 878 4062; x_wconf 86' lang='lat' dir='ltr'><strong>ferre</strong></span> <span class='ocrx_word' id='word_1_514' title='bbox 926 4012 1242 4066; x_wconf 84' lang='lat' dir='ltr'><strong>sententiam</strong></span> <span class='ocrx_word' id='word_1_515' title='bbox 1275 4014 1474 4082; x_wconf 88' lang='lat' dir='ltr'><strong>absque</strong></span> <span class='ocrx_word' id='word_1_516' title='bbox 1507 4017 1756 4070; x_wconf 71' lang='lat' dir='ltr'><strong>Ecclesia:</strong></span> <span class='ocrx_word' id='word_1_517' title='bbox 1789 4022 2058 4086; x_wconf 82' lang='lat' dir='ltr'><strong>principa-</strong></span> 
     </span>
    </p>
   </div>
   <div class='ocr_carea' id='block_1_72' title="bbox 495 4096 2058 4178">
    <p class='ocr_par' dir='ltr' id='par_1_72' title="bbox 495 4096 2058 4178">
     <span class='ocr_line' id='line_1_72' title="bbox 495 4096 2058 4178; baseline 0.011 -29"><span class='ocrx_word' id='word_1_518' title='bbox 495 4096 616 4150; x_wconf 85' lang='lat' dir='ltr'><strong>liter</strong></span> <span class='ocrx_word' id='word_1_519' title='bbox 637 4099 935 4154; x_wconf 89' lang='lat' dir='ltr'><strong>constitutis</strong></span> <span class='ocrx_word' id='word_1_520' title='bbox 959 4103 1324 4166; x_wconf 75' lang='lat' dir='ltr'><strong>pontitimbus;</strong></span> <span class='ocrx_word' id='word_1_521' title='bbox 1355 4107 1574 4176; x_wconf 89' lang='lat' dir='ltr'><strong>obsequi</strong></span> <span class='ocrx_word' id='word_1_522' title='bbox 1597 4110 1770 4162; x_wconf 89' lang='lat' dir='ltr'><strong>solere</strong></span> <span class='ocrx_word' id='word_1_523' title='bbox 1794 4112 2058 4178; x_wconf 85' lang='lat' dir='ltr'><strong>principes</strong></span> 
     </span>
    </p>
   </div>
   <div class='ocr_carea' id='block_1_73' title="bbox 495 4187 2057 4268">
    <p class='ocr_par' dir='ltr' id='par_1_73' title="bbox 495 4187 2057 4268">
     <span class='ocr_line' id='line_1_73' title="bbox 495 4187 2057 4268; baseline 0.011 -31"><span class='ocrx_word' id='word_1_524' title='bbox 495 4187 821 4241; x_wconf 80' lang='lat' dir='ltr'><strong>ChriSIianos</strong></span> <span class='ocrx_word' id='word_1_525' title='bbox 850 4191 1079 4245; x_wconf 89' lang='lat' dir='ltr'><strong>decretis</strong></span> <span class='ocrx_word' id='word_1_526' title='bbox 1112 4191 1399 4258; x_wconf 63' lang='lat' dir='ltr'><strong>Ecclesiae,</strong></span> <span class='ocrx_word' id='word_1_527' title='bbox 1432 4211 1536 4249; x_wconf 88' lang='lat' dir='ltr'><strong>non</strong></span> <span class='ocrx_word' id='word_1_528' title='bbox 1568 4213 1716 4251; x_wconf 89' lang='lat' dir='ltr'><strong>suam</strong></span> <span class='ocrx_word' id='word_1_529' title='bbox 1751 4214 2057 4268; x_wconf 68' lang='lat' dir='ltr'><strong>prmponere</strong></span> 
     </span>
    </p>
   </div>
   <div class='ocr_carea' id='block_1_74' title="bbox 496 4283 2052 4356">
    <p class='ocr_par' dir='ltr' id='par_1_74' title="bbox 496 4283 2052 4356">
     <span class='ocr_line' id='line_1_74' title="bbox 496 4283 2052 4356; baseline 0.011 -32"><span class='ocrx_word' id='word_1_530' title='bbox 496 4286 806 4344; x_wconf 79' lang='lat' dir='ltr'><strong>potestatem</strong></span> <span class='ocrx_word' id='word_1_531' title='bbox 827 4321 841 4344; x_wconf 93' lang='lat'><strong>,</strong></span> <span class='ocrx_word' id='word_1_532' title='bbox 872 4283 1134 4350; x_wconf 82' lang='lat' dir='ltr'><strong>episcOpis</strong></span> <span class='ocrx_word' id='word_1_533' title='bbox 1160 4294 1317 4348; x_wconf 79' lang='lat' dir='ltr'><strong>caput</strong></span> <span class='ocrx_word' id='word_1_534' title='bbox 1345 4287 1575 4340; x_wconf 86' lang='lat' dir='ltr'><strong>subdere</strong></span> <span class='ocrx_word' id='word_1_535' title='bbox 1605 4291 1893 4356; x_wconf 89' lang='lat' dir='ltr'><strong>principem</strong></span> <span class='ocrx_word' id='word_1_536' title='bbox 1924 4293 2052 4344; x_wconf 79' lang='lat' dir='ltr'><strong>soli-</strong></span> 
     </span>
    </p>
   </div>
   <div class='ocr_carea' id='block_1_75' title="bbox 492 4371 2052 4446">
    <p class='ocr_par' dir='ltr' id='par_1_75' title="bbox 492 4371 2052 4446">
     <span class='ocr_line' id='line_1_75' title="bbox 492 4371 2052 4446; baseline 0.008 -26"><span class='ocrx_word' id='word_1_537' title='bbox 492 4376 600 4420; x_wconf 91' lang='lat' dir='ltr'><strong>tum</strong></span> <span class='ocrx_word' id='word_1_538' title='bbox 621 4411 634 4429; x_wconf 91' lang='lat'><strong>,</strong></span> <span class='ocrx_word' id='word_1_539' title='bbox 669 4387 770 4422; x_wconf 84' lang='lat' dir='ltr'><strong>non</strong></span> <span class='ocrx_word' id='word_1_540' title='bbox 803 4371 868 4426; x_wconf 90' lang='lat' dir='ltr'><strong>de</strong></span> <span class='ocrx_word' id='word_1_541' title='bbox 898 4387 1080 4426; x_wconf 89' lang='lat' dir='ltr'><strong>eorum</strong></span> <span class='ocrx_word' id='word_1_542' title='bbox 1109 4375 1367 4441; x_wconf 89' lang='lat' dir='ltr'><strong>capitibus</strong></span> <span class='ocrx_word' id='word_1_543' title='bbox 1412 4377 1672 4445; x_wconf 87' lang='lat' dir='ltr'><strong>judicare.</strong></span> <span class='ocrx_word' id='word_1_544' title='bbox 1713 4381 1915 4446; x_wconf 80' lang='lat' dir='ltr'><strong>Quibus</strong></span> <span class='ocrx_word' id='word_1_545' title='bbox 1957 4382 2052 4434; x_wconf 84' lang='lat' dir='ltr'><strong>Ec-</strong></span> 
     </span>
    </p>
   </div>
   <div class='ocr_carea' id='block_1_76' title="bbox 495 4456 2052 4537">
    <p class='ocr_par' dir='ltr' id='par_1_76' title="bbox 495 4456 2052 4537">
     <span class='ocr_line' id='line_1_76' title="bbox 495 4456 2052 4537; baseline 0.009 -29"><span class='ocrx_word' id='word_1_546' title='bbox 495 4456 670 4510; x_wconf 62' lang='lat' dir='ltr'><strong>cleaia:</strong></span> <span class='ocrx_word' id='word_1_547' title='bbox 693 4459 958 4525; x_wconf 79' lang='lat' dir='ltr'><strong>conciliis,</strong></span> <span class='ocrx_word' id='word_1_548' title='bbox 994 4477 1093 4530; x_wconf 88' lang='lat' dir='ltr'><strong>qua</strong></span> <span class='ocrx_word' id='word_1_549' title='bbox 1125 4463 1330 4532; x_wconf 88' lang='lat' dir='ltr'><strong>synodo</strong></span> <span class='ocrx_word' id='word_1_550' title='bbox 1369 4467 1690 4532; x_wconf 89' lang='lat' dir='ltr'><strong>pellerentur</strong></span> <span class='ocrx_word' id='word_1_551' title='bbox 1715 4471 1870 4537; x_wconf 81' lang='lat' dir='ltr'><strong>?quid</strong></span> <span class='ocrx_word' id='word_1_552' title='bbox 1903 4474 2052 4525; x_wconf 86' lang='lat' dir='ltr'><strong>deni-</strong></span> 
     </span>
    </p>
   </div>
   <div class='ocr_carea' id='block_1_77' title="bbox 494 4545 2132 4633">
    <p class='ocr_par' dir='ltr' id='par_1_77' title="bbox 494 4545 2132 4633">
     <span class='ocr_line' id='line_1_77' title="bbox 494 4545 2132 4633; baseline 0.012 -36"><span class='ocrx_word' id='word_1_553' title='bbox 494 4562 594 4613; x_wconf 89' lang='lat' dir='ltr'><strong>que</strong></span> <span class='ocrx_word' id='word_1_554' title='bbox 619 4549 1007 4604; x_wconf 87' lang='lat' dir='ltr'><strong>commisissent</strong></span> <span class='ocrx_word' id='word_1_555' title='bbox 1038 4595 1050 4615; x_wconf 92' lang='lat'><strong>,</strong></span> <span class='ocrx_word' id='word_1_556' title='bbox 1104 4565 1158 4605; x_wconf 91' lang='lat' dir='ltr'><strong>ut</strong></span> <span class='ocrx_word' id='word_1_557' title='bbox 1198 4555 1314 4608; x_wconf 86' lang='lat' dir='ltr'><strong>sine</strong></span> <span class='ocrx_word' id='word_1_558' title='bbox 1348 4557 1449 4608; x_wconf 89' lang='lat' dir='ltr'><strong>ulla</strong></span> <span class='ocrx_word' id='word_1_559' title='bbox 1479 4557 1806 4613; x_wconf 86' lang='lat' dir='ltr'><strong>discussione</strong></span> <span class='ocrx_word' id='word_1_560' title='bbox 1837 4577 2049 4633; x_wconf 85' lang='lat' dir='ltr'><strong>rerum,</strong></span> <span class='ocrx_word' id='word_1_561' title='bbox 2089 4545 2132 4601; x_wconf 79' lang='grc' dir='ltr'>υ</span> 
     </span>
    </p>
   </div>
   <div class='ocr_carea' id='block_1_78' title="bbox 493 4640 2055 4716">
    <p class='ocr_par' dir='ltr' id='par_1_78' title="bbox 493 4640 2055 4716">
     <span class='ocr_line' id='line_1_78' title="bbox 493 4640 2055 4716; baseline 0.013 -26"><span class='ocrx_word' id='word_1_562' title='bbox 493 4647 564 4690; x_wconf 91' lang='lat' dir='ltr'><strong>tot</strong></span> <span class='ocrx_word' id='word_1_563' title='bbox 594 4640 950 4695; x_wconf 79' lang='lat' dir='ltr'><strong>Ecelesiarmn</strong></span> <span class='ocrx_word' id='word_1_564' title='bbox 992 4646 1245 4711; x_wconf 65' lang='lat' dir='ltr'><strong>praesules</strong></span> <span class='ocrx_word' id='word_1_565' title='bbox 1303 4663 1396 4716; x_wconf 90' lang='lat' dir='ltr'><strong>pro</strong></span> <span class='ocrx_word' id='word_1_566' title='bbox 1438 4649 1666 4705; x_wconf 89' lang='lat' dir='ltr'><strong>humano</strong></span> <span class='ocrx_word' id='word_1_567' title='bbox 1702 4652 1850 4707; x_wconf 90' lang='lat' dir='ltr'><strong>libitu</strong></span> <span class='ocrx_word' id='word_1_568' title='bbox 1882 4665 1932 4708; x_wconf 90' lang='lat' dir='ltr'><strong>et</strong></span> <span class='ocrx_word' id='word_1_569' title='bbox 1963 4672 2055 4710; x_wconf 67' lang='grc' dir='ltr'><strong>ειυ-</strong></span> 
     </span>
    </p>
   </div>
   <div class='ocr_carea' id='block_1_79' title="bbox 494 4730 2052 4814">
    <p class='ocr_par' dir='ltr' id='par_1_79' title="bbox 494 4730 2052 4814">
     <span class='ocr_line' id='line_1_79' title="bbox 494 4730 2052 4814; baseline 0.015 -35"><span class='ocrx_word' id='word_1_570' title='bbox 494 4730 692 4782; x_wconf 69' lang='lat' dir='ltr'><strong>cnlaiis</strong></span> <span class='ocrx_word' id='word_1_571' title='bbox 741 4735 1016 4800; x_wconf 89' lang='lat' dir='ltr'><strong>potestatis</strong></span> <span class='ocrx_word' id='word_1_572' title='bbox 1066 4737 1284 4790; x_wconf 82' lang='lat' dir='ltr'><strong>arbitrio</strong></span> <span class='ocrx_word' id='word_1_573' title='bbox 1348 4739 1717 4805; x_wconf 86' lang='lat' dir='ltr'><strong>pellerentur?</strong></span> <span class='ocrx_word' id='word_1_574' title='bbox 1754 4745 2052 4814; x_wconf 89' lang='lat' dir='ltr'><strong>lnauditos,</strong></span> 
     </span>
    </p>
   </div>
   <div class='ocr_carea' id='block_1_80' title="bbox 498 4820 2054 4899">
    <p class='ocr_par' dir='ltr' id='par_1_80' title="bbox 498 4820 2054 4899">
     <span class='ocr_line' id='line_1_80' title="bbox 498 4820 2054 4899; baseline 0.015 -29"><span class='ocrx_word' id='word_1_575' title='bbox 498 4820 844 4886; x_wconf 85' lang='lat' dir='ltr'><strong>indiscussos,</strong></span> <span class='ocrx_word' id='word_1_576' title='bbox 877 4825 894 4855; x_wconf 85' lang='grc'><strong>⁷</strong></span> <span class='ocrx_word' id='word_1_577' title='bbox 923 4829 1194 4880; x_wconf 88' lang='lat' dir='ltr'><strong>convictos</strong></span> <span class='ocrx_word' id='word_1_578' title='bbox 1218 4845 1320 4881; x_wconf 92' lang='lat' dir='ltr'><strong>non</strong></span> <span class='ocrx_word' id='word_1_579' title='bbox 1346 4830 1540 4884; x_wconf 86' lang='lat' dir='ltr'><strong>debere</strong></span> <span class='ocrx_word' id='word_1_580' title='bbox 1564 4835 1799 4899; x_wconf 89' lang='lat' dir='ltr'><strong>percelli.</strong></span> <span class='ocrx_word' id='word_1_581' title='bbox 1829 4837 2054 4893; x_wconf 79' lang='lat' dir='ltr'><strong>Maxime</strong></span> 
     </span>
    </p>
   </div>
   <div class='ocr_carea' id='block_1_81' title="bbox 495 4922 2052 4994">
    <p class='ocr_par' dir='ltr' id='par_1_81' title="bbox 495 4922 2052 4994">
     <span class='ocr_line' id='line_1_81' title="bbox 495 4922 2052 4994; baseline 0.015 -35"><span class='ocrx_word' id='word_1_582' title='bbox 495 4925 614 4962; x_wconf 86' lang='lat' dir='ltr'><strong>cum</strong></span> <span class='ocrx_word' id='word_1_583' title='bbox 659 4926 805 4965; x_wconf 83' lang='lat' dir='ltr'><strong>neva-</strong></span> <span class='ocrx_word' id='word_1_584' title='bbox 835 4928 1009 4968; x_wconf 73' lang='lat' dir='ltr'><strong>causse</strong></span> <span class='ocrx_word' id='word_1_585' title='bbox 1055 4928 1107 4971; x_wconf 88' lang='lat' dir='ltr'><strong>et</strong></span> <span class='ocrx_word' id='word_1_586' title='bbox 1145 4935 1277 4973; x_wconf 89' lang='lat' dir='ltr'><strong>nova</strong></span> <span class='ocrx_word' id='word_1_587' title='bbox 1323 4936 1498 4974; x_wconf 91' lang='lat' dir='ltr'><strong>rerum</strong></span> <span class='ocrx_word' id='word_1_588' title='bbox 1531 4922 1689 4978; x_wconf 81' lang='lat' dir='ltr'><strong>facies</strong></span> <span class='ocrx_word' id='word_1_589' title='bbox 1737 4940 2052 4994; x_wconf 87' lang='lat' dir='ltr'><strong>appareret,</strong></span> 
     </span>
    </p>
   </div>
   <div class='ocr_carea' id='block_1_82' title="bbox 496 5007 2051 5088">
    <p class='ocr_par' dir='ltr' id='par_1_82' title="bbox 496 5007 2051 5088">
     <span class='ocr_line' id='line_1_82' title="bbox 496 5007 2051 5088; baseline 0.014 -35"><span class='ocrx_word' id='word_1_590' title='bbox 496 5011 548 5053; x_wconf 89' lang='lat' dir='ltr'><strong>ut</strong></span> <span class='ocrx_word' id='word_1_591' title='bbox 599 5017 833 5058; x_wconf 79' lang='lat' dir='ltr'><strong>reczores</strong></span> <span class='ocrx_word' id='word_1_592' title='bbox 885 5007 968 5059; x_wconf 91' lang='lat' dir='ltr'><strong>isti</strong></span> <span class='ocrx_word' id='word_1_593' title='bbox 1015 5007 1243 5075; x_wconf 87' lang='lat' dir='ltr'><strong>plebium</strong></span> <span class='ocrx_word' id='word_1_594' title='bbox 1290 5013 1583 5078; x_wconf 88' lang='lat' dir='ltr'><strong>repentinis</strong></span> <span class='ocrx_word' id='word_1_595' title='bbox 1623 5014 2051 5088; x_wconf 82' lang='lat' dir='ltr'><strong>incursionibus,</strong></span> 
     </span>
    </p>
   </div>
   <div class='ocr_carea' id='block_1_83' title="bbox 562 5183 1543 5248">
    <p class='ocr_par' dir='ltr' id='par_1_83' title="bbox 562 5183 1543 5248">
     <span class='ocr_line' id='line_1_83' title="bbox 562 5183 1543 5248; baseline 0.011 -14"><span class='ocrx_word' id='word_1_596' title='bbox 562 5187 574 5216; x_wconf 89' lang='lat'>&#39;</span> <span class='ocrx_word' id='word_1_597' title='bbox 615 5183 688 5236; x_wconf 89' lang='lat' dir='ltr'><strong>Id.</strong></span> <span class='ocrx_word' id='word_1_598' title='bbox 721 5184 864 5248; x_wconf 85' lang='lat' dir='ltr'><strong>cod.,</strong></span> <span class='ocrx_word' id='word_1_599' title='bbox 895 5186 1101 5239; x_wconf 85' lang='lat' dir='ltr'><strong>minime</strong></span> <span class='ocrx_word' id='word_1_600' title='bbox 1128 5189 1543 5244; x_wconf 84' lang='lat' dir='ltr'><strong>comnmnicare:.</strong></span> 
     </span>
    </p>
   </div>
   <div class='ocr_carea' id='block_1_84' title="bbox 561 5255 1115 5315">
    <p class='ocr_par' dir='ltr' id='par_1_84' title="bbox 561 5255 1115 5315">
     <span class='ocr_line' id='line_1_84' title="bbox 561 5255 1115 5315; baseline 0.009 -10"><span class='ocrx_word' id='word_1_601' title='bbox 561 5258 579 5284; x_wconf 79' lang='grc'>¹</span> <span class='ocrx_word' id='word_1_602' title='bbox 614 5256 686 5306; x_wconf 79' lang='lat' dir='ltr'><strong>lil.</strong></span> <span class='ocrx_word' id='word_1_603' title='bbox 720 5255 861 5315; x_wconf 84' lang='lat' dir='ltr'><strong>eod.,</strong></span> <span class='ocrx_word' id='word_1_604' title='bbox 892 5265 1115 5311; x_wconf 78' lang='lat' dir='ltr'><strong>tenuere.</strong></span> 
     </span>
    </p>
   </div>
   <div class='ocr_carea' id='block_1_85' title="bbox 564 5317 1247 5395">
    <p class='ocr_par' dir='ltr' id='par_1_85' title="bbox 564 5317 1247 5395">
     <span class='ocr_line' id='line_1_85' title="bbox 564 5317 1247 5395; baseline 0.007 -20"><span class='ocrx_word' id='word_1_605' title='bbox 564 5317 580 5338; x_wconf 65' lang='grc'>³</span> <span class='ocrx_word' id='word_1_606' title='bbox 615 5323 689 5378; x_wconf 88' lang='lat' dir='ltr'><strong>Id.</strong></span> <span class='ocrx_word' id='word_1_607' title='bbox 719 5326 863 5386; x_wconf 89' lang='lat' dir='ltr'><strong>cod.,</strong></span> <span class='ocrx_word' id='word_1_608' title='bbox 887 5327 1247 5395; x_wconf 81' lang='lat' dir='ltr'><strong>judicaverint.</strong></span> 
     </span>
    </p>
   </div>
   <div class='ocr_carea' id='block_1_86' title="bbox 499 5395 2054 5517">
    <p class='ocr_par' dir='ltr' id='par_1_86' title="bbox 499 5395 2054 5517">
     <span class='ocr_line' id='line_1_86' title="bbox 499 5395 2054 5517; baseline 0.012 -72"><span class='ocrx_word' id='word_1_609' title='bbox 499 5395 722 5517; x_wconf 55' lang='lat' dir='ltr'><strong>‘8“Illoc</strong></span> <span class='ocrx_word' id='word_1_610' title='bbox 765 5405 1020 5460; x_wconf 70' lang='grc' dir='ltr'><strong>ιπτιειεχω</strong></span> <span class='ocrx_word' id='word_1_611' title='bbox 1063 5398 1292 5453; x_wconf 82' lang='lat' dir='ltr'><strong>Joannes</strong></span> <span class='ocrx_word' id='word_1_612' title='bbox 1344 5402 1661 5458; x_wconf 80' lang='lat' dir='ltr'><strong>Alexandria</strong></span> <span class='ocrx_word' id='word_1_613' title='bbox 1713 5405 1918 5476; x_wconf 88' lang='lat' dir='ltr'><strong>ejeelus</strong></span> <span class='ocrx_word' id='word_1_614' title='bbox 1965 5424 2054 5463; x_wconf 90' lang='lat' dir='ltr'><strong>an.</strong></span> 
     </span>
     <span class='ocr_line' id='line_1_87' title="bbox 604 5478 906 5517; baseline -0.007 -1"><span class='ocrx_word' id='word_1_615' title='bbox 604 5503 618 5516; x_wconf 89' lang='lat'><strong>.</strong></span> <span class='ocrx_word' id='word_1_616' title='bbox 680 5478 906 5517; x_wconf 70' lang='lat' dir='ltr'><strong>.ABBEUS.</strong></span> 
     </span>
    </p>
   </div>
   <div class='ocr_carea' id='block_1_87' title="bbox 604 5478 906 5517">
    <p class='ocr_par' dir='ltr' id='par_1_87' title="bbox 604 5478 906 5517">
     <span class='ocr_line' id='line_1_88' title="bbox 604 5478 906 5517; baseline -0.007 -1"><span class='ocrx_word' id='word_1_617' title='bbox 604 5503 618 5516; x_wconf 83' lang='lat'><strong>.</strong></span> <span class='ocrx_word' id='word_1_618' title='bbox 655 5478 906 5517; x_wconf 69' lang='lat' dir='ltr'><strong>LABBEUS.</strong></span> 
     </span>
    </p>
   </div>
   <div class='ocr_carea' id='block_1_88' title="bbox 568 5533 2054 5616">
    <p class='ocr_par' dir='ltr' id='par_1_88' title="bbox 568 5533 2054 5616">
     <span class='ocr_line' id='line_1_89' title="bbox 568 5533 2054 5616; baseline 0.011 -31"><span class='ocrx_word' id='word_1_619' title='bbox 568 5533 734 5616; x_wconf 62' lang='lat' dir='ltr'><strong>l:IIoc</strong></span> <span class='ocrx_word' id='word_1_620' title='bbox 773 5543 1025 5600; x_wconf 66' lang='lat' dir='ltr'><strong>praetextu</strong></span> <span class='ocrx_word' id='word_1_621' title='bbox 1065 5534 1316 5595; x_wconf 74' lang='lat' dir='ltr'><strong>Calandio</strong></span> <span class='ocrx_word' id='word_1_622' title='bbox 1372 5542 1648 5598; x_wconf 76' lang='lat' dir='ltr'><strong>Antitcbia</strong></span> <span class='ocrx_word' id='word_1_623' title='bbox 1705 5549 1903 5616; x_wconf 69' lang='lat' dir='ltr'><strong>Cjt‘CillS</strong></span> <span class='ocrx_word' id='word_1_624' title='bbox 1967 5565 2054 5603; x_wconf 85' lang='lat' dir='ltr'><strong>an.</strong></span> 
     </span>
    </p>
   </div>
   <div class='ocr_carea' id='block_1_89' title="bbox 499 5601 908 5657">
    <p class='ocr_par' dir='ltr' id='par_1_89' title="bbox 499 5601 908 5657">
     <span class='ocr_line' id='line_1_90' title="bbox 499 5601 908 5657; baseline 0.015 -6"><span class='ocrx_word' id='word_1_625' title='bbox 499 5601 619 5653; x_wconf 68' lang='grc'><strong>135.</strong></span> <span class='ocrx_word' id='word_1_626' title='bbox 652 5602 908 5657; x_wconf 64' lang='lat' dir='ltr'><strong>Lanaeus.</strong></span> 
     </span>
    </p>
   </div>
   <div class='ocr_carea' id='block_1_90' title="bbox 569 5670 1300 5746">
    <p class='ocr_par' dir='ltr' id='par_1_90' title="bbox 569 5670 1300 5746">
     <span class='ocr_line' id='line_1_91' title="bbox 569 5670 1300 5746; baseline 0.016 -23"><span class='ocrx_word' id='word_1_627' title='bbox 569 5670 740 5746; x_wconf 63' lang='grc' dir='ltr'><strong>ξςῖριι.</strong></span> <span class='ocrx_word' id='word_1_628' title='bbox 779 5673 993 5746; x_wconf 77' lang='lat' dir='ltr'><strong>V_cron..</strong></span> <span class='ocrx_word' id='word_1_629' title='bbox 1025 5675 1128 5730; x_wconf 86' lang='lat' dir='ltr'><strong>Cur</strong></span> <span class='ocrx_word' id='word_1_630' title='bbox 1148 5678 1300 5746; x_wconf 78' lang='lat' dir='ltr'><strong>igitur</strong></span> 
     </span>
    </p>
   </div>
   <div class='ocr_carea' id='block_1_91' title="bbox 573 5740 1217 5808">
    <p class='ocr_par' dir='ltr' id='par_1_91' title="bbox 573 5740 1217 5808">
     <span class='ocr_line' id='line_1_92' title="bbox 573 5740 1217 5808; baseline 0.009 -14"><span class='ocrx_word' id='word_1_631' title='bbox 573 5741 588 5770; x_wconf 86' lang='grc'><strong>⁷</strong></span> <span class='ocrx_word' id='word_1_632' title='bbox 615 5740 692 5795; x_wconf 82' lang='lat' dir='ltr'><strong>Id.</strong></span> <span class='ocrx_word' id='word_1_633' title='bbox 727 5744 870 5808; x_wconf 85' lang='lat' dir='ltr'><strong>cod.,</strong></span> <span class='ocrx_word' id='word_1_634' title='bbox 894 5740 1217 5801; x_wconf 64' lang='lat' dir='ltr'><strong>incont&#39;t&#39;clos.</strong></span> 
     </span>
    </p>
   </div>
   <div class='ocr_carea' id='block_1_92' title="bbox 2161 3276 3748 3344">
    <p class='ocr_par' dir='ltr' id='par_1_92' title="bbox 2161 3276 3748 3344">
     <span class='ocr_line' id='line_1_93' title="bbox 2161 3276 3748 3344; baseline -0.003 -14"><span class='ocrx_word' id='word_1_635' title='bbox 2161 3293 2264 3330; x_wconf 91' lang='lat' dir='ltr'><strong>non</strong></span> <span class='ocrx_word' id='word_1_636' title='bbox 2314 3279 2485 3331; x_wconf 90' lang='lat' dir='ltr'><strong>solum</strong></span> <span class='ocrx_word' id='word_1_637' title='bbox 2531 3278 2582 3332; x_wconf 92' lang='lat' dir='ltr'><strong>in</strong></span> <span class='ocrx_word' id='word_1_638' title='bbox 2637 3293 2819 3330; x_wconf 89' lang='lat' dir='ltr'><strong>eorum</strong></span> <span class='ocrx_word' id='word_1_639' title='bbox 2871 3278 3186 3344; x_wconf 83' lang='lat' dir='ltr'><strong>depulsione</strong></span> <span class='ocrx_word' id='word_1_640' title='bbox 3239 3277 3278 3306; x_wconf 83' lang='lat'>“</span> <span class='ocrx_word' id='word_1_641' title='bbox 3329 3276 3599 3328; x_wconf 84' lang='lat' dir='ltr'><strong>cessistis.</strong></span> <span class='ocrx_word' id='word_1_642' title='bbox 3653 3277 3748 3326; x_wconf 78' lang='lat' dir='ltr'><strong>sed</strong></span> 
     </span>
    </p>
   </div>
   <div class='ocr_carea' id='block_1_93' title="bbox 2159 3366 3749 3437">
    <p class='ocr_par' dir='ltr' id='par_1_93' title="bbox 2159 3366 3749 3437">
     <span class='ocr_line' id='line_1_94' title="bbox 2159 3366 3749 3437; baseline -0.006 -13"><span class='ocrx_word' id='word_1_643' title='bbox 2159 3369 2317 3424; x_wconf 87' lang='lat' dir='ltr'><strong>etiam</strong></span> <span class='ocrx_word' id='word_1_644' title='bbox 2345 3370 2645 3437; x_wconf 80' lang='lat' dir='ltr'><strong>subrogatis</strong></span> <span class='ocrx_word' id='word_1_645' title='bbox 2676 3372 3073 3423; x_wconf 84' lang='lat' dir='ltr'><strong>communicare</strong></span> <span class='ocrx_word' id='word_1_646' title='bbox 3103 3366 3410 3436; x_wconf 86' lang='lat' dir='ltr'><strong>delegistis,</strong></span> <span class='ocrx_word' id='word_1_647' title='bbox 3443 3366 3749 3417; x_wconf 82' lang='lat' dir='ltr'><strong>indubitan-</strong></span> 
     </span>
    </p>
   </div>
   <div class='ocr_carea' id='block_1_94' title="bbox 2161 3459 3750 3528">
    <p class='ocr_par' dir='ltr' id='par_1_94' title="bbox 2161 3459 3750 3528">
     <span class='ocr_line' id='line_1_95' title="bbox 2161 3459 3750 3528; baseline -0.001 -15"><span class='ocrx_word' id='word_1_648' title='bbox 2161 3470 2240 3514; x_wconf 89' lang='lat' dir='ltr'><strong>ter</strong></span> <span class='ocrx_word' id='word_1_649' title='bbox 2274 3463 2314 3492; x_wconf 82' lang='lat'>“</span> <span class='ocrx_word' id='word_1_650' title='bbox 2347 3461 2603 3514; x_wconf 69' lang='lat' dir='ltr'><strong>ha~retici.</strong></span> <span class='ocrx_word' id='word_1_651' title='bbox 2643 3461 2742 3526; x_wconf 89' lang='lat' dir='ltr'><strong>Qui</strong></span> <span class='ocrx_word' id='word_1_652' title='bbox 2791 3461 3025 3528; x_wconf 87' lang='lat' dir='ltr'><strong>depulsis</strong></span> <span class='ocrx_word' id='word_1_653' title='bbox 3068 3460 3344 3513; x_wconf 89' lang='lat' dir='ltr'><strong>catholicis</strong></span> <span class='ocrx_word' id='word_1_654' title='bbox 3375 3459 3415 3489; x_wconf 83' lang='grc'><strong>¹³</strong></span> <span class='ocrx_word' id='word_1_655' title='bbox 3448 3459 3750 3511; x_wconf 85' lang='lat' dir='ltr'><strong>secedenti-</strong></span> 
     </span>
    </p>
   </div>
   <div class='ocr_carea' id='block_1_95' title="bbox 2160 3554 3748 3621">
    <p class='ocr_par' dir='ltr' id='par_1_95' title="bbox 2160 3554 3748 3621">
     <span class='ocr_line' id='line_1_96' title="bbox 2160 3554 3748 3621; baseline 0.001 -16"><span class='ocrx_word' id='word_1_656' title='bbox 2160 3554 2292 3619; x_wconf 90' lang='lat' dir='ltr'><strong>bus,</strong></span> <span class='ocrx_word' id='word_1_657' title='bbox 2345 3571 2447 3606; x_wconf 90' lang='lat' dir='ltr'><strong>non</strong></span> <span class='ocrx_word' id='word_1_658' title='bbox 2501 3555 2784 3619; x_wconf 81' lang='lat' dir='ltr'><strong>ignorastis</strong></span> <span class='ocrx_word' id='word_1_659' title='bbox 2825 3570 3041 3608; x_wconf 86' lang='lat' dir='ltr'><strong>causam</strong></span> <span class='ocrx_word' id='word_1_660' title='bbox 3096 3555 3215 3608; x_wconf 83' lang='lat' dir='ltr'><strong>fidei</strong></span> <span class='ocrx_word' id='word_1_661' title='bbox 3247 3555 3748 3621; x_wconf 82' lang='lat' dir='ltr'><strong>commnnionisquo</strong></span> 
     </span>
    </p>
   </div>
   <div class='ocr_carea' id='block_1_96' title="bbox 2162 3643 3746 3712">
    <p class='ocr_par' dir='ltr' id='par_1_96' title="bbox 2162 3643 3746 3712">
     <span class='ocr_line' id='line_1_97' title="bbox 2162 3643 3746 3712; baseline -0.001 -16"><span class='ocrx_word' id='word_1_662' title='bbox 2162 3643 2442 3696; x_wconf 71' lang='lat' dir='ltr'><strong>catholicm</strong></span> <span class='ocrx_word' id='word_1_663' title='bbox 2475 3658 2569 3712; x_wconf 91' lang='lat' dir='ltr'><strong>per</strong></span> <span class='ocrx_word' id='word_1_664' title='bbox 2598 3653 2771 3696; x_wconf 88' lang='lat' dir='ltr'><strong>tantos</strong></span> <span class='ocrx_word' id='word_1_665' title='bbox 2801 3647 3066 3698; x_wconf 85' lang='lat' dir='ltr'><strong>antistites</strong></span> <span class='ocrx_word' id='word_1_666' title='bbox 3090 3654 3200 3696; x_wconf 90' lang='lat' dir='ltr'><strong>toto</strong></span> <span class='ocrx_word' id='word_1_667' title='bbox 3227 3645 3355 3695; x_wconf 79' lang='lat' dir='ltr'><strong>orbe</strong></span> <span class='ocrx_word' id='word_1_668' title='bbox 3387 3643 3746 3710; x_wconf 77' lang='lat' dir='ltr'><strong>patefactam;</strong></span> 
     </span>
    </p>
   </div>
   <div class='ocr_carea' id='block_1_97' title="bbox 2161 3735 3747 3803">
    <p class='ocr_par' dir='ltr' id='par_1_97' title="bbox 2161 3735 3747 3803">
     <span class='ocr_line' id='line_1_98' title="bbox 2161 3735 3747 3803; baseline 0 -17"><span class='ocrx_word' id='word_1_669' title='bbox 2161 3736 2253 3788; x_wconf 87' lang='lat' dir='ltr'><strong>sed</strong></span> <span class='ocrx_word' id='word_1_670' title='bbox 2283 3735 2439 3802; x_wconf 84' lang='lat' dir='ltr'><strong>plane</strong></span> <span class='ocrx_word' id='word_1_671' title='bbox 2468 3735 2698 3789; x_wconf 88' lang='lat' dir='ltr'><strong>scientes</strong></span> <span class='ocrx_word' id='word_1_672' title='bbox 2728 3737 3096 3803; x_wconf 64' lang='lat' dir='ltr'><strong>volentesque,</strong></span> <span class='ocrx_word' id='word_1_673' title='bbox 3130 3735 3246 3788; x_wconf 87' lang='lat' dir='ltr'><strong>sine</strong></span> <span class='ocrx_word' id='word_1_674' title='bbox 3279 3735 3380 3787; x_wconf 86' lang='lat' dir='ltr'><strong>ulla</strong></span> <span class='ocrx_word' id='word_1_675' title='bbox 3413 3735 3747 3787; x_wconf 72' lang='lat' dir='ltr'><strong>discussione</strong></span> 
     </span>
    </p>
   </div>
   <div class='ocr_carea' id='block_1_98' title="bbox 2159 3825 3746 3897">
    <p class='ocr_par' dir='ltr' id='par_1_98' title="bbox 2159 3825 3746 3897">
     <span class='ocr_line' id='line_1_99' title="bbox 2159 3825 3746 3897; baseline -0.003 -15"><span class='ocrx_word' id='word_1_676' title='bbox 2159 3845 2370 3889; x_wconf 89' lang='lat' dir='ltr'><strong>rerum,</strong></span> <span class='ocrx_word' id='word_1_677' title='bbox 2423 3830 2538 3881; x_wconf 87' lang='lat' dir='ltr'><strong>sine</strong></span> <span class='ocrx_word' id='word_1_678' title='bbox 2586 3830 2689 3882; x_wconf 80' lang='lat' dir='ltr'><strong>ul‘a</strong></span> <span class='ocrx_word' id='word_1_679' title='bbox 2739 3829 2983 3897; x_wconf 88' lang='lat' dir='ltr'><strong>synodali</strong></span> <span class='ocrx_word' id='word_1_680' title='bbox 3033 3827 3461 3889; x_wconf 79' lang='lat' dir='ltr'><strong>examinatione.</strong></span> <span class='ocrx_word' id='word_1_681' title='bbox 3496 3826 3612 3879; x_wconf 90' lang='lat' dir='ltr'><strong>sine</strong></span> <span class='ocrx_word' id='word_1_682' title='bbox 3643 3825 3746 3878; x_wconf 85' lang='lat' dir='ltr'><strong>u!|a</strong></span> 
     </span>
    </p>
   </div>
   <div class='ocr_carea' id='block_1_99' title="bbox 2161 3923 3745 3988">
    <p class='ocr_par' dir='ltr' id='par_1_99' title="bbox 2161 3923 3745 3988">
     <span class='ocr_line' id='line_1_100' title="bbox 2161 3923 3745 3988; baseline 0.001 -15"><span class='ocrx_word' id='word_1_683' title='bbox 2161 3923 2304 3975; x_wconf 70' lang='lat' dir='ltr'><strong>sedis</strong></span> <span class='ocrx_word' id='word_1_684' title='bbox 2344 3924 2650 3988; x_wconf 71' lang='lat' dir='ltr'><strong>apostolica:</strong></span> <span class='ocrx_word' id='word_1_685' title='bbox 2703 3925 3034 3982; x_wconf 74' lang='lat' dir='ltr'><strong>reverentia,</strong></span> <span class='ocrx_word' id='word_1_686' title='bbox 3089 3923 3398 3976; x_wconf 69' lang='lat' dir='ltr'><strong>asscnsistis</strong></span> <span class='ocrx_word' id='word_1_687' title='bbox 3442 3923 3745 3985; x_wconf 64' lang='lat' dir='ltr'><strong>haereticis;</strong></span> 
     </span>
    </p>
   </div>
   <div class='ocr_carea' id='block_1_100' title="bbox 2163 4011 3746 4082">
    <p class='ocr_par' dir='ltr' id='par_1_100' title="bbox 2163 4011 3746 4082">
     <span class='ocr_line' id='line_1_101' title="bbox 2163 4011 3746 4082; baseline 0.004 -21"><span class='ocrx_word' id='word_1_688' title='bbox 2163 4011 2390 4064; x_wconf 80' lang='lat' dir='ltr'><strong>libenter</strong></span> <span class='ocrx_word' id='word_1_689' title='bbox 2430 4013 2716 4074; x_wconf 75' lang='lat' dir='ltr'><strong>habentes,</strong></span> <span class='ocrx_word' id='word_1_690' title='bbox 2749 4016 3113 4082; x_wconf 77' lang='lat' dir='ltr'><strong>patienterque</strong></span> <span class='ocrx_word' id='word_1_691' title='bbox 3146 4016 3385 4068; x_wconf 78' lang='lat' dir='ltr'><strong>sinetites</strong></span> <span class='ocrx_word' id='word_1_692' title='bbox 3407 4055 3422 4079; x_wconf 92' lang='lat'><strong>,</strong></span> <span class='ocrx_word' id='word_1_693' title='bbox 3453 4015 3746 4068; x_wconf 67' lang='lat' dir='ltr'><strong>catholicos</strong></span> 
     </span>
    </p>
   </div>
   <div class='ocr_carea' id='block_1_101' title="bbox 2163 4100 3741 4169">
    <p class='ocr_par' dir='ltr' id='par_1_101' title="bbox 2163 4100 3741 4169">
     <span class='ocr_line' id='line_1_102' title="bbox 2163 4100 3741 4169; baseline 0.007 -21"><span class='ocrx_word' id='word_1_694' title='bbox 2163 4100 2430 4153; x_wconf 88' lang='lat' dir='ltr'><strong>antistites</strong></span> <span class='ocrx_word' id='word_1_695' title='bbox 2464 4101 2695 4154; x_wconf 82' lang='lat' dir='ltr'><strong>inaudita</strong></span> <span class='ocrx_word' id='word_1_696' title='bbox 2731 4104 2876 4169; x_wconf 83' lang='lat' dir='ltr'><strong>prius</strong></span> <span class='ocrx_word' id='word_1_697' title='bbox 2905 4113 2956 4156; x_wconf 90' lang='lat' dir='ltr'><strong>et</strong></span> <span class='ocrx_word' id='word_1_698' title='bbox 2999 4104 3287 4157; x_wconf 81' lang='lat' dir='ltr'><strong>miserabili</strong></span> <span class='ocrx_word' id='word_1_699' title='bbox 3331 4116 3476 4158; x_wconf 91' lang='lat' dir='ltr'><strong>sorte</strong></span> <span class='ocrx_word' id='word_1_700' title='bbox 3505 4104 3741 4159; x_wconf 88' lang='lat' dir='ltr'><strong>detrudi.</strong></span> 
     </span>
    </p>
   </div>
   <div class='ocr_carea' id='block_1_102' title="bbox 2161 4188 3718 4267">
    <p class='ocr_par' dir='ltr' id='par_1_102' title="bbox 2161 4188 3718 4267">
     <span class='ocr_line' id='line_1_103' title="bbox 2161 4188 3718 4267; baseline 0.008 -28"><span class='ocrx_word' id='word_1_701' title='bbox 2161 4188 2304 4253; x_wconf 86' lang='lat' dir='ltr'><strong>Quos</strong></span> <span class='ocrx_word' id='word_1_702' title='bbox 2336 4191 2379 4242; x_wconf 88' lang='lat' dir='ltr'><strong>si</strong></span> <span class='ocrx_word' id='word_1_703' title='bbox 2413 4205 2440 4241; x_wconf 90' lang='lat' dir='ltr'><strong>a</strong></span> <span class='ocrx_word' id='word_1_704' title='bbox 2471 4189 2573 4242; x_wconf 88' lang='lat' dir='ltr'><strong>fide</strong></span> <span class='ocrx_word' id='word_1_705' title='bbox 2604 4192 2804 4260; x_wconf 86' lang='lat' dir='ltr'><strong>integra</strong></span> <span class='ocrx_word' id='word_1_706' title='bbox 2839 4195 3322 4264; x_wconf 84' lang='lat' dir='ltr'><strong>eonununioneque</strong></span> <span class='ocrx_word' id='word_1_707' title='bbox 3350 4197 3618 4250; x_wconf 76' lang='lat' dir='ltr'><strong>catholica</strong></span> <span class='ocrx_word' id='word_1_708' title='bbox 3653 4215 3718 4267; x_wconf 88' lang='lat' dir='ltr'><strong>pu</strong></span> 
     </span>
    </p>
   </div>
   <div class='ocr_carea' id='block_1_103' title="bbox 2161 4282 3742 4353">
    <p class='ocr_par' dir='ltr' id='par_1_103' title="bbox 2161 4282 3742 4353">
     <span class='ocr_line' id='line_1_104' title="bbox 2161 4282 3742 4353; baseline 0.011 -22"><span class='ocrx_word' id='word_1_709' title='bbox 2161 4282 2343 4334; x_wconf 79' lang='lat' dir='ltr'><strong>taretis</strong></span> <span class='ocrx_word' id='word_1_710' title='bbox 2364 4298 2566 4344; x_wconf 85' lang='lat' dir='ltr'><strong>errare.</strong></span> <span class='ocrx_word' id='word_1_711' title='bbox 2592 4285 2655 4336; x_wconf 88' lang='lat' dir='ltr'><strong>ad</strong></span> <span class='ocrx_word' id='word_1_712' title='bbox 2677 4289 3026 4353; x_wconf 82' lang='lat' dir='ltr'><strong>apostolicam</strong></span> <span class='ocrx_word' id='word_1_713' title='bbox 3053 4289 3258 4353; x_wconf 88' lang='lat' dir='ltr'><strong>sedem,</strong></span> <span class='ocrx_word' id='word_1_714' title='bbox 3280 4291 3578 4345; x_wconf 87' lang='lat' dir='ltr'><strong>secundum</strong></span> <span class='ocrx_word' id='word_1_715' title='bbox 3610 4295 3742 4348; x_wconf 80' lang='lat' dir='ltr'><strong>scita</strong></span> 
     </span>
    </p>
   </div>
   <div class='ocr_carea' id='block_1_104' title="bbox 2162 4371 3744 4444">
    <p class='ocr_par' dir='ltr' id='par_1_104' title="bbox 2162 4371 3744 4444">
     <span class='ocr_line' id='line_1_105' title="bbox 2162 4371 3744 4444; baseline 0.012 -24"><span class='ocrx_word' id='word_1_716' title='bbox 2162 4371 2422 4437; x_wconf 81' lang='lat' dir='ltr'><strong>maiorum</strong></span> <span class='ocrx_word' id='word_1_717' title='bbox 2444 4414 2457 4435; x_wconf 86' lang='lat'><strong>,</strong></span> <span class='ocrx_word' id='word_1_718' title='bbox 2491 4384 2544 4428; x_wconf 91' lang='lat' dir='ltr'><strong>et</strong></span> <span class='ocrx_word' id='word_1_719' title='bbox 2574 4374 2712 4428; x_wconf 82' lang='lat' dir='ltr'><strong>sicut</strong></span> <span class='ocrx_word' id='word_1_720' title='bbox 2738 4389 3046 4442; x_wconf 74' lang='lat' dir='ltr'><strong>semperest</strong></span> <span class='ocrx_word' id='word_1_721' title='bbox 3079 4379 3295 4444; x_wconf 84' lang='lat' dir='ltr'><strong>factum,</strong></span> <span class='ocrx_word' id='word_1_722' title='bbox 3330 4383 3532 4440; x_wconf 87' lang='lat' dir='ltr'><strong>referre</strong></span> <span class='ocrx_word' id='word_1_723' title='bbox 3553 4384 3744 4439; x_wconf 86' lang='lat' dir='ltr'><strong>debui-</strong></span> 
     </span>
    </p>
   </div>
   <div class='ocr_carea' id='block_1_105' title="bbox 2159 4466 3746 4544">
    <p class='ocr_par' dir='ltr' id='par_1_105' title="bbox 2159 4466 3746 4544">
     <span class='ocr_line' id='line_1_106' title="bbox 2159 4466 3746 4544; baseline 0.011 -28"><span class='ocrx_word' id='word_1_724' title='bbox 2159 4467 2256 4518; x_wconf 87' lang='lat' dir='ltr'><strong>stis</strong></span> <span class='ocrx_word' id='word_1_725' title='bbox 2291 4483 2304 4518; x_wconf 88' lang='lat'><strong>:</strong></span> <span class='ocrx_word' id='word_1_726' title='bbox 2336 4467 2472 4519; x_wconf 89' lang='lat' dir='ltr'><strong>sicut</strong></span> <span class='ocrx_word' id='word_1_727' title='bbox 2501 4466 2570 4522; x_wconf 93' lang='lat' dir='ltr'><strong>de</strong></span> <span class='ocrx_word' id='word_1_728' title='bbox 2602 4467 2760 4522; x_wconf 84' lang='lat' dir='ltr'><strong>Petro</strong></span> <span class='ocrx_word' id='word_1_729' title='bbox 2813 4472 3074 4540; x_wconf 81' lang='lat' dir='ltr'><strong>(Mongo)</strong></span> <span class='ocrx_word' id='word_1_730' title='bbox 3131 4474 3530 4544; x_wconf 78' lang='lat' dir='ltr'><strong>Alexandrino,</strong></span> <span class='ocrx_word' id='word_1_731' title='bbox 3563 4479 3647 4532; x_wconf 88' lang='lat' dir='ltr'><strong>vel</strong></span> <span class='ocrx_word' id='word_1_732' title='bbox 3679 4479 3746 4532; x_wconf 92' lang='lat' dir='ltr'><strong>de</strong></span> 
     </span>
    </p>
   </div>
   <div class='ocr_carea' id='block_1_106' title="bbox 2162 4554 3747 4633">
    <p class='ocr_par' dir='ltr' id='par_1_106' title="bbox 2162 4554 3747 4633">
     <span class='ocr_line' id='line_1_107' title="bbox 2162 4554 3747 4633; baseline 0.011 -27"><span class='ocrx_word' id='word_1_733' title='bbox 2162 4554 2495 4610; x_wconf 80' lang='lat' dir='ltr'><strong>Antiocheno</strong></span> <span class='ocrx_word' id='word_1_734' title='bbox 2523 4557 2684 4611; x_wconf 80' lang='lat' dir='ltr'><strong>Petro</strong></span> <span class='ocrx_word' id='word_1_735' title='bbox 2708 4559 2993 4628; x_wconf 90' lang='lat' dir='ltr'><strong>(Gnapbeo</strong></span> <span class='ocrx_word' id='word_1_736' title='bbox 3015 4566 3051 4629; x_wconf 86' lang='lat'><strong>),</strong></span> <span class='ocrx_word' id='word_1_737' title='bbox 3081 4564 3149 4616; x_wconf 90' lang='lat' dir='ltr'><strong>de</strong></span> <span class='ocrx_word' id='word_1_738' title='bbox 3175 4565 3516 4633; x_wconf 72' lang='lat' dir='ltr'><strong>(Apameno)</strong></span> <span class='ocrx_word' id='word_1_739' title='bbox 3541 4568 3747 4623; x_wconf 85' lang='lat' dir='ltr'><strong>Joanne</strong></span> 
     </span>
    </p>
   </div>
   <div class='ocr_carea' id='block_1_107' title="bbox 2161 4646 3743 4727">
    <p class='ocr_par' dir='ltr' id='par_1_107' title="bbox 2161 4646 3743 4727">
     <span class='ocr_line' id='line_1_108' title="bbox 2161 4646 3743 4727; baseline 0.009 -31"><span class='ocrx_word' id='word_1_740' title='bbox 2161 4653 2216 4696; x_wconf 91' lang='lat' dir='ltr'><strong>et</strong></span> <span class='ocrx_word' id='word_1_741' title='bbox 2263 4646 2423 4698; x_wconf 80' lang='lat' dir='ltr'><strong>Paulo</strong></span> <span class='ocrx_word' id='word_1_742' title='bbox 2456 4649 2644 4702; x_wconf 84' lang='lat' dir='ltr'><strong>fecisse</strong></span> <span class='ocrx_word' id='word_1_743' title='bbox 2693 4662 3021 4705; x_wconf 73' lang='lat' dir='ltr'><strong>monstratur</strong></span> <span class='ocrx_word' id='word_1_744' title='bbox 3051 4655 3295 4709; x_wconf 82' lang='lat' dir='ltr'><strong>Aeacius.</strong></span> <span class='ocrx_word' id='word_1_745' title='bbox 3343 4657 3446 4712; x_wconf 85' lang='lat' dir='ltr'><strong>Sed</strong></span> <span class='ocrx_word' id='word_1_746' title='bbox 3493 4661 3743 4727; x_wconf 87' lang='lat' dir='ltr'><strong>quoniam</strong></span> 
     </span>
    </p>
   </div>
   <div class='ocr_carea' id='block_1_108' title="bbox 2163 4737 3743 4819">
    <p class='ocr_par' dir='ltr' id='par_1_108' title="bbox 2163 4737 3743 4819">
     <span class='ocr_line' id='line_1_109' title="bbox 2163 4737 3743 4819; baseline 0.01 -33"><span class='ocrx_word' id='word_1_747' title='bbox 2163 4737 2433 4791; x_wconf 87' lang='lat' dir='ltr'><strong>noveratis</strong></span> <span class='ocrx_word' id='word_1_748' title='bbox 2480 4754 2573 4793; x_wconf 89' lang='lat' dir='ltr'><strong>eos</strong></span> <span class='ocrx_word' id='word_1_749' title='bbox 2623 4756 2742 4794; x_wconf 78' lang='lat' dir='ltr'><strong>cum</strong></span> <span class='ocrx_word' id='word_1_750' title='bbox 2776 4745 3064 4810; x_wconf 85' lang='lat' dir='ltr'><strong>apostolica</strong></span> <span class='ocrx_word' id='word_1_751' title='bbox 3096 4746 3223 4800; x_wconf 84' lang='lat' dir='ltr'><strong>sede</strong></span> <span class='ocrx_word' id='word_1_752' title='bbox 3269 4748 3504 4813; x_wconf 85' lang='lat' dir='ltr'><strong>sentire,</strong></span> <span class='ocrx_word' id='word_1_753' title='bbox 3538 4763 3591 4803; x_wconf 93' lang='lat' dir='ltr'><strong>et</strong></span> <span class='ocrx_word' id='word_1_754' title='bbox 3622 4753 3743 4819; x_wconf 87' lang='lat' dir='ltr'><strong>quid</strong></span> 
     </span>
    </p>
   </div>
   <div class='ocr_carea' id='block_1_109' title="bbox 2163 4827 3749 4908">
    <p class='ocr_par' dir='ltr' id='par_1_109' title="bbox 2163 4827 3749 4908">
     <span class='ocr_line' id='line_1_110' title="bbox 2163 4827 3749 4908; baseline 0.011 -32"><span class='ocrx_word' id='word_1_755' title='bbox 2163 4827 2319 4880; x_wconf 69' lang='lat' dir='ltr'><strong>sedes</strong></span> <span class='ocrx_word' id='word_1_756' title='bbox 2373 4830 2667 4894; x_wconf 86' lang='lat' dir='ltr'><strong>apostolica</strong></span> <span class='ocrx_word' id='word_1_757' title='bbox 2712 4847 2803 4884; x_wconf 84' lang='lat' dir='ltr'><strong>sua</strong></span> <span class='ocrx_word' id='word_1_758' title='bbox 2852 4834 3158 4889; x_wconf 84' lang='lat' dir='ltr'><strong>definitione</strong></span> <span class='ocrx_word' id='word_1_759' title='bbox 3188 4852 3466 4902; x_wconf 87' lang='lat' dir='ltr'><strong>censeret,</strong></span> <span class='ocrx_word' id='word_1_760' title='bbox 3502 4857 3597 4908; x_wconf 89' lang='lat' dir='ltr'><strong>per</strong></span> <span class='ocrx_word' id='word_1_761' title='bbox 3627 4844 3749 4896; x_wconf 82' lang='lat' dir='ltr'><strong>illos</strong></span> 
     </span>
    </p>
   </div>
   <div class='ocr_carea' id='block_1_110' title="bbox 2165 4919 3746 4990">
    <p class='ocr_par' dir='ltr' id='par_1_110' title="bbox 2165 4919 3746 4990">
     <span class='ocr_line' id='line_1_111' title="bbox 2165 4919 3746 4990; baseline 0.013 -23"><span class='ocrx_word' id='word_1_762' title='bbox 2165 4926 2337 4968; x_wconf 86' lang='lat' dir='ltr'><strong>tantos</strong></span> <span class='ocrx_word' id='word_1_763' title='bbox 2367 4933 2428 4970; x_wconf 90' lang='lat' dir='ltr'><strong>ac</strong></span> <span class='ocrx_word' id='word_1_764' title='bbox 2459 4919 2589 4972; x_wconf 70' lang='lat' dir='ltr'><strong>tales</strong></span> <span class='ocrx_word' id='word_1_765' title='bbox 2613 4922 2894 4990; x_wconf 77' lang='lat' dir='ltr'><strong>episcopos</strong></span> <span class='ocrx_word' id='word_1_766' title='bbox 2922 4937 3129 4979; x_wconf 84' lang='lat' dir='ltr'><strong>conStat</strong></span> <span class='ocrx_word' id='word_1_767' title='bbox 3156 4926 3454 4983; x_wconf 88' lang='lat' dir='ltr'><strong>Orientales</strong></span> <span class='ocrx_word' id='word_1_768' title='bbox 3480 4934 3746 4988; x_wconf 87' lang='lat' dir='ltr'><strong>antistites</strong></span> 
     </span>
    </p>
   </div>
   <div class='ocr_carea' id='block_1_111' title="bbox 2165 5007 3745 5092">
    <p class='ocr_par' dir='ltr' id='par_1_111' title="bbox 2165 5007 3745 5092">
     <span class='ocr_line' id='line_1_112' title="bbox 2165 5007 3745 5092; baseline 0.011 -32"><span class='ocrx_word' id='word_1_769' title='bbox 2165 5007 2474 5064; x_wconf 89' lang='lat' dir='ltr'><strong>nullatenus</strong></span> <span class='ocrx_word' id='word_1_770' title='bbox 2505 5011 2802 5079; x_wconf 84' lang='lat' dir='ltr'><strong>ignorasse,</strong></span> <span class='ocrx_word' id='word_1_771' title='bbox 2839 5012 2882 5043; x_wconf 73' lang='lat'><strong>“‘</strong></span> <span class='ocrx_word' id='word_1_772' title='bbox 2908 5025 2963 5069; x_wconf 93' lang='lat' dir='ltr'><strong>et</strong></span> <span class='ocrx_word' id='word_1_773' title='bbox 2991 5031 3088 5072; x_wconf 88' lang='lat' dir='ltr'><strong>vos</strong></span> <span class='ocrx_word' id='word_1_774' title='bbox 3117 5018 3394 5074; x_wconf 78' lang='lat' dir='ltr'><strong>catholica:</strong></span> <span class='ocrx_word' id='word_1_775' title='bbox 3423 5031 3584 5090; x_wconf 85' lang='lat' dir='ltr'><strong>atque</strong></span> <span class='ocrx_word' id='word_1_776' title='bbox 3613 5039 3745 5092; x_wconf 86' lang='lat' dir='ltr'><strong>apo-</strong></span> 
     </span>
    </p>
   </div>
   <div class='ocr_carea' id='block_1_112' title="bbox 2240 5205 2813 5271">
    <p class='ocr_par' dir='ltr' id='par_1_112' title="bbox 2240 5205 2813 5271">
     <span class='ocr_line' id='line_1_113' title="bbox 2240 5205 2813 5271; baseline 0.01 -14"><span class='ocrx_word' id='word_1_777' title='bbox 2240 5206 2260 5235; x_wconf 84' lang='grc'>⁶</span> <span class='ocrx_word' id='word_1_778' title='bbox 2289 5205 2362 5259; x_wconf 90' lang='lat' dir='ltr'><strong>Id.</strong></span> <span class='ocrx_word' id='word_1_779' title='bbox 2396 5205 2544 5271; x_wconf 88' lang='lat' dir='ltr'><strong>cod.,</strong></span> <span class='ocrx_word' id='word_1_780' title='bbox 2574 5219 2813 5263; x_wconf 72' lang='lat' dir='ltr'><strong>recentes.</strong></span> 
     </span>
    </p>
   </div>
   <div class='ocr_carea' id='block_1_113' title="bbox 2238 5277 2744 5340">
    <p class='ocr_par' dir='ltr' id='par_1_113' title="bbox 2238 5277 2744 5340">
     <span class='ocr_line' id='line_1_114' title="bbox 2238 5277 2744 5340; baseline 0.006 -12"><span class='ocrx_word' id='word_1_781' title='bbox 2238 5277 2255 5307; x_wconf 83' lang='grc'><em>³</em></span> <span class='ocrx_word' id='word_1_782' title='bbox 2286 5277 2356 5328; x_wconf 65' lang='lat' dir='ltr'><strong>Iul.</strong></span> <span class='ocrx_word' id='word_1_783' title='bbox 2387 5277 2533 5340; x_wconf 82' lang='lat' dir='ltr'><strong>cod.,</strong></span> <span class='ocrx_word' id='word_1_784' title='bbox 2563 5277 2744 5332; x_wconf 76' lang='lat' dir='ltr'><strong>Taceo.</strong></span> 
     </span>
    </p>
   </div>
   <div class='ocr_carea' id='block_1_114' title="bbox 2240 5345 3747 5424">
    <p class='ocr_par' dir='ltr' id='par_1_114' title="bbox 2240 5345 3747 5424">
     <span class='ocr_line' id='line_1_115' title="bbox 2240 5345 3747 5424; baseline 0.012 -28"><span class='ocrx_word' id='word_1_785' title='bbox 2240 5346 2280 5375; x_wconf 76' lang='lat'><strong>&#39;°</strong></span> <span class='ocrx_word' id='word_1_786' title='bbox 2305 5345 2444 5424; x_wconf 68' lang='lat' dir='ltr'><strong>Qod.</strong></span> <span class='ocrx_word' id='word_1_787' title='bbox 2468 5347 2672 5424; x_wconf 72' lang='lat' dir='ltr'><strong>&#39;I‘Iieod.</strong></span> <span class='ocrx_word' id='word_1_788' title='bbox 2705 5350 2770 5403; x_wconf 85' lang='lat' dir='ltr'><strong>de</strong></span> <span class='ocrx_word' id='word_1_789' title='bbox 2806 5350 3082 5424; x_wconf 83' lang='lat' dir='ltr'><strong>Episcopls</strong></span> <span class='ocrx_word' id='word_1_790' title='bbox 3109 5369 3228 5423; x_wconf 85' lang='lat' dir='ltr'><strong>eap.</strong></span> <span class='ocrx_word' id='word_1_791' title='bbox 3257 5360 3316 5408; x_wconf 68' lang='grc'><strong>41</strong></span> <span class='ocrx_word' id='word_1_792' title='bbox 3355 5364 3404 5408; x_wconf 82' lang='lat' dir='ltr'><strong>et</strong></span> <span class='ocrx_word' id='word_1_793' title='bbox 3438 5358 3747 5424; x_wconf 79' lang='lat' dir='ltr'><strong>appendicis</strong></span> 
     </span>
    </p>
   </div>
   <div class='ocr_carea' id='block_1_115' title="bbox 2167 5418 3598 5494">
    <p class='ocr_par' dir='ltr' id='par_1_115' title="bbox 2167 5418 3598 5494">
     <span class='ocr_line' id='line_1_116' title="bbox 2167 5418 3598 5494; baseline 0.01 -26"><span class='ocrx_word' id='word_1_794' title='bbox 2167 5429 2283 5494; x_wconf 55' lang='lat' dir='ltr'><strong>cap.</strong></span> <span class='ocrx_word' id='word_1_795' title='bbox 2311 5418 2412 5494; x_wconf 50' lang='lat'><strong>15.</strong></span> <span class='ocrx_word' id='word_1_796' title='bbox 2437 5422 2561 5494; x_wconf 67' lang='lat' dir='ltr'><strong>lieni</strong></span> <span class='ocrx_word' id='word_1_797' title='bbox 2596 5418 2684 5471; x_wconf 92' lang='lat' dir='ltr'><strong>lib.</strong></span> <span class='ocrx_word' id='word_1_798' title='bbox 2719 5436 2832 5483; x_wconf 77' lang='lat' dir='ltr'><strong>im.</strong></span> <span class='ocrx_word' id='word_1_799' title='bbox 2866 5421 2944 5476; x_wconf 85' lang='lat' dir='ltr'><strong>tit.</strong></span> <span class='ocrx_word' id='word_1_800' title='bbox 2975 5418 3029 5489; x_wconf 71' lang='lat'><strong>2,</strong></span> <span class='ocrx_word' id='word_1_801' title='bbox 3061 5418 3300 5494; x_wconf 56' lang='lat' dir='ltr'><strong>capf23.</strong></span> <span class='ocrx_word' id='word_1_802' title='bbox 3336 5418 3598 5482; x_wconf 68' lang='lat' dir='ltr'><strong>Lien-tis.</strong></span> 
     </span>
    </p>
   </div>
   <div class='ocr_carea' id='block_1_116' title="bbox 2240 5487 2976 5550">
    <p class='ocr_par' dir='ltr' id='par_1_116' title="bbox 2240 5487 2976 5550">
     <span class='ocr_line' id='line_1_117' title="bbox 2240 5487 2976 5550; baseline 0.012 -14"><span class='ocrx_word' id='word_1_803' title='bbox 2240 5488 2276 5516; x_wconf 88' lang='grc'><strong>¹¹</strong></span> <span class='ocrx_word' id='word_1_804' title='bbox 2305 5487 2437 5538; x_wconf 72' lang='lat' dir='ltr'><strong>(iud.</strong></span> <span class='ocrx_word' id='word_1_805' title='bbox 2472 5488 2693 5550; x_wconf 82' lang='lat' dir='ltr'><strong>Veron.,</strong></span> <span class='ocrx_word' id='word_1_806' title='bbox 2723 5494 2976 5546; x_wconf 76' lang='lat' dir='ltr'><strong>rcuastis.</strong></span> 
     </span>
    </p>
   </div>
   <div class='ocr_carea' id='block_1_117' title="bbox 2241 5556 2873 5620">
    <p class='ocr_par' dir='ltr' id='par_1_117' title="bbox 2241 5556 2873 5620">
     <span class='ocr_line' id='line_1_118' title="bbox 2241 5556 2873 5620; baseline 0.009 -13"><span class='ocrx_word' id='word_1_807' title='bbox 2241 5556 2280 5585; x_wconf 78' lang='lat'><strong>&quot;</strong></span> <span class='ocrx_word' id='word_1_808' title='bbox 2315 5556 2388 5608; x_wconf 92' lang='lat' dir='ltr'><strong>Id.</strong></span> <span class='ocrx_word' id='word_1_809' title='bbox 2421 5557 2569 5620; x_wconf 87' lang='lat' dir='ltr'><strong>cod.,</strong></span> <span class='ocrx_word' id='word_1_810' title='bbox 2605 5561 2873 5613; x_wconf 76' lang='lat' dir='ltr'><strong>lia&#39;relicis.</strong></span> 
     </span>
    </p>
   </div>
   <div class='ocr_carea' id='block_1_118' title="bbox 2242 5625 2996 5689">
    <p class='ocr_par' dir='ltr' id='par_1_118' title="bbox 2242 5625 2996 5689">
     <span class='ocr_line' id='line_1_119' title="bbox 2242 5625 2996 5689; baseline 0.013 -14"><span class='ocrx_word' id='word_1_811' title='bbox 2242 5625 2281 5654; x_wconf 80' lang='grc'><strong>⁸³</strong></span> <span class='ocrx_word' id='word_1_812' title='bbox 2315 5625 2387 5676; x_wconf 47' lang='grc' dir='ltr'><strong>Ιιίλ.</strong></span> <span class='ocrx_word' id='word_1_813' title='bbox 2423 5626 2568 5689; x_wconf 84' lang='lat' dir='ltr'><strong>cod.,</strong></span> <span class='ocrx_word' id='word_1_814' title='bbox 2599 5631 2996 5685; x_wconf 75' lang='lat' dir='ltr'><strong>succedentibus.</strong></span> 
     </span>
    </p>
   </div>
   <div class='ocr_carea' id='block_1_119' title="bbox 2260 5695 2903 5769">
    <p class='ocr_par' dir='ltr' id='par_1_119' title="bbox 2260 5695 2903 5769">
     <span class='ocr_line' id='line_1_120' title="bbox 2260 5695 2903 5769; baseline 0.011 -22"><span class='ocrx_word' id='word_1_815' title='bbox 2260 5695 2279 5723; x_wconf 78' lang='grc'><strong>⁸</strong></span> <span class='ocrx_word' id='word_1_816' title='bbox 2310 5695 2383 5748; x_wconf 90' lang='lat' dir='ltr'><strong>Id.</strong></span> <span class='ocrx_word' id='word_1_817' title='bbox 2412 5697 2556 5763; x_wconf 89' lang='lat' dir='ltr'><strong>cod.,</strong></span> <span class='ocrx_word' id='word_1_818' title='bbox 2589 5708 2632 5752; x_wconf 84' lang='lat' dir='ltr'><strong>et</strong></span> <span class='ocrx_word' id='word_1_819' title='bbox 2657 5716 2744 5769; x_wconf 72' lang='lat' dir='ltr'><strong>per</strong></span> <span class='ocrx_word' id='word_1_820' title='bbox 2767 5698 2903 5753; x_wconf 72' lang='lat' dir='ltr'><strong>illos.</strong></span> 
     </span>
    </p>
   </div>
  </div>
