3994 6420
270 424 340 482 97
1442 408 1801 469 ΕΡιετοιιΕ

1972 406 2314 464 DECRETA.

3482 408 3554 465 98

266 537 469 595 stolicze
501 532 864 591 communioni
891 529 1191 602 prodidisse
1220 524 1551 592 contrarios,
1582 535 1633 579 et
1658 524 1727 578 ab
1758 536 1849 576 ea-
1876 523 1929 583 Α
1957 521 2325 593 Eutychianos
2348 522 2685 578 manifestos.
2708 530 2800 574 ant
2820 536 3005 576 eorum
3027 521 3381 579 sectatoribus
3404 539 3551 579 com-

266 630 386 684 dem
412 625 679 682 delet-isse
696 665 712 691 ,
738 639 859 678 cum
893 637 999 675 non
1044 621 1148 675 illis
1171 622 1304 675 estis
1348 619 1599 686 passione
1626 616 1853 682 conjun-

264 722 367 784 cti,
398 721 493 774 sed
539 718 715 786 potius
758 713 1195 784 persecutoribus
1220 726 1405 767 eorum
1435 710 1695 764 societate
1724 720 1853 761 con-

266 810 408 864 nexi.
447 809 541 863 llic
569 806 720 860 vobis
745 804 982 875 synodus
1011 817 1279 873 nunquam
1310 802 1457 855 venit
1491 802 1544 852 in
1575 804 1847 860 mentem;

262 911 313 955 et
346 909 496 955 certe
522 898 591 951 de
623 896 885 965 personis,
919 905 976 949 ut
1003 896 1204 949 dictum
1235 904 1336 959 est,
1370 895 1512 947 nulla
1541 890 1710 945 veteri
1736 889 1852 958 lege

261 988 585 1046 constrictis.
622 988 717 1043 llic
744 990 892 1041 nullo
912 988 1171 1050 consilio,
1217 1000 1324 1040 non
1368 984 1528 1039 unius
1571 983 1718 1037 urbis
1764 981 1848 1037 vel

262 1082 422 1135 unius
453 1079 726 1149 cpiseOpi,
756 1080 853 1133 sed
882 1080 1042 1131 totius
1070 1076 1308 1130 Orientis
1345 1074 1649 1140 Ecclesias,
1686 1071 1853 1126 subiit

264 1172 506 1223 animum
538 1178 772 1223 vestrum
818 1168 959 1221 facto
1005 1166 1328 1220 sacerdotali
1378 1162 1611 1219 concilio
1649 1162 1849 1216 debere

266 1262 467 1314 curari.
502 1259 607 1313 Sed
643 1259 911 1322 homines,
941 1257 1030 1326 qui
1062 1257 1113 1310 in
1144 1255 1467 1310 centrariam
1500 1264 1705 1322 partem
1738 1260 1851 1305 toto

268 1351 579 1419 proposito,
608 1358 661 1403 et
694 1358 804 1403 toto
834 1347 1178 1402 recesseratis
1204 1346 1311 1419 lat.
1349 1342 1695 1415 recideratis]
1721 1342 1850 1397 alie-

259 1451 348 1493 ctu
369 1478 387 1503 ,
438 1440 659 1494 concilia
693 1440 869 1508 potius
900 1439 1202 1493 necessaria
1227 1436 1387 1491 etiam
1410 1436 1589 1490 studio
1613 1434 1850 1489 declina-

261 1532 382 1593 stis,
414 1544 481 1582 ne
500 1542 592 1596 per
617 1528 805 1581 eadem
836 1528 939 1582 tale
966 1527 1163 1597 aliquid
1180 1536 1509 1591 censeretur,
1540 1540 1646 1596 quo
1672 1525 1846 1589 vobis,

263 1620 425 1674 rebus
455 1618 735 1674 evidenter
762 1619 995 1673 ostensis
1035 1626 1091 1672 et
1140 1617 1379 1687 legitime
1422 1616 1741 1679 confutatis,
1793 1617 1847 1669 in

261 1713 637 1767 bmrctieorum
691 1727 797 1765 non
844 1711 1029 1765 liceret
1078 1712 1261 1765 venire
1305 1710 1655 1763 consortium.
1707 1706 1845 1773 Quid

260 1805 421 1873 igitur
470 1803 539 1856 de
598 1801 895 1870 ignorantia
946 1800 1305 1869 prmtenditis,
1356 1814 1477 1852 cum
1531 1811 1625 1866 per
1676 1808 1845 1851 totum

1956 616 2336 671 municantcs?
2368 617 2491 671 Haec
2523 618 2688 681 pestis
2710 618 2846 684 apud
2869 632 2963 673 eos
2988 618 3253 687 hodieque
3275 622 3544 687 perdurat.

1954 703 2230 774 Siquidem
2262 715 2316 760 et
2342 720 2464 759 enm
2496 705 2658 758 Petro
2688 708 3082 774 Alexandrino,
3114 718 3167 761 et
3196 723 3317 761 enm
3360 712 3548 764 Antio-

1952 800 2127 852 cheno
2168 799 2354 865 Petro,
2404 797 2775 853 inditierenter
2807 798 2839 851 ii
2870 798 2959 867 qni
2990 800 3243 855 catlto'ici
3275 816 3549 857 successe-

1954 896 2074 943 rant
2117 889 2499 943 cmnmnnione
2548 881 2795 957 permixti
2843 898 2999 952 sunt,
3046 899 3101 946 et
3141 894 3547 948 successoribus

1952 980 2232 1047 utriusque
2261 981 2406 1035 Petri
2438 982 2701 1049 hodieque
2734 983 3045 1036 miscentur.
3086 982 3180 1037 llis
3208 983 3345 1037 adde
3383 988 3547 1039 etiam

1952 1068 2077 1123 illos
2110 1072 2223 1139 qui,
2258 1071 2382 1124 licet
2409 1072 2691 1125 catholicis
2727 1090 2831 1125 non
2862 1074 3244 1137 successerint,
3280 1077 3374 1127 sed
3420 1076 3548 1149 dum

1950 1162 2198 1217 catholici
2232 1163 2510 1230 pontiliees
2556 1163 2903 1229 haberentur,
2961 1157 3145 1218 talium
3198 1179 3260 1219 se
3306 1180 3549 1218 connnu-

1951 1252 2113 1308 nione
2136 1254 2450 1322 junxerunt.
2487 1254 2611 1308 llaec
2642 1255 2729 1308 illa
2762 1256 3015 1322 mixtura,
3052 1257 3166 1309 ha'c
3196 1267 3276 1312 est
3308 1259 3393 1311 illa
3417 1274 3549 1311 con-

1952 1343 2123 1409 fusio,
2178 1360 2282 1413 qua
2338 1361 2432 1413 per
2484 1346 2758 1399 Orientem
2817 1357 2981 1401 totum
3035 1349 3177 1403 inter
3224 1349 3548 1404 catholicam

1954 1432 2369 1504 hmrcticamque
2422 1437 2860 1491 communionem
2920 1438 3063 1491 nulla
3116 1439 3374 1491 dSti‘L‘liO
3415 1450 3546 1496 cst:

1952 1523 2062 1577 imo
2092 1525 2178 1586 qui
2210 1524 2444 1578 discerni
2487 1527 2803 1594 lentaverit,
2850 1529 3029 1596 potius
3071 1529 3302 1584 habetur
3335 1532 3549 1585 lia-reti-

1950 1630 2085 1683 eos,
2136 1620 2512 1685 persecutione
2544 1620 2873 1687 percellitur,
2902 1623 3108 1675 exsiliis
3156 1633 3211 1677 et
3256 1623 3549 1678 atﬂiit'one

1951 1707 2225 1761 multatur.
2278 1708 2461 1761 Restat
2502 1725 2630 1777 ergo
2662 1719 2717 1763 tit
2752 1712 2803 1763 in
2848 1711 2947 1766 hac
2983 1713 3289 1765 colluvione
3328 1724 3548 1767 cnneto-

1954 1814 2093 1863 tum,
2124 1801 2259 1853 sicut
2292 1800 2534 1869 quisquis
2564 1801 2634 1855 ab
2658 1804 2847 1857 eadem
2878 1812 3161 1871 separatus
3182 1813 3287 1870 est,
3316 1806 3378 1859 Sit
3401 1821 3547 1861 cene

258 1898 533 1952 Orientem
561 1896 884 1950 catholicam
916 1892 1072 1946 ﬁdem
1108 1890 1645 1958 comnmnionemqne
1674 1890 1847 1943 since-
1882 1875 1925 1934 Β
1950 1888 2346 1943 communionis
2390 1900 2444 1944 et
2484 1891 2605 1946 ideo
2652 1894 2951 1948 eatholicus
3006 1897 3391 1965 comprobatur
3422 1913 3437 1951 :
3472 1898 3543 1950 ita

260 2007 372 2043 ram
406 1989 519 2043 sedi
546 1988 789 2056 apostolo
809 2001 856 2041 αι
881 1996 1291 2054 congruentem,
1320 2000 1426 2038 non
1449 1984 1621 2037 solum
1644 1996 1844 2052 cogno-

257 2083 399 2137 visse
447 2092 525 2137 tot
567 2079 849 2150 pontiﬁces
879 2078 1169 2139 videbatis,
1219 2076 1316 2131 sed
1366 2076 1526 2130 etiam
1569 2088 1739 2141 usque
1779 2073 1845 2127 ad

266 2182 569 2223 extremum
623 2167 1061 2222 constantissime
1100 2164 1443 2218 defendisse?
1491 2164 1545 2219 Si
1595 2178 1692 2217 nos
1740 2176 1845 2217 non

257 2258 554 2314 audieratis
584 2257 710 2326 quid
737 2257 805 2311 de
838 2256 942 2312 title
984 2266 1037 2310 ct
1066 2256 1443 2310 cmmnunione
1472 2254 1735 2307 catholica
1767 2263 1846 2307 at-

257 2364 363 2419 que
389 2349 685 2417 apostolica
712 2360 1085 2409 censeremus,
1135 2346 1255 2400 illos
1278 2347 1518 2411 aspicere
1548 2344 1809 2399 debuistis
1828 2384 1843 2406 ,

257 2452 311 2496 et
340 2449 431 2496 aut
460 2440 635 2507 sequi,
668 2441 714 2493 si
740 2438 1043 2493 credebatis
1071 2453 1191 2492 esse
1217 2437 1513 2492 catholicos
1534 2482 1546 2503 ,
1582 2447 1674 2490 aut
1703 2438 1841 2505 apud

256 2531 607 2600 apostolicam
657 2530 838 2584 sedem
886 2530 1062 2598 potius
1108 2544 1398 2595 accusare,
1450 2530 1493 2582 si
1544 2528 1846 2583 credebatis

259 2636 492 2677 errasse.
518 2620 656 2689 Quid
683 2620 803 2675 illos
822 2620 977 2690 juvat
1016 2622 1098 2675 vel
1143 2635 1240 2673 suo
1282 2621 1557 2689 proposito
1590 2621 1732 2673 illam
1766 2631 1843 2673 te-

258 2712 442 2767 nuisse
490 2712 846 2778 sententiam,
905 2716 919 2744 ⁸
967 2722 1058 2766 aut
1102 2714 1474 2781 cognoscendo
1522 2712 1646 2782 quid
1688 2713 1845 2768 sedes

256 2804 546 2875 apostolica
592 2804 881 2859 deﬁniret?
909 2807 1015 2858 Aut
1046 2804 1206 2875 igitur
1231 2804 1463 2873 collegas
1481 2813 1537 2858 et
1560 2804 1749 2859 fratres
1777 2806 1843 2859 de

256 2895 502 2965 proximo
546 2895 598 2949 in
643 2908 936 2965 conspectu
967 2908 1186 2961 vestro,
1219 2896 1306 2950 vel
1349 2895 1643 2950 catholicos
1691 2896 1844 2966 sequi

256 2984 532 3049 debuistis,
562 2985 644 3038 vel
670 2984 929 3054 impetere
951 2985 997 3040 si
1021 2985 1327 3040 credebatis
1353 3001 1384 3040 e
1416 3002 1568 3051 rare;
1604 3002 1703 3041 nec
1736 2987 1845 3041 illis

255 3091 285 3130 a
315 3076 510 3146 quibus
549 3077 696 3130 nullo
725 3077 1037 3132 discrimine
1064 3078 1416 3143 vexabantur,
1449 3080 1691 3148 prrehere
1716 3095 1845 3134 con-

255 3180 506 3230 sensum,
547 3168 720 3222 donec
751 3170 947 3224 veritas
966 3184 1031 3224 ex
1060 3169 1309 3224 omnibus
1348 3170 1609 3239 patefacta
1634 3182 1846 3225 consta-

1950 1979 2195 2049 qnisqnis
2240 1980 2385 2035 illius
2417 1984 2718 2037 detestandi
2756 1988 3064 2040 commercii
3098 1988 3366 2058 particeps
3398 1990 3547 2044 inve-

1952 2069 2156 2137 nietur,
2204 2083 2463 2139 quantum
2494 2087 2522 2125 a
2554 2074 2761 2127 sincera
2817 2080 3231 2144 communione,
3266 2090 3471 2135 tantum
3512 2098 3542 2134 a

1950 2161 2214 2215 catholica
2264 2172 2425 2233 atque
2450 2166 2754 2233 apostolica
2785 2168 2856 2221 sit
2886 2180 3145 2224 remotus.
3176 2170 3286 2226 Nec
3312 2183 3547 2240 prasten-

1948 2253 2042 2307 dat
2067 2254 2352 2324 quisquam
2377 2298 2389 2317 ,
2440 2258 2582 2325 quod
2616 2258 2773 2312 alicui
2808 2259 3030 2314 forsitan
3070 2262 3385 2317 evidentior:
3438 2280 3545 2317 non

1948 2345 2407 2398 communicasset
2441 2347 2521 2399 vel
2563 2350 2962 2403 communicare
2991 2351 3235 2405 videatur
3267 2353 3543 2408 lumetieo.

1948 2431 2086 2499 Quid
2122 2435 2265 2489 enim
2290 2435 2442 2504 juvat
2464 2481 2477 2500 ,
2513 2438 2555 2489 si
2590 2438 2664 2490 illi
2694 2454 2799 2491 non
2845 2443 3237 2506 communicet,
3264 2452 3319 2497 et
3350 2446 3432 2499 his
3461 2456 3541 2500 ta-

1949 2539 2072 2579 men
2102 2528 2477 2581 communinue
2507 2528 2527 2557 ⁸
2552 2528 2813 2599 jungitttr,
2841 2534 2931 2599 qui
2964 2532 3035 2586 ab
3075 2532 3220 2590 illius
3266 2552 3371 2588 non
3417 2548 3544 2592 sunt

1947 2619 2327 2672 communione
2374 2618 2611 2673 diversi?
2640 2622 2790 2687 Quod
2822 2622 2865 2676 si
2895 2638 3083 2677 eorum
3122 2625 3249 2679 nulli
3302 2641 3545 2681 -ommu-

1950 2708 2174 2772 nicavit,
2226 2711 2310 2764 vel
2351 2725 2454 2764 non
2511 2717 2732 2766 omnino
2779 2716 3179 2781 communicat,
3210 2716 3295 2772 hic
3324 2718 3421 2773 crit
3455 2719 3547 2775 ille

1947 2799 2201 2861 sincerze,
2248 2801 2563 2866 catholiczc,
2610 2805 3028 2875 apostoliemque
3054 2810 3454 2864 communionis
3480 2824 3538 2866 et

1949 2890 2110 2960 ﬁdei,
2155 2892 2352 2963 alioqui
2401 2894 2551 2949 nullo
2600 2894 2761 2949 modo
2805 2897 3002 2965 poterit
3046 2897 3354 2955 indiscreta:
3401 2902 3545 2956 illius

1950 2983 2227 3041 mixtionis
2276 2986 2604 3040 insincernm
2636 2986 2810 3043 vitare
2851 2991 3181 3060 contagium.
3226 2990 3337 3044 iioc
3384 2993 3547 3047 modo

1948 3076 2111 3129 etiam
2142 3074 2232 3130 ille
2261 3075 2343 3129 vir
2368 3075 2540 3130 bonus
2567 3076 2798 3131 Aeacius
2842 3078 3185 3135 Antiocheno
3230 3080 3425 3146 Petro,
3458 3083 3543 3137 cui

1949 3180 2010 3220 se
2038 3166 2217 3235 palam
2249 3182 2298 3220 ut
2320 3183 2354 3221 η
2382 3166 2783 3222 communicare
2820 3169 3053 3237 jactahat
3072 3214 3086 3237 ,
3137 3187 3234 3238 per
3261 3172 3399 3227 alios
3427 3172 3548 3228 sine

258 3266 373 3319 ret,
403 3267 456 3311 et
484 3258 801 3326 regulariter
829 3264 898 3313 de
940 3259 1022 3313 cis
1064 3260 1407 3315 ecclesiastici
1443 3263 1629 3331 jndicii
1677 3264 1847 3318 forma
1879 3239 1927 3303 ο
1955 3257 2206 3327 ambiguo
2232 3260 2662 3313 cintmunicasse
2713 3260 3000 3328 detegitur.
3053 3261 3237 3331 Neque
3284 3264 3429 3317 enim
3475 3267 3549 3315 ab

258 3347 596 3417 procederet.
627 3347 723 3402 Sin
756 3363 885 3403 vero
921 3350 1066 3404 sedis
1102 3352 1415 3419 apostolica:
1446 3354 1689 3423 regulam
1717 3358 1848 3408 sub-

256 3442 534 3509 sequendo
565 3441 972 3511 perspiciebatis
1020 3441 1142 3497 illos
1183 3441 1323 3498 hanc
1370 3452 1556 3500 tenere
1598 3448 1852 3501 constan-

258 3532 412 3597 tiam,
433 3540 827 3603 consequenter
856 3547 952 3601 per
981 3532 1124 3599 illos,
1155 3545 1210 3589 et
1239 3534 1365 3604 quid
1394 3545 1578 3590 nostra
1605 3538 1852 3593 deﬁnitio

258 3627 577 3687 contineret,
609 3642 715 3681 non
747 3626 1005 3681 habuistis
1058 3627 1360 3694 incertum;
1391 3638 1447 3684 et
1472 3629 1694 3685 illorum
1725 3648 1849 3701 per-

259 3714 597 3769 secutoribus
627 3716 947 3784 annuendo,
977 3730 1006 3769 a
1036 3717 1180 3772 sedis
1202 3720 1537 3789 apostolicm,
1562 3736 1669 3776 non
1700 3724 1851 3791 igno-

261 3818 447 3862 rantes
471 3808 585 3876 ejus
615 3809 935 3863 sententiam
959 3848 976 3875 ,
1024 3811 1297 3865 consortio
1325 3814 1713 3868 retrocessistis
1744 3814 1847 3887 [αι.

262 3914 362 3953 vos
398 3898 751 3969 retraxistis].
789 3898 853 3953 Et
882 3899 1057 3955 adhuc
1083 3899 1262 3954 dicitis
1292 3901 1570 3970 ignorasse
1598 3919 1697 3957 vos
1721 3907 1849 3975 quid

263 3990 427 4044 sedes
446 3990 732 4057 apostolica
764 3990 1080 4058 censuisset,
1109 4004 1230 4045 cum
1261 3991 1329 4045 ab
1360 3992 1410 4045 ill
1434 4006 1461 4046 s
1482 3994 1852 4050 sacerdotibus

264 4082 526 4135 catholica
557 4081 662 4135 ﬁde
690 4093 744 4136 et
772 4081 1148 4136 communione
1170 4081 1517 4151 pollentibus,
1544 4100 1649 4138 non
1674 4087 1853 4141 verbis

266 4188 353 4227 aut
405 4175 627 4239 litteris,
679 4175 773 4229 sed
825 4176 1067 4244 personis
1120 4178 1512 4245 presentibus,
1560 4178 1850 4235 didieeritis

268 4265 512 4318 universa
538 4306 553 4327 ,
582 4276 636 4317 et
664 4265 732 4319 ab
758 4265 944 4319 eadem
978 4280 1073 4319 vos
1107 4268 1325 4335 proprio
1345 4268 1548 4335 judicio
1572 4285 1852 4337 separasse

267 4358 574 4411 videamini.
601 4358 622 4390 ³
656 4357 845 4411 Dicitis
880 4358 1040 4413 etiam
1069 4359 1091 4391 ³
1112 4362 1375 4431 synodum
1415 4364 1465 4416 in
1496 4362 1654 4417 unius
1682 4366 1853 4420 homi-

268 4450 351 4505 nis
381 4466 604 4519 persona
655 4452 903 4505 debuissc
933 4454 1183 4517 tractari,
1232 4468 1389 4523 quam
1436 4454 1490 4509 in
1536 4456 1852 4511 damnandis

269 4541 432 4593 tantis
480 4540 819 4608 pontiﬁcibus
862 4542 1142 4595 catholicis
1180 4559 1285 4597 non
1316 4545 1602 4610 quzcsistis.
1650 4547 1851 4611 Quibus

268 4638 446 4682 autem
478 4629 668 4691 vultis,
702 4638 759 4683 ut
786 4629 854 4684 de
886 4632 1069 4685 talium
1112 4646 1391 4687 causarum
1443 4638 1701 4692 relatione
1730 4655 1847 4695 cre-

269 4718 496 4773 damus?
542 4718 824 4773 catholicis
850 4734 915 4773 an
948 4722 1249 4777 hmreticis?
1282 4725 1349 4777 ab
1375 4728 1518 4779 omni
1569 4727 1848 4783 lmretico—

264 4819 385 4864 rum
431 4812 750 4880 contagione
789 4811 1065 4879 discretis,
1098 4830 1164 4865 an
1198 4815 1567 4871 luereticornm
1609 4834 1848 4874 commu-

269 4900 430 4953 nione
456 4900 673 4967 pollutis
698 4902 718 4951 ?
749 4902 878 4967 Quis
907 4913 1086 4956 autem
1119 4919 1222 4958 non
1250 4906 1428 4961 videat
1457 4909 1577 4963 illos
1610 4926 1730 4965 esse
1755 4928 1844 4966 ca-

267 4991 495 5045 tholicos
536 5006 588 5047 et
630 4993 696 5045 ah
724 4994 868 5045 οηιιιί
901 4994 1149 5049 hzeretica
1185 5006 1331 5064 peste
1358 5014 1577 5067 prorsus
1612 5004 1838 5069 alienos,

262 5083 353 5150 qui
386 5084 610 5151 propriis
667 5084 885 5137 urbibus
929 5084 1153 5153 detrusi,
1183 5097 1236 5140 et
1264 5087 1316 5141 in
1345 5090 1589 5145 exsilium
1621 5107 1743 5147 sunt
1768 5111 1851 5149 re—

262 5171 405 5224 dacti
436 5187 449 5222 :
475 5183 529 5224 et
557 5186 650 5225 eos
677 5174 764 5241 qui
794 5174 1173 5240 superstitibus
1200 5179 1478 5233 catholicis
1507 5198 1846 5239 successores

263 5262 377 5317 ﬁeri
405 5262 518 5316 ausi
545 5276 665 5317 sunt
690 5308 705 5331 ,
752 5265 1046 5320 catholicos
1069 5269 1287 5322 omnino
1318 5284 1423 5324 non
1451 5286 1574 5328 esse
1593 5316 1607 5339 ,
1639 5278 1729 5331 sed
1755 5289 1845 5331 aut

338 5466 352 5496 '
382 5463 455 5519 ΙιΙ.
486 5464 629 5529 cod.,
662 5480 725 5516 an
746 5469 1109 5530 cognoscendo.

334 5537 353 5566 '
384 5535 557 5613 llic._i_n
575 5535 707 5613 cod.
743 5534 1031 5613 Yeronensi
1071 5538 1378 5613 inseruntur
1406 5555 1467 5595 ea
1499 5558 1619 5613 quas
1653 5561 1837 5609 ιιι-θυι.

262 5607 323 5681 lit
369 5606 439 5681 cl.
486 5603 722 5657 Mali'eius
754 5605 931 5681 in_s_ua
964 5610 1273 5681 przei‘ati‘one
1304 5611 1367 5663 ad
1399 5603 1831 5681 suppletttentutu

261 5674 615 5735 Acacianum,
649 5684 778 5727 tom.
812 5674 925 5738 VII,
957 5692 1073 5745 pag.
1121 5678 1273 5732 1069.
1330 5682 1434 5735 Sed
1468 5674 1597 5738 cum
1647 5692 1833 5740 eadem

261 5745 479 5797 utttltitm
536 5747 777 5811 lcgantur
834 5746 884 5797 in
940 5750 1163 5814 epistola
1210 5750 1406 5804 Gelasii
1448 5756 1513 5807 ad
1562 5758 1836 5811 Dardania:

262 5828 541 5880 cptSCttpns
597 5829 701 5869 non
778 5818 948 5870 solum
1018 5819 1069 5869 in
1116 5821 1350 5875 editione
1407 5823 1687 5881 Labbcaua
1742 5832 1834 5882 Sed

1951 3350 2225 3415 omnium,
2269 3352 2357 3417 qui
2419 3350 2758 3405 Antiocheno
2818 3351 2978 3406 Petro
3034 3354 3547 3418 communicabant,

1952 3451 2127 3495 semet
2156 3441 2387 3495 Aeacius
2412 3442 2741 3495 communio:
2765 3458 2795 3496 e
2838 3444 3141 3512 suspendit.
3189 3448 3268 3500 Ac
3307 3460 3403 3515 per
3445 3447 3549 3502 hoc

1952 3532 2078 3601 quid
2123 3532 2351 3601 profuit,
2398 3532 2540 3603 quod
2584 3532 2749 3589 videri
2802 3534 3015 3589 volebat
3065 3534 3140 3589 illi
3201 3535 3379 3605 palam
3439 3552 3545 3593 neu

1952 3625 2375 3688 communicare,
2408 3625 2494 3680 cui
2524 3640 2621 3694 per
2646 3641 2775 3681 suos
2804 3626 3102 3696 cnmpliees
3129 3628 3414 3683 subsiciva:
3440 3627 3549 3700 [ιιι.

1952 3712 2054 3768 suli
2088 3712 2277 3784 signo]
2332 3714 2729 3769 communionis
2778 3717 3136 3771 nectebatur?
3182 3717 3550 3774 Alexandrino

1953 3804 2115 3859 Petro
2141 3806 2561 3861 communicavit
2582 3807 2829 3861 Aeacius.
2863 3808 2970 3863 Sed
3001 3810 3175 3866 donec
3199 3810 3413 3864 advisit
3442 3816 3551 3865 An-

1954 3896 2235 3952 tiochenus
2264 3896 2485 3963 Petrus,
2529 3898 2617 3968 qui
2651 3900 2833 3969 utique
2881 3910 3002 3969 post
3049 3904 3376 3958 Acacianum
3422 3919 3549 3957 cum

1955 3991 2116 4045 Petro
2145 3990 2512 4045 Alexandrino
2555 3988 2730 4044 tardus
2778 3992 2968 4046 initum
2996 3992 3283 4047 defunctus
3312 3997 3551 4049 ostendi-

1955 4089 2062 4147 tur,
2087 4096 2358 4151 nunquam
2390 4079 2729 4135 Antioelteno
2758 4081 2916 4137 Petro
2939 4084 3337 4138 Alexandrinus
3358 4084 3552 4140 Petrus

1954 4174 2355 4228 communicare
2384 4172 2563 4227 desiit.
2588 4172 2739 4239 Quod
2768 4174 3157 4229 catholicorum
3195 4174 3435 4231 continet
3466 4194 3550 4231 re-

1956 4265 2085 4318 latio
2112 4264 2474 4329 sacerdotnm,
2501 4275 2930 4336 cmterorumque
2949 4269 2968 4298 ⁵
2994 4266 3045 4321 in
3064 4269 3325 4323 catholica
3350 4271 3550 4325 duran-

1958 4359 2111 4421 tium,
2145 4371 2243 4411 nec
2268 4357 2653 4410 conscientiam
2695 4358 2865 4410 latere
2899 4367 3075 4425 potest
3101 4360 3265 4415 totius
3286 4359 3547 4415 Orientis.

1957 4450 2021 4503 Et
2050 4458 2108 4503 ut
2135 4459 2376 4511 taceam,
2409 4448 2548 4515 quod
2585 4462 2676 4512 per
2718 4448 2893 4514 ipsum
2940 4448 3210 4503 Zenonem
3259 4452 3549 4520 imperato-

1957 4556 2092 4603 rem,
2123 4538 2211 4609 qui
2244 4541 2426 4606 utique
2460 4536 2796 4591 Antiocheno
2826 4539 2984 4592 l‘etro
3004 4583 3018 4605 ,
3050 4554 3208 4608 quem
3235 4540 3547 4596 introduxe-

1959 4644 2070 4699 rat,
2097 4644 2146 4685 et
2178 4634 2331 4698 cujus
2367 4630 2724 4684 sacerdotium
2750 4631 3218 4697 comprobaverat,
3247 4634 3363 4688 sine
3387 4634 3550 4689 dubio

1957 4723 2337 4777 communione
2396 4721 2725 4789 permixtus,
2795 4722 3227 4777 communicabat
3290 4725 3544 4790 Aeacius,

1959 4816 2217 4883 plurimus
2282 4813 2615 4865 diversarum
2682 4811 2891 4865 urbium
2944 4814 3203 4881 praesules
3263 4829 3548 4883 possumus

1956 4909 2347 4968 demonstrare,
2378 4904 2571 4973 quibus
2596 4918 2718 4956 cum
2751 4904 3087 4957 Antiocheuo
3116 4905 3274 4960 Petro
3301 4920 3544 4961 commu-

1959 4999 2259 5053 nieantibns
2311 4995 2659 5051 nihilominus
2712 4997 3144 5050 connnnnicahat
3191 5000 3444 5062 Aeacius,
3493 5010 3547 5053 et

1961 5109 2053 5162 per
2085 5092 2204 5145 illos
2245 5088 2585 5145 Antiocheno
2616 5088 3041 5142 communicabat
3072 5101 3461 5159 consequenter
3492 5101 3546 5145 et

1958 5186 2134 5237 Petro.
2165 5181 2272 5236 Sed
2311 5181 2425 5233 lucc
2450 5178 2587 5243 apud
2623 5175 2838 5231 Graecos
2890 5178 3062 5233 facilis
3107 5190 3161 5233 et
3209 5180 3545 5249 inculpabiiis

1959 5286 2173 5345 putatur
2204 5287 2323 5327 esse
2354 5271 2656 5341 permixtio,
2688 5270 2827 5339 apud
2859 5286 2991 5339 quos
3019 5272 3161 5325 nulla
3192 5286 3271 5327 ρει
3304 5274 3409 5325 mi
3443 5271 3544 5325 fal-

1948 5480 2107 5533 etiam
2159 5477 2211 5531 in
2251 5475 2652 5543 Quesnelliana,
2687 5489 2749 5529 ac
2805 5477 2855 5529 in
2913 5478 3214 5530 eodmumct
3244 5476 3541 5532 Veroneusi

1945 5550 2160 5609 codice,
2194 5546 2243 5598 in
2269 5562 2376 5615 quo
2405 5548 2521 5598 Solo
2550 5546 2635 5599 hic
2665 5560 2943 5614 repetitur,
2976 5548 3060 5600 itla
3088 5552 3261 5617 potius
3293 5554 3535 5616 cpistola:

1946 5621 2011 5672 ad
2050 5620 2323 5670 Dardanas
2347 5616 2732 5681 adjmlicarem.

2021 5690 2039 5718 ³
2076 5689 2147 5741 Id.
2182 5690 2327 5747 cod.,
2361 5686 2419 5737 Ιίζι
2445 5687 2614 5737 adhuc
2644 5687 2812 5738 (licitis
2836 5692 3109 5755 synodum.

2020 5759 2040 5788 ⁸
2072 5760 2143 5811 ΙιΙ.
2177 5761 2321 5822 (‘0tl.,
2352 5760 2619 5824 jungatur.

2023 5831 2039 5856 '
2071 5832 2143 5880 lii.
2179 5828 2323 5892 κού..
2372 5846 2400 5879 η
2427 5827 2674 5878 rut/iulia.
2719 5828 2832 5881 ﬁrle.
