4190 6424
624 409 693 465 99
1956 405 2090 460 ρει
2101 403 2192 459 ΛΒΙ

2283 400 2460 457 ἈΡιΕ
2502 402 2520 456 l

3772 391 3872 446 100

620 524 770 591 sique
795 518 1075 584 discretio;
1098 527 1152 572 et
1175 530 1294 573 cum
1319 515 1567 571 omnibus
1596 513 1839 583 reprobis
1864 516 2052 570 volunt
2070 528 2191 571 esse
2219 521 2269 576 Α
2296 530 2447 568 meus
2467 512 2834 568 Theudoricus
2862 528 2960 567 rex
2999 511 3067 566 ad
3115 518 3359 565 nostrum
3399 514 3740 562 contumaces
3763 505 3846 560 cle

622 626 952 676 communes,
985 611 1035 663 iu
1063 609 1202 663 nulla
1231 617 1595 662 monstrantur
1624 609 1890 676 probitate
1924 619 2191 663 constare.

623 705 719 758 llic
739 712 914 757 autem
941 702 1031 757 ille
1054 709 1135 756 est
1157 700 1341 754 Petrus
1361 700 1750 764 Antiocbeuus,
1780 715 1940 769 quem
1973 715 2073 755 nec
2103 715 2196 768 per

623 795 984 862 paenitentiam
1037 791 1105 845 ad
1154 792 1584 844 communionem
1651 789 1974 860 catholicam
2031 790 2192 858 recipi

623 885 779 936 etiam
804 897 832 935 a
860 881 984 934 sede
1007 880 1298 948 apostolica
1321 882 1561 948 poposcit
1586 880 1835 933 Aeacius.
1868 880 1947 934 Ac
1979 895 2073 947 per
2095 880 2195 932 ltoc

623 977 638 1004 ⁸
671 981 965 1041 queruntur
986 984 1016 1022 a
1040 969 1194 1024 nobis
1233 970 1487 1025 Acacium
1516 969 1676 1023 fuisse
1696 970 2038 1033 damnatum;
2072 984 2192 1022 cum

621 1061 719 1113 hac
751 1059 1077 1128 professione
1106 1059 1411 1127 praimissa,
1451 1068 1506 1112 et
1545 1059 1566 1089 ⁸
1610 1073 1704 1127 per
1743 1059 1972 1114 iniectos
1999 1059 2192 1112 Antio-

618 1146 775 1200 clieni
807 1146 948 1202 Petri
981 1158 1192 1215 recepta
1229 1147 1634 1212 communione,
1684 1164 1744 1202 se
1788 1150 2041 1203 doceatur
2079 1149 2194 1216 ipso

618 1239 925 1294 damnasse.
973 1237 1073 1292 Ubi
1129 1249 1302 1292 tamen
1338 1254 1440 1292 non
1470 1241 1642 1293 solum
1674 1256 1799 1294 reus
1825 1249 2031 1294 tenetur
2061 1244 2194 1293 Ara-

619 1331 756 1394 cius,
791 1326 886 1381 sed
918 1341 1102 1380 omnes
1127 1328 1405 1392 pontitices
1432 1328 1755 1394 Orientales,
1782 1330 1872 1397 qui
1898 1329 2006 1395 pari
2035 1331 2194 1380 modo

619 1419 674 1470 itt
727 1418 841 1470 haec
885 1415 1128 1470 cecidere
1156 1416 1397 1484 contagia
1419 1457 1434 1480 ,
1468 1421 1767 1485 meritoque
1793 1417 1951 1470 simili
1977 1418 2192 1470 damna-

620 1507 764 1561 tione
795 1504 817 1534 ³
850 1515 1097 1558 tenentur
1122 1505 1260 1559 ubst:
1275 1504 1382 1568 icti,
1414 1519 1513 1558 nec
1546 1506 1666 1558 imie
1695 1505 1898 1572 possint
1927 1504 2192 1561 ullatenus

619 1593 899 1663 expediri,
946 1595 1045 1648 nisi
1093 1594 1217 1646 dum
1264 1603 1550 1658 supersunt
1577 1610 1605 1647 a
1636 1594 1830 1647 talibus
1855 1595 2188 1650 abstinendo.

619 1684 729 1738 Nec
775 1699 874 1736 nos
918 1694 1128 1751 Oportet
1160 1689 1210 1735 iu
1255 1683 1450 1737 talibus
1474 1686 1650 1737 causis
1680 1684 1779 1738 nisi
1811 1685 1912 1738 illis
1935 1685 2154 1740 credere
2175 1725 2190 1750 ,

618 1773 704 1841 qui
747 1784 841 1826 aut
888 1773 1106 1826 oumino
1134 1787 1194 1826 se
1220 1773 1395 1826 sciunt
1421 1775 1487 1826 ab
1513 1773 1670 1843 hujus
1697 1773 1931 1842 perfidia:
1960 1776 2191 1829 nexibus

2300 604 2440 660 rit-os
2471 605 2674 659 remisit
2699 617 2946 658 examen.

2711 691 2944 747 Gelasius
2974 689 3169 746 Victori
3204 690 3456 758 episcopo.

2813 781 2955 853 (Lib.
2989 797 3068 846 Iit,
3107 795 3228 849 cap.
3253 779 3369 852 95.)

2377 895 2583 951 Dudum
2613 895 2681 951 de
2709 895 2916 952 Sancta:
2955 891 3174 963 Agathe:
3219 891 3457 959 basilica,
3504 904 3622 959 quae
3666 889 3718 941 in
3766 888 3868 940 Γι-

2296 988 2456 1041 clauo
2486 986 2650 1039 fumln
2677 985 2805 1040 olim
2847 985 3082 1040 noscitur
3113 981 3424 1048 constituta,
3469 980 3864 1050 processiourm

2295 1077 2397 1130 sub
2425 1086 2602 1129 nostra
2631 1075 3027 1130 consultatione
3063 1071 3442 1140 suspendens,
3474 1085 3724 1125 asserens
3750 1085 3867 1138 pos-

2293 1165 2552 1221 sessionis
2577 1163 2853 1219 dominum
2880 1164 3062 1218 omnia
3092 1180 3210 1233 qua:
3245 1163 3320 1216 illi
3351 1160 3760 1216 conferebantur
3782 1175 3868 1211 ar.-

2294 1260 2493 1327 cipere.
2529 1269 2582 1313 et
2610 1258 2728 1312 suis
2751 1257 2936 1311 usibus
2965 1257 3267 1327 applicare;
3309 1269 3407 1310 nec
3435 1253 3542 1309 illic
3571 1266 3728 1320 po~se
3769 1250 3866 1304 tui-

2297 1349 2586 1402 tristrorttm
2613 1348 2704 1401 llei
2734 1349 2943 1417 aliquos
2964 1345 3030 1401 ad
3075 1347 3476 1415 processionem
3511 1344 3716 1405 venire,
3742 1355 3864 1393 cum

2295 1438 2438 1492 nulla
2465 1437 2571 1491 illic
2607 1437 2856 1493 alimenta
2905 1437 3258 1504 susciperent.
3309 1435 3414 1490 Sed
3443 1449 3612 1504 nuper
3636 1433 3718 1485 vir
3745 1447 3863 1502 spei

2293 1527 2502 1581 ctabilis
2531 1529 2720 1581 Petrus
2752 1536 2934 1582 noster
2973 1525 3127 1580 nobis
3159 1524 3548 1580 rationabiliter
3584 1523 3866 1581 intimavit,

2295 1618 2397 1673 line
2426 1620 2564 1683 quod
2590 1619 2642 1672 in
2671 1619 2884 1686 culpam
2915 1626 3134 1672 venerat
3159 1631 3221 1672 se
3261 1617 3437 1671 taliter
3472 1616 3769 1679 ordinasse,
3810 1624 3866 1668 ut

2295 1724 2327 1763 u
2354 1709 2542 1764 .iversa
2571 1725 2688 1777 qua:
2717 1711 2771 1763 in
2805 1709 3041 1764 Ecclesia
3068 1711 3372 1777 supra-licia
3395 1708 3734 1762 diverson
3757 1708 3868 1760 l’nuo

2296 1802 2404 1854 rint
2455 1801 2724 1855 oblatione
2761 1800 2974 1865 collata,
3021 1800 3089 1854 ad
3131 1799 3441 1868 episcopum
3489 1809 3584 1852 aut
3626 1801 3692 1851 ad
3724 1812 3865 1850 ftml

617 1863 798 1916 divino
829 1862 1087 1917 beneticio
1118 1878 1333 1917 scrvare
1356 1863 1641 1930 discretos,
1673 1871 1764 1917 aut
1792 1866 1872 1918 bis
1898 1867 1985 1935 qui
2013 1882 2041 1918 a
2069 1882 2187 1935 per-

2295 1895 2378 1946 cui
2413 1892 2686 1947 basilicam
2717 1862 3050 1960 deputaverit
3073 1930 3089 1954 ,
3138 1891 3392 1944 universa
3422 1888 3720 1957 pertineant
3753 1903 3766 1940 :
3799 1889 3869 1942 i'a

620 1954 844 2008 lidorutn
885 1953 1157 2006 consortio
1210 1963 1566 2007 recesserunt.
1594 1952 1727 2008 Nam
1759 1956 1826 2010 in
1872 1957 2191 2024 perfidorum

618 2043 864 2112 contagio
892 2045 1226 2109 constitutis,
1269 2061 1427 2114 quam
1474 2046 1631 2101 tidem
1662 2061 1758 2116 pro
1785 2047 2011 2103 sincera.-
2041 2065 2193 2104 com-

619 2135 884 2189 munionis
915 2135 1284 2190 testiﬁcatione
1314 2151 1591 2205 possumus
1633 2138 1892 2198 adbibere
1912 2181 1928 2206 ,
1961 2142 2051 2209 qui
2082 2141 2104 2172 ⁸
2138 2143 2192 2195 in

619 2226 828 2279 sincera
853 2226 1226 2280 communione
1261 2233 1387 2280 sunt
1416 2226 1439 2257 ⁸
1462 2226 1681 2293 polluti?
1705 2226 1815 2282 Nec
1832 2243 2018 2283 eorum
2046 2233 2196 2285 testi-

619 2315 814 2367 moniis
857 2315 954 2367 niti
1004 2329 1100 2383 pro
1143 2317 1367 2369 veritate
1395 2319 1719 2385 poterimus,
1750 2319 1840 2387 qui
1884 2318 2194 2390 impugnare

618 2421 725 2458 non
773 2415 1025 2471 verentur
1057 2405 1164 2476 [αι.
1197 2403 1479 2475 nituntur]
1527 2407 1849 2463 falsitatibus
1894 2411 2191 2466 veritatem.

618 2496 803 2552 ltestzit
852 2506 906 2550 ut
955 2513 1060 2550 non
1100 2499 1201 2551 nisi
1255 2498 1357 2552 illis
1407 2500 1629 2554 credere
1655 2500 1945 2558 debeamus
2009 2505 2099 2573 qui
2127 2506 2194 2559 ab

619 2589 764 2640 omni
791 2589 1107 2657 contagione
1135 2597 1256 2642 sunt
1285 2590 1460 2644 liberi.

1167 2679 1649 2738 EPISTOLARUM

931 2762 1131 2802 ϐειιςιι
1161 2765 1304 2804 PARS
1330 2767 1503 2806 οεεειι
1534 2768 1872 2810 ΡΒΑΟΙΕΗΤΔ.

803 2839 904 2905 (Ex
934 2839 1636 2919 (ἶυῃειςι.,θιιιιέιιιειιιιμ(ξιτ-(1,.⁸
1655 2844 1996 2919 Deusdedit.)

1003 2907 1248 2984 Getosins
1259 2911 1529 2974 Caelestino
1553 2907 1815 2984 episcopo.

1149 2982 1291 3061 (Lib.
1321 2997 1361 3046 ι,
1392 2986 1697 3061 extrusit.)

687 3045 747 3102 In
777 3049 1004 3102 ecclrsia
1035 3045 1172 3104 beati
1204 3045 1806 3121 martyris'EIeutlt'erii,
1834 3072 1952 3126 quae
1999 3057 2052 3112 in
2101 3058 2193 3114 lli-

616 3140 970 3194 stoniensium
1010 3142 1243 3196 civitatis
1292 3147 1543 3212 parocbia
1593 3149 1850 3215 probatur
1895 3163 2017 3206 esse
2060 3165 2193 3206 con-

616 3240 838 3296 structa,
867 3228 1134 3284 Juliauum
1163 3233 1468 3299 diaconum,
1507 3234 1556 3290 'si
1601 3235 1678 3290 nil
1731 3237 1784 3291 in
1812 3251 1880 3292 eo
1923 3249 2007 3294 est
2047 3241 2188 3310 quud

615 3329 805 3373 contra
834 3322 1099 3374 canonum
1140 3323 1315 3377 veniat
1356 3324 1616 3392 instituta,
1655 3328 1949 3399 presbyteri
1985 3329 2190 3386 honore

616 3409 892 3466 decumbit
927 3429 939 3462 :
978 3414 1208 3468 sciturus
1249 3429 1372 3468 eum
1417 3416 1652 3476 visitatot
1665 3419 1712 3473 is
1735 3429 1785 3474 te
1813 3423 2048 3488 nomine.
2080 3439 2188 3480 non

617 3501 905 3556 cardinalis
930 3517 1145 3558 creasse
1177 3505 1468 3572 pontiﬁcis.

1076 3591 1222 3649 Idem
1257 3596 1450 3651 Sabino
1469 3600 1726 3669 episcopo.

1315 3687 1502 3760 (lbid.)

667 3772 937 3851 .Quartum
966 3773 1303 3832 defensorem
1324 3780 1602 3834 diaconum
1638 3782 1854 3838 sibimet
1883 3788 2186 3842 consecrari

611 3861 840 3931 populus
861 3862 1221 3920 Grutueutime
1239 3868 1471 3923 civitatis
1490 3875 1750 3940 exposcit.
1783 3873 1933 3929 llunc
1960 3891 2110 3946 ergo,
2142 3879 2187 3931 si

616 3953 692 4007 nﬂ
727 3963 813 4008 est
857 3956 998 4022 quod
1040 3957 1160 4025 ejus
1207 3972 1448 4025 pet-some
1487 3963 1656 4029 possit
1695 3966 1912 4033 opponi,
1959 3969 2187 4023 diacouii

615 4043 957 4111 provectione
995 4041 1274 4101 decorabis
1328 4066 1343 4102 :
1392 4059 1453 4102 ut
1494 4053 1704 4106 noverit
1750 4064 1926 4109 tamen
1970 4056 2190 4112 dilectio

614 4132 841 4188 tua—hoc
873 4149 933 4190 se
962 4136 1332 4206 delcg’autibus
1365 4141 1521 4196 nubis
1547 4145 1768 4214 exsequi
1797 4147 2085 4205 visitatoris
2105 4149 2188 4206 of-

613 4222 755 4286 llclo.
785 4238 891 4279 non
921 4236 1183 4294 potestate
1210 4230 1408 4301 proprii
1437 4234 1753 4289 sacerdotis.

642 4311 878 4370 Gelasiss
910 4316 1211 4390 Quinigesio
1239 4330 1287 4372 et
1322 4317 1656 4443 C‘onstuntino
1697 4327 1983 4397 episcopis,
2014 4330 2148 4384 inter

1286 4406 1359 4443 ω’
1379 4407 1487 4443 era.

1286 4406 1487 4446 cetera.

1121 4478 1262 4545 (Lib.
1289 4495 1360 4544 ιτ,
1403 4495 1522 4550 cap.
1553 4484 1671 4554 sc.)

678 4562 827 4621 Felix
856 4577 911 4622 et
940 4566 1128 4624 Petrus
1154 4570 1406 4629 Ecclesia
1433 4573 1649 4630 Nolana:
1682 4577 1862 4634 clerici
1897 4591 2177 4638 contuma-

606 4656 742 4712 citer
780 4667 835 4713 et
861 4667 1046 4713 contra
1094 4662 1444 4718 constitutum
1486 4664 1712 4739 rebelles
1755 4670 1822 4724 ad
1866 4673 2174 4728 comitatum

609 4744 704 4804 alii
729 4748 834 4802 mei
861 4751 1001 4818 regis
1032 4759 1345 4817 putaverunt
1373 4768 1494 4810 esse
1525 4760 1952 4828 properandum,
1993 4763 2176 4817 dicen-

608 4837 823 4894 tes'sibi
873 4841 979 4894 vim
1009 4839 1170 4896 flllM
1196 4853 1524 4913 generatam,
1573 4848 1733 4903 tacito
1769 4850 2051 4908 clericatus
2095 4854 2175 4908 of-

608 4928 730 4982 licio
756 4943 772 4981 :
803 4937 859 4982 ct
883 4943 929 4982 a.
952 4941 1201 4988 ctorttate
1226 4939 1512 5002 promerita
1545 4947 1729 4994 contra
1751 4941 2061 4997 civilitatem
2091 4961 2176 5000 re-

604 5015 834 5086 demptis
852 5019 951 5074 sibi
975 5021 1212 5077 barbaris
1235 5028 1652 5096 suprascriptum
1683 5030 1996 5101 episcopum
2017 5048 2172 5088 suum

603 5106 853 5176 gravibus
899 5108 1102 5179 injuriis
1139 5121 1194 5167 ct
1230 5111 1528 5184 dispendiis
1575 5119 1885 5175 affecerunt.
1935 5121 2167 5180 Proinde

603 5200 968 5253 necessarium
1023 5200 1119 5256 fuit
1165 5214 1223 5259 ut
1266 5205 1334 5260 ad
1385 5207 1633 5263 eumdem
1685 5209 1962 5268 dominum
2007 5216 2171 5270 liliuut

604 5301 780 5342 meum
819 5286 1156 5357 supradictus
1191 5294 1355 5352 frater
1393 5308 1575 5354 noster
1611 5300 1844 5357 Serenus
1887 5305 2173 5376 episcopus

603 5380 932 5443 convolat-et,
957 5391 1277 5451 Osteusaque
1319 5386 1505 5444 fraude
1545 5391 1835 5462 secundum
1882 5395 2168 5451 beatitudi-

604 5478 723 5520 nem
761 5479 1058 5539 temporum
1088 5488 1304 5530 suorum
1344 5480 1426 5533 vir
1463 5482 1982 5550 pracelientissimus
2024 5487 2164 5544 filius

677 5603 693 5678 ξ
815 5607 960 5678 cod.,
983 5608 1102 5672 qui!
1119 5621 1419 5678 queruntur.

674 5671 696 5747 ξ
722 5670 962 5747 ltl.‘cod.,
987 5670 1074 5744 per
1099 5670 1381 5747 anfractus.

673 5737 695 5769 ³
719 5742 794 5796 ld.
819 5737 959 5811 cod.,
983 5737 1267 5804 teneant'ur.

2296 1993 2354 2037 ut
2382 1999 2445 2038 ex
2472 1984 2571 2038 hoc
2590 1983 2910 2051 compendio
2931 1989 3076 2052 sarta
3114 1992 3252 2035 tecta
3291 1982 3538 2035 ecclesia:
3576 1995 3867 2048 procuren-

2297 2082 2401 2126 tur.
2457 2074 2522 2126 Et
2552 2074 2672 2126 ideo
2719 2073 2881 2128 frater
2923 2071 3293 2128 saluberrimae
3338 2071 3701 2140 dispositionis
3746 2084 3870 2140 pro-

2300 2164 2529 2220 fessione
2553 2173 2819 2231 suscepta.
2850 2165 3246 2234 processioneiu
3275 2164 3595 2232 supradictae
3627 2163 3872 2219 ccclesie

2295 2265 2348 2309 te
2385 2256 2636 2310 convenit
2659 2255 2931 2310 ordinare.

2507 2343 2742 2401 Gelasins
2771 2345 3012 2413 Ifespecto
3053 2354 3101 2400 et
3132 2343 3361 2398 Leonino
3389 2344 3660 2414 episcopis.

2791 2458 2916 2527 (Lib
2965 2473 3043 2521 ut,
3075 2473 3194 2527 cap.
3220 2458 3337 2526 99.)

2364 2570 2601 2626 Joannes
2643 2569 3055 2628 archidiaconus
3091 2568 3486 2624 Falerioneusis
3531 2568 3679 2622 urbis
3721 2581 3873 2623 ever-

2294 2661 2499 2717 sionem
2523 2662 2774 2717 ecclcsite
2799 2661 2868 2715 ab
2885 2675 2953 2716 eo
2978 2662 3068 2731 qui
3100 2661 3349 2730 prmulis
3377 2659 3596 2714 nomine
3621 2669 3872 2713 censetur

2292 2753 2536 2818 elfectam
2562 2754 2750 2822 grandi
2775 2753 2928 2808 nobis
2970 2751 3366 2821 supplicatione
3405 2761 3730 2820 ceuquestus
3753 2759 3872 2814 est;

2293 2843 2366 2898 ita
2396 2853 2454 2898 ut
2474 2859 2534 2899 se
2555 2842 2806 2899 videlicet
2831 2843 2898 2899 de
2926 2843 3028 2898 loci
3049 2841 3133 2897 sui
3157 2842 3622 2897 administratione
3641 2841 3872 2910 delecto,

2295 2934 2399 2989 iter
2423 2934 2524 2989 sibi
2549 2935 2776 2990 liberum
2801 2933 2868 2988 ad
2897 2931 3299 3004 dcpnpulandas
3330 2931 3612 2988 facultates
3642 2933 3872 3002 aperiret

2292 3023 2553 3079 ecclesize.
2586 3023 2716 3079 Nam
2743 3024 3057 3079 ministeriis
3084 3032 3141 3079 et
3181 3031 3371 3078 ornatu
3411 3039 3508 3092 pro
3549 3038 3647 3079 sua
3687 3025 3872 3080 volun-

2296 3123 2404 3168 tate
2433 3115 2724 3177 distracto,
2770 3114 3028 3184 praedium
3071 3115 3235 3169 etiam
3283 3125 3582 3183 paternum,
3626 3115 3770 3184 quod
3819 3116 3872 3170 in

2218 3233 2265 3296 ο
2295 3203 2605 3258 alimoniam
2634 3203 2952 3259 clericorum
2979 3203 3240 3260 decessor
3267 3204 3384 3272 ejus
3426 3205 3740 3274 reliquerat,
3779 3221 3874 3261 ve-

2292 3295 2372 3349 lut
2400 3296 2674 3364 proprium
2696 3295 2809 3350 suis
2835 3294 3157 3351 utilitatibus
3183 3294 3467 3351 vindicavit
3500 3313 3513 3348 :
3537 3297 3872 3353 obviantem-

2288 3401 2394 3456 que
2422 3387 2784 3455 supradictum
2833 3386 3303 3454 archidiaconum,
3353 3397 3688 3458 caloresque
3721 3403 3873 3444 com-

2291 3477 2496 3546 plures,
2526 3477 2616 3544 qui
2647 3478 2847 3546 paer
2892 3468 3293 3542 reclamabant,
3333 3477 3402 3532 ab
3444 3477 3722 3534 ordinibus
3761 3481 3874 3536 suis

2291 3567 2521 3621 credidit
2565 3567 2958 3623 excludendos.
3024 3568 3090 3623 Et
3136 3567 3297 3634 ideo,
3347 3569 3538 3624 fratres
3583 3572 3867 3642 carissimi,

2293 3655 2596 3731 Divinitatis
2617 3655 2810 3712 intuitu
2831 3656 3086 3714 Ecclesia:
3110 3673 3328 3714 causam
3349 3675 3556 3714 summa
3575 3661 3871 3726 attentione

2294 3747 2635 3810 trutinantes,
2663 3749 2808 3801 omni
2841 3749 3064 3803 veritate
3082 3749 3341 3816 discussa,
3359 3749 3430 3804 de
3454 3753 3742 3821 compertis
3762 3754 3867 3808 cita

2290 3836 2489 3891 nostris
2536 3837 2758 3893 auribus
2798 3838 3063 3895 relatione
3091 3840 3328 3911 signate;
3367 3851 3422 3895 ut
3468 3855 3744 3912 perspecta
3783 3845 3866 3899 iu-

2289 3929 2580 3984 structione
2603 3930 2894 4001 diligentia
2943 3944 3137 3987 vestrae
3179 3934 3305 4004 quid
3351 3935 3464 3990 ficri
3510 3937 3704 3992 debeat
3741 3952 3868 3993 cen-

2288 4029 2434 4071 aeaut
2441 4033 2522 4072 lIS.

2538 4105 2772 4164 Gelasius
2794 4110 2949 4166 Iusto
2974 4124 3023 4166 et
3050 4113 3316 4184 Stephano
3346 4116 3620 4186 (piscariis.

2808 4219 2950 4290 (Lib.
2986 4235 3060 4286 IIl,
3091 4236 3212 4291 cap.
3241 4224 3356 4292 97.)

2356 4325 2545 4382 Frater
2571 4337 2628 4382 et
2671 4331 3024 4398 coepiscopus
3072 4344 3256 4404 uoster
3305 4334 3581 4391 Prolicuus
3628 4336 3864 4406 Salpinre

2283 4418 2540 4472 sacerdos
2572 4417 2824 4472 Ecclesia:
2850 4421 3084 4487 pi'titurii
3129 4422 3282 4476 nobs
3329 4422 3688 4481 insinuatione
3733 4443 3863 4496 sug-

2283 4508 2470 4576 gessit,
2507 4509 2839 4562 lirtnnaritun
2894 4511 3237 4579 spectabilem
3283 4515 3486 4577 virum,
3537 4529 3656 4568 cum
3704 4517 3863 4571 nullis

2205 4587 2258 4648 D
2281 4598 2616 4652 exstantibus
2642 4601 2819 4654 causis
2849 4615 3064 4655 servum
3096 4603 3341 4656 ecclesia:
3374 4605 3687 4672 gravissima
3714 4608 3862 4664 ca'de

2279 4697 2590 4756 mactasset,
2621 4699 2746 4746 truc
2785 4692 2948 4747 etiam
2975 4693 3042 4744 ad
3089 4694 3385 4760 augendam
3429 4695 3700 4751 violentiae
3748 4713 3861 4753 sua:

2278 4779 2633 4846 pervicaciam
2661 4782 3024 4846 supradicttnn
3054 4783 3346 4837 antistitem
3373 4785 3706 4853 gravissimis
3729 4802 3858 4844 cono

2278 4866 2514 4921 tumeliis
2537 4867 2804 4924 olfecisse.
2840 4869 2903 4923 Et
2930 4870 3073 4934 ideo,
3108 4871 3300 4927 fratres
3323 4872 3607 4943 carissimi,
3634 4877 3678 4930 si
3707 4894 3734 4928 ει
3767 4894 3858 4932 vo-

2276 4956 2360 5010 bis
2381 4954 2687 5012 admonitus
2715 4961 2780 5012 ad
2821 4959 3076 5030 judicium
3097 4973 3331 5017 vestrum
3357 4966 3860 5036 inquisitionemque

2275 5050 2610 5112 convenerit,
2644 5052 2868 5104 veritate
2902 5050 3140 5105 discussa
3174 5054 3314 5108 unde
3361 5064 3542 5110 tantus
3590 5058 3858 5126 superbia:

2277 5137 2496 5206 spiritus
2517 5147 2610 5192 aut
2638 5140 2902 5194 violentiae
2927 5144 3206 5211 conceptio
3236 5142 3472 5210 fluxerit,
3519 5145 3718 5216 quidve
3744 5147 3859 5204 fuc-

2278 5227 2345 5282 rit
2375 5229 2519 5296 quod
2545 5229 2778 5298 pontifex
2813 5241 2959 5285 tanta
2981 5232 3309 5290 laceraretur
3329 5236 3632 5301 insolentia.
3657 5239 3856 5295 nostris

2278 5319 2498 5373 aurii‘us
2527 5319 2787 5375 relatione
2824 5323 3053 5392 signate.
3111 5311 3216 5380 Aut
3257 5327 3303 5382 si
3351 5329 3485 5382 forte
3520 5329 3678 5384 simili
3720 5345 3850 5400 ιιι-κ-

2276 5409 2582 5478 sumptione
2607 5414 3012 5480 contempserit,
3045 5425 3359 5484 potestatein
3387 5420 3486 5474 sibi
3512 5421 3851 5489 supradictus

2275 5498 2520 5567 pontifex
2553 5502 2763 5556 noverit
2790 5516 2913 5557 esse
2940 5517 3268 5574 concessam,
3297 5516 3557 5578 quatenu:
3594 5507 3732 5580 apud
3769 5513 3828 5580 ju
3920 5550 3924 5554 »

2349 5629 2370 5660 ⁸
2401 5630 2476 5683 ΙιΙ.
2508 5631 2655 5698 cnd.,
2689 5634 2741 5686 in
2766 5634 3038 5690 insincera.

2345 5701 2365 5730 '
2395 5699 2468 5755 ltl.
2496 5703 2641 5768 cod.,
2673 5706 2825 5774 positi
