3994 6420
268 421 355 473 lﬁl
1485 406 1838 468 El‘lSTOL'JS

1961 408 1967 425 '
2009 410 2355 465 DECRETA.

3466 414 3565 472 ἴθ’-ἓ

260 537 431 591 dicem
459 529 744 601 provincia:
765 528 1027 583 atrocium
1068 525 1391 595 injuriarutn
1426 535 1630 590 (μίξει-ιιι
1664 535 1860 590 propo-
1893 526 1937 579 Α
1970 521 2233 576 οὺνυιιιοε
2258 524 2541 593 episcopos
2574 523 2624 576 in
2649 524 2836 577 eadem
2869 522 3089 590 regione
3124 528 3564 595 metropolitanos

259 630 451 684 sitione
480 624 773 677 uudictam.

356 717 592 771 Gelasius
628 712 901 782 Mrtjorica,
948 710 1140 764 Sereno
1183 720 1230 763 et
1259 708 1454 762 Joanni
1486 708 1756 772 episcapis.

771 802 913 870 (Lib.
948 816 1025 862 nt,
1058 816 1179 869 cap.
1215 802 1331 863 98.)

326 900 428 967 Qui
455 907 511 952 et
535 894 782 949 lnunanis
814 893 1023 960 legibus
1059 891 1259 944 int-ivili
1288 890 1593 944 temeritate
1613 887 1855 951 calcatis,

254 1002 307 1046 et
337 988 636 1045 reverentia
659 984 934 1051 religionis
966 983 1197 1052 abiecta.
1235 982 1319 1035 vel
1352 980 1715 1035 ecclesiastica
1748 982 1860 1050 pri-

258 1083 455 1150 vilegia
485 1080 694 1133 calcare
722 1074 1081 1138 contendunt,
1110 1072 1193 1125 vel
1227 1071 1452 1125 ubilibet
1485 1072 1535 1125 in
1560 1086 1853 1139 pauperum

258 1170 505 1239 prosilire
536 1167 898 1235 diSpendiuoa,
929 1179 1027 1217 nec
1054 1162 1359 1229 hujusmodi
1382 1164 1571 1213 saltem
1609 1174 1856 1215 commo-

257 1265 352 1314 niti
383 1258 723 1325 convictique
751 1254 1048 1323 nequitiam
1079 1255 1262 1320 sopire
1302 1250 1664 1314 consentiunt,
1692 1260 1855 1319 atque

256 1356 401 1405 illata
435 1348 603 1405 sacris
630 1348 790 1400 rebus
816 1344 1139 1399 detrimenta
1184 1344 1418 1403 sancire,
1451 1344 1647 1395 merito
1690 1342 1853 1396 divini

256 1444 496 1498 numeris
523 1451 646 1494 sunt
676 1440 1085 1508 participatione
1124 1436 1368 1505 privandi
1405 1454 1418 1491 :
1450 1446 1503 1487 ut
1540 1437 1695 1503 hujus
1730 1450 1853 1502 pcr-

254 1538 503 1602 ceptioue
533 1548 597 1585 ne
620 1538 856 1591 careant,
888 1527 1028 1593 quod
1060 1526 1334 1595 sacrilegis
1364 1528 1582 1579 ausibus
1620 1526 1854 1578 habuere

254 1624 556 1692 despectui.
614 1624 951 1686 Quapropter
999 1617 1281 1686 Dionysii,
1331 1618 1419 1687 qui
1476 1618 1613 1670 sicut
1658 1628 1853 1669 vestra:

258 1728 434 1771 textus
484 1714 762 1768 relationis
809 1710 1088 1775 ostendit,
1154 1724 1261 1761 non
1307 1709 1479 1762 solum
1527 1700 1851 1762 thdnensis

258 1807 515 1864 Ecclesia:
557 1806 675 1871 jura
710 1803 959 1865 turbare,
1006 1801 1099 1853 sed
1141 1802 1301 1853 etiam
1354 1813 1661 1869 repensare,
1708 1801 1846 1867 quot

1964 627 2094 666 sons
2126 614 2322 668 deleat
2342 614 2622 676 ordinare;
2655 614 3012 681 ctmnleinque
3043 617 3215 683 ipsum
3249 623 3561 688 metropoli-

1964 712 2171 765 tanom,
2204 704 2247 755 si
2284 704 2513 756 humana
2546 720 2719 758 morte
2765 705 3058 772 transierit,
3108 722 3213 759 non
3265 709 3366 761 nisi
3416 725 3563 765 com-

1964 796 2320 862 provinciales
2348 794 2588 863 episcopi
2612 796 2764 864 juxta
2792 796 3018 849 formant
3041 806 3285 850 veterem
3313 800 3562 856 studeant

1961 886 2247 950 ordinare;
2280 897 2543 955 quatenus
2574 905 2692 956 qua:
2727 889 3030 942 veneranda
3061 889 3304 943 decrevit
3332 894 3564 961 antiqui-

1961 985 2042 1030 tas
2074 978 2249 1030 nnllus
2272 977 2486 1031 sibimet
2516 990 2701 1033 contra
2730 979 2808 1032 las
2838 994 3099 1048 usurpare
3128 984 3445 1036 contendat.

2162 1068 2400 1124 Cclasirts
2428 1074 2586 1133 clero,
2620 1074 2793 1125 ordin.
2824 1080 2871 1125 et
2912 1073 3048 1139 plebi
3084 1070 3374 1128 Brendes’i.

2288 1161 2388 1231 (Ex
2424 1163 2666 1215 Anselnt.
2696 1161 2791 1214 lib.
2834 1177 2907 1227 VI,
2949 1176 3068 1229 cap.
3099 1163 3221 1231 46.)

2029 1244 2304 1303 Concessa
2336 1249 2489 1302 vobis
2520 1264 2679 1318 quem
2716 1252 2923 1319 petistis
2968 1252 3210 1307 antisﬁte
3241 1253 3406 1310 lratre
3449 1256 3561 1323 jam

1956 1347 2009 1391 et
2040 1340 2363 1408 coepisc0po
2394 1355 2514 1394 meo
2542 1340 2776 1404 Iuliano,
2826 1342 3191 1395 necessarium
3237 1343 3334 1398 luit
3368 1347 3559 1400 eodem

1956 1428 2022 1483 ad
2054 1431 2337 1485 ecclesiam
2362 1446 2514 1485 suam
2549 1447 2671 1485 mox
2722 1433 2951 1487 remisso
2981 1433 3049 1486 ad
3082 1450 3177 1488 vos
3209 1446 3391 1490 nostra
3423 1440 3559 1491 scti-

1959 1529 2044 1585 pta
2097 1521 2295 1587 pariter
2357 1522 2674 1587 destinare;
2727 1524 2922 1585 quibus
2972 1529 3335 1594 agnoseeretis
3382 1528 3558 1584 eidem

1957 1611 2123 1666 fuisse
2156 1626 2506 1683 prmecptum,
2560 1630 2625 1667 ne
2676 1630 2912 1683 unquam
2945 1618 3315 1673 ordinationes
3348 1635 3557 1689 prmsu-

1956 1712 2064 1754 mat
2088 1704 2319 1757 illicitas.
2369 1706 2448 1759 Ne
2485 1707 2752 1773 higamntn
2787 1719 2838 1760 et
2870 1709 2961 1776 qui
3009 1710 3271 1777 virginem
3321 1726 3426 1767 non
3474 1725 3559 1769 est

1955 1794 2179 1847 sortitus
2226 1811 2472 1863 uxorem,
2527 1806 2687 1865 atque
2736 1798 3063 1853 illitteratum
3119 1801 3201 1855 vel
3242 1806 3556 1871 olmoxiuni,

257 1898 503 1967 nequiter
528 1895 875 1955 admiserant,
900 1902 1431 1959 respnerunt,sacr;e
1452 1890 1845 1944 communionis
1880 1886 1923 1945 Β
1955 1887 2005 1936 in
2030 1886 2202 1955 aliqua
2236 1898 2386 1955 parte
2433 1904 2544 1955 cori
2566 1890 2677 1943 oris
2708 1891 2964 1956 debilem,
3000 1902 3347 1960 notatumque
3381 1898 3559 1952 modis

256 1999 542 2044 arceantur
571 2000 808 2045 accessu,
842 1986 1014 2037 donec
1051 1998 1171 2051 qua:
1204 1983 1391 2035 honori
1417 1982 1596 2034 divino
1625 1995 1845 2049 compc-

257 2094 369 2135 tunt
401 2082 601 2134 dist-an:
622 2079 809 2131 demta
842 2085 1021 2129 tuente
1049 2074 1280 2128 deferre.
1307 2072 1502 2127 Contra
1528 2088 1662 2141 quos
1686 2074 1846 2126 etiam

257 2170 511 2241 quidqttid
544 2168 769 2236 publicis
800 2165 1007 2235 legibus
1040 2164 1122 2232 agi
1156 2164 1369 2230 poterit,
1416 2164 1635 2216 minime
1683 2164 1849 2232 negli-

257 2271 428 2333 gatur.
465 2261 526 2315 Ut
551 2260 640 2328 qui
662 2267 952 2325 utrumque
977 2264 1311 2323 tempserunt
1340 2257 1578 2323 utrisque
1599 2255 1845 2319 cohibiti,

261 2366 372 2407 tam
416 2351 518 2407 sibi
567 2363 726 2419 quam
767 2349 981 2402 creteris
1026 2349 1300 2416 praebcant
1354 2346 1495 2413 quod
1546 2348 1848 2401 netessatia

258 2452 539 2520 disciplina
575 2450 745 2517 poscit
765 2448 1098 2517 exemplum.
1123 2444 1445 2499 leestinus
1477 2458 1605 2497 vero
1629 2443 1847 2511 presby-

257 2554 343 2599 ter
378 2541 557 2595 fratris
602 2550 657 2595 et
702 2540 1005 2607 eoepiscopi
1056 2536 1229 2591 nostri
1281 2534 1470 2589 Sereai
1528 2534 1617 2601 qui
1660 2542 1847 2586 contra

259 2634 562 2703 pontiﬁcale
586 2632 867 2699 judicium,
889 2639 1180 2697 contraque
1208 2625 1517 2697 apostolica:
1540 2625 1684 2679 sedis
1708 2641 1851 2677 man-

256 2724 379 2779 data
418 2736 775 2791 prorumpens
818 2720 1141 2791 supradictis
1171 2718 1602 2773 communionem
1640 2731 1847 2768 sacrant

258 2812 563 2867 ministrare
612 2812 987 2881 praesumpsit;
1035 2825 1154 2865 cum
1188 2825 1293 2862 non
1330 2808 1565 2877 potuerit
1603 2806 1851 2877 ignorare

256 2907 578 2961 sententiam
636 2905 836 2975 proprii
879 2904 1215 2971 sacerdotis,
1263 2902 1332 2956 ab
1378 2900 1558 2955 ofﬁcio
1604 2904 1850 2970 protinus

257 3002 631 3056 ecclesiastico
662 3001 915 3068 pellatur.
950 2998 1020 3053 Ut
1058 2996 1237 3050 nullus
1268 2994 1528 3049 Ecclesia:
1578 2994 1851 3049 miniStro-

258 3108 376 3147 rum
398 3102 585 3148 contra
618 3091 942 3159 pontiﬁcalia
972 3089 1214 3143 instituta
1244 3088 1426 3141 venire
1454 3085 1766 3141 contendat.

576 3182 814 3237 Gelasius
838 3180 1031 3235 ,ἴσωιηὶ
1058 3180 1298 3249 episcopo
1326 3175 1542 3231 Pisano.

775 3273 918 3343 (Lib.
951 3286 1030 3336 tu,
1064 3285 1182 3337 cap.
1216 3268 1329 3333 99.)

329 3368 706 3425 Eccle-isstica
747 3365 1067 3427 ministeria,
1112 3378 1234 3433 quae
1275 3361 1568 3432 unicuique
1617 3361 1853 3416 basilica:

256 3462 492 3517 ﬁdelium
518 3460 736 3515 devotio
767 3458 1063 3528 deputavit,
1100 3456 1165 3509 ad
1198 3455 1357 3510 aliam
1387 3456 1671 3510 ecclesiam
1704 3456 1853 3508 nullo

256 3550 455 3608 debent
480 3551 807 3616 surripienti:
829 3546 1130 3602 transferri.
1163 3545 1229 3601 Et
1261 3546 1407 3611 ideo,
1437 3546 1484 3600 si
1517 3546 1674 3613 hujus
1712 3545 1850 3614 juris

255 3640 535 3710 portitoris
588 3642 774 3709 petitio
822 3640 1051 3693 veritate
1089 3636 1367 3701 subsistit,
1420 3635 1643 3690 calicem
1688 3651 1849 3705 quem

255 3734 513 3788 decessor
562 3740 684 3788 tuus
723 3731 968 3793 abstulit,
1008 3729 1251 3785 ecclesia:
1294 3728 1448 3798 cujus
1482 3726 1583 3785 luit
1629 3729 1851 3785 restitue

254 3827 375 3882 sine
404 3826 828 3881 intermissione.

687 3914 920 3970 Helusius
948 3913 1131 3968 Natali
1155 3914 1410 3985 rpisropo.

596 4006 699 4080 (Es
732 4005 971 4061 Anselm.
1005 4005 1099 4059 lib.
1127 4019 1203 4073 vi,
1244 4018 1363 4075 cap.
1396 4002 1515 4072 39.)

326 4097 460 4165 Quia
492 4113 585 4168 per
614 4096 936 4152 ambitiones
976 4095 1189 4150 illicitas
1237 4110 1343 4149 non
1396 4096 1559 4165 pudet
1586 4094 1846 4164 quasdam

253 4191 603 4245 ecclesiarum
629 4188 749 4259 jura
775 4187 1015 4250 turbare,
1040 4202 1105 4242 ac
1130 4186 1403 4258 privilegia
1433 4202 1555 4257 qua:
1570 4199 1847 4271 jnetropo-

256 4280 439 4335 litanis
458 4281 537 4334 vel
572 4277 986 4349 provincialibus
1029 4277 1295 4347 episcopis
1335 4278 1575 4332 decrevit
1618 4276 1849 4347 antiqui-

256 4384 341 4426 tas
372 4414 390 4439 ,
447 4370 730 4426 temeraria
778 4367 1195 4439 pmsumptione
1246 4368 1575 4438 pervadere;
1629 4378 1849 4438 propter

254 4461 399 4532 quod
420 4462 582 4516 eziam
613 4459 1010 4516 communionis
1047 4459 1362 4529 apostolicae
1406 4459 1718 4514 desiderant
1770 4472 1851 4516 te-

256 4567 388 4608 nere
413 4552 719 4617 dissidium,
742 4569 849 4622 quo
874 4553 1081 4607 scilicet
1125 4552 1193 4607 ab
1240 4552 1359 4622 ejus
1398 4554 1719 4608 auctoritate
1765 4556 1848 4609 tli-

1953 1979 2206 2031 omnibus
2233 1982 2300 2033 ad
2335 1995 2517 2033 saeros
2548 1982 2767 2036 ordinis
2796 1983 3066 2050 permittat
3097 1987 3377 2040 accedere.
3401 1988 3554 2054 Quod

1951 2067 2111 2122 etiam
2143 2071 2210 2124 de
2241 2072 2540 2141 peregrinis
2566 2084 2726 2142 atque
2758 2073 3043 2143 incognitis
3068 2076 3150 2130 vel
3178 2080 3555 2147 expetentbus

1951 2173 2146 2215 cavere
2191 2161 2451 2227 debebit;
2522 2165 2643 2232 quia
2706 2164 3013 2233 huiusmodi
3072 2180 3101 2219 a
3154 2170 3556 2225 venerabillbns

1952 2249 2307 2316 prohibentur
2334 2252 2561 2317 ofﬁciis,
2611 2269 2676 2306 ac
2728 2254 2861 2308 nihil
2910 2270 2977 2309 es
3031 2256 3347 2312 ministeriis
3394 2270 3555 2330 atque

1951 2351 2142 2394 ornatu
2177 2352 2449 2411 postremo
2475 2345 2543 2399 de
2570 2361 2892 2415 quacunque
2920 2361 2981 2400 re
3026 2364 3187 2416 quam
3235 2361 3446 2405 constat
3487 2356 3552 2405 ad

1951 2432 2233 2485 ecclesiam
2268 2436 2557 2497 pertinere.
2585 2436 2781 2488 amicat
2824 2439 2873 2488 iu
2907 2437 3135 2490 alterum
3186 2442 3423 2505 qualibet
3468 2458 3553 2497 ra-

1954 2523 2104 2577 tione
2134 2527 2446 2579 translerre.
2490 2525 2711 2579 Reditus
2765 2536 2819 2580 et
2863 2526 3170 2583 oblationes
3220 2530 3455 2585 ﬁdelium
3500 2534 3555 2588 in

1951 2626 2181 2684 quatuor
2210 2627 2387 2683 partes
2414 2617 2636 2681 dividat,
2665 2635 2887 2686 quarum
2915 2620 3020 2675 sibi
3062 2636 3223 2675 unam
3260 2623 3376 2692 ipse
3423 2626 3556 2679 reti-

1933 2716 2097 2771 ,neat,
2129 2708 2356 2761 alteram
2382 2708 2594 2763 clericis
2629 2726 2725 2776 pro
2750 2709 3055 2767 ofﬁciorum
3104 2726 3325 2769 suorum
3350 2714 3555 2769 seduli-

1954 2808 2060 2853 tate
2090 2800 2396 2865 distribuat,
2448 2802 2663 2857 fabricis
2717 2804 2954 2868 tertiam,
3008 2820 3239 2873 quarum
3290 2809 3557 2865 rationein

1950 2890 2134 2945 divino
2162 2902 2245 2944 est
2274 2894 2583 2948 redditurus
2617 2896 2876 2950 examini.
2928 2898 3113 2954 Sacris
3160 2914 3378 2971 quoque
3407 2905 3556 2957 ordi-

1953 2981 2111 3034 nibus
2133 2984 2482 3051 appticandos
2524 2984 2625 3039 hac
2671 2988 3058 3045 observatione
3106 3004 3443 3060 promoveat,
3499 3007 3556 3048 ut

1948 3074 2157 3144 jejunio
2205 3079 2404 3144 quarti,
2451 3078 2673 3147 septimi
2722 3092 2779 3134 et
2827 3081 3024 3135 decimi
3077 3086 3283 3138 mensis
3331 3101 3557 3154 vespere

1954 3165 2162 3221 sabbati
2196 3167 2538 3237 presbyteros
2578 3177 2738 3238 atque
2779 3168 3036 3225 diaconos
3079 3172 3410 3229 ordinandas
3435 3190 3557 3230 esse

1880 3246 1926 3306 C
1958 3271 2270 3329 cognoscat.
2307 3241 2641 3315 Venerabilis
2669 3262 2831 3316 etiam
2872 3263 3123 3332 baptismi
3152 3278 3555 3325 sacramentum

1960 3350 2061 3403 nisi
2115 3352 2166 3403 in
2210 3350 2501 3406 festivitate
2555 3352 2797 3420 paschali
2842 3363 2898 3409 et
2943 3355 3294 3412 Pentecostcs
3338 3356 3557 3414 tradere

1958 3456 2065 3497 non
2097 3454 2407 3511 praesumat,
2438 3446 2687 3514 exceptis
2732 3446 3053 3516 agritudine
3090 3448 3479 3506 laborantibu-.

2482 3582 2497 3612 ¹
2526 3579 2795 3638 GELASII
2827 3583 3057 3641 TOMUS

2392 3689 2459 3727 DE
2485 3689 2622 3728 ΛΝΔἸ
2632 3690 2863 3730 ιιειιιτιδ
2888 3691 3136 3731 νικασιο.

1954 3764 2080 3817 Acta
2108 3765 2545 3837 Chalcedonensis
2567 3769 2774 3820 concilii
2800 3785 2858 3822 ea
2887 3779 3088 3823 tanturn
3119 3779 3235 3823 rata
3263 3788 3378 3837 qua:
3402 3777 3549 3829 sedes

2027 3838 2317 3909 (προειοιὶειξΔ
2336 3836 2674 3906 approbavit;
2696 3840 2846 3908 jnsta
2891 3856 3008 3909 qua:
3056 3841 3109 3892 in
3154 3836 3396 3895 Acacium
3440 3856 3548 3898 sta-

2026 3914 2173 3978 tuta;
2202 3915 2258 3978 et
2286 3907 2489 3959 Petrum
2520 3907 2925 3978 Alexandrinam
2952 3926 2985 3961 a
3004 3912 3123 3963 sede
3150 3915 3437 3978 apostolica
3460 3933 3551 3969 so-

2026 3975 2289 4029 lummodo
2313 3978 2539 4044 potuisse
2562 3977 2777 4030 absolvi.

2026 4091 2044 4109 ⁸
2072 4087 2148 4142 Ne
2180 4090 2316 4144 forte
2340 4088 2481 4157 quod
2528 4088 2722 4153 solent,
2774 4089 2983 4155 dicant,
3024 4100 3169 4161 quod
3220 4095 3263 4147 si
3312 4100 3553 4167 ~ynodus

1952 4176 2405 4233 Chalcedonensis
2430 4178 2750 4241 admittitur,
2795 4181 2973 4235 omnia
3022 4195 3275 4241 constare
3321 4189 3552 4246 debeant

1951 4286 2071 4341 qtm
2100 4270 2209 4326 illic
2235 4272 2488 4327 videntur
2515 4286 2636 4327 esst:
2664 4273 3006 4342 deprompta.
3038 4278 3145 4331 Aut
3170 4278 3315 4331 enim
3343 4294 3407 4334 ex
3438 4292 3553 4337 tito

1952 4364 2161 4420 admitti
2207 4376 2479 4433 oportere,
2526 4376 2619 4419 ant
2650 4366 2693 4418 si
2738 4381 2801 4421 ex
2851 4376 3002 4436 parte
3045 4370 3395 4438 repudiabilis
3442 4385 3551 4439 est,

1954 4456 2164 4512 ﬁrmam
2192 4472 2256 4513 ex
2291 4467 2403 4511 toto
2427 4467 2676 4511 constare
2707 4473 2814 4512 non
2854 4474 3035 4529 posse.
3086 4460 3428 4531 Cognoscant
3452 4466 3551 4533 igi-

1955 4558 2043 4603 tur
2070 4547 2200 4602 illutl
2232 4549 2525 4602 secundum
2559 4548 2864 4617 Scripturas
2915 4560 3129 4606 sanctas
3180 4553 3552 4609 traditionem-

255 4644 357 4699 vlsi
386 4645 533 4700 velut
560 4644 779 4715 impune
805 4645 1048 4715 proprias
1088 4648 1463 4715 usurpationes
1504 4657 1793 4702 exerceant
1826 4666 1839 4700 :
1875 4614 1929 4674 Ῑ)
1953 4655 2057 4708 que
2087 4640 2373 4705 majorum,
2403 4638 2697 4693 secundum
2743 4654 2980 4693 cattoues
3011 4640 3330 4712 regulasque
3361 4642 3551 4699 Eccle-

255 4749 365 4790 non
392 4734 747 4805 respicientes
783 4734 927 4804 quod
967 4747 1172 4789 :rterno
1210 4735 1377 4805 judiei
1428 4736 1691 4791 rationem
1736 4747 1841 4791 tam

254 4824 326 4881 de
350 4826 631 4881 catholica:
655 4824 978 4880 sinceritatis
1026 4825 1243 4895 injuria,
1286 4842 1446 4895 quam
1488 4825 1557 4882 de
1601 4827 1847 4882 traditio-

254 4933 383 4972 nutn
412 4918 721 4989 praejudicio
747 4926 1090 4989 paternarum
1117 4932 1224 4973 non
1266 4920 1383 4974 sine
1418 4931 1693 4989 perpetua:
1734 4922 1848 4977 sint

252 5008 615 5065 damnationis
656 5010 876 5065 interitu
918 5008 1199 5065 reddituri.
1248 5009 1303 5066 Si
1355 5012 1407 5066 in
1454 5010 1554 5066 hac
1601 5014 1841 5068 obstina-

256 5098 404 5153 tione
457 5100 880 5167 permanserint,
932 5102 1212 5158 caritatem
1266 5111 1410 5155 tuam
1466 5104 1713 5158 duximus
1763 5106 1845 5159 in-

252 5189 600 5253 struendam,
644 5203 745 5244 nos
782 5191 983 5260 pariter
1032 5191 1099 5243 ad
1155 5192 1598 5261 metropolitanos
1652 5206 1846 5251 vestra:

255 5278 568 5359 proviueize,
596 5280 710 5335 sive
748 5282 1060 5352 cujusquam
1102 5282 1368 5353 contigua:
1392 5323 1408 5348 ,
1452 5300 1569 5353 qu.e
1618 5287 1845 5341 catholi—

251 5383 373 5428 cam
430 5382 650 5429 seriant
700 5374 992 5441 unitatem,
1042 5390 1364 5447 magnopere
1407 5377 1687 5447 delegasse
1720 5422 1736 5447 ,
1792 5390 1848 5435 ut

331 5534 346 5563 ‘
373 5532 428 5586 lu
454 5530 817 5587 vetustissimo
857 5530 1043 5586 codice
1074 5529 1402 5601 Frisingensi
1445 5534 1546 5589 iste
1585 5544 1847 5588 tractatus

255 5602 467 5672 legitur,
521 5612 576 5656 et
619 5603 669 5655 in
714 5616 785 5658 eo
821 5602 1018 5670 pariter
1053 5602 1239 5670 incipit
1274 5604 1343 5656 ab
1388 5604 1471 5657 his
1500 5605 1679 5659 verbis
1714 5623 1726 5658 :
1767 5604 1849 5658 Na

255 5673 339 5744 for
360 5689 388 5727 ο
412 5673 545 5739 quod
574 5672 1016 5744 ιρΙοηιεΤιιειΙιυῃ
1044 5680 1222 5726 autem
1249 5672 1401 5744 inuno
1448 5675 1666 5742 pra'l'crt
1691 5714 1705 5730 .
1746 5674 1847 5729 Ἱόο

256 5740 369 5797 ius
383 5744 450 5814 de
470 5742 807 5814 anujheutatis
836 5740 1036 5814 vinculo
1061 5758 1209 5810 papre
1238 5741 1433 5814 Pelusii
1452 5740 1610 5814 ’(sic).

329 5815 348 5845 '
379 5812 477 5869 lla.
498 5812 668 5867 codex
702 5811 1023 5868 Veronensis
1050 5812 1299 5880 capituli,
1335 5811 1594 5883 cumquo
1615 5816 1844 5870 collatus

1953 4732 2072 4795 size,
2128 4746 2227 4800 pro
2278 4730 2382 4784 lide
2415 4731 2760 4796 ’cunntuni,
2808 4745 2856 4783 et
2913 4732 3136 4787 veritate
3178 4732 3440 4789 catholica
3496 4744 3553 4792 et

1953 4822 2269 4890 apostolica,
2301 4835 2398 4889 pro
2426 4835 2528 4888 qua
2575 4820 2713 4875 hanc
2752 4820 2867 4877 ﬁeri
2899 4823 3055 4877 sedes
3079 4824 3372 4891 apostolici
3401 4825 3552 4879 deleo

1954 4918 2119 4986 gavit,
2154 4916 2454 4983 factamque
2484 4914 2734 4981 ﬁrmavit,
2765 4931 2794 4969 a
2826 4925 2934 4969 tota
2972 4916 3211 4971 Ecclesia
3236 4917 3543 4972 ittdnliitulv

1957 5020 2040 5063 ter
2092 5008 2341 5071 admitti;
2393 5006 2496 5069 ala
2551 5018 2731 5060 autem
2777 5022 2896 5078 quae
2951 5022 3045 5077 per
3097 5007 3549 5077 incompctentent

1955 5102 2429 5167 pra-sumptionem
2456 5097 2559 5153 illic
2586 5097 2795 5167 prolata
2819 5112 2975 5161 sunt,
3018 5099 3104 5153 vel
3147 5101 3326 5171 potius
3371 5104 3546 5156 venti-

1953 5190 2079 5255 lata,
2113 5204 2232 5259 qtne
2261 5189 2420 5243 sedes
2450 5189 2743 5263 apostolica,
2782 5189 3017 5258 gerenda
3053 5190 3363 5246 nulzateuns
3390 5193 3543 5247 dele-

1950 5286 2114 5353 gavit,
2150 5282 2171 5313 ³
2214 5296 2336 5336 tuo:
2367 5296 2395 5333 a
2426 5280 2640 5336 vicariis
2676 5279 2820 5335 sedis
2846 5282 3157 5351 apostolica:
3179 5283 3538 5347 contradicta,

1954 5380 2293 5432 manifestum
2317 5384 2436 5439 est;
2464 5389 2583 5442 que
2609 5372 2769 5429 sedes
2799 5372 3117 5443 apostolica,
3147 5374 3308 5429 etiam
3334 5383 3549 5444 petente

1952 5545 2036 5590 est
2064 5552 2090 5587 a
2126 5532 2414 5587 Francisco
2446 5529 2740 5584 Blanchlno
2791 5529 2877 5585 hic
2926 5538 3184 5585 tractatus
3211 5574 3226 5599 ,
3284 5530 3369 5585 hic
3400 5531 3545 5602 legit.

1952 5624 2045 5675 pro
2075 5605 2178 5673 ﬁcte
2198 5603 2570 5661 communione,
2596 5614 2701 5655 etc.

2025 5675 2044 5706 ³
2075 5671 2152 5729 id.
2176 5675 2323 5735 cod.,
2357 5686 2472 5740 qua
2500 5687 2617 5723 mox
2647 5690 2678 5721 η
2703 5671 2935 5725 vicariis.

2022 5748 2052 5776 "
2082 5747 2379 5809 Abruptntn
2424 5741 2742 5807 principittttt
2782 5743 2911 5796 tonui
2979 5742 3087 5798 into
3140 5741 3319 5812 potius
3360 5742 3553 5801 deesse

1954 5816 2273 5885 principium
2302 5812 2555 5868 credibile
2581 5822 2684 5865 est.
