4190 6396
601 422 698 474 ίοἶ

1921 401 2188 463 GELASll
2229 399 2430 454 PAPJZ
2471 399 2486 451 l

3734 393 3751 442 l
3765 393 3822 442 Μ

598 527 861 582 “angam,
894 527 1150 596 prima”,
1178 524 1475 578 nullatenus
1499 517 1850 588 approbavit;
1881 531 1999 584 qua:
2023 528 2155 582 prc-
2187 512 2236 569 Δ
2263 525 2416 563 error
2446 509 2756 562 absolvitur.
2796 507 2959 561 Error
2987 507 3127 561 enim
3163 507 3279 572 ipse
3318 520 3586 573 nunquant
3625 507 3828 556 veniunt

595 635 674 670 stu
730 618 984 670 Ecclesia:
1041 609 1635 679 Cou5tantin0politaute
1681 615 1810 661 tunc
1867 603 2162 664 Auitolius,

597 721 696 761 nec
725 723 782 760 se
818 706 1214 773 prmsumpsisse
1241 700 1508 771 professus
1544 707 1648 760 est,
1689 708 1742 750 et
1773 697 1823 748 in
1859 694 2165 759 apostolica:

596 799 744 852 sedis
780 798 1037 851 antistitis
1085 810 1189 848 non
1234 791 1443 860 negavit
1494 793 1659 856 posita
1710 795 2016 856 potestate:
2047 796 2164 850 qua:

600 889 743 949 ideo,
765 890 901 941 sicut
934 886 1134 938 dictum
1163 891 1265 944 est,
1288 880 1445 936 sedes
1471 877 1768 948 apostolica
1800 892 1904 929 non
1937 873 2160 940 re-epit,

600 979 720 1045 quia
757 991 872 1044 qua:
919 974 1206 1042 privilegiis
1243 971 1561 1026 universalis
1614 968 1862 1021 Ecclesia:
1901 960 2163 1019 contraria

600 1065 909 1135 probantur,
943 1064 1088 1116 nulla
1117 1063 1320 1116 ratione
1352 1061 1367 1091 ι
1389 1060 1634 1114 sustinet.
1660 1056 1796 1123 Quid
1819 1057 1959 1108 enim
1977 1059 2000 1105 τ
2025 1051 2156 1118 Quia

597 1156 651 1208 in
677 1155 822 1208 libris
846 1154 1065 1216 sanctis,
1095 1167 1227 1222 quos
1249 1151 1428 1219 utique
1456 1162 1774 1202 veneramur
1795 1157 1845 1200 et
1870 1146 2161 1212 sequimur,

598 1247 848 1315 quoniam
871 1244 1220 1314 quorumdam
1249 1241 1358 1295 illic
1384 1248 1440 1294 et
1467 1239 1809 1306 proianitates
1837 1251 1959 1290 esse
1987 1236 2165 1287 l’eruu-

598 1345 705 1403 tur,
736 1346 786 1389 et
816 1336 1014 1388 scelera
1065 1343 1208 1400 gesta
1260 1342 1560 1396 narrantur,
1608 1328 1728 1382 ideo
1773 1328 1925 1380 nobis
1970 1326 2165 1393 pariter

598 1436 691 1480 aut
721 1424 1021 1480 veneranda
1048 1433 1190 1486 sunt,
1223 1432 1314 1476 aut
1333 1421 1623 1489 sequenda,
1659 1419 1782 1488 quia
1820 1419 1872 1470 in
1910 1417 2013 1470 illis
2041 1432 2166 1469 san-

597 1520 700 1575 ctis
729 1517 875 1572 libris
898 1528 952 1573 et
994 1513 1382 1571 venerabilibus
1401 1513 1759 1568 continentur.
1807 1511 2033 1564 Sanctus
2065 1509 2163 1561 Pe.

600 1620 713 1662 Irus
737 1610 938 1678 primus
965 1605 1345 1675 apostolorum,
1376 1603 1453 1656 sic
1478 1603 1786 1656 existimans
1818 1601 1947 1654 Nutu
1979 1598 2163 1652 Testa-

599 1698 758 1751 menti
783 1697 1002 1764 gratiam
1035 1694 1445 1763 praedicandam,
1491 1699 1550 1745 ut
1593 1705 1622 1742 a
1664 1689 1795 1758 legis
1827 1689 2024 1742 veteris
2056 1704 2160 1740 non

597 1785 871 1839 recederet
895 1785 1170 1847 institutis,
1197 1782 1436 1851 quaedam
1483 1795 1581 1849 per
1609 1779 1998 1832 simulationem
2032 1779 2160 1845 legi-

2269 609 2637 664 prouteretur;
2665 596 2756 651 sed
2789 597 2876 665 qui
2899 611 2966 650 co
2993 597 3250 650 veraciter
3269 597 3520 657 carui-rit,
3569 611 3728 662 atque
3766 601 3832 647 ab

2265 700 2383 753 eius
2414 687 2815 756 participatione
2839 686 3088 740 di~eedit.
3121 685 3361 753 Quandiu
3383 699 3512 752 ergo
3539 687 3590 736 in
3621 684 3699 738 eis
3728 696 3827 747 est,

2265 792 2416 831 error
2445 777 2839 832 damnationem
2867 791 3024 829 suam
3053 787 3221 840 tenet,
3249 789 3623 844 nunquamque
3665 774 3832 828 resol-

2266 869 2426 931 vitur,
2455 869 2578 936 quia
2607 882 2759 922 error
2784 881 2996 935 semper
3027 882 3239 936 puniant
3270 878 3524 920 uteretur.
3548 867 3644 917 l‘ar
3671 865 3830 931 ieipcs

2265 971 2392 1011 vero
2423 955 2560 1025 ejus,
2588 966 2677 1008 aut
2707 972 2920 1025 semper
2945 966 3074 1010 sunt
3096 966 3150 1008 ct
3177 957 3293 1022 ejus
3323 969 3493 1024 pinna:
3526 954 3828 1022 participes,

2265 1048 2309 1100 si
2341 1049 2394 1100 itt
2419 1047 2604 1100 eodem
2635 1058 2876 1114 perstare
2907 1063 3010 1100 non
3040 1046 3318 1100 desinant:
3351 1054 3443 1096 aut
3472 1044 3516 1097 si
3547 1045 3615 1096 ab
3643 1044 3827 1095 t‘ttdt'lll

2265 1134 2605 1195 recesserint,
2668 1149 2826 1204 quam
2863 1134 3020 1189 alieni
3053 1133 3173 1186 l‘acti
3201 1147 3324 1186 sunt
3352 1134 3420 1186 ab
3447 1147 3651 1194 ertore,
3681 1145 3732 1186 et
3759 1133 3825 1184 ali

2264 1225 2380 1293 ejus
2403 1225 2805 1293 participatione
2833 1223 3076 1285 discreti,
3104 1235 3208 1277 tam
3242 1232 3295 1277 et
3325 1237 3495 1291 paruae
3529 1221 3644 1290 ejus
3676 1235 3829 1275 erunt

2265 1325 2652 1382 consequenter
2680 1313 2862 1368 alieni.
2890 1312 2911 1344 ⁸
2941 1314 3037 1368 Cui
3077 1314 3278 1368 erranti
3329 1328 3480 1382 paena
3520 1315 3825 1382 praetigitur,

2265 1404 2497 1471 quandiu
2520 1413 2698 1458 manet
2743 1419 2950 1468 errans,
3003 1404 3188 1457 eadem
3217 1419 3367 1469 poena
3412 1403 3822 1471 constringitur;

2265 1498 2384 1562 quia
2412 1509 2598 1548 errans
2618 1509 2738 1550 esse
2762 1511 2864 1548 non
2900 1504 3072 1563 potest
3116 1494 3234 1547 sine
3285 1509 3439 1562 poena
3470 1495 3652 1546 errati.
3707 1493 3828 1547 llec

2264 1583 2452 1636 eadem
2505 1598 2660 1652 ptena
2692 1593 2941 1652 perpetua
2995 1594 3100 1645 est,
3151 1599 3525 1652 nunquamque
3576 1585 3825 1638 solvenda

2264 1675 2499 1743 quaudiu
2525 1689 2712 1730 errans
2744 1690 2866 1732 esse
2898 1677 3209 1744 perstizerit.
3247 1676 3348 1741 Qui
3405 1676 3448 1727 si
3491 1690 3682 1729 errans
3716 1690 3831 1729 esse.
3895 1699 3900 1704 -

2267 1766 2556 1829 destiterit,
2582 1779 2761 1834 poma,
2784 1781 2902 1834 quae
2929 1769 3124 1819 erranti
3155 1775 3240 1818 θςι
3279 1767 3492 1834 pradixa
3539 1777 3787 1832 perpetua
3812 1803 3828 1829 ,

602 1887 688 1929 tur
718 1885 854 1929 inter
881 1875 1014 1927 Jnda
1031 1890 1091 1928 os
1119 1874 1447 1942 genti'esque
1474 1870 1726 1940 gessisse.
1779 1869 2021 1936 Nunquid
2046 1870 2163 1920 ideo

2271 1870 2374 1907 non
2401 1855 2618 1920 erranti,
2667 1855 2718 1908 id
2749 1865 2830 1907 est
2856 1855 3009 1907 alteri
3056 1854 3249 1908 ell'ectn
3296 1869 3454 1922 quam
3483 1854 3564 1908 cui
3611 1857 3827 1922 pivaelisa

599 1976 690 2019 aut
718 1967 802 2019 illa
833 1966 950 2033 ejus
968 1964 1235 2028 sequenda
1262 1972 1406 2026 sunt,
1437 1978 1554 2030 qua:
1593 1961 1783 2014 merito
1810 1969 1864 2013 et
1882 1968 2165 2025 coapusto-

598 2055 814 2124 lustius
846 2055 980 2108 facta
1011 2055 1298 2122 redarguit,
1341 2061 1519 2122 postea
1547 2059 1933 2119 consequenter
1953 2051 2062 2118 ipsa
2090 2051 2169 2101 vi-

601 2150 753 2210 tavit,
786 2149 1086 2215 pariterque
1130 2143 1448 2198 assumenda
1479 2151 1603 2195 sunt
1637 2155 1757 2194 cum
1800 2141 1882 2194 his
1917 2155 2038 2209 qua:
2087 2149 2169 2201 (ut

603 2245 725 2303 pote
770 2236 970 2303 primus
1010 2234 1303 2302 apostolus)
1355 2231 1585 2285 sa'nbria
1628 2229 1968 2299 pra'dicavit?
2023 2227 2166 2282 Nun-

595 2328 846 2396 quitlnaru
878 2337 970 2380 aut
998 2328 1113 2394 ejus
1138 2339 1276 2379 recta
1308 2325 1546 2378 doctrina
1572 2339 1691 2377 cum
1725 2323 1806 2377 bis
1826 2339 1944 2392 qua:
1975 2322 2161 2376 ltunta-

597 2421 737 2471 nitus
788 2417 1091 2470 acciderant
1136 2416 1460 2482 repudianda
1490 2423 1594 2479 est,
1623 2424 1714 2467 aut
1751 2413 1840 2466 illa
1865 2413 2038 2466 adhuc
2069 2428 2169 2466 tnt-

603 2506 810 2561 ilCCllllS
841 2505 1079 2568 inscitia,
1130 2519 1249 2558 cum
1281 2505 1511 2571 perlecta
1556 2503 1672 2572 ejos
1713 2501 2046 2570 suscipienda
2087 2510 2171 2556 est

603 2597 884 2649 doctrina?
913 2581 1286 2663 Nunquidnaut
1335 2595 1385 2647 in
1420 2597 1650 2662 ipsorum
1698 2593 2064 2645 lia-reticorutn
2102 2589 2170 2645 li-

603 2691 712 2744 liris
739 2703 842 2741 non
873 2689 1031 2741 multa
1060 2703 1178 2756 qua:
1219 2686 1284 2738 ad
1335 2689 1612 2738 veritatem
1660 2683 1960 2753 pertineant
1998 2683 2166 2750 posita

601 2778 942 2847 releguntur?
965 2775 1335 2845 Nunquidnam
1368 2774 1486 2828 ideo
1515 2772 1710 2828 veritas
1745 2771 2018 2826 refutanda
2060 2780 2166 2838 est,

598 2869 724 2939 quia
743 2869 950 2922 illorum
967 2867 1108 2932 libri,
1129 2868 1216 2922 ubi
1241 2869 1260 2898 '
1281 2869 1512 2936 pravitas
1531 2865 1691 2930 inest,
1715 2864 2048 2918 refutantur?
2064 2865 2170 2918 Aut

604 2960 725 3014 ideo
749 2958 895 3028 pravi
915 2957 1035 3014 libri
1056 2956 1376 3027 suscipiendi
1416 2967 1541 3011 sunt
1566 2969 1776 3018 eorum,
1801 2956 1922 3023 quia
1951 2954 2169 3020 veritas,

603 3066 722 3118 qute
741 3052 846 3105 illic
861 3049 1060 3106 inserta
1071 3056 1174 3115 est,
1191 3063 1296 3103 non
1315 3047 1668 3117 negaturiAit
1688 3047 1970 3114 Apostolus
2002 3063 2016 3098 :
2048 3043 2167 3099 0m-

605 3145 692 3196 nia
715 3143 924 3211 probate
949 3157 968 3207 ;
997 3155 1110 3209 quae
1136 3141 1268 3194 bona
1297 3151 1412 3194 sunt
1443 3147 1604 3193 tenete
1641 3134 1690 3206 (ι
1724 3135 1900 3190 Thess.
1943 3140 2017 3204 v).
2058 3136 2172 3191 Sri-

605 3246 723 3286 mus
762 3231 1074 3300 Apostolum
1121 3231 1278 3300 (Art.
1329 3243 1416 3282 sta
1454 3228 1474 3297 )
1528 3226 1688 3282 etiam
1733 3226 1802 3281 de
1849 3241 2170 3294 paganorum

604 3322 752 3377 libris
781 3322 954 3389 aliqua
999 3321 1262 3387 posuisse.
1314 3316 1556 3385 Nunquid
1603 3315 1722 3371 ideo
1767 3317 1927 3369 etiam
1980 3329 2170 3368 cuncta

609 3412 910 3479 recipienda
937 3421 1080 3475 sunt,
1106 3425 1223 3478 qua
1264 3424 1385 3463 cum
1414 3408 1495 3461 bis
1523 3407 1720 3475 pariter
1764 3419 1884 3460 sunt
1935 3406 2078 3473 prola
2104 3403 2172 3456 a?

611 3504 730 3571 ipse
751 3503 1037 3570 Apostolus
1086 3501 1336 3572 (Philipp.
1369 3517 1382 3554 t
1409 3513 1426 3570 )
1474 3498 1548 3551 ait
1573 3498 1766 3550 multos
1795 3495 2170 3564 pratilicatorrs

609 3594 766 3646 aliter
821 3601 980 3661 atque
1033 3591 1187 3644 aliter
1232 3587 1497 3643 Christum
1549 3588 1860 3656 pranlicare.
1914 3585 1999 3638 ubi
2051 3585 2173 3637 liett

609 3698 922 3752 quocunque
947 3681 1127 3746 modo,
1152 3680 1418 3734 Christum
1451 3679 1788 3744 pratdicatum
1836 3685 2044 3745 oportet
2073 3675 2136 3728 ad
2154 3703 2168 3713 -

610 3776 769 3832 mitti.
803 3782 976 3826 tamen
1011 3787 1114 3825 non
1164 3771 1285 3824 ideo
1325 3770 1471 3822 illum
1498 3782 1722 3830 morem,
1753 3781 1858 3835 quo
1895 3781 1996 3818 non
2029 3774 2172 3819 ret-te

607 3863 949 3933 praedicatum
970 3872 1075 3926 est,
1111 3875 1214 3913 non
1253 3861 1501 3913 admonet
1541 3860 1762 3911 evitare.
1786 3855 1951 3909 Malos
1975 3869 2167 3922 opera-

612 3958 721 4008 rius
752 3957 863 4022 ipse
889 3954 1233 4019 conqueritur
1260 3949 1864 4019 (Pliilt‘pp.tu),quorum
1894 3948 1996 3998 alia
2028 3947 2169 3999 rel’u-

620 4044 799 4104 tanda,
823 4041 923 4093 alia
953 4041 1109 4094 docet
1150 4053 1270 4093 esse
1323 4039 1592 4092 sectanda.
1637 4038 1761 4090 llaec
1787 4047 1840 4090 et
1871 4035 2170 4102 ltujusmodi

607 4134 856 4200 exempla
907 4146 1002 4184 nos
1045 4131 1303 4191 edocent,
1355 4138 1408 4180 et
1457 4127 1754 4181 testimonia
1783 4125 1954 4179 divina
1981 4127 2174 4178 contir-

607 4235 775 4284 utaut,
810 4236 913 4274 non
942 4221 1130 4274 omnia.
1152 4219 1345 4286 passim
1366 4234 1396 4270 a
1417 4232 1732 4286 quacunque
1756 4217 1914 4279 dicta,
1948 4216 2027 4268 vel
2058 4215 2171 4268 nbi-

602 4328 819 4382 cunque
849 4312 1069 4380 scripta,
1109 4310 1476 4364 indill‘erenter
1501 4310 1744 4377 accipere
1767 4347 1781 4371 ,
1831 4307 1924 4362 sed
1953 4309 2171 4362 retentis

607 4405 784 4468 bonis,
825 4418 943 4470 qua:
971 4411 1197 4457 noceant
1220 4399 1470 4454 refutare.
1499 4399 1768 4453 Peccatori
1799 4398 1997 4452 homini
2027 4415 2170 4454 unus

611 4495 754 4548 illata
781 4503 881 4557 est,
912 4501 966 4546 et
994 4502 1169 4544 tamen
1200 4490 1400 4544 homini
1441 4489 1566 4544 Jesu
1587 4489 1802 4544 Christo
1843 4502 1985 4542 mors
2024 4489 2166 4542 illata

2267 1957 2366 2011 est,
2393 1963 2496 2000 untt
2514 1946 2684 2000 solnm
2717 1962 2820 1998 tmtt
2847 1954 3017 2013 potest
3037 1959 3156 1998 esse
3181 1957 3458 2012 perpetua,
3478 1945 3568 1997 sed
3596 1961 3690 1999 net'.
3713 1959 3833 2000 esse

2261 2038 2369 2106 jatn
2402 2053 2578 2107 plena.
2610 2036 2724 2089 Non
2746 2047 2828 2092 est
2852 2042 2992 2091 enitn
3037 2037 3149 2102 ipse
3197 2050 3280 2089 ent
3325 2037 3546 2104 prmlisa
3595 2046 3694 2090 est.
3733 2036 3831 2089 Er-

2268 2127 2401 2180 ranti
2430 2126 2572 2179 enim
2612 2127 2823 2193 prtelixa
2855 2137 2956 2189 est,
3007 2141 3110 2177 non
3152 2140 3255 2178 non
3285 2124 3502 2178 erranti.
3534 2125 3666 2192 Quae
3695 2127 3832 2180 enim

2265 2218 2461 2273 erranti
2491 2220 2706 2286 prat'llu
2736 2229 2988 2286 perpetua
3019 2226 3125 2282 est,
3154 2228 3205 2270 et
3238 2230 3492 2286 perpetuo
3523 2218 3835 2287 constringit

2264 2317 2556 2372 errantem,
2589 2324 2692 2363 non
2718 2319 2987 2364 errantem
3011 2323 3114 2362 non
3147 2318 3320 2378 potest
3346 2308 3457 2378 jam
3507 2318 3712 2364 tenere.
3752 2310 3832 2362 Sit

2265 2398 2463 2452 erranti
2483 2399 2624 2453 dicta
2656 2398 2767 2454 lore
2791 2413 2838 2466 pi
2859 2408 3066 2467 rpetua,
3094 2400 3162 2453 sit
3184 2401 3381 2454 erranti
3404 2398 3540 2454 d'cta
3566 2414 3830 2468 nunquam

2268 2505 2388 2547 esse
2413 2493 2684 2546 solvenda.
2736 2491 2906 2546 Manet
2949 2495 3166 2547 omnino
3217 2503 3270 2547 et
3311 2508 3453 2559 vere,
3506 2505 3815 2563 certumque

2268 2594 2370 2647 est,
2401 2584 2541 2653 quod
2571 2585 2592 2614 '
2623 2586 2673 2637 in
2703 2600 2765 2639 ea
2806 2584 3075 2653 prteiixum
3107 2596 3221 2649 eSt;
3264 2600 3362 2639 ncc
3402 2594 3574 2652 potest
3614 2599 3831 2654 prorsus

2268 2675 2494 2740 absolvi,
2509 2677 2738 2746 quandiu
2757 2687 2986 2730 manent:
3008 2678 3218 2744 praelixa
3242 2676 3464 2731 debetur
3485 2677 3702 2729 erranti.
3719 2675 3830 2732 Non

2268 2766 2466 2821 erranti
2489 2779 2667 2822 autem
2691 2782 2788 2822 nec
2819 2783 2974 2837 pmna
3006 2778 3177 2838 potest
3199 2783 3342 2832 esse,
3371 2783 3486 2835 quae
3510 2783 3614 2823 non
3636 2770 3831 2822 erranti

2270 2871 2376 2911 non
2403 2857 2629 2912 debetur
2657 2857 2864 2911 inl'erii.
2921 2857 3031 2913 Nec
3069 2867 3304 2912 mutatur
3359 2858 3443 2911 illa
3490 2859 3709 2912 omnino
3737 2873 3834 2913 nec

2269 2949 2494 3004 solvitur
2517 2965 2634 3018 quae
2663 2948 2886 3004 debetur
2917 2949 3136 3004 erranti.
3175 2949 3228 3003 In
3267 2965 3365 3004 suo
3390 2966 3517 3020 ergo
3543 2963 3723 3006 tenore
3749 2950 3832 3005 illa

2275 3042 2486 3110 prtelisa
2513 3051 2616 3102 εει,
2643 3040 2694 3095 in
2720 3057 2818 3094 suo
2842 3040 2962 3109 jure
2990 3055 3093 3094 non
3122 3051 3299 3110 potest
3338 3043 3556 3096 omnino
3601 3043 3830 3104 resolvi;

2277 3134 2328 3187 in
2358 3149 2461 3187 non
2492 3149 2592 3187 suo
2623 3144 2827 3197 tenore,
2857 3149 2973 3197 qua:
2997 3148 3116 3188 esse
3144 3149 3248 3188 non
3280 3144 3473 3202 potest,
3521 3135 3630 3202 jam
3681 3135 3832 3190 doceo

2201 3205 2246 3266 (ἶ
2279 3233 2363 3276 tur
2400 3237 2522 3276 esse
2564 3233 2816 3276 vacuata:
2857 3232 2910 3277 et
2955 3224 3041 3290 jus
3072 3223 3184 3277 illic
3225 3225 3435 3292 penitus
3487 3241 3589 3276 non
3618 3224 3834 3290 habere,

2276 3314 2360 3366 ulti
2383 3327 2594 3367 causam
2625 3328 2730 3366 non
2764 3313 2922 3367 habet
2942 3313 3225 3368 esistendi.
3265 3313 3439 3369 Plena:
3477 3324 3602 3370 sunt
3639 3324 3837 3370 saneta

2271 3403 2557 3470 Scriptura:
2587 3402 2676 3458 tali
2702 3401 2870 3456 forma
2912 3403 3152 3472 justitiat.
3189 3403 3389 3458 Dicitur
3421 3420 3434 3458 :
3474 3399 3693 3458 Pereunt
3723 3421 3836 3475 pec-

2272 3505 2468 3548 catores
2492 3512 2523 3546 a
2549 3504 2708 3559 terra,
2737 3498 2806 3546 ita
2830 3503 2881 3546 ut
2913 3512 3012 3547 non
3033 3496 3133 3548 sint
3156 3512 3176 3559 ς
3201 3505 3487 3563 peccatores
3513 3505 3568 3550 ut
3597 3499 3838 3551 desistant

2271 3603 2378 3640 esse
2401 3599 2706 3655 peccatores.
2737 3584 2801 3640 In
2833 3590 2926 3639 hoc
2959 3597 3184 3656 pereant,
3217 3597 3273 3641 ut
3303 3605 3410 3643 esse
3435 3589 3676 3655 deﬁciant
3715 3607 3831 3659 prc-

2273 3677 2660 3748 catorestPsat.
2765 3679 2900 3747 cut).
2947 3678 3209 3733 Cancrum
3246 3679 3292 3732 si
3333 3693 3546 3747 prorsu-
3597 3692 3838 3748 peccato-

2273 3784 2382 3834 res,
2411 3769 2702 3822 secundum
2729 3769 3005 3837 prophetat
3048 3769 3368 3823 sententiam
3392 3809 3408 3834 ,
3462 3784 3839 3839 usquequaque

2272 3859 2595 3928 deperirent,
2632 3871 2687 3914 ttt
2735 3861 3162 3914 substantialiter
3217 3875 3322 3914 non
3363 3860 3646 3915 subessent
3690 3878 3703 3913 :
3749 3862 3837 3930 qui

2273 3951 2464 4004 salvari
2494 3951 2791 4019 potuissent
2817 3967 2846 4002 a
2869 3951 3222 4020 lledemptote
3252 3961 3454 4017 nostro,
3473 3952 3559 4018 qui
3586 3953 3714 4004 t’cnt't
3740 3969 3838 4004 non

2265 4040 2434 4107 justas
2455 4054 2649 4102 vocare,
2677 4041 2762 4092 sed
2793 4051 3075 4106 peccatores
3115 4038 3267 4107 (Lac.
3299 4040 3388 4106 v)?
3431 4040 3512 4093 vel
3542 4039 3607 4094 de
3648 4042 3838 4109 quibus

2273 4128 2401 4182 dicit
2423 4129 2743 4196 Apostolus:
2777 4127 3005 4182 Christus
3023 4130 3151 4181 venit
3171 4129 3224 4182 in
3244 4133 3377 4182 hunc
3405 4131 3644 4181 munitum
3668 4147 3837 4195 perra-

2271 4227 2402 4270 tores
2421 4216 2584 4269 salvos
2614 4220 2802 4286 facere,
2831 4233 3042 4282 quorum
3073 4219 3267 4285 primus
3296 4235 3388 4289 ego
3412 4233 3524 4271 sum
3551 4215 3606 4290 (Ι
3635 4217 3763 4273 Tim.
3792 4236 3836 4284 t;

2271 4309 2424 4362 Rom.
2462 4308 2568 4378 v)?
2596 4319 2690 4364 et:
2723 4308 2849 4360 Cum
2895 4322 3176 4374 peccatores
3225 4324 3467 4372 essemus,
3519 4310 3651 4361 misit
3701 4309 3834 4363 Deus
3886 4299 3892 4305 ’

2271 4400 2464 4453 Filium
2486 4417 2635 4452 suum
2656 4398 3015 4466 (Galut.tv),et
3043 4412 3236 4452 canere
3271 4397 3607 4466 Ιι·.]ιιειιιο.1ιτ
3635 4397 3729 4454 Hic
3759 4416 3838 4451 reo

2275 4505 2398 4543 vera
2431 4490 2819 4556 plurimietiam
2851 4489 3267 4543 substantialiter
3296 4490 3569 4556 perierunt
3599 4500 3836 4556 peccati.-

611 4599 763 4639 reuut
789 4585 913 4637 fecit
939 4596 1060 4637 esse
1085 4582 1350 4636 diabolum
1377 4599 1388 4632 :
1414 4583 1534 4650 quia
1559 4582 1646 4634 ubi
1669 4596 1826 4635 causa
1859 4584 2045 4635 mortis
2066 4598 2168 4636 non
2203 4553 2251 4613 ο
2278 4597 2386 4647 res,
2420 4583 2470 4635 itt
2501 4583 2732 4649 peccatis
2755 4582 2866 4635 suis
2889 4582 3071 4650 utique
3102 4591 3493 4649 permanentes,
3518 4596 3753 4646 veraque
3785 4582 3834 4634 in

610 4683 726 4728 erat
758 4677 905 4743 (puta
930 4673 1231 4743 peccatum)
1256 4687 1360 4727 non
1388 4673 1680 4726 debebatur
1724 4684 1775 4726 et
1825 4688 2000 4741 pmna.
2036 4675 2171 4730 Sen-

614 4765 775 4818 tentia
807 4767 1113 4834 przeligitur,
1129 4764 1212 4818 vel
1241 4763 1454 4834 praeﬁxa
1483 4775 1797 4832 estsemper
1826 4766 2015 4820 errori.
2041 4767 2168 4832 Quae

609 4855 872 4908 sententia
895 4854 1018 4909 huic
1045 4855 1212 4908 errori
1244 4854 1480 4923 praefixa,
1525 4870 1787 4923 nunquam
1831 4858 2047 4910 omnino
2086 4872 2169 4912 re-

614 4943 874 4996 solvetur.
927 4943 1076 4997 Sicut
1117 4945 1279 5007 enim,
1331 4944 1381 4996 in
1427 4953 1682 5012 quantum
1713 4957 1794 4996 est
1831 4945 1946 5011 ipse
1975 4961 2126 5000 error
2149 4986 2167 5013 ,

616 5048 882 5099 nunquam
921 5047 1074 5086 error
1098 5048 1216 5087 esse
1236 5035 1460 5097 desistit,
1501 5034 1579 5088 sic
1608 5049 1638 5088 a
1672 5039 1929 5088 st-nteutia
1959 5039 2168 5104 przeiixa

616 5136 881 5188 nunquam
908 5123 1223 5185 resolvetur,
1253 5124 1374 5189 quia
1405 5138 1557 5177 error
1584 5127 1672 5192 qui
1719 5128 2024 5191 agnoscitur
2047 5143 2174 5184 esse

615 5213 914 5274 damnatus,
943 5222 997 5267 et
1021 5214 1206 5268 eadem
1233 5215 1464 5282 quandiu
1494 5228 1672 5268 manet
1697 5233 1871 5280 error,
1920 5219 2176 5286 probatur

617 5307 884 5358 astrictus.
923 5308 1102 5370 Itaque
1143 5306 1231 5371 qui
1279 5306 1331 5358 itt
1385 5321 1450 5358 eo
1495 5322 1679 5359 errore
1733 5321 1874 5371 sunt,
1906 5311 2173 5363 sententia

617 5397 813 5448 erroris
842 5395 1079 5447 obstricti
1111 5405 1261 5458 sunt;
1291 5405 1344 5449 et
1367 5395 1595 5462 quandiu
1616 5398 1665 5448 in
1697 5413 1761 5452 eo
1789 5409 2024 5465 manent,
2057 5403 2177 5454 nul-

621 5485 821 5537 latentis
852 5483 1076 5537 absoluti
1108 5495 1250 5547 sunt,
1297 5485 1432 5540 sicut
1473 5501 1569 5540 nec
1609 5487 1719 5555 ipse
1771 5489 1788 5519 ³
1838 5489 2020 5559 inquo
2046 5503 2170 5546 sunt

696 5625 707 5648 ‘
744 5619 794 5670 lt}
841 5621 981 5686 C(xl.,
1006 5622 1298 5675 sttbsisfunt.

693 5689 712 5719 ¹
739 5688 806 5737 Μ.
844 5692 980 5753 and”
1007 5695 1264 5756 praemiis
1293 5697 1510 5746 interest.

697 5757 713 5787 ⁸
747 5759 812 5806 ξεί.
846 5765 987 5825 cuii,
1023 5765 1070 5812 tu
1101 5783 1175 5828 qm
1220 5777 1330 5816 sunt
1359 5781 1568 5830 errores,
1594 5767 1874 5819 abnuit“;

2277 4675 2358 4727 eis
2393 4682 2651 4726 sententia
2684 4673 2822 4724 dicta
2857 4673 3166 4739 permansit,
3207 4686 3577 4740 nunquamque
3606 4673 3836 4726 tesolnta

2277 4774 2396 4826 est;
2427 4777 2479 4818 et
2508 4773 2680 4818 tamen
2707 4765 2892 4818 eadem
2939 4763 2992 4816 itt
3045 4763 3256 4826 tabbus,
3285 4762 3474 4832 quibus
3498 4762 3710 4830 praefixa
3734 4773 3831 4828 est,

2276 4866 2619 4924 permanente
2647 4863 2922 4921 perpetua,
2974 4855 3203 4921 quodam
3255 4867 3451 4922 genere
3506 4853 3702 4905 factum
3733 4864 3831 4914 est,

2278 4959 2334 4999 ut
2365 4949 2413 4999 in
2444 4946 2633 4999 talibus
2663 4959 2766 4999 nun
2798 4958 3171 5012 usquequaque
3199 4943 3554 5008 manentibus,
3589 4941 3639 4995 id
3662 4954 3764 5006 εει,
3785 4943 3834 4998 itt

2279 5040 2510 5107 peccatis
2532 5037 2642 5090 suis
2673 5052 2776 5090 nou
2809 5049 3184 5103 usquequaque
3210 5032 3540 5098 durantibus,
3573 5042 3693 5086 seut
3730 5041 3833 5086 ntza

2279 5141 2453 5184 tamen
2487 5128 2701 5197 pra-lixa
2736 5127 2930 5180 talibus
2960 5134 3309 5196 pertttptteret.
3363 5123 3492 5179 Nam
3532 5134 3583 5178 et
3615 5125 3712 5192 ipsi
3743 5139 3834 5191 pe-

2279 5232 2429 5275 reunt
2454 5237 2467 5285 ;
2493 5221 2583 5273 sed
2615 5235 2734 5274 esse
2764 5230 3089 5286 peceatores.
3119 5227 3175 5268 ut
3205 5217 3400 5270 dietum
3445 5224 3547 5277 est,
3581 5232 3683 5267 non
3719 5229 3831 5282 po:-

2280 5313 2488 5374 naliter,
2523 5311 2613 5364 sed
2644 5309 3028 5370 remedialitcr,
3057 5305 3281 5376 quodam
3316 5315 3369 5359 et
3399 5305 3494 5372 ipsi
3525 5318 3717 5373 genere
3749 5321 3834 5369 pe-

2281 5405 2510 5467 rierunt;
2538 5402 2765 5470 quodnn
2817 5412 3014 5466 genere
3041 5406 3095 5451 et
3140 5398 3190 5450 in
3235 5395 3364 5466 ipsis
3389 5395 3582 5448 mansit
3621 5393 3834 5462 pralisa

2280 5489 2565 5553 sententia,
2597 5491 2770 5542 donec
2821 5499 3133 5556 permanens
3172 5500 3266 5540 eos
3306 5482 3548 5538 efﬁceret
3588 5496 3692 5536 non
3719 5494 3837 5534 esse

2345 5634 2364 5663 ⁸
2390 5633 2461 5684 ld.
2495 5629 2637 5694 eotl.,
2686 5626 2834 5679 Cum.

2348 5707 2366 5734 ⁵
2391 5705 2465 5757 ld.
2496 5701 2640 5766 cod.,
2670 5700 2722 5752 in
2750 5712 2826 5750 eo.
