4190 6442
354 385 455 438 I'l’i

1565 373 1925 433 EPISTOLE
1968 373 2051 427 ΕΤ
2094 372 2410 428 DECRETA
2425 413 2437 427 .

3562 374 3658 428 I96
3697 372 3716 388 ⁸

354 504 686 560 peccatores,
717 493 800 549 vel
825 501 1134 564 peccatores
1158 507 1262 548 non
1290 506 1412 548 esse
1447 491 1749 560 perficeret.
1775 490 1947 544 Com-
1977 491 2024 548 A
2051 489 2227 556 jeetns
2249 489 2376 544 est?
2407 489 2590 559 Itaque
2638 489 2754 560 ipse
2785 488 2837 542 in
2869 501 2928 542 se
2977 485 3315 542 insolubilem
3365 486 3486 542 fecit
3533 503 3657 544 esse

353 598 495 657 plu-la
523 599 606 644 est
634 588 761 643 etin
789 590 869 644 eis
894 587 1182 652 sententia,
1205 587 1220 617 ¹
1247 600 1346 642 nec
1371 600 1476 654 quo
1501 595 1690 639 tenore
1729 591 1950 653 peracto

352 697 676 751 permanens
724 681 810 736 illa
863 682 1136 738 sententia
1167 678 1515 748 pereuntibus
1548 675 1948 746 peccatoribus,

351 773 423 826 ita
448 780 631 826 utnon
659 782 845 828 essent
866 771 1057 841 utique
1084 781 1417 839 peccatores.
1449 769 1519 822 At
1545 783 1606 822 ea
1629 768 1738 836 jam
1769 767 1820 820 in
1843 782 1951 821 non

352 860 727 933 peccatoribus
771 878 988 918 manere
1032 879 1138 917 non
1176 863 1345 932 potuit
1369 903 1385 928 ,
1415 861 1538 928 quia
1570 861 1621 914 in
1651 860 1730 915 eis
1760 860 1954 929 quibus

352 955 554 1010 inflicta
587 971 693 1009 non
730 954 902 1009 fuerat
930 955 1015 1026 ius
1044 956 1294 1010 manendi
1324 955 1534 1022 penitus
1565 970 1671 1007 non
1702 953 1951 1009 habebat.

367 1049 443 1102 Ita
478 1062 576 1102 nec
619 1049 669 1102 in
695 1063 795 1103 suo
835 1048 959 1117 jure
999 1049 1084 1101 vel
1118 1047 1331 1102 tramite
1373 1047 1641 1101 ullatenus
1689 1046 1953 1100 sententia

355 1139 591 1193 resoluta
623 1149 728 1203 est,
759 1147 813 1193 ct
841 1140 1034 1194 eadem
1064 1138 1119 1191 in
1137 1137 1218 1191 his
1245 1136 1438 1205 quibus
1471 1136 1668 1190 inﬂicta
1697 1144 1801 1195 est.
1831 1150 1960 1204 per-

356 1240 631 1295 manente,
666 1231 732 1282 ab
757 1229 836 1282 his
864 1230 954 1297 qui
984 1230 1050 1281 ab
1071 1228 1188 1296 ejus
1208 1228 1328 1296 jure
1352 1227 1568 1282 discreti
1599 1237 1743 1286 sunt,
1775 1227 1953 1280 aliena

356 1334 580 1389 prorsus
611 1320 801 1374 effecta
834 1328 936 1375 est.
981 1319 1090 1374 Nec
1124 1319 1173 1372 in
1207 1319 1309 1384 his,
1342 1318 1488 1373 salva
1519 1317 1602 1372 sui
1623 1317 1955 1382 conditione,

357 1413 438 1466 fas
467 1412 691 1466 haberet
721 1410 1011 1475 manendi,
1043 1409 1238 1480 quibus
1272 1407 1470 1461 inflicta
1509 1424 1614 1461 non
1645 1417 1782 1482 eratn
1818 1408 1960 1462 Dixit

359 1504 652 1569 Dominus,
696 1501 839 1572 quod
887 1502 938 1554 in
986 1500 1246 1568 Spiritum
1291 1508 1533 1553 sanctum
1577 1500 1956 1568 peccantibus,

359 1611 460 1650 nec
503 1595 588 1649 hic
631 1605 778 1649 esset
823 1609 924 1649 nec
981 1593 1034 1647 in
1101 1593 1279 1646 futuro
1329 1591 1528 1646 saculo
1575 1591 1958 1646 remittendum

358 1685 575 1758 (Matth.
605 1686 725 1754 χιι).

431 1778 674 1843 Quantos
719 1785 900 1829 autem
932 1773 1314 1844 cognoscimus
1340 1774 1392 1829 in
1428 1775 1685 1843 Spiritum
1712 1787 1956 1830 sanctum

2053 583 2402 645 sententiam,
2454 587 2542 651 qui
2575 581 2700 637 talis
2749 597 3069 652 permanere
3099 581 3327 651 delegit,
3359 584 3534 651 qualis
3566 601 3656 638 ve-

2056 675 2251 728 raciter
2283 690 2389 728 non
2421 685 2601 743 posset
2628 675 2943 740 absolvi;ct
2968 674 3140 732 noluit
3171 676 3294 730 talis
3320 675 3484 741 effici,
3511 680 3654 733 circa

2057 767 2294 834 qualem,
2329 778 2682 835 permanente
2714 770 2982 823 sententia
3028 769 3171 823 circa
3215 768 3373 834 tales,
3406 769 3655 825 ell'ectum

2059 871 2166 913 non
2200 859 2358 913 talem
2409 860 2712 915 inSoluhilis
2753 860 3022 926 sententia
3079 876 3187 913 non
3238 871 3502 927 maneret,
3538 878 3659 931 quae

2059 950 2200 1003 circa
2251 950 2502 1006 effectura
2557 967 2663 1006 non
2723 952 2883 1007 talem
2935 969 3042 1010 non
3096 953 3320 1008 haberet
3381 954 3658 1008 licentiam

2063 1042 2434 1105 permanendi.
2468 1043 2585 1110 Quo
2615 1044 2787 1114 magis
2816 1043 2894 1113 (ut
2922 1044 3122 1099 dictum
3153 1045 3260 1114 εει)
3283 1046 3533 1114 exemplo
3583 1056 3664 1097 at-

2059 1147 2165 1200 que
2207 1133 2449 1202 periculo
2481 1134 2620 1188 admi
2645 1136 2768 1200 niti,
2797 1137 2886 1205 qui
2919 1136 3110 1190 eodem
3143 1147 3331 1191 tenore
3377 1149 3500 1191 sunt
3535 1153 3663 1190 con-

2061 1226 2266 1292 stricti,
2303 1226 2557 1282 festinare
2597 1228 2800 1283 debent
2844 1238 2901 1283 ut
2951 1244 3054 1283 non
3106 1231 3241 1284 tales
3283 1244 3404 1284 esse
3449 1245 3662 1299 pet-ma.

2065 1325 2225 1369 neant
2277 1316 2471 1385 quibus
2517 1318 2780 1373 sententia
2835 1318 2925 1372 illa
2975 1335 3078 1373 non
3132 1321 3388 1373 sixlvenda
3443 1321 3660 1388 prarftxa

2063 1417 2164 1471 est,
2199 1418 2250 1463 et
2277 1425 2399 1463 csse
2440 1410 2572 1464 tales
2612 1409 2870 1478 incipiant
2920 1411 3168 1479 qualibus
3222 1427 3325 1465 non
3358 1413 3662 1466 insolubilis

2065 1499 2283 1567 praefixa
2324 1502 2590 1554 sententia
2628 1501 2794 1569 possit
2821 1517 2943 1556 esse
2971 1502 3238 1557 solubilis.
3272 1502 3537 1571 Quoniam
3571 1519 3663 1557 au-

2066 1600 2172 1645 tem
2202 1591 2395 1646 ell'ecto
2413 1608 2518 1646 non
2548 1593 2638 1647 tali
2673 1594 2818 1662 quali
2851 1609 2956 1647 non
2990 1595 3245 1648 Solvenda
3282 1595 3497 1662 prazlixa
3534 1611 3664 1649 scu-

2065 1683 2232 1738 tentia
2268 1693 2371 1752 est,
2401 1683 2613 1751 eﬂeeto,
2651 1686 2888 1753 inquam,
2917 1701 3023 1739 non
3057 1686 3168 1751 tali,
3202 1695 3383 1756 potest
3422 1687 3664 1741 solubilis

2065 1790 2186 1830 esse
2233 1779 2530 1841 sententia;
2590 1779 2714 1847 quia
2743 1778 2853 1846 jam
2889 1779 3104 1842 Acacio,
3166 1795 3271 1832 non
3304 1780 3502 1831 volenti
3558 1796 3665 1833 non

361 1870 763 1938 deiuquentes,
795 1869 932 1922 sicut
963 1869 1247 1922 haireticos
1277 1869 1540 1934 diversos,
1571 1869 1817 1935 Arianos,
1852 1868 1960 1923 Eu-
1991 1852 2038 1912 Β
2068 1869 2229 1924 talem
2259 1885 2403 1936 esse,
2434 1871 2568 1924 sicut
2590 1871 2678 1925 tali
2709 1872 2947 1941 usquein
2975 1871 3134 1926 ﬁnem
3159 1873 3518 1940 permanenti,
3547 1888 3668 1940 per-

360 1960 661 2026 nomianos,
715 1959 1158 2025 Macedonianos,
1187 1958 1253 2013 ad
1283 1959 1443 2014 fidem
1487 1960 1812 2015 catholicam
1863 1977 1955 2016 re-

362 2060 661 2118 vertentes,
696 2061 749 2106 et
792 2050 878 2106 hic
904 2052 1279 2108 remissionem
1332 2067 1443 2107 suae
1485 2055 1789 2124 percepisse
1818 2054 1962 2110 blas-

360 2145 617 2214 phemim,
648 2153 704 2198 et
729 2144 782 2198 in
806 2143 1042 2198 futurum
1072 2159 1224 2214 spem
1269 2147 1567 2214 sumpsisse
1614 2147 1959 2217 indulgentia:

361 2242 794 2312 consequendse?
825 2242 931 2298 Nec
961 2241 1080 2297 ideo
1111 2258 1218 2295 non
1241 2257 1366 2296 vera
1393 2250 1477 2297 est
1501 2241 1710 2297 Domini
1738 2257 1960 2298 senten-

363 2337 456 2401 tia,
491 2346 581 2389 aut
611 2335 886 2405 putabitur
910 2349 1031 2389 esse
1061 2334 1328 2389 ullatenus
1359 2337 1616 2402 resoluta,
1651 2351 1772 2390 cum
1817 2338 1959 2392 circa

366 2429 522 2481 tales.
548 2427 594 2480 si
629 2426 731 2480 hoc
756 2442 877 2481 esse
905 2434 1277 2496 permaneant,
1303 2442 1576 2496 nunquam
1602 2429 1823 2481 omnino
1848 2429 1960 2482 sol-

363 2519 535 2571 venda
569 2518 820 2586 persistat
844 2561 858 2583 ,
905 2515 1113 2572 effectis
1153 2526 1330 2570 autem
1365 2532 1473 2570 non
1523 2517 1718 2571 talibus
1749 2533 1853 2571 non
1886 2519 1960 2570 ir-

364 2619 569 2679 rogata.
602 2611 752 2665 Sicut
793 2611 957 2664 etiam
1007 2621 1090 2664 est
1121 2622 1520 2679 consequenter
1563 2621 1618 2665 et
1649 2612 1777 2666 illud
1817 2613 1962 2666 beati

361 2702 592 2757 Joannis
621 2703 886 2772 apostoli:
924 2701 1013 2756 Est
1027 2715 1288 2773 peccatum
1329 2704 1397 2755 ad
1429 2712 1639 2757 mortem
1665 2719 1815 2758 :‘non
1845 2705 1961 2758 dico

363 2808 418 2849 ut
464 2807 638 2850 oretur
679 2813 774 2858 pro
824 2814 918 2860 eo;
970 2807 1014 2849 et
1045 2807 1118 2851 est
1148 2806 1412 2868 peccatum
1451 2816 1553 2853 non
1585 2801 1654 2852 ad
1703 2812 1960 2853 mortem:

363 2889 480 2941 dico
509 2898 561 2940 ut
615 2898 787 2942 oretur
824 2905 918 2954 pro
963 2905 1021 2943 eo
1054 2887 1106 2959 (Ι
1136 2887 1295 2942 Joan.
1327 2894 1413 2958 v):
1451 2900 1532 2944 est
1574 2901 1847 2959 peccatum
1894 2894 1960 2945 ad

366 2989 618 3040 mortem.
653 2981 705 3033 in
739 2979 927 3035 eodem
963 2991 1185 3048 peccato
1223 2980 1599 3046 manentibus;
1644 2992 1726 3036 est
1775 2997 1960 3050 pecca-

365 3079 476 3125 tum
499 3086 604 3124 non
645 3071 710 3124 ad
737 3080 985 3134 mortem,
1011 3071 1076 3124 ah
1101 3069 1288 3125 eodem
1317 3081 1536 3140 peccato
1565 3073 1958 3130 recedentibus.

368 3162 582 3216 Nullum
614 3173 695 3217 est
723 3163 917 3231 quippe
949 3171 1224 3228 peccatum
1273 3180 1368 3230 pro
1416 3180 1522 3234 quo
1552 3176 1644 3219 aut
1689 3181 1794 3220 non
1845 3177 1963 3223 oret

367 3253 612 3308 Ecclesia
639 3255 658 3284 ²
687 3253 1032 3319 remittendo,
1076 3264 1167 3307 ant
1196 3256 1359 3321 quod,
1404 3255 1525 3310 data
1559 3258 1660 3312 sibi
1705 3259 1962 3314 divinitus

365 3355 652 3415 potestate,
681 3346 1060 3402 desistentibus
1088 3348 1154 3400 ab
1188 3349 1379 3402 eodem
1425 3365 1528 3402 non
1572 3353 1744 3420 possit
1783 3352 1961 3407 absol.

365 3455 514 3501 vere,
551 3441 632 3494 vel
679 3440 1064 3508 ptenitentibus
1113 3443 1380 3505 relaxare,
1413 3442 1498 3495 cui
1533 3442 1728 3498 dicitur
1760 3461 1772 3496 :
1808 3445 1960 3512 Qua:-

363 3550 566 3602 cunque
604 3534 893 3587 dimiseritis
944 3550 1096 3600 super
1134 3545 1353 3601 terram,
1389 3536 1604 3590 dimissa
1643 3547 1792 3590 erunt
1834 3547 1879 3592 et
1909 3539 1963 3592 in

363 3625 503 3678 rwlis
521 3641 541 3688 ;
571 3635 618 3678 et
638 3625 949 3694 qumcunque
974 3626 1223 3679 sofveritis
1264 3643 1420 3690 super
1451 3638 1670 3692 terram,
1702 3641 1848 3683 erunt
1877 3647 1963 3685 so-

363 3715 472 3767 luta
501 3716 623 3767 etin
655 3716 792 3767 caelis
840 3714 1052 3784 (Matth.
1086 3726 1238 3780 xvm,
1270 3715 1383 3786 18).
1441 3717 1495 3771 1η
1551 3719 1962 3791 quibuscumque

363 3805 540 3857 omnia
567 3814 1144 3873 sunt,quantacunque
1166 3806 1295 3870 sint,
1318 3815 1372 3860 et
1402 3807 1798 3880 qualiacunque
1821 3813 1958 3866 sint:

363 3895 538 3948 veraci
571 3895 918 3948 nihilominus
942 3911 1126 3949 eorum
1179 3907 1430 3951 manente
1473 3903 1760 3965 sententia,
1787 3901 1806 3930 ³
1838 3921 1961 3971 qua:

363 4001 637 4055 nunquam
682 3987 940 4040 solvenda
991 4001 1114 4041 esse
1143 3987 1490 4041 denuntiatur
1533 4007 1543 4040 :
1579 3991 1628 4044 in
1662 4005 1849 4046 eorum
1884 4005 1962 4048 te-

366 4092 499 4131 nore
526 4078 854 4138 consistens.
887 4093 991 4131 non
1024 4079 1186 4131 etiam
1211 4075 1279 4130 ab
1307 4077 1408 4133 hoc
1439 4079 1628 4135 eodem
1661 4094 1782 4150 post
1813 4101 1962 4141 recc-

363 4167 516 4221 dens.
563 4167 716 4233 Quod
744 4169 903 4222 etiam
932 4168 985 4221 in
1031 4168 1210 4222 Acacii
1263 4171 1529 4224 senti-otia
1574 4175 1961 4231 rationabiliter

364 4258 678 4323 intuendum
711 4269 812 4325 est,
845 4259 896 4313 in
930 4275 1032 4329 qua
1080 4261 1290 4315 etiamsi
1342 4261 1392 4316 ei
1442 4264 1641 4319 dictum
1691 4276 1792 4332 est,
1826 4284 1959 4322 nun-

364 4367 630 4420 quamque
647 4352 964 4414 solvendus,
990 4367 1096 4404 non
1124 4362 1206 4406 est
1231 4353 1497 4423 adjectum
1525 4365 1723 4419 tamen,
1751 4359 1960 4414 etiamsi

364 4443 676 4512 resipnuris,
706 4445 914 4498 etiamsi
944 4443 1206 4499 aberrore
1222 4445 1558 4512 discesseris,
1582 4451 1795 4504 etiamsi
1828 4468 1961 4522 prae-

370 4535 633 4588 varicator
673 4549 794 4589 esse
842 4535 1133 4589 destiteris.
1178 4536 1518 4608 Quapropter
1560 4541 1610 4594 in
1645 4553 1832 4612 aperto
1878 4554 1959 4599 est

366 4627 438 4680 ita
479 4626 706 4691 dictum,
741 4643 1011 4696 nunquam
1056 4630 1367 4698 solvendus,
1415 4632 1508 4686 sed
1547 4635 1696 4701 talis,
1729 4637 1954 4702 scilicet,

363 4718 534 4785 qualis
571 4726 653 4773 est
700 4727 755 4772 et
810 4718 1172 4788 ligatus,-non
1205 4734 1384 4776 autem
1431 4724 1553 4778 talis
1603 4726 1827 4783 ellcctus
1865 4733 1958 4800 qui

364 4807 504 4861 sicut
533 4808 775 4876 ligandus
807 4824 911 4863 non
951 4821 1087 4875 erat,
1119 4815 1196 4865 sic
1245 4813 1526 4869 absolutus
1577 4831 1700 4872 esse
1729 4819 1955 4876 doceba-

365 4906 467 4950 tur.
495 4898 645 4952 Sicut
664 4900 878 4954 carebat
904 4901 1252 4970 obligaione,
1277 4919 1398 4959 cum
1423 4906 1768 4977 obligationis
1796 4927 1958 4967 causa

363 4989 625 5043 carui~set
654 5009 666 5043 :
697 4993 775 5045 sic
805 4993 987 5062 utique
1007 4995 1285 5048 abso'utus
1310 4998 1588 5066 existeret,
1614 5012 1876 5069 quatenus
1907 5018 1958 5059 et

364 5078 478 5148 ipse
505 5095 611 5134 non
656 5084 974 5138 necessitate
1021 5086 1178 5140 dicta:
1229 5092 1514 5145 sententia:
1545 5095 1820 5151 videretur
1850 5115 1956 5152 non

363 5185 522 5238 posse
549 5172 946 5239 quodammodo
972 5175 1280 5245 jamsolvi;
1312 5179 1330 5209 δ
1363 5198 1482 5235 nam
1508 5185 1626 5240 talis
1657 5189 1880 5247 ellectus
1909 5204 1964 5249 et

361 5261 688 5330 obligatione
738 5278 948 5333 carens,
1005 5267 1158 5321 lieret
1211 5270 1508 5336 absolutus,
1537 5286 1591 5331 et
1639 5279 1779 5334 circa
1828 5286 1961 5340 tales

362 5355 579 5410 Drmlixa
612 5357 877 5411 sententia
930 5360 1076 5415 nullo
1114 5361 1274 5417 modo
1307 5364 1327 5394 ⁸
1355 5364 1659 5425 ἰηευιιιὺίιίε
1700 5376 1960 5432 reddere-

360 5454 466 5499 tur.
493 5445 742 5517 Nunquid
775 5451 918 5504 enim
964 5453 1140 5520 misit,
1187 5457 1459 5526 quarsivit,
1486 5465 1741 5532 espetiit,
1777 5477 1829 5524 et
1857 5472 1955 5525 ali-

435 5603 448 5682 ξ
479 5603 575 5659 llic
604 5603 827 5682 subesse
855 5607 1106 5663 mendum
1140 5610 1380 5680 videtur,
1417 5616 1502 5670 cui
1535 5617 1796 5677 medelam
1845 5642 1950 5682 non

360 5674 588 5729 all'ernnt
615 5689 747 5730 mss.
782 5674 1042 5732 IIARDUIN.

433 5746 451 5776 ¹
484 5745 559 5798 Id.
595 5747 739 5808 cnd.,
775 5750 922 5800 remi:
947 5750 1151 5805 cadum.

433 5815 450 5845 ³
474 5816 549 5871 IJ.
569 5818 719 5879 c0tI.,
751 5832 851 5883 qua
879 5836 1158 5883 utinquam.

649 5913 918 5972 I‘nnon
972 5913 1133 5973 LIX.

1990 4588 2038 4645 D

2065 1964 2260 2016 mansit
2286 1964 2336 2016 in
2370 1963 2614 2017 absoluta
2643 1964 2909 2018 sententia
2942 1982 2953 2016 :
2990 1963 3060 2018 ita
3101 1965 3211 2032 jam
3243 1978 3347 2018 non
3397 1964 3489 2018 tali
3526 1963 3670 2019 effici

2066 2072 2170 2110 non
2217 2056 2419 2111 volenti
2476 2056 2723 2112 sv-lubilis
2793 2073 2898 2111 non
2958 2067 3136 2127 potest
3201 2072 3322 2111 esse
3372 2058 3666 2112 sententia.

2064 2150 2253 2204 Nonne
2294 2159 2473 2203 tantos
2516 2149 2744 2204 habebat
2799 2150 3029 2204 Aeacius
3082 2164 3316 2216 quorum
3360 2149 3668 2215 exemplum

2065 2243 2216 2310 sequi
2253 2243 2536 2310 potuisset.
2565 2243 2859 2311 antistites,
2892 2242 3005 2311 qui,
3033 2242 3087 2294 in
3119 2241 3395 2310 Ephesino
3430 2241 3669 2309 prolapsi

2067 2333 2373 2396 latrocinio,
2407 2334 2655 2401 quolibet
2703 2334 2864 2386 modo
2899 2335 2948 2385 in
2999 2333 3415 2387 consensionem
3463 2332 3669 2387 recidc~

2067 2435 2186 2477 rant
2219 2424 2540 2492 pravitatis?
2576 2423 2771 2492 Utique
2803 2433 2981 2478 tamen
3013 2424 3137 2493 (etsi
3171 2424 3374 2477 dictum
3395 2438 3500 2476 non
3528 2426 3667 2492 erat)

2067 2525 2117 2569 et
2179 2523 2490 2584 perpetuam
2540 2513 2940 2568 damnationem
3002 2513 3144 2570 ferre
3195 2517 3512 2584 potuismnt,
3567 2515 3668 2568 nisi

2068 2622 2154 2660 res
2180 2607 2484 2675 piscentes,
2520 2616 2577 2660 et
2627 2622 2732 2660 non
2792 2607 2929 2660 tales
2965 2606 3139 2661 ellecti
3182 2607 3369 2675 quales
3409 2606 3485 2660 illi
3544 2606 3669 2660 facti

2065 2702 2299 2767 fuerant,
2335 2699 2848 2769 damnationemque
2907 2710 3223 2768 perpetuam
3285 2698 3668 2761 merebantur,

2068 2793 2262 2846 resolvi
2291 2793 2431 2846 circa
2482 2807 2540 2846 se
2573 2791 2996 2857 damnationem,
3049 2790 3364 2845 recedentes
3415 2803 3442 2842 a
3478 2803 3667 2858 perpe-

2069 2894 2174 2938 tua:
2225 2883 2584 2937 damnationis
2624 2897 2822 2949 causa,
2876 2883 2896 2913 ⁸
2943 2883 3268 2938 meruissent
3308 2901 3320 2935 :
3367 2897 3524 2948 quam
3574 2880 3667 2949 qui

2071 2978 2355 3046 perstitere
2404 2979 2546 3031 circa
2601 2991 2660 3031 se
2705 2975 3048 3031 insolubilem
3101 2973 3470 3028 reddiderunt.
3526 2972 3667 3026 Nihil

2070 3071 2294 3125 interest
2317 3071 2497 3139 igitur,
2532 3069 2663 3123 nihil
2696 3068 2894 3137 differt,
2928 3076 3110 3122 utrum
3139 3067 3350 3122 dicatur
3391 3081 3667 3133 nunquam

2070 3161 2383 3222 solvendus,
2419 3177 2486 3215 an
2516 3177 2621 3215 non
2646 3163 2857 3215 dicatur
2899 3177 2911 3219 :
2959 3161 3080 3230 quia
3135 3160 3504 3214 ecl-lesiastica
3542 3171 3666 3211 seu~

2074 3253 2235 3307 lentia
2267 3268 2388 3307 reos
2439 3265 2489 3307 et
2533 3255 2974 3321 praevaricatores
3013 3253 3243 3321 obligat;
3276 3251 3398 3321 quia
3431 3252 3566 3304 sicut
3617 3249 3666 3303 ti

2069 3362 2173 3399 non
2211 3357 2383 3414 poteSt
2423 3347 2699 3415 suffragari
2741 3345 2884 3412 quod
2917 3359 3020 3398 non
3052 3354 3134 3399 est
3163 3345 3338 3397 dictus
3388 3358 3663 3409 nunquam

2068 3439 2389 3505 solvendus,
2431 3438 2524 3493 sed
2562 3441 2605 3493 si
2653 3439 2704 3491 in
2737 3453 2923 3493 errore
2969 3437 3330 3508 permanserit
3362 3436 3667 3489 insolubilis

2067 3532 2242 3584 modis
2273 3531 2524 3584 omnibus
2553 3539 2899 3599 perseverat,
2930 3544 3030 3583 nec
3057 3538 3234 3596 potest
3263 3528 3387 3582 inde
3419 3528 3519 3582 nisi
3558 3543 3665 3581 non

2067 3624 2188 3678 ta'is
2219 3622 2442 3677 effectus
2481 3624 2686 3676 absiilri
2722 3641 2734 3686 ;
2774 3622 2850 3678 sic
2895 3624 3143 3692 cuiquam
3175 3623 3528 3690 przejudicare
3557 3636 3667 3676 non

2068 3722 2265 3783 potest,
2305 3715 2514 3769 tametsi
2539 3714 2737 3768 dictum
2769 3725 2850 3768 est
2881 3729 3150 3782 nunquam
3176 3729 3299 3768 esse
3323 3714 3666 3778 solvendum,

2068 3808 2348 3861 manifesta
2406 3809 2614 3861 ratione
2682 3815 3017 3861 monstrante
3087 3806 3207 3874 quia
3269 3822 3543 3876 nunquam
3598 3808 3667 3858 sit

2066 3901 2286 3952 omnino
2314 3900 2624 3962 solvendus,
2653 3900 2694 3950 si
2723 3900 2841 3952 talis
2865 3899 3038 3968 quails
3070 3901 3260 3967 ligatus
3293 3910 3374 3952 cst
3405 3915 3524 3953 esse
3547 3914 3667 3968 per-

2067 3990 2239 4051 sistat,
2275 3992 2352 4042 vel
2387 3991 2504 4042 talis
2535 3991 2719 4057 utique
2763 4005 3036 4058 nunquam
3065 3990 3355 4043 solvendus
3386 3990 3560 4060 qualis
3583 4001 3666 4046 est

2067 4082 2350 4149 obligatus.
2396 4080 2511 4133 Non
2552 4081 2760 4146 admoto
2791 4091 2992 4146 autem,
3052 4081 3263 4136 etiamsi
3317 4082 3669 4150 resipiscatet

2066 4187 2321 4244 C-‘l'l‘tglll,
2351 4185 2530 4242 patere
2566 4189 2784 4242 prorsus
2813 4183 2869 4229 et
2899 4175 3129 4228 liberum
3165 4189 3284 4229 esse
3318 4192 3420 4230 non
3445 4177 3667 4231 dubium

2066 4272 2156 4334 sit,
2187 4281 2241 4322 ut
2275 4285 2376 4321 non
2405 4267 2525 4320 talis
2564 4267 2641 4321 ell'
2670 4276 2789 4322 ctus
2829 4269 3002 4336 qualis
3053 4284 3322 4334 nunquam
3357 4270 3530 4323 tIICillS
3584 4283 3669 4326 est

2067 4380 2187 4420 esse
2227 4363 2541 4424 sdveudus,
2576 4363 2668 4415 sed
2713 4360 2830 4414 talis
2863 4362 3036 4430 quilis
3066 4377 3172 4414 non
3215 4372 3298 4415 est
3325 4363 3498 4416 dictus
3530 4379 3668 4416 nuu-

2067 4474 2224 4527 quam
2247 4471 2367 4510 esse
2385 4455 2699 4522 solvendus,
2731 4455 2782 4508 id
2806 4465 2906 4518 est,
2931 4465 3209 4509 correctus
3240 4465 3294 4508 et
3321 4458 3662 4522 emendatus,

2067 4561 2463 4620 consequenter
2511 4555 2789 4602 correctus
2842 4556 2896 4601 et
2943 4547 3116 4615 possit
3163 4547 3321 4600 solvi.
3359 4548 3667 4603 Notandum

2067 4641 2208 4710 quod
2236 4639 2475 4708 quolibet
2515 4653 2714 4708 genere
2765 4637 3266 4706 blaSphemantibus
3308 4638 3361 4692 in
3406 4639 3665 4708 Spiritum

2067 4741 2334 4793 sam-tum,
2361 4732 2403 4784 si
2435 4730 2755 4798 resipiscant
2778 4738 2831 4783 et
2859 4729 3154 4799 cortigaut,
3198 4741 3250 4783 et
3281 4730 3367 4784 hic
3408 4732 3486 4784 eis
3517 4739 3571 4785 et
3613 4732 3666 4785 in

2069 4827 2249 4876 l'uturo
2306 4825 2507 4877 smculo
2562 4823 2911 4884 remittatur;
2957 4838 3055 4876 nec
3087 4823 3211 4877 inde
3257 4821 3424 4892 pessit
3455 4822 3667 4879 Domini

2070 4927 2261 4970 nutare
2288 4917 2581 4978 Sententia,
2607 4931 2726 4985 quae
2772 4917 2912 4969 circa
2961 4916 3092 4969 tales
3125 4917 3309 4986 utique
3346 4933 3668 4987 permanen—

2073 5020 2152 5062 tes
2192 5026 2508 5077 permanere
2538 5011 2676 5063 dicta
2711 5019 2824 5077 est,
2875 5025 2978 5063 non
3028 5013 3169 5064 circa
3222 5027 3325 5065 non
3376 5013 3509 5067 tales
3539 5014 3667 5069 elle-

2072 5112 2208 5156 ctns.
2241 5101 2486 5168 Quandiu
2517 5112 2694 5155 autem
2723 5101 2775 5154 in
2808 5101 2907 5154 hoc
2947 5113 3184 5169 manent,
3213 5103 3344 5157 tales
3380 5116 3505 5160 sunt
3535 5121 3665 5175 qua—

2071 5195 2208 5248 libus
2231 5207 2337 5248 non
2351 5194 2736 5249 remittendum
2760 5207 2880 5248 esse
2905 5196 3181 5262 prmlitum
3211 5205 3310 5251 est.
3331 5195 3463 5252 Cum
3485 5208 3664 5254 autem

2069 5290 2136 5343 ab
2161 5289 2262 5343 hoc
2278 5289 2625 5351 recesserint,
2655 5303 2761 5341 non
2793 5288 2926 5342 tales
2949 5308 2961 5340 l
2983 5287 3258 5344 fliciuntur
3287 5292 3534 5360 qualibus
3559 5309 3666 5349 non

2071 5379 2449 5434 remittendum
2483 5394 2603 5434 esse
2637 5379 2950 5448 praedictum
2979 5391 3082 5435 est.
3123 5382 3186 5435 Et
3233 5384 3354 5438 ideo
3406 5400 3511 5439 non
3547 5387 3666 5440 tali.

2069 5473 2170 5528 bus
2199 5471 2404 5526 effectis
2435 5480 2613 5542 potest
2639 5480 2697 5526 et
2723 5469 2809 5525 hic
2835 5482 2889 5526 et
2931 5471 3110 5528 futuro
3156 5475 3355 5530 sceculu
3386 5477 3405 5507 '
3439 5494 3543 5532 non
3578 5495 3665 5536 re-

2141 5631 2162 5660 δ
2196 5628 2270 5682 Id.
2305 5627 2453 5693 cod.,
2480 5644 2582 5680 non
2615 5628 2736 5682 talis
2758 5628 2985 5696 effectus.

2147 5701 2166 5730 ⁵
2200 5701 2275 5753 Id.
2303 5699 2451 5762 cod.,
2481 5697 2750 5754 Solttl'ii't's.

2145 5772 2165 5801 ⁸
2197 5770 2272 5823 ιιι.
2311 5771 2456 5834 cod.,
2489 5783 2801 5823 meruerunt.

2145 5844 2160 5873 ⁷
2192 5842 2267 5896 Id.
2303 5842 2446 5907 θυι]⁸⁷
2481 5843 2584 5905 iam
2614 5843 2821 5896 remitti.
