3994 6466
253 470 348 526 I09

1481 448 1827 509 bPISTOL/E
1869 444 1951 498 ΕΤ
1996 444 2333 501 DECRETA.

250 596 455 653 quoque
476 577 715 635 diabolus
752 577 984 631 imitatus
1004 582 1106 637 est,
1154 581 1337 641 utpOte
1364 574 1448 639 qui
1474 582 1686 635 semper
1719 580 1835 631 qua:
1868 565 1919 621 Α
1949 573 2017 617 r.t
2044 572 2237 630 prseter
2265 559 2519 653 Ecclesia:
2563 558 2828 612 tramitem
2872 570 3088 625 prorsus
3130 555 3329 610 absolvi
3362 558 3381 609 l
3430 561 3463 611 δ

249 674 427 729 divino
473 670 640 725 cultui
687 666 1037 724 convenirent
1082 663 1297 719 sibimet
1337 662 1618 733 tyrannico
1652 658 1841 726 ερίιὶιυ

250 763 519 819 vindicare
548 760 851 822 contendit,
886 767 943 811 ut
985 757 1173 826 pagani
1215 756 1563 824 imperatores
1595 749 1754 803 iidem
1792 754 1846 799 et

250 855 466 912 maximi
520 853 800 924 pontifices
844 849 1176 903 dicerentur.
1229 846 1335 901 Sed
1382 859 1502 900 cum
1548 843 1613 896 ad
1657 854 1845 895 verum

253 957 465 1001 ventum
497 954 578 998 est
605 941 851 997 eumdem
892 954 1073 1009 regem
1114 947 1276 1007 atque
1310 935 1623 1004 pontificem
1653 973 1667 997 ,
1709 932 1845 985 ultra

256 1036 352 1090 sibi
386 1046 483 1086 nec
520 1032 808 1099 imperator
848 1028 1114 1097 pontificis
1158 1041 1353 1081 nomen
1402 1023 1698 1093 imposuit,
1746 1035 1846 1076 nec

259 1122 490 1193 pontifex
536 1120 716 1191 regale
757 1118 1021 1188 fastigium
1051 1116 1360 1171 vindicavit.
1417 1113 1673 1181 Quamvis
1705 1112 1847 1165 enim

260 1214 497 1268 membra
535 1212 733 1281 ipsius,
778 1210 830 1264 id
861 1218 982 1273 est,
1020 1210 1131 1262 veri
1178 1207 1317 1275 regis
1357 1216 1517 1273 alque
1550 1202 1846 1273 pontificis,

262 1303 553 1359 secundum
595 1298 1053 1371 participationem
1084 1306 1287 1351 naturae
1330 1294 1608 1361 magnifice
1648 1302 1851 1345 utrum-

264 1410 365 1465 que
408 1395 461 1449 in
506 1407 657 1448 sacra
697 1391 1064 1461 generositate
1110 1390 1404 1457 sumpsisse
1452 1386 1698 1439 dicantur
1731 1422 1746 1447 ,
1798 1391 1855 1436 ut

266 1488 419 1544 simul
450 1488 627 1555 regale
648 1498 821 1554 genus
850 1491 900 1538 et
933 1481 1270 1537 sacerdotale
1300 1478 1595 1533 subsistant
1626 1494 1638 1528 :
1673 1476 1687 1506 ⁸
1720 1483 1857 1529 atta-

268 1595 388 1634 men
419 1577 664 1633 Christus
697 1588 900 1629 memor
931 1572 1228 1639 fragilitatis
1258 1571 1523 1634 humanae,
1557 1567 1696 1638 quod
1728 1580 1853 1620 suo-

270 1685 384 1725 rum
410 1668 567 1723 saluti
601 1673 920 1735 congrueret
945 1663 1343 1731 dispensatione
1382 1659 1659 1731 magniﬁca
1682 1661 1700 1689 ’
1725 1667 1855 1713 tem-

272 1774 499 1831 perans,
540 1758 616 1812 sic
646 1757 941 1812 actionibus
981 1754 1216 1824 pr0priis
1252 1752 1707 1822 dignitatibusque
1744 1751 1857 1804 dis-

275 1852 451 1907 tinctis
495 1849 672 1904 officia
720 1848 1001 1916 potestatis
1052 1846 1329 1912 utriusque
1385 1842 1678 1908 discrevit,
1731 1855 1858 1895 suos

1947 653 2156 706 dicatur
2188 648 2405 703 forsitan
2442 667 2453 700 :
2485 648 2598 701 Non
2632 649 2919 715 imperator
2946 647 3191 711 absolvit,
3222 646 3313 700 sed
3344 660 3372 698 a
3406 662 3479 713 po

1949 742 2177 799 tificibus
2215 742 2457 810 poposcit
2493 739 2720 794 absolvi.
2762 740 2935 793 Tanto
2967 738 3135 805 magis
3168 739 3406 806 poscenti
3442 740 3493 791 in

1947 837 2179 905 peratori
2212 848 2243 887 α
2271 832 2609 901 pontificibus
2634 833 2801 885 fuerat
2822 831 3233 900 suggerendum,
3258 840 3315 885 ut
3344 832 3386 885 si
3417 846 3517 885 eun

1952 929 2186 997 legitime
2229 926 2393 981 vellet
2429 923 2673 988 absolvi,
2706 923 2936 992 legitima
2966 922 3315 978 ecclesiastici
3346 924 3534 977 tenoris

1950 1017 2215 1072 absolutio
2267 1015 2611 1085 proveniret,
2654 1024 2709 1068 et
2754 1016 2867 1068 hzec
2905 1015 3085 1067 omnia
3131 1029 3250 1083 qua:
3297 1016 3545 1083 superius

1952 1110 2092 1165 dicta
2137 1118 2264 1165 sunt
2303 1108 2596 1165 secundum
2642 1108 2899 1162 Ecclesiae
2946 1108 3212 1164 tramitem
3262 1123 3545 1162 servaren-

1955 1212 2041 1255 tur
2073 1218 2085 1255 :
2117 1204 2382 1271 praecipue
2422 1216 2543 1255 cum
2576 1201 2642 1253 de
2684 1199 2933 1254 secundae
2961 1199 3105 1254 sedis
3130 1209 3381 1267 ageretur
3410 1200 3546 1253 anti-

1955 1293 2101 1357 stite,
2129 1306 2229 1346 nec
2253 1292 2319 1345 ab
2349 1292 2602 1348 inferiore
2623 1292 2877 1362 qualibet,
2901 1291 2995 1346 sed
3024 1306 3053 1345 a
3084 1292 3253 1360 prima
3276 1290 3404 1345 sede
3432 1289 3548 1357 jure

1957 1383 2127 1453 possit
2172 1384 2399 1438 absolvi.
2447 1383 2671 1439 Inferior
2717 1382 2913 1453 quippe
2962 1383 3223 1451 potiorem
3268 1381 3550 1437 absolvere

1960 1491 2063 1531 non
2089 1487 2263 1545 potest
2295 1493 2307 1529 :
2340 1476 2452 1531 sola
2484 1490 2611 1545 ergo
2636 1476 2809 1545 potior
2837 1474 3143 1530 inferiorem
3171 1474 3551 1529 convenienter

1960 1566 2212 1621 absolvit.
2243 1566 2474 1622 Proinde
2501 1566 2770 1621 inferioris
2801 1566 2901 1621 loci
2929 1567 3229 1635 pontifices,
3260 1566 3352 1635 qui
3382 1567 3526 1619 nulla
3552 1594 3555 1603 ε

1962 1670 2118 1715 tenus
2164 1674 2224 1715 se
2272 1668 2534 1715 noverant
2584 1661 2847 1729 potiorem
2896 1661 2996 1715 sibi
3042 1662 3159 1715 sine
3214 1659 3381 1729 prima
3427 1660 3555 1717 sede

1965 1770 2121 1826 posse
2148 1756 2439 1822 resolvere,
2474 1756 2739 1825 praecipue
2770 1771 2926 1825 quem
2957 1757 3073 1823 ejus
3101 1755 3362 1809 sententia
3395 1770 3556 1810 nove-

1964 1860 2086 1906 rant
2104 1851 2420 1921 obligatum,
2446 1851 2868 1916 prmvaricatoria
2892 1850 3229 1903 absolutione
3254 1850 3430 1915 potius
3452 1866 3556 1906 non

275 1945 461 1999 Volens
502 1939 805 1996 medicina"
849 1938 1150 1993 humilitate
1192 1936 1427 1999 salvari.
1478 1950 1582 1988 πὶοη
1628 1933 1860 1986 humana
1893 1922 1941 1980 Β
1969 1942 2117 1997 illum
2151 1942 2363 2012 penitus
2392 1950 2678 2005 exuerunt,
2702 1939 2795 1995 sed
2826 1954 2885 1994 se
2909 1940 3347 2009 praevaricatione
3380 1940 3558 2007 potius

276 2032 524 2105 superbia
555 2045 743 2086 rursus
768 2029 1049 2097 intercipi;
1095 2037 1151 2081 ut
1181 2035 1234 2081 et
1259 2025 1550 2079 Christiani
1579 2024 1869 2091 imperato-

279 2142 363 2183 res
394 2140 490 2196 pro
516 2134 712 2179 :eterna
744 2123 850 2175 vita
879 2118 1217 2189 pontificibus
1248 2116 1579 2185 indigerent,
1610 2124 1664 2169 et
1695 2112 1867 2183 ptmll-

281 2218 408 2273 lices
460 2230 559 2285 pro
608 2212 980 2283 temporalium
1042 2224 1203 2264 cursu
1263 2222 1441 2263 rerum
1506 2205 1871 2276 imprrialtbus

284 2308 719 2375 dispositionibus
754 2312 1057 2367 uterentur,
1092 2310 1357 2371 quatenus
1386 2301 1645 2369 spiritalis
1674 2300 1813 2355 actio
1839 2314 1871 2353 a

284 2400 587 2457 carnalibus
613 2398 835 2452 distaret
876 2394 1178 2450 incurs‘bus
1211 2408 1224 2447 :
1258 2400 1311 2447 et
1336 2392 1456 2446 ideo
1482 2392 1709 2444 militans
1743 2390 1872 2455 Dea,

287 2492 491 2547 sicinistas
538 2505 592 2544 se
635 2489 846 2561 negotiis
896 2486 1225 2543 sweularibus
1274 2486 1557 2555 implicaret
1603 2482 1706 2557 (Il
1741 2484 1874 2538 Tim.

288 2582 401 2652 tt);
457 2596 523 2636 ac
566 2580 802 2635 vicissim
855 2594 961 2634 non
1003 2579 1094 2633 ille
1130 2578 1291 2633 rebus
1344 2576 1540 2632 divinis
1591 2576 1878 2646 pmsidere

289 2671 584 2735 videretur,
622 2671 709 2740 qui
738 2678 883 2724 esset
908 2670 1135 2738 negotiis
1177 2666 1525 2722 saecularibus
1554 2666 1876 2735 implicatus,

291 2778 349 2821 ut
375 2775 429 2822 et
456 2763 714 2820 modestia
745 2764 1021 2831 utriusque
1049 2760 1251 2817 ordinis
1280 2768 1581 2825 curaretur,
1617 2775 1683 2813 ne
1710 2757 1882 2812 extol-

293 2856 497 2913 leretur
521 2864 748 2924 utroque
800 2852 1044 2907 suffultus
1070 2893 1085 2915 ,
1116 2860 1172 2905 et
1198 2861 1509 2918 competens
1538 2848 1881 2916 qttalitatibus

294 2949 562 3005 actionum
585 2946 888 3016 specialiter
914 2944 1176 3014 professio
1205 2952 1499 3012 aptaretur.
1534 2940 1736 3007 Quibus
1763 2954 1881 2995 om-

296 3043 452 3097 nibus
504 3040 605 3095 rite
659 3039 941 3105 collectis,
989 3037 1121 3092 satis
1176 3036 1453 3092 evidenter
1506 3035 1806 3091 ostenditur
1852 3050 1885 3089 a

296 3132 537 3190 saculari
567 3140 827 3201 potestate
872 3144 972 3184 nec
1007 3128 1157 3198 ligari
1187 3142 1407 3197 prorsus
1439 3141 1537 3183 nec
1566 3126 1698 3181 sobi
1731 3140 1888 3196 posse

298 3227 622 3297 pontificem.
639 3225 754 3292 Quo
776 3222 1103 3277 manifestius
1124 3221 1449 3291 approbatur
1471 3220 1886 3276 Alexandrinum

1972 2040 2293 2089 nexuerant.
2346 2032 2419 2087 Ita
2449 2031 2592 2087 Petri
2624 2032 2889 2087 absolutio
2924 2048 2989 2087 ex
3038 2041 3265 2103 utroque
3304 2048 3409 2086 non
3435 2049 3564 2087 con-

1971 2131 2117 2188 stat,
2163 2123 2287 2193 quia
2327 2138 2428 2179 nec
2474 2123 2907 2193 praevaricatoris
2940 2124 3275 2180 absolutione
3306 2126 3380 2179 rei
3413 2140 3561 2179 reum

1973 2215 2253 2269 absolvere
2286 2223 2589 2283 potuerunt,
2616 2226 2672 2269 et
2698 2216 2931 2284 depulsis
2962 2217 3194 2286 undique
3227 2218 3565 2285 pontificibus

1974 2308 2274 2372 catholicis,
2302 2307 2678 2374 hterelicisque
2705 2309 3013 2376 suppositis,
3047 2312 3126 2363 vel
3162 2310 3242 2363 his
3274 2312 3361 2379 qui
3396 2312 3566 2365 Incre-

1978 2400 2202 2455 ticorum
2233 2404 2551 2454 tenebantur
2570 2401 2945 2455 communione
2975 2400 3177 2469 polluti,
3210 2403 3370 2457 etiam
3398 2417 3569 2458 sacras

1978 2478 2255 2562 religionis
2281 2490 2645 2546 insittceritate
2676 2491 2900 2559 polluti,
2936 2493 3247 2561 participem
3276 2508 3429 2547 suum
3462 2504 3568 2549 tam

1980 2582 2261 2637 absolvere
2281 2580 2657 2649 nequiverunt,
2681 2596 2839 2649 quam
2863 2582 2959 2650 ipsi
2992 2597 3096 2635 non
3124 2595 3275 2637 erant
3303 2584 3532 2637 absoluti
3555 2601 3573 2648 ;

1981 2688 2045 2726 ac
2075 2671 2295 2741 proinde
2327 2680 2431 2724 tam
2473 2670 2851 2725 ecclesiastica:
2882 2673 3081 2741 regulae
3112 2675 3578 2743 prmvaricalores,

1984 2778 2142 2831 quam
2183 2769 2537 2816 sacrosancta-
2579 2763 2973 2815 communionis
3006 2764 3361 2832 integritatem
3394 2781 3581 2820 macu-

1985 2853 2157 2907 lantes
2195 2851 2465 2906 consortio
2498 2850 2856 2918 perfidorum,
2900 2852 3038 2919 quod
3077 2853 3144 2906 de
3186 2868 3277 2907 reo
3301 2856 3578 2909 simillimo

1987 2955 2277 3015 potuerunt
2308 2944 2448 2999 ferre
2478 2943 2761 3012 judicium.
2811 2946 2883 2999 De
2911 2945 3189 2999 catholicis
3221 2947 3363 3000 enim
3396 2950 3574 3015 ponti-

1990 3036 2175 3090 ficibus
2205 3050 2298 3104 per
2324 3043 2494 3089 totum
2525 3034 2798 3089 Orientem
2844 3044 2936 3088 aut
2980 3037 3284 3105 quicunque
3323 3038 3577 3105 perstitit,

1991 3139 2073 3185 est
2097 3128 2301 3197 ejectus
2334 3144 2347 3183 :
2377 3135 2468 3182 aut
2496 3127 2585 3183 ille
2616 3128 2829 3195 restitit,
2863 3129 2953 3197 qui
2981 3131 3254 3183 consensit
3284 3131 3453 3185 errori
3481 3173 3494 3196 ,
3527 3140 3580 3187 et

1992 3234 2052 3273 se
2082 3222 2147 3273 ab
2176 3219 2468 3273 errantium
2492 3219 2739 3287 contagio
2764 3234 2867 3273 non
2897 3221 3137 3274 retraxit.

302 3285 516 3375 l’etrum
543 3332 637 3385 per
662 3314 987 3384 imperialem
1011 3314 1374 3367 tantummodo
1403 3316 1719 3368 sentettt’am
1746 3312 1889 3366 nullo
1917 3285 1962 3345 Ο
2063 3310 2214 3378 Quod
2240 3311 2400 3381 igitur
2422 3325 2607 3365 eorum
2632 3285 2800 3379 potuit
2827 3314 2893 3367 de
2920 3315 3229 3385 cujusquam
3257 3332 3438 3373 errore
3462 3333 3583 3375 esse

302 3410 460 3465 modo
490 3408 722 3477 potuisse
745 3420 961 3475 prorsus
985 3404 1213 3468 absolvi;
1244 3404 1331 3457 ubi
1358 3403 1406 3457 si
1434 3404 1737 3472 pontificum
1763 3417 1894 3471 quo-

304 3515 406 3570 que
422 3499 937 3559 sociaturasseusus,
956 3495 1239 3565 qmerimus
1267 3505 1439 3549 utrum
1460 3496 1810 3565 praeessem,
1826 3509 1893 3548 an

305 3591 463 3645 fuerit
486 3590 817 3643 subsecutus.
842 3587 907 3642 Si
932 3586 1245 3641 subsecntus
1270 3598 1373 3653 est,
1407 3587 1427 3618 ³
1458 3586 1801 3641 nihilominus
1828 3586 1891 3639 ad

308 3684 358 3737 id
391 3683 618 3746 reditur,
653 3691 708 3733 ιιι
738 3680 1002 3734 absolutio
1043 3679 1283 3733 saeculari
1327 3688 1588 3747 potestate
1633 3688 1896 3748 prtetepta

307 3785 361 3831 et
390 3773 751 3843 ptiucipaliter
790 3772 1032 3825 inchoata
1077 3770 1257 3824 valere
1286 3785 1390 3824 non
1436 3770 1640 3837 possit,
1684 3772 1897 3839 pontifi-

308 3882 534 3935 cumque
574 3874 787 3920 secutus
829 3877 1081 3917 assensus
1127 3861 1449 3917 adulationis
1502 3864 1678 3931 potius
1716 3863 1893 3927 fuerit,

312 3974 467 4027 qutm
498 3958 743 4026 legitimte
773 3955 1085 4008 sanetiouis.
1135 3953 1190 4006 Si
1241 3954 1550 4019 praecessit,
1585 3954 1838 4009 doceatur
1867 3970 1895 4007 a

313 4048 505 4117 quibus
544 4058 595 4101 et
628 4046 713 4099 ubi
748 4046 836 4100 ille
872 4045 939 4098 sit
977 4054 1187 4114 gestus,
1225 4046 1269 4097 si
1308 4046 1600 4099 secundum
1643 4045 1898 4100 Ecclesiae

312 4138 544 4206 regulam
577 4135 906 4199 celebratus,
948 4135 992 4188 si
1035 4146 1251 4202 pa'erna
1292 4133 1576 4190 traditione
1609 4135 1896 4204 profectus,

314 4230 357 4283 si
391 4228 649 4296 majorum
682 4240 829 4280 more
858 4226 1091 4292 prolatus
1115 4266 1130 4291 ,
1180 4226 1224 4279 si
1270 4228 1595 4293 competenti
1626 4228 1899 4280 examina-

316 4320 458 4372 tione
479 4319 844 4386 depromptus.
881 4315 976 4370 Ubi
1000 4314 1185 4385 procul
1214 4315 1376 4370 dubio
1411 4317 1783 4384 requirendum
1816 4327 1899 4372 est

314 4412 356 4461 si
386 4408 625 4477 synodali
658 4405 1067 4475 congregatione
1115 4405 1416 4460 celebratus
1442 4449 1455 4470 ,
1486 4407 1625 4475 quod
1658 4407 1709 4461 in
1744 4422 1895 4464 rece-

317 4499 498 4568 ptioue
527 4496 763 4551 damnati
785 4537 797 4559 ,
829 4508 881 4550 et
919 4495 1231 4564 depulsione
1259 4498 1531 4561 catholici,
1562 4501 1683 4567 quia
1716 4498 1736 4529 ⁸
1763 4514 1897 4553 nova

316 4600 397 4642 e~t
426 4602 582 4641 causa
604 4629 617 4652 ,
653 4588 763 4640 fieri
792 4586 1040 4640 debuisse
1068 4586 1425 4640 certissimum
1456 4598 1538 4643 est
1562 4605 1576 4653 ;
1618 4590 1660 4641 si
1687 4588 1752 4643 ad
1787 4589 1897 4657 pri-

318 4693 456 4733 mam
485 4677 667 4731 sedem
693 4719 706 4740 ,
740 4675 892 4746 cujus
941 4678 1193 4731 intererat
1232 4678 1509 4733 sententiae
1537 4719 1551 4744 ,
1583 4694 1683 4747 qua
1715 4678 1902 4733 Petrus

320 4767 599 4822 tenebatur
626 4766 757 4820 obstt
776 4769 909 4820 ictus
930 4806 943 4831 ,
985 4766 1278 4821 secundum
1307 4766 1559 4822 Ecclesia:
1586 4769 1795 4837 regulas
1822 4778 1905 4824 est

321 4858 540 4911 relatum
574 4873 588 4921 ;
619 4858 661 4909 si
688 4855 874 4911 eadem
900 4871 1019 4925 quas
1047 4854 1226 4925 ligavit
1256 4856 1484 4911 absolvit
1512 4873 1527 4922 ;
1557 4859 1599 4911 si
1633 4858 1720 4911 illa
1744 4859 1763 4889 ⁵
1786 4874 1904 4928 quas

320 4949 573 5018 Iigaverat
614 4962 717 5001 non
749 4949 1084 5009 resolvente.
1119 4948 1225 5002 imo
1262 4950 1422 5003 etiam
1468 4950 1771 5014 nesciente,
1808 4966 1904 5018 po-

324 5042 507 5095 tuisset
552 5039 792 5093 dissolvi.
840 5038 895 5093 Si
944 5032 1059 5093 hinc
1099 5049 1244 5107 gesta
1274 5054 1379 5093 non
1416 5049 1558 5106 sunt,
1598 5056 1704 5109 quo
1736 5056 1905 5108 more,

321 5150 427 5205 quo
460 5136 563 5189 ritu
595 5134 985 5189 Alexandrinus
1015 5131 1202 5187 Petrus
1227 5135 1579 5201 praetenditur
1606 5134 1901 5203 absolutus,

323 5240 442 5281 cum
477 5238 574 5279 nec
601 5239 629 5278 a
660 5224 995 5292 pontificibus
1023 5222 1254 5292 legitime
1282 5232 1337 5279 et
1365 5224 1740 5281 tcclesiasticis
1771 5226 1899 5298 legi-

323 5317 421 5372 bus
448 5316 607 5371 fuerit
634 5315 907 5383 expeditus
928 5355 941 5379 ,
974 5328 1073 5369 nec
1100 5328 1128 5367 a
1155 5315 1399 5369 steculari
1428 5325 1691 5384 potestate
1720 5326 1907 5387 potue-

397 5516 412 5545 ¹
456 5513 530 5567 Id.
562 5510 707 5578 cod.,
733 5514 999 5582 quoniam.

395 5585 415 5615 '
456 5584 534 5637 Id.
563 5583 707 5647 cod.,
740 5585 1047 5653 temperavit.

394 5654 415 5685 ⁸
452 5654 526 5708 Il.
560 5654 681 5725 cod.
701 5692 718 5718 ,
749 5654 793 5706 si
821 5654 1110 5709 subssctttas
1140 5663 1240 5714 est.
1270 5665 1314 5708 et
1346 5655 1598 5723 imperiali
1632 5657 1901 5725 sententia,

329 5744 354 5781 s
379 5740 480 5793 qua
504 5723 858 5776 nihilominus.

396 5794 417 5826 ⁸
457 5794 530 5848 Id.
558 5794 708 5860 cod.,
735 5795 948 5848 nouiter.

399 5865 419 5898 '
456 5863 533 5919 ω.
566 5863 712 5929 cod.,
734 5879 847 5933 quat
871 5881 974 5917 non
1003 5864 1242 5936 ligarant
1278 5865 1575 5919 rcsolreittc.

1933 4644 1981 4703 D

1990 3402 2272 3469 judicium,
2295 3402 2385 3471 qui
2416 3416 2677 3471 nusquam
2712 3419 2817 3457 non
2845 3418 3057 3461 errasse
3088 3418 3476 3474 monstrantur,
3506 3419 3581 3474 et,

1996 3492 2369 3547 haereticorum
2396 3492 2550 3545 simul
2582 3492 3073 3565 catholicorumque
3100 3498 3436 3553 confessione
3465 3515 3584 3567 per-

1997 3585 2193 3651 mixta,
2224 3585 2244 3615 ⁶
2272 3593 2491 3639 cunctas
2530 3585 2801 3654 religionis
2845 3602 2985 3641 verte
3022 3597 3074 3641 et
3115 3588 3341 3643 sincerae
3378 3592 3396 3620 ⁷
3428 3591 3585 3645 sedes

1997 3676 2271 3742 turbasse,
2318 3674 2744 3744 catholicamque
2779 3678 3234 3748 apostolicamque
3280 3679 3587 3736 c0nfudisse

1998 3770 2322 3839 puritatem?
2366 3770 2506 3824 Ecce
2533 3771 2623 3839 qui
2653 3785 2803 3824 reum
2834 3772 3117 3827 absolvere
3147 3783 3463 3841 potuerunt,
3498 3776 3587 3844 qui

1998 3866 2073 3919 rei
2117 3880 2223 3933 pra)
2252 3864 2501 3919 omnibus
2536 3863 2865 3918 docebantur
2907 3864 3100 3919 elftcti.
3148 3866 3286 3920 Ecce
3314 3883 3435 3921 cum
3466 3868 3588 3936 qui-

1998 3960 2096 4013 bus
2134 3958 2200 4013 de
2240 3956 2567 4011 absolvenda
2608 3971 2702 4010 reo
2740 3958 2977 4026 synodus
3022 3957 3193 4011 fuerat
3230 3960 3479 4013 iteuttda.
3531 3962 3587 4016 Si

2000 4050 2131 4103 fides
2159 4057 2213 4103 et
2242 4046 2551 4103 communio
2587 4047 2845 4101 catholica
2886 4049 3245 4113 retinebatur,
3284 4066 3380 4104 cur
3406 4054 3589 4105 catho-

2000 4142 2084 4196 lici
2118 4140 2455 4209 pellebantur
2496 4138 2812 4193 antistites?
2856 4140 2913 4194 Si
2962 4139 3209 4194 catholici
3255 4141 3589 4207 pellebantur

2000 4232 2290 4297 antistites,
2319 4230 2586 4300 quomodo
2611 4246 2715 4285 non
2744 4232 3112 4285 tantummodo
3140 4233 3374 4287 haeretici
3406 4250 3591 4290 serva-

2000 4324 2229 4379 bantur?
2255 4325 2277 4355 ⁸

2503 4392 2839 4449 GELASIUS
2880 4391 3057 4448 PAPA
3098 4394 3141 4447 I.

2004 4503 2267 4544 ADVERSUS
2294 4503 2677 4542 ANDROIACIIUM
2702 4502 3006 4541 SENATOREM
3040 4502 3394 4551 ειετειιαερυε
3427 4504 3593 4543 Κουια

2074 4576 2167 4615 NO“
2196 4575 2282 4623 QUI
2319 4575 2641 4612 LUPEBCALIA
2674 4573 2947 4611 SECUNDUM
2984 4573 3161 4611 NOREM
3197 4574 3471 4613 PIIlSTINUII
3505 4575 3601 4613 CO'-

2078 4648 2247 4685 LENDA
2279 4645 2737 4683 οολδτιτυειιλκτ.

2014 4723 2235 4776 Damnat
2268 4719 2627 4786 Lupercalium
2657 4722 3056 4788 superstitiosam
3088 4722 3473 4775 celebrationem
3504 4739 3522 4776 :
3551 4735 3599 4776 et

2082 4812 2181 4845 mm
2211 4810 2273 4847 ea:
2301 4793 2660 4856 Lupercalium
2690 4793 3095 4859 intermissione,
3122 4796 3211 4846 sed
3238 4809 3299 4847 ex
3329 4795 3600 4850 sceleribus

2086 4864 2263 4917 Roma
2295 4864 2433 4916 mala
2458 4864 2727 4931 contigisse
2756 4862 2953 4930 probat.

2082 4953 2282 5009 Setlent
2318 4954 2535 5021 quidam
2568 4953 2619 5005 in
2651 4952 2895 5007 domibus
2927 4951 3037 5005 suis
3083 4952 3387 5009 nescientes
3431 4971 3601 5021 neque

2013 5062 2131 5115 quae
2162 5048 2447 5115 loquantur
2472 5087 2485 5109 ,
2527 5058 2698 5112 neque
2726 5042 2793 5097 de
2828 5043 3019 5110 quibus
3046 5042 3316 5097 affirment
3340 5086 3353 5108 ,
3392 5044 3461 5100 de
3488 5048 3602 5100 aliis

2012 5138 2252 5207 judicare
2283 5136 2534 5196 nitentes,
2562 5148 2681 5187 cum
2714 5146 2774 5186 se
2805 5132 2904 5201 ipsi
2934 5149 3036 5186 non
3063 5132 3325 5201 judicent,
3360 5143 3413 5188 et
3443 5134 3603 5189 velint

2015 5230 2161 5299 prius
2191 5240 2442 5282 accusare
2471 5239 2629 5293 quam
2657 5237 2836 5287 nosse,
2871 5238 2933 5277 ac
2961 5223 3156 5276 docere
3181 5238 3339 5291 quam
3372 5225 3602 5290 discere,

2014 5337 2069 5378 et
2098 5322 2187 5377 ind
2211 5319 2410 5376 scussis
2439 5316 2604 5373 rebus
2624 5359 2639 5385 ,
2676 5330 2773 5371 nec
2800 5314 3129 5385 investigatis
3157 5320 3356 5382 causis,
3389 5334 3484 5375 nec
3518 5334 3605 5372 te-

2088 5523 2107 5553 ⁶
2148 5522 2223 5577 Id.
2253 5519 2398 5584 cod.,
2430 5517 2648 5572 Cuncta.

2086 5594 2104 5624 ν
2150 5592 2223 5647 Id.
2253 5590 2400 5648 cod.,
2427 5605 2480 5643 se
2507 5590 2757 5641 turbasse.

2085 5663 2107 5696 ⁸
2148 5664 2198 5715 In
2230 5661 2351 5714 cod.
2388 5658 2617 5721 Frising.
2650 5656 2923 5725 vetustiss.
2974 5658 3024 5709 in
3083 5656 3188 5711 fine
3226 5658 3381 5723 hujus
3422 5656 3605 5725 scripti

2015 5732 2204 5802 legitur
2236 5750 2248 5783 :
2286 5728 2508 5802 Explicif
2550 5726 2740 5802 Tantus
2782 5726 2843 5802 S.
2880 5724 3074 5802 Gelasii
3115 5745 3261 5796 paptc
3298 5736 3474 5781 contra
3519 5724 3604 5782 eos

2013 5796 2099 5871 qui
2122 5804 2297 5855 dicunt
2334 5798 2570 5853 Acacium
2597 5799 2785 5868 injuste
2815 5798 2970 5867 fuisse
2997 5796 3319 5851 damnatum.
