  <div class='ocr_page' id='page_1' title='image "/cluster/home/n/w/nwhite01/storage/ocr_20150623/58-59/uc1.31175013991289/675.png"; bbox 0 0 4154 6382; ppageno 0'>
   <div class='ocr_carea' id='block_1_1' title="bbox 551 451 648 508">
    <p class='ocr_par' dir='ltr' id='par_1_1' title="bbox 551 451 648 508">
     <span class='ocr_line' id='line_1_1' title="bbox 551 451 648 508; baseline -0.041 0"><span class='ocrx_word' id='word_1_1' title='bbox 551 451 648 508; x_wconf 74' lang='grc'><strong>111</strong></span> 
     </span>
    </p>
   </div>
   <div class='ocr_carea' id='block_1_2' title="bbox 550 533 2185 628">
    <p class='ocr_par' dir='ltr' id='par_1_2' title="bbox 550 533 2185 628">
     <span class='ocr_line' id='line_1_2' title="bbox 550 533 2185 628; baseline -0.017 -11"><span class='ocrx_word' id='word_1_2' title='bbox 550 580 663 617; x_wconf 83' lang='lat' dir='ltr'><strong>nun</strong></span> <span class='ocrx_word' id='word_1_3' title='bbox 700 563 906 617; x_wconf 89' lang='lat' dir='ltr'><strong>ratione</strong></span> <span class='ocrx_word' id='word_1_4' title='bbox 931 559 1147 628; x_wconf 65' lang='lat' dir='ltr'><strong>quaesita</strong></span> <span class='ocrx_word' id='word_1_5' title='bbox 1176 594 1191 619; x_wconf 94' lang='lat'><strong>,</strong></span> <span class='ocrx_word' id='word_1_6' title='bbox 1239 548 1377 622; x_wconf 88' lang='lat' dir='ltr'><strong>quod</strong></span> <span class='ocrx_word' id='word_1_7' title='bbox 1426 548 1504 602; x_wconf 85' lang='lat' dir='ltr'><strong>eis</strong></span> <span class='ocrx_word' id='word_1_8' title='bbox 1546 546 1610 599; x_wconf 87' lang='lat' dir='ltr'><strong>ad</strong></span> <span class='ocrx_word' id='word_1_9' title='bbox 1656 543 1877 596; x_wconf 87' lang='lat' dir='ltr'><strong>buccam</strong></span> <span class='ocrx_word' id='word_1_10' title='bbox 1908 533 2114 592; x_wconf 91' lang='lat' dir='ltr'><strong>venerit</strong></span> <span class='ocrx_word' id='word_1_11' title='bbox 2138 533 2185 590; x_wconf 79' lang='grc' dir='ltr'><strong>Δ</strong></span> 
     </span>
    </p>
   </div>
   <div class='ocr_carea' id='block_1_3' title="bbox 549 634 2109 710">
    <p class='ocr_par' dir='ltr' id='par_1_3' title="bbox 549 634 2109 710">
     <span class='ocr_line' id='line_1_3' title="bbox 549 634 2109 710; baseline -0.021 0"><span class='ocrx_word' id='word_1_12' title='bbox 549 653 999 710; x_wconf 83' lang='lat' dir='ltr'><strong>inconsideranter</strong></span> <span class='ocrx_word' id='word_1_13' title='bbox 1021 642 1309 708; x_wconf 81' lang='lat' dir='ltr'><strong>effundere,</strong></span> <span class='ocrx_word' id='word_1_14' title='bbox 1332 649 1384 693; x_wconf 91' lang='lat' dir='ltr'><strong>et</strong></span> <span class='ocrx_word' id='word_1_15' title='bbox 1406 634 1800 707; x_wconf 68' lang='lat' dir='ltr'><strong>praecipitanter</strong></span> <span class='ocrx_word' id='word_1_16' title='bbox 1827 639 2109 687; x_wconf 87' lang='lat' dir='ltr'><strong>evomere;</strong></span> 
     </span>
    </p>
   </div>
   <div class='ocr_carea' id='block_1_4' title="bbox 549 717 2116 802">
    <p class='ocr_par' dir='ltr' id='par_1_4' title="bbox 549 717 2116 802">
     <span class='ocr_line' id='line_1_4' title="bbox 549 717 2116 802; baseline -0.024 1"><span class='ocrx_word' id='word_1_17' title='bbox 549 763 654 802; x_wconf 92' lang='lat' dir='ltr'><strong>non</strong></span> <span class='ocrx_word' id='word_1_18' title='bbox 686 743 924 800; x_wconf 77' lang='lat' dir='ltr'><strong>veritatis</strong></span> <span class='ocrx_word' id='word_1_19' title='bbox 953 736 1245 793; x_wconf 76' lang='lat' dir='ltr'><strong>assertione</strong></span> <span class='ocrx_word' id='word_1_20' title='bbox 1286 730 1490 801; x_wconf 87' lang='lat' dir='ltr'><strong>prolata</strong></span> <span class='ocrx_word' id='word_1_21' title='bbox 1520 732 1804 780; x_wconf 88' lang='lat' dir='ltr'><strong>censentes</strong></span> <span class='ocrx_word' id='word_1_22' title='bbox 1824 759 1840 786; x_wconf 95' lang='lat'><strong>,</strong></span> <span class='ocrx_word' id='word_1_23' title='bbox 1885 717 1976 772; x_wconf 89' lang='lat' dir='ltr'><strong>sed</strong></span> <span class='ocrx_word' id='word_1_24' title='bbox 2006 726 2116 768; x_wconf 87' lang='lat' dir='ltr'><strong>stu—</strong></span> 
     </span>
    </p>
   </div>
   <div class='ocr_carea' id='block_1_5' title="bbox 550 816 2119 901">
    <p class='ocr_par' dir='ltr' id='par_1_5' title="bbox 550 816 2119 901">
     <span class='ocr_line' id='line_1_5' title="bbox 550 816 2119 901; baseline -0.024 -8"><span class='ocrx_word' id='word_1_25' title='bbox 550 839 638 892; x_wconf 92' lang='lat' dir='ltr'><strong>dio</strong></span> <span class='ocrx_word' id='word_1_26' title='bbox 691 831 971 901; x_wconf 73' lang='lat' dir='ltr'><strong>cacologiae</strong></span> <span class='ocrx_word' id='word_1_27' title='bbox 1012 840 1128 895; x_wconf 68' lang='lat' dir='ltr'><strong>quae</strong></span> <span class='ocrx_word' id='word_1_28' title='bbox 1167 822 1416 878; x_wconf 90' lang='lat' dir='ltr'><strong>nesciunt</strong></span> <span class='ocrx_word' id='word_1_29' title='bbox 1445 824 1731 886; x_wconf 77' lang='lat' dir='ltr'><strong>arguentes</strong></span> <span class='ocrx_word' id='word_1_30' title='bbox 1759 828 1775 865; x_wconf 90' lang='lat'><strong>:</strong></span> <span class='ocrx_word' id='word_1_31' title='bbox 1805 822 1971 877; x_wconf 88' lang='lat' dir='ltr'><strong>eoque</strong></span> <span class='ocrx_word' id='word_1_32' title='bbox 1996 816 2119 874; x_wconf 89' lang='lat' dir='ltr'><strong>pro-</strong></span> 
     </span>
    </p>
   </div>
   <div class='ocr_carea' id='block_1_6' title="bbox 550 899 2119 995">
    <p class='ocr_par' dir='ltr' id='par_1_6' title="bbox 550 899 2119 995">
     <span class='ocr_line' id='line_1_6' title="bbox 550 899 2119 995; baseline -0.024 -13"><span class='ocrx_word' id='word_1_33' title='bbox 550 925 715 995; x_wconf 77' lang='lat' dir='ltr'><strong>gressi</strong></span> <span class='ocrx_word' id='word_1_34' title='bbox 743 899 950 977; x_wconf 38' lang='lat' dir='ltr'><strong>sunt—ut</strong></span> <span class='ocrx_word' id='word_1_35' title='bbox 974 916 1134 971; x_wconf 88' lang='lat' dir='ltr'><strong>etiam</strong></span> <span class='ocrx_word' id='word_1_36' title='bbox 1170 920 1316 967; x_wconf 90' lang='lat' dir='ltr'><strong>recte</strong></span> <span class='ocrx_word' id='word_1_37' title='bbox 1342 908 1480 963; x_wconf 88' lang='lat' dir='ltr'><strong>facta</strong></span> <span class='ocrx_word' id='word_1_38' title='bbox 1509 899 1896 959; x_wconf 68' lang='lat' dir='ltr'><strong>malevolentiae</strong></span> <span class='ocrx_word' id='word_1_39' title='bbox 1929 908 2119 967; x_wconf 90' lang='lat' dir='ltr'><strong>propo-</strong></span> 
     </span>
    </p>
   </div>
   <div class='ocr_carea' id='block_1_7' title="bbox 550 997 2120 1070">
    <p class='ocr_par' dir='ltr' id='par_1_7' title="bbox 550 997 2120 1070">
     <span class='ocr_line' id='line_1_7' title="bbox 550 997 2120 1070; baseline -0.022 0"><span class='ocrx_word' id='word_1_40' title='bbox 550 1019 652 1070; x_wconf 88' lang='lat' dir='ltr'><strong>sito</strong></span> <span class='ocrx_word' id='word_1_41' title='bbox 681 1016 916 1068; x_wconf 88' lang='lat' dir='ltr'><strong>lacerare</strong></span> <span class='ocrx_word' id='word_1_42' title='bbox 939 1003 1263 1063; x_wconf 84' lang='lat' dir='ltr'><strong>contendant</strong></span> <span class='ocrx_word' id='word_1_43' title='bbox 1292 1016 1308 1063; x_wconf 90' lang='lat'><strong>;</strong></span> <span class='ocrx_word' id='word_1_44' title='bbox 1352 997 1438 1065; x_wconf 86' lang='lat' dir='ltr'><strong>qui</strong></span> <span class='ocrx_word' id='word_1_45' title='bbox 1473 999 1515 1050; x_wconf 89' lang='lat' dir='ltr'><strong>si</strong></span> <span class='ocrx_word' id='word_1_46' title='bbox 1552 1002 1820 1061; x_wconf 73' lang='lat' dir='ltr'><strong>saperent,</strong></span> <span class='ocrx_word' id='word_1_47' title='bbox 1849 1001 1952 1041; x_wconf 86' lang='lat' dir='ltr'><strong>noo</strong></span> <span class='ocrx_word' id='word_1_48' title='bbox 1985 997 2120 1052; x_wconf 77' lang='lat' dir='ltr'><strong>prte-</strong></span> 
     </span>
    </p>
   </div>
   <div class='ocr_carea' id='block_1_8' title="bbox 548 1076 2120 1171">
    <p class='ocr_par' dir='ltr' id='par_1_8' title="bbox 548 1076 2120 1171">
     <span class='ocr_line' id='line_1_8' title="bbox 548 1076 2120 1171; baseline -0.022 -14"><span class='ocrx_word' id='word_1_49' title='bbox 548 1104 830 1171; x_wconf 88' lang='lat' dir='ltr'><strong>cipitarent</strong></span> <span class='ocrx_word' id='word_1_50' title='bbox 875 1096 1093 1166; x_wconf 71' lang='lat' dir='ltr'><strong>omnino</strong></span> <span class='ocrx_word' id='word_1_51' title='bbox 1118 1089 1434 1146; x_wconf 84' lang='lat' dir='ltr'><strong>sententiam</strong></span> <span class='ocrx_word' id='word_1_52' title='bbox 1461 1126 1473 1147; x_wconf 95' lang='lat'><strong>,</strong></span> <span class='ocrx_word' id='word_1_53' title='bbox 1506 1083 1596 1138; x_wconf 87' lang='lat' dir='ltr'><strong>sed</strong></span> <span class='ocrx_word' id='word_1_54' title='bbox 1627 1076 1968 1149; x_wconf 81' lang='lat' dir='ltr'><strong>perscrutatis</strong></span> <span class='ocrx_word' id='word_1_55' title='bbox 2000 1080 2120 1124; x_wconf 90' lang='lat' dir='ltr'><strong>ante</strong></span> 
     </span>
    </p>
   </div>
   <div class='ocr_carea' id='block_1_9' title="bbox 549 1167 2120 1258">
    <p class='ocr_par' dir='ltr' id='par_1_9' title="bbox 549 1167 2120 1258">
     <span class='ocr_line' id='line_1_9' title="bbox 549 1167 2120 1258; baseline -0.022 -11"><span class='ocrx_word' id='word_1_56' title='bbox 549 1193 708 1247; x_wconf 86' lang='lat' dir='ltr'><strong>rebus</strong></span> <span class='ocrx_word' id='word_1_57' title='bbox 747 1184 1004 1258; x_wconf 84' lang='lat' dir='ltr'><strong>loquenda</strong></span> <span class='ocrx_word' id='word_1_58' title='bbox 1047 1183 1440 1248; x_wconf 90' lang='lat' dir='ltr'><strong>depromerent.</strong></span> <span class='ocrx_word' id='word_1_59' title='bbox 1488 1173 1682 1227; x_wconf 75' lang='lat' dir='ltr'><strong>Verum</strong></span> <span class='ocrx_word' id='word_1_60' title='bbox 1732 1167 1852 1237; x_wconf 86' lang='lat' dir='ltr'><strong>quia</strong></span> <span class='ocrx_word' id='word_1_61' title='bbox 1899 1178 1994 1217; x_wconf 90' lang='lat' dir='ltr'><strong>nos</strong></span> <span class='ocrx_word' id='word_1_62' title='bbox 2037 1176 2120 1214; x_wconf 52' lang='lat' dir='ltr'><strong>ar-</strong></span> 
     </span>
    </p>
   </div>
   <div class='ocr_carea' id='block_1_10' title="bbox 551 1255 2170 1354">
    <p class='ocr_par' dir='ltr' id='par_1_10' title="bbox 551 1255 2170 1354">
     <span class='ocr_line' id='line_1_10' title="bbox 551 1255 2170 1354; baseline -0.022 -16"><span class='ocrx_word' id='word_1_63' title='bbox 551 1290 717 1354; x_wconf 91' lang='lat' dir='ltr'><strong>guunt</strong></span> <span class='ocrx_word' id='word_1_64' title='bbox 759 1291 950 1347; x_wconf 88' lang='lat' dir='ltr'><strong>segnes</strong></span> <span class='ocrx_word' id='word_1_65' title='bbox 980 1286 1100 1328; x_wconf 86' lang='lat' dir='ltr'><strong>esse</strong></span> <span class='ocrx_word' id='word_1_66' title='bbox 1128 1255 1410 1325; x_wconf 46' lang='lat' dir='ltr'><strong>censores&quot;</strong></span> <span class='ocrx_word' id='word_1_67' title='bbox 1429 1267 1478 1318; x_wconf 93' lang='lat' dir='ltr'><strong>in</strong></span> <span class='ocrx_word' id='word_1_68' title='bbox 1509 1262 1650 1316; x_wconf 85' lang='lat' dir='ltr'><strong>vitiis</strong></span> <span class='ocrx_word' id='word_1_69' title='bbox 1692 1259 1779 1312; x_wconf 70' lang='lat' dir='ltr'><strong>Em</strong></span> <span class='ocrx_word' id='word_1_70' title='bbox 1801 1255 1944 1311; x_wconf 71' lang='lat' dir='ltr'><strong>lesia:</strong></span> <span class='ocrx_word' id='word_1_71' title='bbox 1972 1267 2124 1307; x_wconf 64' lang='lat' dir='ltr'><strong>coer-</strong></span> <span class='ocrx_word' id='word_1_72' title='bbox 2161 1318 2170 1326; x_wconf 74' lang='grc' dir='ltr'><strong> </strong></span> 
     </span>
    </p>
   </div>
   <div class='ocr_carea' id='block_1_11' title="bbox 551 1355 2122 1439">
    <p class='ocr_par' dir='ltr' id='par_1_11' title="bbox 551 1355 2122 1439">
     <span class='ocr_line' id='line_1_11' title="bbox 551 1355 2122 1439; baseline -0.023 -8"><span class='ocrx_word' id='word_1_73' title='bbox 551 1374 735 1431; x_wconf 77' lang='lat' dir='ltr'><strong>condis</strong></span> <span class='ocrx_word' id='word_1_74' title='bbox 755 1413 770 1439; x_wconf 91' lang='lat'><strong>,</strong></span> <span class='ocrx_word' id='word_1_75' title='bbox 804 1381 855 1426; x_wconf 91' lang='lat' dir='ltr'><strong>et</strong></span> <span class='ocrx_word' id='word_1_76' title='bbox 883 1385 912 1423; x_wconf 91' lang='lat' dir='ltr'><strong>a</strong></span> <span class='ocrx_word' id='word_1_77' title='bbox 942 1367 1094 1422; x_wconf 89' lang='lat' dir='ltr'><strong>nobis</strong></span> <span class='ocrx_word' id='word_1_78' title='bbox 1123 1369 1508 1429; x_wconf 86' lang='lat' dir='ltr'><strong>consequenter</strong></span> <span class='ocrx_word' id='word_1_79' title='bbox 1556 1359 1842 1422; x_wconf 75' lang='lat' dir='ltr'><strong>agnoscant</strong></span> <span class='ocrx_word' id='word_1_80' title='bbox 1868 1363 1972 1400; x_wconf 90' lang='lat' dir='ltr'><strong>non</strong></span> <span class='ocrx_word' id='word_1_81' title='bbox 2003 1355 2122 1398; x_wconf 85' lang='lat' dir='ltr'><strong>tan-</strong></span> 
     </span>
    </p>
   </div>
   <div class='ocr_carea' id='block_1_12' title="bbox 556 1437 2126 1532">
    <p class='ocr_par' dir='ltr' id='par_1_12' title="bbox 556 1437 2126 1532">
     <span class='ocr_line' id='line_1_12' title="bbox 556 1437 2126 1532; baseline -0.023 -9"><span class='ocrx_word' id='word_1_82' title='bbox 556 1480 665 1524; x_wconf 90' lang='lat' dir='ltr'><strong>tum</strong></span> <span class='ocrx_word' id='word_1_83' title='bbox 710 1437 1002 1532; x_wconf 81' lang='lat' dir='ltr'><strong>corporalis</strong></span> <span class='ocrx_word' id='word_1_84' title='bbox 1029 1453 1268 1512; x_wconf 90' lang='lat' dir='ltr'><strong>adulterii</strong></span> <span class='ocrx_word' id='word_1_85' title='bbox 1299 1464 1414 1506; x_wconf 89' lang='lat' dir='ltr'><strong>esse</strong></span> <span class='ocrx_word' id='word_1_86' title='bbox 1439 1455 1733 1517; x_wconf 80' lang='lat' dir='ltr'><strong>peccatum,</strong></span> <span class='ocrx_word' id='word_1_87' title='bbox 1776 1440 1914 1509; x_wconf 50' lang='lat' dir='ltr'><strong>quod</strong></span> <span class='ocrx_word' id='word_1_88' title='bbox 1939 1448 1991 1492; x_wconf 91' lang='lat' dir='ltr'><strong>et</strong></span> <span class='ocrx_word' id='word_1_89' title='bbox 2017 1437 2126 1489; x_wconf 86' lang='lat' dir='ltr'><strong>dis-</strong></span> 
     </span>
    </p>
   </div>
   <div class='ocr_carea' id='block_1_13' title="bbox 554 1528 2126 1618">
    <p class='ocr_par' dir='ltr' id='par_1_13' title="bbox 554 1528 2126 1618">
     <span class='ocr_line' id='line_1_13' title="bbox 554 1528 2126 1618; baseline -0.024 -2"><span class='ocrx_word' id='word_1_90' title='bbox 554 1561 663 1616; x_wconf 90' lang='lat' dir='ltr'><strong>cuti</strong></span> <span class='ocrx_word' id='word_1_91' title='bbox 713 1528 931 1618; x_wconf 73' lang='lat' dir='ltr'><strong>debeat,</strong></span> <span class='ocrx_word' id='word_1_92' title='bbox 971 1563 1018 1606; x_wconf 85' lang='lat' dir='ltr'><strong>et</strong></span> <span class='ocrx_word' id='word_1_93' title='bbox 1047 1550 1165 1617; x_wconf 87' lang='lat' dir='ltr'><strong>jure</strong></span> <span class='ocrx_word' id='word_1_94' title='bbox 1203 1542 1407 1614; x_wconf 90' lang='lat' dir='ltr'><strong>puniri,</strong></span> <span class='ocrx_word' id='word_1_95' title='bbox 1453 1539 1546 1594; x_wconf 88' lang='lat' dir='ltr'><strong>sed</strong></span> <span class='ocrx_word' id='word_1_96' title='bbox 1589 1551 1710 1591; x_wconf 89' lang='lat' dir='ltr'><strong>esse</strong></span> <span class='ocrx_word' id='word_1_97' title='bbox 1754 1536 1912 1602; x_wconf 89' lang='lat' dir='ltr'><strong>longe</strong></span> <span class='ocrx_word' id='word_1_98' title='bbox 1956 1528 2126 1594; x_wconf 83' lang='lat' dir='ltr'><strong>majus</strong></span> 
     </span>
    </p>
   </div>
   <div class='ocr_carea' id='block_1_14' title="bbox 557 1616 2128 1707">
    <p class='ocr_par' dir='ltr' id='par_1_14' title="bbox 557 1616 2128 1707">
     <span class='ocr_line' id='line_1_14' title="bbox 557 1616 2128 1707; baseline -0.024 -1"><span class='ocrx_word' id='word_1_99' title='bbox 557 1647 853 1707; x_wconf 86' lang='lat' dir='ltr'><strong>fornicariis</strong></span> <span class='ocrx_word' id='word_1_100' title='bbox 884 1616 936 1698; x_wconf 83' lang='lat' dir='ltr'><strong>et</strong></span> <span class='ocrx_word' id='word_1_101' title='bbox 958 1616 1210 1694; x_wconf 86' lang='lat' dir='ltr'><strong>adulteris</strong></span> <span class='ocrx_word' id='word_1_102' title='bbox 1239 1647 1426 1704; x_wconf 76' lang='lat' dir='ltr'><strong>genus,</strong></span> <span class='ocrx_word' id='word_1_103' title='bbox 1458 1628 1597 1698; x_wconf 89' lang='lat' dir='ltr'><strong>quod</strong></span> <span class='ocrx_word' id='word_1_104' title='bbox 1629 1626 1681 1679; x_wconf 90' lang='lat' dir='ltr'><strong>in</strong></span> <span class='ocrx_word' id='word_1_105' title='bbox 1713 1622 1949 1692; x_wconf 87' lang='lat' dir='ltr'><strong>quolibet</strong></span> <span class='ocrx_word' id='word_1_106' title='bbox 1977 1616 2128 1672; x_wconf 78' lang='lat' dir='ltr'><strong>Chii-</strong></span> 
     </span>
    </p>
   </div>
   <div class='ocr_carea' id='block_1_15' title="bbox 557 1707 2127 1805">
    <p class='ocr_par' dir='ltr' id='par_1_15' title="bbox 557 1707 2127 1805">
     <span class='ocr_line' id='line_1_15' title="bbox 557 1707 2127 1805; baseline -0.023 -9"><span class='ocrx_word' id='word_1_107' title='bbox 557 1742 763 1804; x_wconf 82' lang='lat' dir='ltr'><strong>stiano,</strong></span> <span class='ocrx_word' id='word_1_108' title='bbox 796 1736 914 1805; x_wconf 79' lang='lat' dir='ltr'><strong>quia</strong></span> <span class='ocrx_word' id='word_1_109' title='bbox 953 1729 1247 1787; x_wconf 69' lang='lat' dir='ltr'><strong>membrum</strong></span> <span class='ocrx_word' id='word_1_110' title='bbox 1297 1722 1469 1777; x_wconf 91' lang='lat' dir='ltr'><strong>omnis</strong></span> <span class='ocrx_word' id='word_1_111' title='bbox 1505 1717 1839 1773; x_wconf 89' lang='lat' dir='ltr'><strong>Christianus</strong></span> <span class='ocrx_word' id='word_1_112' title='bbox 1877 1707 2127 1765; x_wconf 62' lang='lat' dir='ltr'><strong>Ecclesia:</strong></span> 
     </span>
    </p>
   </div>
   <div class='ocr_carea' id='block_1_16' title="bbox 557 1799 2130 1895">
    <p class='ocr_par' dir='ltr' id='par_1_16' title="bbox 557 1799 2130 1895">
     <span class='ocr_line' id='line_1_16' title="bbox 557 1799 2130 1895; baseline -0.024 -8"><span class='ocrx_word' id='word_1_113' title='bbox 557 1841 658 1895; x_wconf 83' lang='lat' dir='ltr'><strong>est,</strong></span> <span class='ocrx_word' id='word_1_114' title='bbox 683 1831 1049 1895; x_wconf 88' lang='lat' dir='ltr'><strong>competenter</strong></span> <span class='ocrx_word' id='word_1_115' title='bbox 1077 1818 1265 1873; x_wconf 81' lang='lat' dir='ltr'><strong>debeat</strong></span> <span class='ocrx_word' id='word_1_116' title='bbox 1302 1810 1588 1873; x_wconf 89' lang='lat' dir='ltr'><strong>vindicari;</strong></span> <span class='ocrx_word' id='word_1_117' title='bbox 1631 1814 1774 1860; x_wconf 90' lang='lat' dir='ltr'><strong>tanto</strong></span> <span class='ocrx_word' id='word_1_118' title='bbox 1798 1802 1938 1858; x_wconf 89' lang='lat' dir='ltr'><strong>enim</strong></span> <span class='ocrx_word' id='word_1_119' title='bbox 1965 1799 2130 1853; x_wconf 88' lang='lat' dir='ltr'><strong>sacri-</strong></span> 
     </span>
    </p>
   </div>
   <div class='ocr_carea' id='block_1_17' title="bbox 559 1898 1791 1991">
    <p class='ocr_par' dir='ltr' id='par_1_17' title="bbox 559 1898 1791 1991">
     <span class='ocr_line' id='line_1_17' title="bbox 559 1898 1791 1991; baseline -0.024 -15"><span class='ocrx_word' id='word_1_120' title='bbox 559 1921 683 1991; x_wconf 90' lang='lat' dir='ltr'><strong>legii</strong></span> <span class='ocrx_word' id='word_1_121' title='bbox 733 1917 902 1986; x_wconf 85' lang='lat' dir='ltr'><strong>majus</strong></span> <span class='ocrx_word' id='word_1_122' title='bbox 943 1919 1026 1968; x_wconf 89' lang='lat' dir='ltr'><strong>est</strong></span> <span class='ocrx_word' id='word_1_123' title='bbox 1073 1909 1273 1963; x_wconf 87' lang='lat' dir='ltr'><strong>crimen</strong></span> <span class='ocrx_word' id='word_1_124' title='bbox 1302 1945 1318 1971; x_wconf 93' lang='lat'><strong>,</strong></span> <span class='ocrx_word' id='word_1_125' title='bbox 1368 1909 1566 1971; x_wconf 88' lang='lat' dir='ltr'><strong>quanto</strong></span> <span class='ocrx_word' id='word_1_126' title='bbox 1603 1898 1791 1950; x_wconf 62' lang='lat' dir='ltr'><strong>animae</strong></span> 
     </span>
    </p>
   </div>
   <div class='ocr_carea' id='block_1_18' title="bbox 561 1979 2131 2081">
    <p class='ocr_par' dir='ltr' id='par_1_18' title="bbox 561 1979 2131 2081">
     <span class='ocr_line' id='line_1_18' title="bbox 561 1979 2131 2081; baseline -0.022 -14"><span class='ocrx_word' id='word_1_127' title='bbox 561 2013 710 2081; x_wconf 80' lang='lat' dir='ltr'><strong>pejor</strong></span> <span class='ocrx_word' id='word_1_128' title='bbox 734 2016 817 2063; x_wconf 88' lang='lat' dir='ltr'><strong>est</strong></span> <span class='ocrx_word' id='word_1_129' title='bbox 844 2002 1116 2072; x_wconf 90' lang='lat' dir='ltr'><strong>corporis;</strong></span> <span class='ocrx_word' id='word_1_130' title='bbox 1144 2011 1264 2052; x_wconf 89' lang='lat' dir='ltr'><strong>nam</strong></span> <span class='ocrx_word' id='word_1_131' title='bbox 1294 2009 1388 2064; x_wconf 90' lang='lat' dir='ltr'><strong>per</strong></span> <span class='ocrx_word' id='word_1_132' title='bbox 1417 1992 1608 2046; x_wconf 86' lang='lat' dir='ltr'><strong>animae</strong></span> <span class='ocrx_word' id='word_1_133' title='bbox 1638 1987 2036 2042; x_wconf 89' lang='lat' dir='ltr'><strong>fornicationem</strong></span> <span class='ocrx_word' id='word_1_134' title='bbox 2064 1979 2131 2034; x_wconf 87' lang='lat' dir='ltr'><strong>ab</strong></span> 
     </span>
    </p>
   </div>
   <div class='ocr_carea' id='block_1_19' title="bbox 565 2075 2132 2171">
    <p class='ocr_par' dir='ltr' id='par_1_19' title="bbox 565 2075 2132 2171">
     <span class='ocr_line' id='line_1_19' title="bbox 565 2075 2132 2171; baseline -0.022 -13"><span class='ocrx_word' id='word_1_135' title='bbox 565 2075 731 2171; x_wconf 76' lang='lat' dir='ltr'><strong>ipsius</strong></span> <span class='ocrx_word' id='word_1_136' title='bbox 758 2099 848 2154; x_wconf 90' lang='lat' dir='ltr'><strong>Dei</strong></span> <span class='ocrx_word' id='word_1_137' title='bbox 873 2091 1244 2162; x_wconf 89' lang='lat' dir='ltr'><strong>conjunctione</strong></span> <span class='ocrx_word' id='word_1_138' title='bbox 1272 2084 1581 2146; x_wconf 82' lang='lat' dir='ltr'><strong>disceditur,</strong></span> <span class='ocrx_word' id='word_1_139' title='bbox 1625 2090 1782 2147; x_wconf 88' lang='lat' dir='ltr'><strong>atque</strong></span> <span class='ocrx_word' id='word_1_140' title='bbox 1811 2075 1876 2129; x_wconf 90' lang='lat' dir='ltr'><strong>ad</strong></span> <span class='ocrx_word' id='word_1_141' title='bbox 1906 2075 2132 2127; x_wconf 87' lang='lat' dir='ltr'><strong>immun-</strong></span> 
     </span>
    </p>
   </div>
   <div class='ocr_carea' id='block_1_20' title="bbox 566 2165 2128 2257">
    <p class='ocr_par' dir='ltr' id='par_1_20' title="bbox 566 2165 2128 2257">
     <span class='ocr_line' id='line_1_20' title="bbox 566 2165 2128 2257; baseline -0.02 -10"><span class='ocrx_word' id='word_1_142' title='bbox 566 2193 664 2246; x_wconf 90' lang='lat' dir='ltr'><strong>dos</strong></span> <span class='ocrx_word' id='word_1_143' title='bbox 712 2188 929 2257; x_wconf 89' lang='lat' dir='ltr'><strong>spiritus</strong></span> <span class='ocrx_word' id='word_1_144' title='bbox 981 2180 1232 2251; x_wconf 89' lang='lat' dir='ltr'><strong>spiritalis</strong></span> <span class='ocrx_word' id='word_1_145' title='bbox 1292 2173 1537 2230; x_wconf 86' lang='lat' dir='ltr'><strong>adulterii</strong></span> <span class='ocrx_word' id='word_1_146' title='bbox 1599 2181 1793 2239; x_wconf 81' lang='lat' dir='ltr'><strong>genere</strong></span> <span class='ocrx_word' id='word_1_147' title='bbox 1853 2165 2128 2218; x_wconf 86' lang='lat' dir='ltr'><strong>transitur.</strong></span> 
     </span>
    </p>
   </div>
   <div class='ocr_carea' id='block_1_21' title="bbox 567 2255 2131 2348">
    <p class='ocr_par' dir='ltr' id='par_1_21' title="bbox 567 2255 2131 2348">
     <span class='ocr_line' id='line_1_21' title="bbox 567 2255 2131 2348; baseline -0.021 -11"><span class='ocrx_word' id='word_1_148' title='bbox 567 2277 839 2348; x_wconf 78' lang='lat' dir='ltr'><strong>Quomodo</strong></span> <span class='ocrx_word' id='word_1_149' title='bbox 866 2282 1040 2328; x_wconf 88' lang='lat' dir='ltr'><strong>aotem</strong></span> <span class='ocrx_word' id='word_1_150' title='bbox 1073 2284 1174 2324; x_wconf 92' lang='lat' dir='ltr'><strong>non</strong></span> <span class='ocrx_word' id='word_1_151' title='bbox 1206 2269 1258 2320; x_wconf 89' lang='lat' dir='ltr'><strong>in</strong></span> <span class='ocrx_word' id='word_1_152' title='bbox 1288 2265 1420 2318; x_wconf 88' lang='lat' dir='ltr'><strong>hanc</strong></span> <span class='ocrx_word' id='word_1_153' title='bbox 1449 2268 1647 2331; x_wconf 86' lang='lat' dir='ltr'><strong>partem</strong></span> <span class='ocrx_word' id='word_1_154' title='bbox 1679 2255 1866 2311; x_wconf 89' lang='lat' dir='ltr'><strong>recidit</strong></span> <span class='ocrx_word' id='word_1_155' title='bbox 1894 2255 1979 2322; x_wconf 93' lang='lat' dir='ltr'><strong>qui</strong></span> <span class='ocrx_word' id='word_1_156' title='bbox 2012 2267 2131 2306; x_wconf 87' lang='lat' dir='ltr'><strong>cum</strong></span> 
     </span>
    </p>
   </div>
   <div class='ocr_carea' id='block_1_22' title="bbox 571 2344 2131 2429">
    <p class='ocr_par' dir='ltr' id='par_1_22' title="bbox 571 2344 2131 2429">
     <span class='ocr_line' id='line_1_22' title="bbox 571 2344 2131 2429; baseline -0.023 0"><span class='ocrx_word' id='word_1_157' title='bbox 571 2344 630 2429; x_wconf 32' lang='lat' dir='ltr'><strong>sie</strong></span> <span class='ocrx_word' id='word_1_158' title='bbox 654 2368 1010 2426; x_wconf 84' lang='lat' dir='ltr'><strong>Christianum</strong></span> <span class='ocrx_word' id='word_1_159' title='bbox 1045 2359 1211 2416; x_wconf 75' lang='lat' dir='ltr'><strong>videri</strong></span> <span class='ocrx_word' id='word_1_160' title='bbox 1239 2355 1363 2412; x_wconf 80' lang='lat' dir='ltr'><strong>velit</strong></span> <span class='ocrx_word' id='word_1_161' title='bbox 1388 2394 1402 2419; x_wconf 93' lang='lat'><strong>,</strong></span> <span class='ocrx_word' id='word_1_162' title='bbox 1433 2361 1483 2407; x_wconf 92' lang='lat' dir='ltr'><strong>et</strong></span> <span class='ocrx_word' id='word_1_163' title='bbox 1513 2349 1823 2419; x_wconf 74' lang='lat' dir='ltr'><strong>profiteatur</strong></span> <span class='ocrx_word' id='word_1_164' title='bbox 1842 2388 1856 2410; x_wconf 97' lang='lat'><strong>,</strong></span> <span class='ocrx_word' id='word_1_165' title='bbox 1891 2352 1944 2399; x_wconf 90' lang='lat' dir='ltr'><strong>et</strong></span> <span class='ocrx_word' id='word_1_166' title='bbox 1972 2344 2131 2406; x_wconf 83' lang='lat' dir='ltr'><strong>dicat,</strong></span> 
     </span>
    </p>
   </div>
   <div class='ocr_carea' id='block_1_23' title="bbox 577 2436 2136 2533">
    <p class='ocr_par' dir='ltr' id='par_1_23' title="bbox 577 2436 2136 2533">
     <span class='ocr_line' id='line_1_23' title="bbox 577 2436 2136 2533; baseline -0.023 -15"><span class='ocrx_word' id='word_1_167' title='bbox 577 2463 751 2533; x_wconf 83' lang='lat' dir='ltr'><strong>palam</strong></span> <span class='ocrx_word' id='word_1_168' title='bbox 779 2469 952 2513; x_wconf 87' lang='lat' dir='ltr'><strong>tamen</strong></span> <span class='ocrx_word' id='word_1_169' title='bbox 982 2451 1292 2523; x_wconf 89' lang='lat' dir='ltr'><strong>publiceque</strong></span> <span class='ocrx_word' id='word_1_170' title='bbox 1319 2442 1606 2513; x_wconf 65' lang='lat' dir='ltr'><strong>praedicare</strong></span> <span class='ocrx_word' id='word_1_171' title='bbox 1635 2454 1738 2492; x_wconf 91' lang='lat' dir='ltr'><strong>non</strong></span> <span class='ocrx_word' id='word_1_172' title='bbox 1771 2436 2004 2495; x_wconf 87' lang='lat' dir='ltr'><strong>horreat,</strong></span> <span class='ocrx_word' id='word_1_173' title='bbox 2034 2443 2136 2484; x_wconf 91' lang='lat' dir='ltr'><strong>non</strong></span> 
     </span>
    </p>
   </div>
   <div class='ocr_carea' id='block_1_24' title="bbox 575 2521 2140 2620">
    <p class='ocr_par' dir='ltr' id='par_1_24' title="bbox 575 2521 2140 2620">
     <span class='ocr_line' id='line_1_24' title="bbox 575 2521 2140 2620; baseline -0.024 -12"><span class='ocrx_word' id='word_1_174' title='bbox 575 2521 818 2620; x_wconf 69' lang='lat' dir='ltr'><strong>refugiat,</strong></span> <span class='ocrx_word' id='word_1_175' title='bbox 851 2560 956 2600; x_wconf 89' lang='lat' dir='ltr'><strong>non</strong></span> <span class='ocrx_word' id='word_1_176' title='bbox 986 2521 1265 2611; x_wconf 83' lang='lat' dir='ltr'><strong>pavescat,</strong></span> <span class='ocrx_word' id='word_1_177' title='bbox 1297 2534 1416 2589; x_wconf 81' lang='lat' dir='ltr'><strong>ideo</strong></span> <span class='ocrx_word' id='word_1_178' title='bbox 1445 2530 1660 2585; x_wconf 90' lang='lat' dir='ltr'><strong>morbos</strong></span> <span class='ocrx_word' id='word_1_179' title='bbox 1689 2525 1850 2595; x_wconf 85' lang='lat' dir='ltr'><strong>gigni,</strong></span> <span class='ocrx_word' id='word_1_180' title='bbox 1879 2523 1997 2592; x_wconf 88' lang='lat' dir='ltr'><strong>quia</strong></span> <span class='ocrx_word' id='word_1_181' title='bbox 2030 2521 2140 2574; x_wconf 70' lang='lat' dir='ltr'><strong>dte-</strong></span> 
     </span>
    </p>
   </div>
   <div class='ocr_carea' id='block_1_25' title="bbox 575 2609 2144 2700">
    <p class='ocr_par' dir='ltr' id='par_1_25' title="bbox 575 2609 2144 2700">
     <span class='ocr_line' id='line_1_25' title="bbox 575 2609 2144 2700; baseline -0.024 0"><span class='ocrx_word' id='word_1_182' title='bbox 575 2643 750 2700; x_wconf 89' lang='lat' dir='ltr'><strong>monia</strong></span> <span class='ocrx_word' id='word_1_183' title='bbox 781 2655 883 2694; x_wconf 93' lang='lat' dir='ltr'><strong>non</strong></span> <span class='ocrx_word' id='word_1_184' title='bbox 911 2638 1153 2691; x_wconf 89' lang='lat' dir='ltr'><strong>colantur</strong></span> <span class='ocrx_word' id='word_1_185' title='bbox 1177 2669 1192 2693; x_wconf 91' lang='lat'><strong>,</strong></span> <span class='ocrx_word' id='word_1_186' title='bbox 1219 2639 1274 2682; x_wconf 89' lang='lat' dir='ltr'><strong>et</strong></span> <span class='ocrx_word' id='word_1_187' title='bbox 1316 2627 1417 2680; x_wconf 90' lang='lat' dir='ltr'><strong>deo</strong></span> <span class='ocrx_word' id='word_1_188' title='bbox 1450 2619 1734 2676; x_wconf 84' lang='lat' dir='ltr'><strong>Februario</strong></span> <span class='ocrx_word' id='word_1_189' title='bbox 1767 2631 1871 2671; x_wconf 93' lang='lat' dir='ltr'><strong>non</strong></span> <span class='ocrx_word' id='word_1_190' title='bbox 1921 2609 2144 2666; x_wconf 88' lang='lat' dir='ltr'><strong>litetur?</strong></span> 
     </span>
    </p>
   </div>
   <div class='ocr_carea' id='block_1_26' title="bbox 576 2701 2145 2788">
    <p class='ocr_par' dir='ltr' id='par_1_26' title="bbox 576 2701 2145 2788">
     <span class='ocr_line' id='line_1_26' title="bbox 576 2701 2145 2788; baseline -0.024 1"><span class='ocrx_word' id='word_1_191' title='bbox 576 2734 742 2788; x_wconf 79' lang='lat' dir='ltr'><strong>Video</strong></span> <span class='ocrx_word' id='word_1_192' title='bbox 788 2728 875 2783; x_wconf 91' lang='lat' dir='ltr'><strong>ubi</strong></span> <span class='ocrx_word' id='word_1_193' title='bbox 924 2726 1036 2779; x_wconf 69' lang='lat' dir='ltr'><strong>baac</strong></span> <span class='ocrx_word' id='word_1_194' title='bbox 1077 2721 1420 2775; x_wconf 69' lang='lat' dir='ltr'><strong>deiiramenta</strong></span> <span class='ocrx_word' id='word_1_195' title='bbox 1461 2708 1802 2779; x_wconf 71' lang='lat' dir='ltr'><strong>compererit.</strong></span> <span class='ocrx_word' id='word_1_196' title='bbox 1869 2701 2145 2770; x_wconf 85' lang='lat' dir='ltr'><strong>Quomodo</strong></span> 
     </span>
    </p>
   </div>
   <div class='ocr_carea' id='block_1_27' title="bbox 581 2790 2147 2891">
    <p class='ocr_par' dir='ltr' id='par_1_27' title="bbox 581 2790 2147 2891">
     <span class='ocr_line' id='line_1_27' title="bbox 581 2790 2147 2891; baseline -0.02 -18"><span class='ocrx_word' id='word_1_197' title='bbox 581 2820 953 2891; x_wconf 66' lang='lat' dir='ltr'><strong>praevaricator</strong></span> <span class='ocrx_word' id='word_1_198' title='bbox 981 2828 1084 2866; x_wconf 91' lang='lat' dir='ltr'><strong>non</strong></span> <span class='ocrx_word' id='word_1_199' title='bbox 1124 2821 1199 2864; x_wconf 80' lang='lat' dir='ltr'><strong>eat</strong></span> <span class='ocrx_word' id='word_1_200' title='bbox 1231 2806 1317 2875; x_wconf 88' lang='lat' dir='ltr'><strong>qui</strong></span> <span class='ocrx_word' id='word_1_201' title='bbox 1344 2805 1396 2858; x_wconf 93' lang='lat' dir='ltr'><strong>in</strong></span> <span class='ocrx_word' id='word_1_202' title='bbox 1424 2803 1518 2856; x_wconf 91' lang='lat' dir='ltr'><strong>has</strong></span> <span class='ocrx_word' id='word_1_203' title='bbox 1545 2795 1884 2866; x_wconf 70' lang='lat' dir='ltr'><strong>blasphemia:</strong></span> <span class='ocrx_word' id='word_1_204' title='bbox 1919 2790 2147 2860; x_wconf 82' lang='lat' dir='ltr'><strong>profani-</strong></span> 
     </span>
    </p>
   </div>
   <div class='ocr_carea' id='block_1_28' title="bbox 577 2885 2148 2971">
    <p class='ocr_par' dir='ltr' id='par_1_28' title="bbox 577 2885 2148 2971">
     <span class='ocr_line' id='line_1_28' title="bbox 577 2885 2148 2971; baseline -0.024 -3"><span class='ocrx_word' id='word_1_205' title='bbox 577 2922 711 2967; x_wconf 70' lang='lat' dir='ltr'><strong>tates</strong></span> <span class='ocrx_word' id='word_1_206' title='bbox 757 2904 1014 2964; x_wconf 81' lang='lat' dir='ltr'><strong>incurrit?</strong></span> <span class='ocrx_word' id='word_1_207' title='bbox 1059 2897 1325 2971; x_wconf 89' lang='lat' dir='ltr'><strong>quomodo</strong></span> <span class='ocrx_word' id='word_1_208' title='bbox 1373 2893 1659 2960; x_wconf 85' lang='lat' dir='ltr'><strong>sacrilegus</strong></span> <span class='ocrx_word' id='word_1_209' title='bbox 1705 2901 1808 2939; x_wconf 92' lang='lat' dir='ltr'><strong>non</strong></span> <span class='ocrx_word' id='word_1_210' title='bbox 1856 2885 2148 2937; x_wconf 66' lang='lat' dir='ltr'><strong>aestimetur</strong></span> 
     </span>
    </p>
   </div>
   <div class='ocr_carea' id='block_1_29' title="bbox 580 2981 2148 3072">
    <p class='ocr_par' dir='ltr' id='par_1_29' title="bbox 580 2981 2148 3072">
     <span class='ocr_line' id='line_1_29' title="bbox 580 2981 2148 3072; baseline -0.022 -16"><span class='ocrx_word' id='word_1_211' title='bbox 580 3002 688 3072; x_wconf 78' lang='lat' dir='ltr'><strong>qui,</strong></span> <span class='ocrx_word' id='word_1_212' title='bbox 711 3000 946 3067; x_wconf 85' lang='lat' dir='ltr'><strong>abjurata</strong></span> <span class='ocrx_word' id='word_1_213' title='bbox 974 2993 1127 3046; x_wconf 89' lang='lat' dir='ltr'><strong>unius</strong></span> <span class='ocrx_word' id='word_1_214' title='bbox 1149 2987 1242 3042; x_wconf 90' lang='lat' dir='ltr'><strong>Dei</strong></span> <span class='ocrx_word' id='word_1_215' title='bbox 1279 2981 1601 3054; x_wconf 85' lang='lat' dir='ltr'><strong>providentia</strong></span> <span class='ocrx_word' id='word_1_216' title='bbox 1625 2987 1678 3033; x_wconf 92' lang='lat' dir='ltr'><strong>et</strong></span> <span class='ocrx_word' id='word_1_217' title='bbox 1701 2982 1962 3046; x_wconf 77' lang='lat' dir='ltr'><strong>potestate</strong></span> <span class='ocrx_word' id='word_1_218' title='bbox 1991 2985 2148 3040; x_wconf 87' lang='lat' dir='ltr'><strong>quam</strong></span> 
     </span>
    </p>
   </div>
   <div class='ocr_carea' id='block_1_30' title="bbox 585 3067 2153 3150">
    <p class='ocr_par' dir='ltr' id='par_1_30' title="bbox 585 3067 2153 3150">
     <span class='ocr_line' id='line_1_30' title="bbox 585 3067 2153 3150; baseline -0.022 -2"><span class='ocrx_word' id='word_1_219' title='bbox 585 3092 862 3148; x_wconf 81' lang='lat' dir='ltr'><strong>confessus</strong></span> <span class='ocrx_word' id='word_1_220' title='bbox 891 3096 972 3140; x_wconf 89' lang='lat' dir='ltr'><strong>est</strong></span> <span class='ocrx_word' id='word_1_221' title='bbox 997 3127 1011 3149; x_wconf 91' lang='lat'><strong>,</strong></span> <span class='ocrx_word' id='word_1_222' title='bbox 1043 3081 1108 3136; x_wconf 90' lang='lat' dir='ltr'><strong>ad</strong></span> <span class='ocrx_word' id='word_1_223' title='bbox 1141 3077 1467 3150; x_wconf 86' lang='lat' dir='ltr'><strong>prodigiosas</strong></span> <span class='ocrx_word' id='word_1_224' title='bbox 1511 3067 1913 3141; x_wconf 88' lang='lat' dir='ltr'><strong>superstitiones</strong></span> <span class='ocrx_word' id='word_1_225' title='bbox 1941 3075 1993 3118; x_wconf 91' lang='lat' dir='ltr'><strong>et</strong></span> <span class='ocrx_word' id='word_1_226' title='bbox 2019 3075 2153 3116; x_wconf 87' lang='lat' dir='ltr'><strong>vana</strong></span> 
     </span>
    </p>
   </div>
   <div class='ocr_carea' id='block_1_31' title="bbox 585 3155 2154 3253">
    <p class='ocr_par' dir='ltr' id='par_1_31' title="bbox 585 3155 2154 3253">
     <span class='ocr_line' id='line_1_31' title="bbox 585 3155 2154 3253; baseline -0.021 -15"><span class='ocrx_word' id='word_1_227' title='bbox 585 3186 835 3253; x_wconf 83' lang='lat' dir='ltr'><strong>ﬁgmenta</strong></span> <span class='ocrx_word' id='word_1_228' title='bbox 877 3171 1180 3233; x_wconf 86' lang='lat' dir='ltr'><strong>seducitur?</strong></span> <span class='ocrx_word' id='word_1_229' title='bbox 1217 3166 1506 3224; x_wconf 88' lang='lat' dir='ltr'><strong>secundum</strong></span> <span class='ocrx_word' id='word_1_230' title='bbox 1536 3159 1844 3231; x_wconf 82' lang='lat' dir='ltr'><strong>Apostolum</strong></span> <span class='ocrx_word' id='word_1_231' title='bbox 1876 3157 2028 3225; x_wconf 84' lang='lat' dir='ltr'><strong>longe</strong></span> <span class='ocrx_word' id='word_1_232' title='bbox 2057 3155 2154 3207; x_wconf 79' lang='lat' dir='ltr'><strong>de-</strong></span> 
     </span>
    </p>
   </div>
   <div class='ocr_carea' id='block_1_32' title="bbox 585 3246 2156 3335">
    <p class='ocr_par' dir='ltr' id='par_1_32' title="bbox 585 3246 2156 3335">
     <span class='ocr_line' id='line_1_32' title="bbox 585 3246 2156 3335; baseline -0.021 -6"><span class='ocrx_word' id='word_1_233' title='bbox 585 3273 748 3329; x_wconf 81' lang='lat' dir='ltr'><strong>terius</strong></span> <span class='ocrx_word' id='word_1_234' title='bbox 777 3284 897 3324; x_wconf 89' lang='lat' dir='ltr'><strong>reus</strong></span> <span class='ocrx_word' id='word_1_235' title='bbox 921 3311 936 3335; x_wconf 92' lang='lat'><strong>,</strong></span> <span class='ocrx_word' id='word_1_236' title='bbox 975 3266 1200 3334; x_wconf 89' lang='lat' dir='ltr'><strong>jureque</strong></span> <span class='ocrx_word' id='word_1_237' title='bbox 1228 3254 1557 3312; x_wconf 89' lang='lat' dir='ltr'><strong>damnandus</strong></span> <span class='ocrx_word' id='word_1_238' title='bbox 1577 3291 1592 3318; x_wconf 93' lang='lat'><strong>,</strong></span> <span class='ocrx_word' id='word_1_239' title='bbox 1636 3249 1933 3306; x_wconf 85' lang='lat' dir='ltr'><strong>confessam</strong></span> <span class='ocrx_word' id='word_1_240' title='bbox 1960 3246 2156 3300; x_wconf 86' lang='lat' dir='ltr'><strong>verita-</strong></span> 
     </span>
    </p>
   </div>
   <div class='ocr_carea' id='block_1_33' title="bbox 587 3335 2153 3422">
    <p class='ocr_par' dir='ltr' id='par_1_33' title="bbox 587 3335 2153 3422">
     <span class='ocr_line' id='line_1_33' title="bbox 587 3335 2153 3422; baseline -0.02 -4"><span class='ocrx_word' id='word_1_241' title='bbox 587 3376 691 3419; x_wconf 85' lang='lat' dir='ltr'><strong>tem</strong></span> <span class='ocrx_word' id='word_1_242' title='bbox 716 3363 982 3419; x_wconf 82' lang='lat' dir='ltr'><strong>deserere,</strong></span> <span class='ocrx_word' id='word_1_243' title='bbox 1006 3366 1161 3422; x_wconf 91' lang='lat' dir='ltr'><strong>quam</strong></span> <span class='ocrx_word' id='word_1_244' title='bbox 1189 3352 1232 3403; x_wconf 90' lang='lat' dir='ltr'><strong>si</strong></span> <span class='ocrx_word' id='word_1_245' title='bbox 1261 3349 1312 3402; x_wconf 91' lang='lat' dir='ltr'><strong>in</strong></span> <span class='ocrx_word' id='word_1_246' title='bbox 1339 3360 1455 3401; x_wconf 88' lang='lat' dir='ltr'><strong>eam</strong></span> <span class='ocrx_word' id='word_1_247' title='bbox 1478 3343 1779 3398; x_wconf 88' lang='lat' dir='ltr'><strong>nullatenus</strong></span> <span class='ocrx_word' id='word_1_248' title='bbox 1801 3335 2113 3393; x_wconf 88' lang='lat' dir='ltr'><strong>credidisset</strong></span> <span class='ocrx_word' id='word_1_249' title='bbox 2138 3351 2153 3397; x_wconf 88' lang='lat'><strong>;</strong></span> 
     </span>
    </p>
   </div>
   <div class='ocr_carea' id='block_1_34' title="bbox 589 3425 2155 3523">
    <p class='ocr_par' dir='ltr' id='par_1_34' title="bbox 589 3425 2155 3523">
     <span class='ocr_line' id='line_1_34' title="bbox 589 3425 2155 3523; baseline -0.02 -15"><span class='ocrx_word' id='word_1_250' title='bbox 589 3453 837 3523; x_wconf 68' lang='lat' dir='ltr'><strong>quamvis</strong></span> <span class='ocrx_word' id='word_1_251' title='bbox 866 3447 1007 3501; x_wconf 87' lang='lat' dir='ltr'><strong>enim</strong></span> <span class='ocrx_word' id='word_1_252' title='bbox 1033 3441 1314 3500; x_wconf 88' lang='lat' dir='ltr'><strong>ridiculosa</strong></span> <span class='ocrx_word' id='word_1_253' title='bbox 1342 3441 1450 3492; x_wconf 76' lang='lat' dir='ltr'><strong>sint</strong></span> <span class='ocrx_word' id='word_1_254' title='bbox 1481 3435 1727 3504; x_wconf 90' lang='lat' dir='ltr'><strong>figmenta</strong></span> <span class='ocrx_word' id='word_1_255' title='bbox 1755 3445 1872 3500; x_wconf 65' lang='lat' dir='ltr'><strong>quae</strong></span> <span class='ocrx_word' id='word_1_256' title='bbox 1902 3425 2155 3496; x_wconf 86' lang='lat' dir='ltr'><strong>proferat,</strong></span> 
     </span>
    </p>
   </div>
   <div class='ocr_carea' id='block_1_35' title="bbox 593 3521 2161 3607">
    <p class='ocr_par' dir='ltr' id='par_1_35' title="bbox 593 3521 2161 3607">
     <span class='ocr_line' id='line_1_35' title="bbox 593 3521 2161 3607; baseline -0.02 -10"><span class='ocrx_word' id='word_1_257' title='bbox 593 3557 768 3597; x_wconf 88' lang='lat' dir='ltr'><strong>tamen</strong></span> <span class='ocrx_word' id='word_1_258' title='bbox 800 3543 907 3607; x_wconf 88' lang='lat' dir='ltr'><strong>ipse</strong></span> <span class='ocrx_word' id='word_1_259' title='bbox 927 3534 1142 3588; x_wconf 66' lang='lat' dir='ltr'><strong>affectus</strong></span> <span class='ocrx_word' id='word_1_260' title='bbox 1168 3539 1221 3584; x_wconf 86' lang='lat' dir='ltr'><strong>et</strong></span> <span class='ocrx_word' id='word_1_261' title='bbox 1245 3529 1486 3582; x_wconf 84' lang='lat' dir='ltr'><strong>voluntas</strong></span> <span class='ocrx_word' id='word_1_262' title='bbox 1513 3524 1566 3577; x_wconf 92' lang='lat' dir='ltr'><strong>in</strong></span> <span class='ocrx_word' id='word_1_263' title='bbox 1598 3521 1818 3576; x_wconf 88' lang='lat' dir='ltr'><strong>crimine</strong></span> <span class='ocrx_word' id='word_1_264' title='bbox 1846 3526 2016 3584; x_wconf 87' lang='lat' dir='ltr'><strong>est,et</strong></span> <span class='ocrx_word' id='word_1_265' title='bbox 2041 3528 2161 3582; x_wconf 82' lang='lat' dir='ltr'><strong>pro-</strong></span> 
     </span>
    </p>
   </div>
   <div class='ocr_carea' id='block_1_36' title="bbox 595 3603 2160 3696">
    <p class='ocr_par' dir='ltr' id='par_1_36' title="bbox 595 3603 2160 3696">
     <span class='ocr_line' id='line_1_36' title="bbox 595 3603 2160 3696; baseline -0.021 -7"><span class='ocrx_word' id='word_1_266' title='bbox 595 3635 758 3689; x_wconf 81' lang='lat' dir='ltr'><strong>fessio</strong></span> <span class='ocrx_word' id='word_1_267' title='bbox 788 3644 850 3684; x_wconf 89' lang='lat' dir='ltr'><strong>ac</strong></span> <span class='ocrx_word' id='word_1_268' title='bbox 879 3623 1180 3696; x_wconf 67' lang='lat' dir='ltr'><strong>praedicatio</strong></span> <span class='ocrx_word' id='word_1_269' title='bbox 1209 3621 1326 3689; x_wconf 86' lang='lat' dir='ltr'><strong>jure</strong></span> <span class='ocrx_word' id='word_1_270' title='bbox 1356 3613 1689 3677; x_wconf 87' lang='lat' dir='ltr'><strong>damnanda;</strong></span> <span class='ocrx_word' id='word_1_271' title='bbox 1733 3626 1794 3664; x_wconf 90' lang='lat' dir='ltr'><strong>ac</strong></span> <span class='ocrx_word' id='word_1_272' title='bbox 1824 3624 1916 3678; x_wconf 91' lang='lat' dir='ltr'><strong>per</strong></span> <span class='ocrx_word' id='word_1_273' title='bbox 1943 3607 2043 3660; x_wconf 91' lang='lat' dir='ltr'><strong>boc</strong></span> <span class='ocrx_word' id='word_1_274' title='bbox 2071 3603 2160 3673; x_wconf 88' lang='lat' dir='ltr'><strong>qui</strong></span> 
     </span>
    </p>
   </div>
   <div class='ocr_carea' id='block_1_37' title="bbox 596 3698 2163 3779">
    <p class='ocr_par' dir='ltr' id='par_1_37' title="bbox 596 3698 2163 3779">
     <span class='ocr_line' id='line_1_37' title="bbox 596 3698 2163 3779; baseline -0.019 0"><span class='ocrx_word' id='word_1_275' title='bbox 596 3728 649 3779; x_wconf 91' lang='lat' dir='ltr'><strong>in</strong></span> <span class='ocrx_word' id='word_1_276' title='bbox 676 3724 835 3776; x_wconf 89' lang='lat' dir='ltr'><strong>alium</strong></span> <span class='ocrx_word' id='word_1_277' title='bbox 867 3715 1184 3773; x_wconf 88' lang='lat' dir='ltr'><strong>sententiam</strong></span> <span class='ocrx_word' id='word_1_278' title='bbox 1229 3708 1584 3765; x_wconf 77' lang='lat' dir='ltr'><strong>damnationis</strong></span> <span class='ocrx_word' id='word_1_279' title='bbox 1623 3705 1736 3757; x_wconf 90' lang='lat' dir='ltr'><strong>vult</strong></span> <span class='ocrx_word' id='word_1_280' title='bbox 1773 3703 1887 3754; x_wconf 90' lang='lat' dir='ltr'><strong>sine</strong></span> <span class='ocrx_word' id='word_1_281' title='bbox 1913 3698 2163 3752; x_wconf 86' lang='lat' dir='ltr'><strong>dilatione</strong></span> 
     </span>
    </p>
   </div>
   <div class='ocr_carea' id='block_1_38' title="bbox 594 3794 2163 3886">
    <p class='ocr_par' dir='ltr' id='par_1_38' title="bbox 594 3794 2163 3886">
     <span class='ocr_line' id='line_1_38' title="bbox 594 3794 2163 3886; baseline -0.021 -15"><span class='ocrx_word' id='word_1_282' title='bbox 594 3813 853 3886; x_wconf 87' lang='lat' dir='ltr'><strong>proferri,</strong></span> <span class='ocrx_word' id='word_1_283' title='bbox 887 3812 938 3863; x_wconf 92' lang='lat' dir='ltr'><strong>in</strong></span> <span class='ocrx_word' id='word_1_284' title='bbox 969 3822 1072 3876; x_wconf 92' lang='lat' dir='ltr'><strong>quo</strong></span> <span class='ocrx_word' id='word_1_285' title='bbox 1104 3803 1260 3857; x_wconf 90' lang='lat' dir='ltr'><strong>alium</strong></span> <span class='ocrx_word' id='word_1_286' title='bbox 1288 3800 1525 3869; x_wconf 89' lang='lat' dir='ltr'><strong>judicat,</strong></span> <span class='ocrx_word' id='word_1_287' title='bbox 1557 3794 1897 3860; x_wconf 87' lang='lat' dir='ltr'><strong>semetipsum</strong></span> <span class='ocrx_word' id='word_1_288' title='bbox 1941 3803 1996 3841; x_wconf 87' lang='lat' dir='ltr'><strong>se</strong></span> <span class='ocrx_word' id='word_1_289' title='bbox 2037 3803 2163 3840; x_wconf 81' lang='lat' dir='ltr'><strong>eon-</strong></span> 
     </span>
    </p>
   </div>
   <div class='ocr_carea' id='block_1_39' title="bbox 595 3876 2166 3966">
    <p class='ocr_par' dir='ltr' id='par_1_39' title="bbox 595 3876 2166 3966">
     <span class='ocr_line' id='line_1_39' title="bbox 595 3876 2166 3966; baseline -0.021 -7"><span class='ocrx_word' id='word_1_290' title='bbox 595 3909 847 3961; x_wconf 89' lang='lat' dir='ltr'><strong>demnarc</strong></span> <span class='ocrx_word' id='word_1_291' title='bbox 891 3902 1198 3966; x_wconf 87' lang='lat' dir='ltr'><strong>cognoscat.</strong></span> <span class='ocrx_word' id='word_1_292' title='bbox 1251 3887 1494 3956; x_wconf 76' lang='lat' dir='ltr'><strong>Nunquid</strong></span> <span class='ocrx_word' id='word_1_293' title='bbox 1538 3885 1678 3938; x_wconf 84' lang='lat' dir='ltr'><strong>enim</strong></span> <span class='ocrx_word' id='word_1_294' title='bbox 1719 3880 1951 3950; x_wconf 64' lang='lat' dir='ltr'><strong>pontifex</strong></span> <span class='ocrx_word' id='word_1_295' title='bbox 1997 3876 2166 3929; x_wconf 80' lang='lat' dir='ltr'><strong>vindi-</strong></span> 
     </span>
    </p>
   </div>
   <div class='ocr_carea' id='block_1_40' title="bbox 597 3968 2168 4051">
    <p class='ocr_par' dir='ltr' id='par_1_40' title="bbox 597 3968 2168 4051">
     <span class='ocr_line' id='line_1_40' title="bbox 597 3968 2168 4051; baseline -0.019 -4"><span class='ocrx_word' id='word_1_296' title='bbox 597 4010 722 4048; x_wconf 79' lang='lat' dir='ltr'><strong>care</strong></span> <span class='ocrx_word' id='word_1_297' title='bbox 748 3992 904 4046; x_wconf 88' lang='lat' dir='ltr'><strong>debet</strong></span> <span class='ocrx_word' id='word_1_298' title='bbox 933 3991 983 4040; x_wconf 89' lang='lat' dir='ltr'><strong>in</strong></span> <span class='ocrx_word' id='word_1_299' title='bbox 1015 4000 1106 4040; x_wconf 88' lang='lat' dir='ltr'><strong>eos</strong></span> <span class='ocrx_word' id='word_1_300' title='bbox 1136 3983 1223 4051; x_wconf 92' lang='lat' dir='ltr'><strong>qui</strong></span> <span class='ocrx_word' id='word_1_301' title='bbox 1263 3979 1576 4034; x_wconf 80' lang='lat' dir='ltr'><strong>adulterium</strong></span> <span class='ocrx_word' id='word_1_302' title='bbox 1619 3972 1896 4041; x_wconf 86' lang='lat' dir='ltr'><strong>corporale</strong></span> <span class='ocrx_word' id='word_1_303' title='bbox 1925 3968 2168 4023; x_wconf 78' lang='lat' dir='ltr'><strong>commit-</strong></span> 
     </span>
    </p>
   </div>
   <div class='ocr_carea' id='block_1_41' title="bbox 602 4060 2167 4146">
    <p class='ocr_par' dir='ltr' id='par_1_41' title="bbox 602 4060 2167 4146">
     <span class='ocr_line' id='line_1_41' title="bbox 602 4060 2167 4146; baseline -0.019 -8"><span class='ocrx_word' id='word_1_304' title='bbox 602 4095 747 4146; x_wconf 91' lang='lat' dir='ltr'><strong>tunt,</strong></span> <span class='ocrx_word' id='word_1_305' title='bbox 775 4091 829 4135; x_wconf 91' lang='lat' dir='ltr'><strong>et</strong></span> <span class='ocrx_word' id='word_1_306' title='bbox 857 4081 910 4133; x_wconf 90' lang='lat' dir='ltr'><strong>in</strong></span> <span class='ocrx_word' id='word_1_307' title='bbox 936 4091 1028 4132; x_wconf 88' lang='lat' dir='ltr'><strong>eos</strong></span> <span class='ocrx_word' id='word_1_308' title='bbox 1056 4075 1146 4143; x_wconf 91' lang='lat' dir='ltr'><strong>qui</strong></span> <span class='ocrx_word' id='word_1_309' title='bbox 1174 4069 1506 4138; x_wconf 89' lang='lat' dir='ltr'><strong>sacrilegium</strong></span> <span class='ocrx_word' id='word_1_310' title='bbox 1526 4109 1539 4132; x_wconf 94' lang='lat'><strong>,</strong></span> <span class='ocrx_word' id='word_1_311' title='bbox 1577 4065 1627 4118; x_wconf 90' lang='lat' dir='ltr'><strong>id</strong></span> <span class='ocrx_word' id='word_1_312' title='bbox 1657 4074 1736 4118; x_wconf 89' lang='lat' dir='ltr'><strong>est</strong></span> <span class='ocrx_word' id='word_1_313' title='bbox 1767 4060 2167 4115; x_wconf 83' lang='lat' dir='ltr'><strong>fornicationem</strong></span> 
     </span>
    </p>
   </div>
   <div class='ocr_carea' id='block_1_42' title="bbox 605 4151 2173 4236">
    <p class='ocr_par' dir='ltr' id='par_1_42' title="bbox 605 4151 2173 4236">
     <span class='ocr_line' id='line_1_42' title="bbox 605 4151 2173 4236; baseline -0.017 -8"><span class='ocrx_word' id='word_1_314' title='bbox 605 4187 657 4230; x_wconf 82' lang='lat' dir='ltr'><strong>et</strong></span> <span class='ocrx_word' id='word_1_315' title='bbox 685 4170 1000 4229; x_wconf 76' lang='lat' dir='ltr'><strong>adulterium</strong></span> <span class='ocrx_word' id='word_1_316' title='bbox 1033 4163 1306 4236; x_wconf 88' lang='lat' dir='ltr'><strong>spirituale</strong></span> <span class='ocrx_word' id='word_1_317' title='bbox 1327 4171 1535 4232; x_wconf 87' lang='lat' dir='ltr'><strong>gerunt,</strong></span> <span class='ocrx_word' id='word_1_318' title='bbox 1561 4174 1662 4211; x_wconf 91' lang='lat' dir='ltr'><strong>non</strong></span> <span class='ocrx_word' id='word_1_319' title='bbox 1689 4156 1845 4210; x_wconf 89' lang='lat' dir='ltr'><strong>debet</strong></span> <span class='ocrx_word' id='word_1_320' title='bbox 1870 4151 2173 4206; x_wconf 85' lang='lat' dir='ltr'><strong>vindicare?</strong></span> 
     </span>
    </p>
   </div>
   <div class='ocr_carea' id='block_1_43' title="bbox 600 4245 2173 4330">
    <p class='ocr_par' dir='ltr' id='par_1_43' title="bbox 600 4245 2173 4330">
     <span class='ocr_line' id='line_1_43' title="bbox 600 4245 2173 4330; baseline -0.016 -10"><span class='ocrx_word' id='word_1_321' title='bbox 600 4267 788 4320; x_wconf 50' lang='lat' dir='ltr'><strong>Nonne</strong></span> <span class='ocrx_word' id='word_1_322' title='bbox 834 4261 947 4330; x_wconf 88' lang='lat' dir='ltr'><strong>ipse</strong></span> <span class='ocrx_word' id='word_1_323' title='bbox 997 4255 1284 4319; x_wconf 86' lang='lat' dir='ltr'><strong>Dominus,</strong></span> <span class='ocrx_word' id='word_1_324' title='bbox 1330 4267 1449 4304; x_wconf 89' lang='lat' dir='ltr'><strong>cum</strong></span> <span class='ocrx_word' id='word_1_325' title='bbox 1492 4248 1726 4302; x_wconf 87' lang='lat' dir='ltr'><strong>adultera</strong></span> <span class='ocrx_word' id='word_1_326' title='bbox 1773 4245 1836 4299; x_wconf 85' lang='lat' dir='ltr'><strong>ad</strong></span> <span class='ocrx_word' id='word_1_327' title='bbox 1881 4259 2003 4299; x_wconf 91' lang='lat' dir='ltr'><strong>eum</strong></span> <span class='ocrx_word' id='word_1_328' title='bbox 2031 4250 2173 4297; x_wconf 87' lang='lat' dir='ltr'><strong>esset</strong></span> 
     </span>
    </p>
   </div>
   <div class='ocr_carea' id='block_1_44' title="bbox 601 4332 2174 4417">
    <p class='ocr_par' dir='ltr' id='par_1_44' title="bbox 601 4332 2174 4417">
     <span class='ocr_line' id='line_1_44' title="bbox 601 4332 2174 4417; baseline -0.015 -7"><span class='ocrx_word' id='word_1_329' title='bbox 601 4355 865 4417; x_wconf 86' lang='lat' dir='ltr'><strong>adducta,</strong></span> <span class='ocrx_word' id='word_1_330' title='bbox 915 4345 1285 4403; x_wconf 84' lang='lat' dir='ltr'><strong>accusantibus</strong></span> <span class='ocrx_word' id='word_1_331' title='bbox 1330 4341 1462 4396; x_wconf 74' lang='lat' dir='ltr'><strong>dixit</strong></span> <span class='ocrx_word' id='word_1_332' title='bbox 1495 4358 1505 4391; x_wconf 92' lang='lat'>:</span> <span class='ocrx_word' id='word_1_333' title='bbox 1543 4339 1600 4393; x_wconf 91' lang='lat' dir='ltr'><strong>Si</strong></span> <span class='ocrx_word' id='word_1_334' title='bbox 1647 4339 1758 4405; x_wconf 84' lang='lat' dir='ltr'><strong>quis</strong></span> <span class='ocrx_word' id='word_1_335' title='bbox 1804 4350 2019 4389; x_wconf 72' lang='lat' dir='ltr'><strong>testrum</strong></span> <span class='ocrx_word' id='word_1_336' title='bbox 2067 4332 2174 4386; x_wconf 68' lang='lat' dir='ltr'><strong>sine</strong></span> 
     </span>
    </p>
   </div>
   <div class='ocr_carea' id='block_1_45' title="bbox 603 4424 2174 4514">
    <p class='ocr_par' dir='ltr' id='par_1_45' title="bbox 603 4424 2174 4514">
     <span class='ocr_line' id='line_1_45' title="bbox 603 4424 2174 4514; baseline -0.013 -16"><span class='ocrx_word' id='word_1_337' title='bbox 603 4453 806 4514; x_wconf 81' lang='lat' dir='ltr'><strong>peccato</strong></span> <span class='ocrx_word' id='word_1_338' title='bbox 832 4449 920 4500; x_wconf 79' lang='lat' dir='ltr'><strong>cst,</strong></span> <span class='ocrx_word' id='word_1_339' title='bbox 950 4438 1140 4508; x_wconf 81' lang='lat' dir='ltr'><strong>primus</strong></span> <span class='ocrx_word' id='word_1_340' title='bbox 1165 4436 1216 4486; x_wconf 85' lang='lat' dir='ltr'><strong>in</strong></span> <span class='ocrx_word' id='word_1_341' title='bbox 1244 4449 1350 4485; x_wconf 81' lang='lat' dir='ltr'><strong>eam</strong></span> <span class='ocrx_word' id='word_1_342' title='bbox 1380 4430 1600 4500; x_wconf 81' lang='lat' dir='ltr'><strong>lapidem</strong></span> <span class='ocrx_word' id='word_1_343' title='bbox 1629 4430 1788 4480; x_wconf 81' lang='lat' dir='ltr'><strong>mittat</strong></span> <span class='ocrx_word' id='word_1_344' title='bbox 1825 4424 2006 4495; x_wconf 83' lang='lat' dir='ltr'><strong>(Joan.</strong></span> <span class='ocrx_word' id='word_1_345' title='bbox 2037 4425 2174 4491; x_wconf 80' lang='lat' dir='ltr'><strong>viti).</strong></span> 
     </span>
    </p>
   </div>
   <div class='ocr_carea' id='block_1_46' title="bbox 605 4517 2176 4598">
    <p class='ocr_par' dir='ltr' id='par_1_46' title="bbox 605 4517 2176 4598">
     <span class='ocr_line' id='line_1_46' title="bbox 605 4517 2176 4598; baseline -0.012 -9"><span class='ocrx_word' id='word_1_346' title='bbox 605 4537 721 4590; x_wconf 88' lang='lat' dir='ltr'><strong>Non</strong></span> <span class='ocrx_word' id='word_1_347' title='bbox 744 4533 836 4597; x_wconf 89' lang='lat' dir='ltr'><strong>ait,</strong></span> <span class='ocrx_word' id='word_1_348' title='bbox 861 4532 903 4584; x_wconf 88' lang='lat' dir='ltr'><strong>si</strong></span> <span class='ocrx_word' id='word_1_349' title='bbox 926 4529 1044 4598; x_wconf 86' lang='lat' dir='ltr'><strong>quis</strong></span> <span class='ocrx_word' id='word_1_350' title='bbox 1067 4535 1296 4581; x_wconf 88' lang='lat' dir='ltr'><strong>vestrum</strong></span> <span class='ocrx_word' id='word_1_351' title='bbox 1321 4539 1424 4578; x_wconf 91' lang='lat' dir='ltr'><strong>non</strong></span> <span class='ocrx_word' id='word_1_352' title='bbox 1447 4523 1687 4574; x_wconf 85' lang='lat' dir='ltr'><strong>similiter</strong></span> <span class='ocrx_word' id='word_1_353' title='bbox 1711 4520 1915 4573; x_wconf 90' lang='lat' dir='ltr'><strong>adulter</strong></span> <span class='ocrx_word' id='word_1_354' title='bbox 1937 4529 2039 4582; x_wconf 73' lang='grc' dir='ltr'>εει,</span> <span class='ocrx_word' id='word_1_355' title='bbox 2061 4517 2176 4583; x_wconf 89' lang='lat' dir='ltr'><strong>sed,</strong></span> 
     </span>
    </p>
   </div>
   <div class='ocr_carea' id='block_1_47' title="bbox 604 4626 1388 4696">
    <p class='ocr_par' dir='ltr' id='par_1_47' title="bbox 604 4626 1388 4696">
     <span class='ocr_line' id='line_1_47' title="bbox 604 4626 1388 4696; baseline -0.017 -14"><span class='ocrx_word' id='word_1_356' title='bbox 604 4629 648 4682; x_wconf 88' lang='lat' dir='ltr'><strong>si</strong></span> <span class='ocrx_word' id='word_1_357' title='bbox 697 4627 809 4696; x_wconf 88' lang='lat' dir='ltr'><strong>quis</strong></span> <span class='ocrx_word' id='word_1_358' title='bbox 854 4628 961 4677; x_wconf 88' lang='lat' dir='ltr'><strong>sine</strong></span> <span class='ocrx_word' id='word_1_359' title='bbox 1006 4631 1208 4690; x_wconf 81' lang='lat' dir='ltr'><strong>peccato</strong></span> <span class='ocrx_word' id='word_1_360' title='bbox 1253 4626 1326 4670; x_wconf 80' lang='lat' dir='ltr'><strong>est</strong></span> <span class='ocrx_word' id='word_1_361' title='bbox 1371 4631 1388 4669; x_wconf 92' lang='lat'><strong><em>:</em></strong></span> 
     </span>
    </p>
   </div>
   <div class='ocr_carea' id='block_1_48' title="bbox 607 4702 2175 4787">
    <p class='ocr_par' dir='ltr' id='par_1_48' title="bbox 607 4702 2175 4787">
     <span class='ocr_line' id='line_1_48' title="bbox 607 4702 2175 4787; baseline -0.01 -16"><span class='ocrx_word' id='word_1_362' title='bbox 607 4719 830 4787; x_wconf 86' lang='lat' dir='ltr'><strong>quisque</strong></span> <span class='ocrx_word' id='word_1_363' title='bbox 851 4723 1067 4785; x_wconf 90' lang='lat' dir='ltr'><strong>peccato</strong></span> <span class='ocrx_word' id='word_1_364' title='bbox 1091 4712 1142 4764; x_wconf 93' lang='lat' dir='ltr'><strong>in</strong></span> <span class='ocrx_word' id='word_1_365' title='bbox 1171 4709 1387 4763; x_wconf 88' lang='lat' dir='ltr'><strong>alterius</strong></span> <span class='ocrx_word' id='word_1_366' title='bbox 1421 4705 1615 4775; x_wconf 90' lang='lat' dir='ltr'><strong>peccati</strong></span> <span class='ocrx_word' id='word_1_367' title='bbox 1643 4720 1789 4759; x_wconf 79' lang='lat' dir='ltr'><strong>reum</strong></span> <span class='ocrx_word' id='word_1_368' title='bbox 1820 4702 2041 4770; x_wconf 90' lang='lat' dir='ltr'><strong>lapidem</strong></span> <span class='ocrx_word' id='word_1_369' title='bbox 2070 4720 2175 4756; x_wconf 91' lang='lat' dir='ltr'><strong>nnn</strong></span> 
     </span>
    </p>
   </div>
   <div class='ocr_carea' id='block_1_49' title="bbox 611 4793 2176 4868">
    <p class='ocr_par' dir='ltr' id='par_1_49' title="bbox 611 4793 2176 4868">
     <span class='ocr_line' id='line_1_49' title="bbox 611 4793 2176 4868; baseline -0.011 -6"><span class='ocrx_word' id='word_1_370' title='bbox 611 4812 807 4862; x_wconf 87' lang='lat' dir='ltr'><strong>audeat</strong></span> <span class='ocrx_word' id='word_1_371' title='bbox 852 4809 1081 4860; x_wconf 79' lang='lat' dir='ltr'><strong>mittere.</strong></span> <span class='ocrx_word' id='word_1_372' title='bbox 1145 4801 1345 4868; x_wconf 85' lang='lat' dir='ltr'><strong>Quibus</strong></span> <span class='ocrx_word' id='word_1_373' title='bbox 1395 4808 1516 4852; x_wconf 91' lang='lat' dir='ltr'><strong>tunc</strong></span> <span class='ocrx_word' id='word_1_374' title='bbox 1570 4811 1663 4865; x_wconf 90' lang='lat' dir='ltr'><strong>pro</strong></span> <span class='ocrx_word' id='word_1_375' title='bbox 1711 4809 1804 4848; x_wconf 89' lang='lat' dir='ltr'><strong>sua</strong></span> <span class='ocrx_word' id='word_1_376' title='bbox 1854 4793 2176 4846; x_wconf 78' lang='lat' dir='ltr'><strong>Conscientia</strong></span> 
     </span>
    </p>
   </div>
   <div class='ocr_carea' id='block_1_50' title="bbox 610 4883 2179 4954">
    <p class='ocr_par' dir='ltr' id='par_1_50' title="bbox 610 4883 2179 4954">
     <span class='ocr_line' id='line_1_50' title="bbox 610 4883 2179 4954; baseline -0.01 -1"><span class='ocrx_word' id='word_1_377' title='bbox 610 4897 1002 4953; x_wconf 79' lang='lat' dir='ltr'><strong>discedentibus</strong></span> <span class='ocrx_word' id='word_1_378' title='bbox 1047 4891 1229 4948; x_wconf 89' lang='lat' dir='ltr'><strong>mundi</strong></span> <span class='ocrx_word' id='word_1_379' title='bbox 1279 4889 1522 4945; x_wconf 85' lang='lat' dir='ltr'><strong>Salvator</strong></span> <span class='ocrx_word' id='word_1_380' title='bbox 1564 4886 1797 4954; x_wconf 87' lang='lat' dir='ltr'><strong>adjecit:</strong></span> <span class='ocrx_word' id='word_1_381' title='bbox 1832 4883 2050 4946; x_wconf 75' lang='lat' dir='ltr'><strong>Mulier,</strong></span> <span class='ocrx_word' id='word_1_382' title='bbox 2095 4884 2179 4937; x_wconf 79' lang='lat' dir='ltr'><strong>ubi</strong></span> 
     </span>
    </p>
   </div>
   <div class='ocr_carea' id='block_1_51' title="bbox 612 4979 2178 5048">
    <p class='ocr_par' dir='ltr' id='par_1_51' title="bbox 612 4979 2178 5048">
     <span class='ocr_line' id='line_1_51' title="bbox 612 4979 2178 5048; baseline -0.009 -3"><span class='ocrx_word' id='word_1_383' title='bbox 612 5001 730 5046; x_wconf 83' lang='lat' dir='ltr'><strong>sunt</strong></span> <span class='ocrx_word' id='word_1_384' title='bbox 759 4997 1074 5042; x_wconf 82' lang='lat' dir='ltr'><strong>accusatores</strong></span> <span class='ocrx_word' id='word_1_385' title='bbox 1105 4986 1219 5038; x_wconf 86' lang='lat' dir='ltr'><strong>tui?</strong></span> <span class='ocrx_word' id='word_1_386' title='bbox 1255 4998 1398 5037; x_wconf 84' lang='lat' dir='ltr'><strong>nemo</strong></span> <span class='ocrx_word' id='word_1_387' title='bbox 1433 4992 1477 5035; x_wconf 84' lang='lat' dir='ltr'><strong>te</strong></span> <span class='ocrx_word' id='word_1_388' title='bbox 1507 4979 1875 5040; x_wconf 75' lang='lat' dir='ltr'><strong>condemnavit,</strong></span> <span class='ocrx_word' id='word_1_389' title='bbox 1906 4993 1994 5030; x_wconf 84' lang='lat' dir='ltr'><strong>nec</strong></span> <span class='ocrx_word' id='word_1_390' title='bbox 2018 4994 2107 5048; x_wconf 79' lang='lat' dir='ltr'><strong>ego</strong></span> <span class='ocrx_word' id='word_1_391' title='bbox 2133 4989 2178 5031; x_wconf 84' lang='lat' dir='ltr'><strong>te</strong></span> 
     </span>
    </p>
   </div>
   <div class='ocr_carea' id='block_1_52' title="bbox 614 5070 2184 5144">
    <p class='ocr_par' dir='ltr' id='par_1_52' title="bbox 614 5070 2184 5144">
     <span class='ocr_line' id='line_1_52' title="bbox 614 5070 2184 5144; baseline -0.008 -9"><span class='ocrx_word' id='word_1_392' title='bbox 614 5083 1005 5144; x_wconf 82' lang='lat' dir='ltr'><strong>condemnabo;</strong></span> <span class='ocrx_word' id='word_1_393' title='bbox 1053 5077 1138 5132; x_wconf 82' lang='lat' dir='ltr'><strong>sed</strong></span> <span class='ocrx_word' id='word_1_394' title='bbox 1188 5075 1334 5142; x_wconf 73' lang='lat' dir='ltr'><strong>vade,</strong></span> <span class='ocrx_word' id='word_1_395' title='bbox 1377 5073 1588 5126; x_wconf 80' lang='lat' dir='ltr'><strong>ulterius</strong></span> <span class='ocrx_word' id='word_1_396' title='bbox 1643 5072 1757 5140; x_wconf 86' lang='lat' dir='ltr'><strong>jam</strong></span> <span class='ocrx_word' id='word_1_397' title='bbox 1820 5070 1922 5122; x_wconf 84' lang='lat' dir='ltr'><strong>noli</strong></span> <span class='ocrx_word' id='word_1_398' title='bbox 1979 5084 2184 5137; x_wconf 80' lang='lat' dir='ltr'><strong>pec.are</strong></span> 
     </span>
    </p>
   </div>
   <div class='ocr_carea' id='block_1_53' title="bbox 619 5157 2184 5242">
    <p class='ocr_par' dir='ltr' id='par_1_53' title="bbox 619 5157 2184 5242">
     <span class='ocr_line' id='line_1_53' title="bbox 619 5157 2184 5242; baseline -0.009 -16"><span class='ocrx_word' id='word_1_399' title='bbox 619 5172 812 5242; x_wconf 81' lang='lat' dir='ltr'><strong>(Ibid.)</strong></span> <span class='ocrx_word' id='word_1_400' title='bbox 839 5189 850 5222; x_wconf 93' lang='lat'>:</span> <span class='ocrx_word' id='word_1_401' title='bbox 882 5179 1028 5224; x_wconf 85' lang='lat' dir='ltr'><strong>tenes</strong></span> <span class='ocrx_word' id='word_1_402' title='bbox 1058 5177 1110 5223; x_wconf 86' lang='lat' dir='ltr'><strong>et</strong></span> <span class='ocrx_word' id='word_1_403' title='bbox 1138 5166 1367 5229; x_wconf 87' lang='lat' dir='ltr'><strong>teneris;</strong></span> <span class='ocrx_word' id='word_1_404' title='bbox 1399 5176 1576 5231; x_wconf 80' lang='lat' dir='ltr'><strong>urges,</strong></span> <span class='ocrx_word' id='word_1_405' title='bbox 1610 5159 1845 5228; x_wconf 89' lang='lat' dir='ltr'><strong>urgeris;</strong></span> <span class='ocrx_word' id='word_1_406' title='bbox 1876 5157 2184 5227; x_wconf 86' lang='lat' dir='ltr'><strong>obstringis,</strong></span> 
     </span>
    </p>
   </div>
   <div class='ocr_carea' id='block_1_54' title="bbox 618 5251 2189 5332">
    <p class='ocr_par' dir='ltr' id='par_1_54' title="bbox 618 5251 2189 5332">
     <span class='ocr_line' id='line_1_54' title="bbox 618 5251 2189 5332; baseline -0.007 -17"><span class='ocrx_word' id='word_1_407' title='bbox 618 5263 1006 5332; x_wconf 71' lang='lat' dir='ltr'><strong>obstringeris;</strong></span> <span class='ocrx_word' id='word_1_408' title='bbox 1062 5259 1318 5328; x_wconf 83' lang='lat' dir='ltr'><strong>pontificis</strong></span> <span class='ocrx_word' id='word_1_409' title='bbox 1360 5255 1747 5310; x_wconf 88' lang='lat' dir='ltr'><strong>discussioncm</strong></span> <span class='ocrx_word' id='word_1_410' title='bbox 1793 5253 2030 5322; x_wconf 84' lang='lat' dir='ltr'><strong>flagitas,</strong></span> <span class='ocrx_word' id='word_1_411' title='bbox 2072 5251 2189 5304; x_wconf 88' lang='lat' dir='ltr'><strong>vin-</strong></span> 
     </span>
    </p>
   </div>
   <div class='ocr_carea' id='block_1_55' title="bbox 621 5342 2189 5424">
    <p class='ocr_par' dir='ltr' id='par_1_55' title="bbox 621 5342 2189 5424">
     <span class='ocr_line' id='line_1_55' title="bbox 621 5342 2189 5424; baseline -0.01 -14"><span class='ocrx_word' id='word_1_412' title='bbox 621 5356 923 5424; x_wconf 84' lang='lat' dir='ltr'><strong>dictamque</strong></span> <span class='ocrx_word' id='word_1_413' title='bbox 970 5350 1233 5417; x_wconf 87' lang='lat' dir='ltr'><strong>deposcis.</strong></span> <span class='ocrx_word' id='word_1_414' title='bbox 1284 5347 1548 5402; x_wconf 78' lang='lat' dir='ltr'><strong>Memento</strong></span> <span class='ocrx_word' id='word_1_415' title='bbox 1601 5344 1652 5397; x_wconf 92' lang='lat' dir='ltr'><strong>in</strong></span> <span class='ocrx_word' id='word_1_416' title='bbox 1702 5342 1979 5396; x_wconf 87' lang='lat' dir='ltr'><strong>adversum</strong></span> <span class='ocrx_word' id='word_1_417' title='bbox 2031 5355 2189 5396; x_wconf 92' lang='lat' dir='ltr'><strong>omne</strong></span> 
     </span>
    </p>
   </div>
   <div class='ocr_carea' id='block_1_56' title="bbox 623 5433 2188 5510">
    <p class='ocr_par' dir='ltr' id='par_1_56' title="bbox 623 5433 2188 5510">
     <span class='ocr_line' id='line_1_56' title="bbox 623 5433 2188 5510; baseline -0.009 -11"><span class='ocrx_word' id='word_1_418' title='bbox 623 5445 823 5499; x_wconf 88' lang='lat' dir='ltr'><strong>crimen</strong></span> <span class='ocrx_word' id='word_1_419' title='bbox 853 5455 971 5497; x_wconf 88' lang='lat' dir='ltr'><strong>esse</strong></span> <span class='ocrx_word' id='word_1_420' title='bbox 1002 5437 1394 5510; x_wconf 91' lang='lat' dir='ltr'><strong>proferendum.</strong></span> <span class='ocrx_word' id='word_1_421' title='bbox 1433 5433 1680 5504; x_wconf 86' lang='lat' dir='ltr'><strong>Nunquid</strong></span> <span class='ocrx_word' id='word_1_422' title='bbox 1721 5449 1824 5488; x_wconf 92' lang='lat' dir='ltr'><strong>non</strong></span> <span class='ocrx_word' id='word_1_423' title='bbox 1855 5433 2014 5487; x_wconf 91' lang='lat' dir='ltr'><strong>etiam</strong></span> <span class='ocrx_word' id='word_1_424' title='bbox 2045 5433 2188 5502; x_wconf 84' lang='lat' dir='ltr'><strong>leges</strong></span> 
     </span>
    </p>
   </div>
   <div class='ocr_carea' id='block_1_57' title="bbox 631 5523 2192 5597">
    <p class='ocr_par' dir='ltr' id='par_1_57' title="bbox 631 5523 2192 5597">
     <span class='ocr_line' id='line_1_57' title="bbox 631 5523 2192 5597; baseline -0.008 -9"><span class='ocrx_word' id='word_1_425' title='bbox 631 5539 870 5589; x_wconf 75' lang='lat' dir='ltr'><strong>human-.e</strong></span> <span class='ocrx_word' id='word_1_426' title='bbox 910 5531 1128 5593; x_wconf 90' lang='lat' dir='ltr'><strong>dicunt,</strong></span> <span class='ocrx_word' id='word_1_427' title='bbox 1159 5526 1298 5597; x_wconf 93' lang='lat' dir='ltr'><strong>quod</strong></span> <span class='ocrx_word' id='word_1_428' title='bbox 1331 5540 1450 5580; x_wconf 90' lang='lat' dir='ltr'><strong>reus</strong></span> <span class='ocrx_word' id='word_1_429' title='bbox 1477 5541 1624 5580; x_wconf 88' lang='lat' dir='ltr'><strong>reum</strong></span> <span class='ocrx_word' id='word_1_430' title='bbox 1653 5525 1825 5579; x_wconf 87' lang='lat' dir='ltr'><strong>facere</strong></span> <span class='ocrx_word' id='word_1_431' title='bbox 1855 5539 1962 5577; x_wconf 92' lang='lat' dir='ltr'><strong>non</strong></span> <span class='ocrx_word' id='word_1_432' title='bbox 1992 5523 2192 5591; x_wconf 71' lang='lat' dir='ltr'><strong>possit?</strong></span> 
     </span>
    </p>
   </div>
   <div class='ocr_carea' id='block_1_58' title="bbox 633 5614 2194 5687">
    <p class='ocr_par' dir='ltr' id='par_1_58' title="bbox 633 5614 2194 5687">
     <span class='ocr_line' id='line_1_58' title="bbox 633 5614 2194 5687; baseline -0.008 -9"><span class='ocrx_word' id='word_1_433' title='bbox 633 5625 896 5679; x_wconf 78' lang='lat' dir='ltr'><strong>chtncmn</strong></span> <span class='ocrx_word' id='word_1_434' title='bbox 950 5622 1085 5676; x_wconf 81' lang='lat' dir='ltr'><strong>vides</strong></span> <span class='ocrx_word' id='word_1_435' title='bbox 1137 5621 1189 5673; x_wconf 87' lang='lat' dir='ltr'><strong>in</strong></span> <span class='ocrx_word' id='word_1_436' title='bbox 1227 5618 1370 5672; x_wconf 82' lang='lat' dir='ltr'><strong>oculo</strong></span> <span class='ocrx_word' id='word_1_437' title='bbox 1418 5618 1626 5687; x_wconf 78' lang='lat' dir='ltr'><strong>fratris,</strong></span> <span class='ocrx_word' id='word_1_438' title='bbox 1677 5625 1725 5668; x_wconf 85' lang='lat' dir='ltr'><strong>et</strong></span> <span class='ocrx_word' id='word_1_439' title='bbox 1767 5617 1819 5671; x_wconf 81' lang='lat' dir='ltr'><strong>in</strong></span> <span class='ocrx_word' id='word_1_440' title='bbox 1864 5624 1950 5668; x_wconf 86' lang='lat' dir='ltr'><strong>tuo</strong></span> <span class='ocrx_word' id='word_1_441' title='bbox 2006 5614 2194 5666; x_wconf 81' lang='lat' dir='ltr'><strong>trabem</strong></span> 
     </span>
    </p>
   </div>
   <div class='ocr_carea' id='block_1_59' title="bbox 630 5707 2190 5786">
    <p class='ocr_par' dir='ltr' id='par_1_59' title="bbox 630 5707 2190 5786">
     <span class='ocr_line' id='line_1_59' title="bbox 630 5707 2190 5786; baseline -0.01 -14"><span class='ocrx_word' id='word_1_442' title='bbox 630 5736 729 5772; x_wconf 82' lang='lat' dir='ltr'><strong>non</strong></span> <span class='ocrx_word' id='word_1_443' title='bbox 785 5719 916 5770; x_wconf 69' lang='lat' dir='ltr'><strong>vides</strong></span> <span class='ocrx_word' id='word_1_444' title='bbox 977 5711 1209 5786; x_wconf 72' lang='lat' dir='ltr'><strong>(Matth.</strong></span> <span class='ocrx_word' id='word_1_445' title='bbox 1264 5709 1427 5780; x_wconf 83' lang='lat' dir='ltr'><strong>vti)?</strong></span> <span class='ocrx_word' id='word_1_446' title='bbox 1492 5708 1578 5774; x_wconf 91' lang='lat' dir='ltr'><strong>qui</strong></span> <span class='ocrx_word' id='word_1_447' title='bbox 1636 5707 1871 5761; x_wconf 74' lang='lat' dir='ltr'><strong>nimcbos</strong></span> <span class='ocrx_word' id='word_1_448' title='bbox 1926 5718 2145 5760; x_wconf 85' lang='lat' dir='ltr'><strong>accusas</strong></span> <span class='ocrx_word' id='word_1_449' title='bbox 2177 5747 2190 5772; x_wconf 93' lang='lat'><strong>,</strong></span> 
     </span>
    </p>
   </div>
   <div class='ocr_carea' id='block_1_60' title="bbox 630 5798 2193 5870">
    <p class='ocr_par' dir='ltr' id='par_1_60' title="bbox 630 5798 2193 5870">
     <span class='ocr_line' id='line_1_60' title="bbox 630 5798 2193 5870; baseline -0.008 -6"><span class='ocrx_word' id='word_1_450' title='bbox 630 5810 939 5866; x_wconf 67' lang='lat' dir='ltr'><strong>adulti-ium</strong></span> <span class='ocrx_word' id='word_1_451' title='bbox 1010 5807 1178 5869; x_wconf 87' lang='lat' dir='ltr'><strong>facis,</strong></span> <span class='ocrx_word' id='word_1_452' title='bbox 1235 5813 1287 5858; x_wconf 89' lang='lat' dir='ltr'><strong>et</strong></span> <span class='ocrx_word' id='word_1_453' title='bbox 1356 5800 1653 5870; x_wconf 83' lang='lat' dir='ltr'><strong>corporales</strong></span> <span class='ocrx_word' id='word_1_454' title='bbox 1706 5798 1976 5853; x_wconf 85' lang='lat' dir='ltr'><strong>adulteros</strong></span> <span class='ocrx_word' id='word_1_455' title='bbox 2035 5799 2193 5867; x_wconf 61' lang='lat' dir='ltr'><strong>Spiri-</strong></span> 
     </span>
    </p>
   </div>
   <div class='ocr_carea' id='block_1_61' title="bbox 1902 413 2458 481">
    <p class='ocr_par' dir='ltr' id='par_1_61' title="bbox 1902 413 2458 481">
     <span class='ocr_line' id='line_1_61' title="bbox 1902 413 2458 481; baseline -0.027 1"><span class='ocrx_word' id='word_1_456' title='bbox 1902 420 2166 481; x_wconf 80' lang='lat' dir='ltr'><strong>GELASll</strong></span> <span class='ocrx_word' id='word_1_457' title='bbox 2209 415 2404 471; x_wconf 60' lang='lat' dir='ltr'><strong>l‘APrE</strong></span> <span class='ocrx_word' id='word_1_458' title='bbox 2439 413 2458 466; x_wconf 90' lang='grc' dir='ltr'><strong>ι</strong></span> 
     </span>
    </p>
   </div>
   <div class='ocr_carea' id='block_1_62' title="bbox 3693 388 3786 440">
    <p class='ocr_par' dir='ltr' id='par_1_62' title="bbox 3693 388 3786 440">
     <span class='ocr_line' id='line_1_62' title="bbox 3693 388 3786 440; baseline -0.054 0"><span class='ocrx_word' id='word_1_459' title='bbox 3693 388 3786 440; x_wconf 69' lang='grc' dir='ltr'><strong>ΙΝ</strong></span> 
     </span>
    </p>
   </div>
   <div class='ocr_carea' id='block_1_63' title="bbox 2220 499 3796 582">
    <p class='ocr_par' dir='ltr' id='par_1_63' title="bbox 2220 499 3796 582">
     <span class='ocr_line' id='line_1_63' title="bbox 2220 499 3796 582; baseline -0.02 0"><span class='ocrx_word' id='word_1_460' title='bbox 2220 530 2372 582; x_wconf 71' lang='grc' dir='ltr'>ιιιαΙιε</span> <span class='ocrx_word' id='word_1_461' title='bbox 2408 523 2613 580; x_wconf 85' lang='lat' dir='ltr'><strong>adulter</strong></span> <span class='ocrx_word' id='word_1_462' title='bbox 2657 518 2916 575; x_wconf 72' lang='lat' dir='ltr'><strong>incessis?</strong></span> <span class='ocrx_word' id='word_1_463' title='bbox 2959 524 3103 572; x_wconf 85' lang='lat' dir='ltr'><strong>certe</strong></span> <span class='ocrx_word' id='word_1_464' title='bbox 3144 508 3527 568; x_wconf 74' lang='lat' dir='ltr'><strong>dissuasionem</strong></span> <span class='ocrx_word' id='word_1_465' title='bbox 3571 499 3750 571; x_wconf 83' lang='lat' dir='ltr'><strong>poscis</strong></span> <span class='ocrx_word' id='word_1_466' title='bbox 3777 512 3796 551; x_wconf 65' lang='lat'><strong>:‘</strong></span> 
     </span>
    </p>
   </div>
   <div class='ocr_carea' id='block_1_64' title="bbox 2218 590 3790 687">
    <p class='ocr_par' dir='ltr' id='par_1_64' title="bbox 2218 590 3790 687">
     <span class='ocr_line' id='line_1_64' title="bbox 2218 590 3790 687; baseline -0.02 -11"><span class='ocrx_word' id='word_1_467' title='bbox 2218 627 2376 676; x_wconf 84' lang='lat' dir='ltr'><strong>homo</strong></span> <span class='ocrx_word' id='word_1_468' title='bbox 2421 620 2682 687; x_wconf 86' lang='lat' dir='ltr'><strong>diligens,</strong></span> <span class='ocrx_word' id='word_1_469' title='bbox 2727 623 2967 668; x_wconf 85' lang='lat' dir='ltr'><strong>maturus</strong></span> <span class='ocrx_word' id='word_1_470' title='bbox 2993 655 3009 680; x_wconf 89' lang='lat'><strong>,</strong></span> <span class='ocrx_word' id='word_1_471' title='bbox 3060 606 3370 675; x_wconf 83' lang='lat' dir='ltr'><strong>religiosus,</strong></span> <span class='ocrx_word' id='word_1_472' title='bbox 3419 615 3526 654; x_wconf 92' lang='lat' dir='ltr'><strong>non</strong></span> <span class='ocrx_word' id='word_1_473' title='bbox 3570 595 3651 650; x_wconf 87' lang='lat' dir='ltr'><strong>vis</strong></span> <span class='ocrx_word' id='word_1_474' title='bbox 3696 590 3790 646; x_wconf 84' lang='lat' dir='ltr'><strong>aii-</strong></span> 
     </span>
    </p>
   </div>
   <div class='ocr_carea' id='block_1_65' title="bbox 2215 685 3793 783">
    <p class='ocr_par' dir='ltr' id='par_1_65' title="bbox 2215 685 3793 783">
     <span class='ocr_line' id='line_1_65' title="bbox 2215 685 3793 783; baseline -0.019 -16"><span class='ocrx_word' id='word_1_475' title='bbox 2215 729 2372 783; x_wconf 89' lang='lat' dir='ltr'><strong>quem</strong></span> <span class='ocrx_word' id='word_1_476' title='bbox 2431 712 2483 765; x_wconf 91' lang='lat' dir='ltr'><strong>in</strong></span> <span class='ocrx_word' id='word_1_477' title='bbox 2521 685 2772 763; x_wconf 36' lang='lat' dir='ltr'><strong>&#39;Ecclesia</strong></span> <span class='ocrx_word' id='word_1_478' title='bbox 2828 717 3093 773; x_wconf 87' lang='lat' dir='ltr'><strong>peccare,</strong></span> <span class='ocrx_word' id='word_1_479' title='bbox 3143 703 3449 768; x_wconf 83' lang='lat' dir='ltr'><strong>peccantem</strong></span> <span class='ocrx_word' id='word_1_480' title='bbox 3511 688 3663 756; x_wconf 91' lang='lat' dir='ltr'><strong>cupis</strong></span> <span class='ocrx_word' id='word_1_481' title='bbox 3709 685 3793 739; x_wconf 83' lang='lat' dir='ltr'><strong>di-</strong></span> 
     </span>
    </p>
   </div>
   <div class='ocr_carea' id='block_1_66' title="bbox 2217 777 3793 870">
    <p class='ocr_par' dir='ltr' id='par_1_66' title="bbox 2217 777 3793 870">
     <span class='ocr_line' id='line_1_66' title="bbox 2217 777 3793 870; baseline -0.02 -10"><span class='ocrx_word' id='word_1_482' title='bbox 2217 805 2359 859; x_wconf 87' lang='lat' dir='ltr'><strong>scuti</strong></span> <span class='ocrx_word' id='word_1_483' title='bbox 2389 812 2442 858; x_wconf 90' lang='lat' dir='ltr'><strong>et</strong></span> <span class='ocrx_word' id='word_1_484' title='bbox 2480 813 2651 870; x_wconf 65' lang='lat' dir='ltr'><strong>pinnae</strong></span> <span class='ocrx_word' id='word_1_485' title='bbox 2699 802 3086 864; x_wconf 89' lang='lat' dir='ltr'><strong>consequenter</strong></span> <span class='ocrx_word' id='word_1_486' title='bbox 3130 788 3330 852; x_wconf 88' lang='lat' dir='ltr'><strong>addici;</strong></span> <span class='ocrx_word' id='word_1_487' title='bbox 3364 793 3692 854; x_wconf 57' lang='lat' dir='ltr'><strong>quacunque</strong></span> <span class='ocrx_word' id='word_1_488' title='bbox 3742 777 3793 829; x_wconf 91' lang='lat' dir='ltr'><strong>in</strong></span> 
     </span>
    </p>
   </div>
   <div class='ocr_carea' id='block_1_67' title="bbox 2218 865 3791 960">
    <p class='ocr_par' dir='ltr' id='par_1_67' title="bbox 2218 865 3791 960">
     <span class='ocr_line' id='line_1_67' title="bbox 2218 865 3791 960; baseline -0.019 -13"><span class='ocrx_word' id='word_1_489' title='bbox 2218 895 2379 947; x_wconf 88' lang='lat' dir='ltr'><strong>alium</strong></span> <span class='ocrx_word' id='word_1_490' title='bbox 2403 865 2597 960; x_wconf 85' lang='lat' dir='ltr'><strong>promis</strong></span> <span class='ocrx_word' id='word_1_491' title='bbox 2619 896 2672 942; x_wconf 92' lang='lat' dir='ltr'><strong>et</strong></span> <span class='ocrx_word' id='word_1_492' title='bbox 2694 885 2747 940; x_wconf 91' lang='lat' dir='ltr'><strong>in</strong></span> <span class='ocrx_word' id='word_1_493' title='bbox 2767 896 2814 937; x_wconf 88' lang='lat' dir='ltr'><strong>te</strong></span> <span class='ocrx_word' id='word_1_494' title='bbox 2838 882 3073 954; x_wconf 85' lang='lat' dir='ltr'><strong>proferre</strong></span> <span class='ocrx_word' id='word_1_495' title='bbox 3091 877 3327 946; x_wconf 85' lang='lat' dir='ltr'><strong>cogeris;</strong></span> <span class='ocrx_word' id='word_1_496' title='bbox 3352 873 3454 928; x_wconf 89' lang='lat' dir='ltr'><strong>boc</strong></span> <span class='ocrx_word' id='word_1_497' title='bbox 3498 871 3640 926; x_wconf 89' lang='lat' dir='ltr'><strong>enim</strong></span> <span class='ocrx_word' id='word_1_498' title='bbox 3665 865 3791 920; x_wconf 85' lang='lat' dir='ltr'><strong>facit</strong></span> 
     </span>
    </p>
   </div>
   <div class='ocr_carea' id='block_1_68' title="bbox 2219 957 3793 1053">
    <p class='ocr_par' dir='ltr' id='par_1_68' title="bbox 2219 957 3793 1053">
     <span class='ocr_line' id='line_1_68' title="bbox 2219 957 3793 1053; baseline -0.019 -13"><span class='ocrx_word' id='word_1_499' title='bbox 2219 1001 2286 1040; x_wconf 90' lang='lat' dir='ltr'><strong>ne</strong></span> <span class='ocrx_word' id='word_1_500' title='bbox 2309 983 2530 1053; x_wconf 83' lang='lat' dir='ltr'><strong>segnitia</strong></span> <span class='ocrx_word' id='word_1_501' title='bbox 2554 977 2820 1050; x_wconf 83' lang='lat' dir='ltr'><strong>pontificis</strong></span> <span class='ocrx_word' id='word_1_502' title='bbox 2841 980 3122 1029; x_wconf 76' lang='lat' dir='ltr'><strong>accusetur</strong></span> <span class='ocrx_word' id='word_1_503' title='bbox 3143 979 3196 1023; x_wconf 90' lang='lat' dir='ltr'><strong>et</strong></span> <span class='ocrx_word' id='word_1_504' title='bbox 3217 965 3512 1022; x_wconf 88' lang='lat' dir='ltr'><strong>maculetur</strong></span> <span class='ocrx_word' id='word_1_505' title='bbox 3537 957 3793 1014; x_wconf 82' lang='lat' dir='ltr'><strong>Ecclesia.</strong></span> 
     </span>
    </p>
   </div>
   <div class='ocr_carea' id='block_1_69' title="bbox 2223 1045 3797 1141">
    <p class='ocr_par' dir='ltr' id='par_1_69' title="bbox 2223 1045 3797 1141">
     <span class='ocr_line' id='line_1_69' title="bbox 2223 1045 3797 1141; baseline -0.02 -12"><span class='ocrx_word' id='word_1_506' title='bbox 2223 1045 2399 1128; x_wconf 59' lang='lat' dir='ltr'><strong>Debet</strong></span> <span class='ocrx_word' id='word_1_507' title='bbox 2422 1045 2626 1141; x_wconf 32' lang='lat' dir='ltr'><strong>ergovet</strong></span> <span class='ocrx_word' id='word_1_508' title='bbox 2661 1064 2930 1134; x_wconf 86' lang='lat' dir='ltr'><strong>pontificis</strong></span> <span class='ocrx_word' id='word_1_509' title='bbox 2959 1064 3014 1116; x_wconf 91' lang='lat' dir='ltr'><strong>in</strong></span> <span class='ocrx_word' id='word_1_510' title='bbox 3044 1056 3292 1114; x_wconf 90' lang='lat' dir='ltr'><strong>omnibus</strong></span> <span class='ocrx_word' id='word_1_511' title='bbox 3325 1048 3621 1107; x_wconf 85' lang='lat' dir='ltr'><strong>malefactis</strong></span> <span class='ocrx_word' id='word_1_512' title='bbox 3652 1045 3797 1100; x_wconf 89' lang='lat' dir='ltr'><strong>solli-</strong></span> 
     </span>
    </p>
   </div>
   <div class='ocr_carea' id='block_1_70' title="bbox 2221 1136 3796 1219">
    <p class='ocr_par' dir='ltr' id='par_1_70' title="bbox 2221 1136 3796 1219">
     <span class='ocr_line' id='line_1_70' title="bbox 2221 1136 3796 1219; baseline -0.02 -1"><span class='ocrx_word' id='word_1_513' title='bbox 2221 1164 2400 1219; x_wconf 87' lang='lat' dir='ltr'><strong>citudo</strong></span> <span class='ocrx_word' id='word_1_514' title='bbox 2428 1171 2482 1216; x_wconf 89' lang='lat' dir='ltr'><strong>et</strong></span> <span class='ocrx_word' id='word_1_515' title='bbox 2512 1157 2766 1214; x_wconf 85' lang='lat' dir='ltr'><strong>severitas</strong></span> <span class='ocrx_word' id='word_1_516' title='bbox 2789 1170 2893 1207; x_wconf 90' lang='lat' dir='ltr'><strong>non</strong></span> <span class='ocrx_word' id='word_1_517' title='bbox 2922 1153 3134 1216; x_wconf 89' lang='lat' dir='ltr'><strong>deesse,</strong></span> <span class='ocrx_word' id='word_1_518' title='bbox 3161 1157 3215 1202; x_wconf 90' lang='lat' dir='ltr'><strong>et</strong></span> <span class='ocrx_word' id='word_1_519' title='bbox 3239 1146 3307 1200; x_wconf 90' lang='lat' dir='ltr'><strong>ab</strong></span> <span class='ocrx_word' id='word_1_520' title='bbox 3333 1140 3580 1197; x_wconf 90' lang='lat' dir='ltr'><strong>omnibus</strong></span> <span class='ocrx_word' id='word_1_521' title='bbox 3612 1136 3796 1190; x_wconf 82' lang='lat' dir='ltr'><strong>Eccle-</strong></span> 
     </span>
    </p>
   </div>
   <div class='ocr_carea' id='block_1_71' title="bbox 2223 1228 3798 1322">
    <p class='ocr_par' dir='ltr' id='par_1_71' title="bbox 2223 1228 3798 1322">
     <span class='ocr_line' id='line_1_71' title="bbox 2223 1228 3798 1322; baseline -0.022 -9"><span class='ocrx_word' id='word_1_522' title='bbox 2223 1261 2317 1314; x_wconf 61' lang='lat' dir='ltr'><strong>siae</strong></span> <span class='ocrx_word' id='word_1_523' title='bbox 2347 1259 2482 1310; x_wconf 86' lang='lat' dir='ltr'><strong>fama</strong></span> <span class='ocrx_word' id='word_1_524' title='bbox 2515 1250 2749 1322; x_wconf 87' lang='lat' dir='ltr'><strong>purgari.</strong></span> <span class='ocrx_word' id='word_1_525' title='bbox 2782 1247 2885 1302; x_wconf 91' lang='lat' dir='ltr'><strong>Sed</strong></span> <span class='ocrx_word' id='word_1_526' title='bbox 2916 1245 3066 1299; x_wconf 89' lang='lat' dir='ltr'><strong>dicas</strong></span> <span class='ocrx_word' id='word_1_527' title='bbox 3099 1241 3282 1296; x_wconf 88' lang='lat' dir='ltr'><strong>forsan</strong></span> <span class='ocrx_word' id='word_1_528' title='bbox 3311 1246 3363 1291; x_wconf 91' lang='lat' dir='ltr'><strong>te</strong></span> <span class='ocrx_word' id='word_1_529' title='bbox 3389 1234 3582 1288; x_wconf 85' lang='lat' dir='ltr'><strong>laicum</strong></span> <span class='ocrx_word' id='word_1_530' title='bbox 3602 1269 3616 1294; x_wconf 88' lang='lat'><strong>,</strong></span> <span class='ocrx_word' id='word_1_531' title='bbox 3649 1228 3798 1282; x_wconf 89' lang='lat' dir='ltr'><strong>illum</strong></span> 
     </span>
    </p>
   </div>
   <div class='ocr_carea' id='block_1_72' title="bbox 2227 1326 3800 1404">
    <p class='ocr_par' dir='ltr' id='par_1_72' title="bbox 2227 1326 3800 1404">
     <span class='ocr_line' id='line_1_72' title="bbox 2227 1326 3800 1404; baseline -0.022 -1"><span class='ocrx_word' id='word_1_532' title='bbox 2227 1345 2480 1402; x_wconf 67' lang='lat' dir='ltr'><strong>Ecclesiae</strong></span> <span class='ocrx_word' id='word_1_533' title='bbox 2525 1342 2856 1403; x_wconf 90' lang='lat' dir='ltr'><strong>ministrum;</strong></span> <span class='ocrx_word' id='word_1_534' title='bbox 2905 1348 3034 1404; x_wconf 89' lang='lat' dir='ltr'><strong>ergo</strong></span> <span class='ocrx_word' id='word_1_535' title='bbox 3082 1330 3296 1402; x_wconf 86' lang='lat' dir='ltr'><strong>gravius</strong></span> <span class='ocrx_word' id='word_1_536' title='bbox 3338 1326 3538 1381; x_wconf 89' lang='lat' dir='ltr'><strong>crimen</strong></span> <span class='ocrx_word' id='word_1_537' title='bbox 3570 1333 3800 1387; x_wconf 79' lang='lat' dir='ltr'><strong>exagge-</strong></span> 
     </span>
    </p>
   </div>
   <div class='ocr_carea' id='block_1_73' title="bbox 2227 1407 3802 1500">
    <p class='ocr_par' dir='ltr' id='par_1_73' title="bbox 2227 1407 3802 1500">
     <span class='ocr_line' id='line_1_73' title="bbox 2227 1407 3802 1500; baseline -0.021 -8"><span class='ocrx_word' id='word_1_538' title='bbox 2227 1452 2372 1492; x_wconf 89' lang='lat' dir='ltr'><strong>rans.</strong></span> <span class='ocrx_word' id='word_1_539' title='bbox 2403 1435 2601 1490; x_wconf 79' lang='lat' dir='ltr'><strong>Verum</strong></span> <span class='ocrx_word' id='word_1_540' title='bbox 2651 1430 2804 1491; x_wconf 80' lang='lat' dir='ltr'><strong>dicis,</strong></span> <span class='ocrx_word' id='word_1_541' title='bbox 2836 1441 2931 1480; x_wconf 90' lang='lat' dir='ltr'><strong>nec</strong></span> <span class='ocrx_word' id='word_1_542' title='bbox 2959 1437 3060 1500; x_wconf 78' lang='lat' dir='ltr'><strong>ego</strong></span> <span class='ocrx_word' id='word_1_543' title='bbox 3086 1420 3321 1475; x_wconf 85' lang='lat' dir='ltr'><strong>diffiteor</strong></span> <span class='ocrx_word' id='word_1_544' title='bbox 3366 1433 3379 1468; x_wconf 89' lang='lat'><strong>:</strong></span> <span class='ocrx_word' id='word_1_545' title='bbox 3427 1421 3573 1467; x_wconf 90' lang='lat' dir='ltr'><strong>tanto</strong></span> <span class='ocrx_word' id='word_1_546' title='bbox 3609 1407 3802 1462; x_wconf 89' lang='lat' dir='ltr'><strong>sollici-</strong></span> 
     </span>
    </p>
   </div>
   <div class='ocr_carea' id='block_1_74' title="bbox 2229 1506 3802 1585">
    <p class='ocr_par' dir='ltr' id='par_1_74' title="bbox 2229 1506 3802 1585">
     <span class='ocr_line' id='line_1_74' title="bbox 2229 1506 3802 1585; baseline -0.021 -2"><span class='ocrx_word' id='word_1_547' title='bbox 2229 1533 2336 1583; x_wconf 87' lang='lat' dir='ltr'><strong>tius</strong></span> <span class='ocrx_word' id='word_1_548' title='bbox 2365 1521 2753 1582; x_wconf 80' lang='lat' dir='ltr'><strong>cxaminandus</strong></span> <span class='ocrx_word' id='word_1_549' title='bbox 2782 1529 2887 1584; x_wconf 89' lang='lat' dir='ltr'><strong>est,</strong></span> <span class='ocrx_word' id='word_1_550' title='bbox 2915 1523 3115 1585; x_wconf 86' lang='lat' dir='ltr'><strong>quanto</strong></span> <span class='ocrx_word' id='word_1_551' title='bbox 3144 1510 3312 1578; x_wconf 87' lang='lat' dir='ltr'><strong>magis</strong></span> <span class='ocrx_word' id='word_1_552' title='bbox 3335 1506 3663 1577; x_wconf 90' lang='lat' dir='ltr'><strong>propinquus</strong></span> <span class='ocrx_word' id='word_1_553' title='bbox 3691 1508 3802 1561; x_wconf 90' lang='lat' dir='ltr'><strong>est;</strong></span> 
     </span>
    </p>
   </div>
   <div class='ocr_carea' id='block_1_75' title="bbox 2230 1595 3802 1687">
    <p class='ocr_par' dir='ltr' id='par_1_75' title="bbox 2230 1595 3802 1687">
     <span class='ocr_line' id='line_1_75' title="bbox 2230 1595 3802 1687; baseline -0.022 -11"><span class='ocrx_word' id='word_1_554' title='bbox 2230 1630 2376 1676; x_wconf 88' lang='lat' dir='ltr'><strong>tanto</strong></span> <span class='ocrx_word' id='word_1_555' title='bbox 2404 1619 2571 1687; x_wconf 87' lang='lat' dir='ltr'><strong>magis</strong></span> <span class='ocrx_word' id='word_1_556' title='bbox 2601 1629 2725 1670; x_wconf 92' lang='lat' dir='ltr'><strong>reus</strong></span> <span class='ocrx_word' id='word_1_557' title='bbox 2753 1619 2860 1678; x_wconf 66' lang='lat' dir='ltr'><strong>est,</strong></span> <span class='ocrx_word' id='word_1_558' title='bbox 2894 1615 3096 1678; x_wconf 86' lang='lat' dir='ltr'><strong>quanto</strong></span> <span class='ocrx_word' id='word_1_559' title='bbox 3133 1605 3185 1659; x_wconf 90' lang='lat' dir='ltr'><strong>in</strong></span> <span class='ocrx_word' id='word_1_560' title='bbox 3224 1603 3315 1656; x_wconf 91' lang='lat' dir='ltr'><strong>illo</strong></span> <span class='ocrx_word' id='word_1_561' title='bbox 3352 1595 3647 1654; x_wconf 89' lang='lat' dir='ltr'><strong>ministerio</strong></span> <span class='ocrx_word' id='word_1_562' title='bbox 3674 1606 3802 1645; x_wconf 88' lang='lat' dir='ltr'><strong>eon-</strong></span> 
     </span>
    </p>
   </div>
   <div class='ocr_carea' id='block_1_76' title="bbox 2229 1685 3800 1776">
    <p class='ocr_par' dir='ltr' id='par_1_76' title="bbox 2229 1685 3800 1776">
     <span class='ocr_line' id='line_1_76' title="bbox 2229 1685 3800 1776; baseline -0.021 -11"><span class='ocrx_word' id='word_1_563' title='bbox 2229 1712 2470 1776; x_wconf 90' lang='lat' dir='ltr'><strong>stitutus,</strong></span> <span class='ocrx_word' id='word_1_564' title='bbox 2492 1685 2545 1760; x_wconf 79' lang='lat' dir='ltr'><strong>et</strong></span> <span class='ocrx_word' id='word_1_565' title='bbox 2568 1705 2684 1758; x_wconf 79' lang='lat' dir='ltr'><strong>haec</strong></span> <span class='ocrx_word' id='word_1_566' title='bbox 2714 1703 2891 1756; x_wconf 85' lang='lat' dir='ltr'><strong>facere</strong></span> <span class='ocrx_word' id='word_1_567' title='bbox 2919 1695 3139 1752; x_wconf 68' lang='lat' dir='ltr'><strong>minime</strong></span> <span class='ocrx_word' id='word_1_568' title='bbox 3175 1690 3466 1747; x_wconf 86' lang='lat' dir='ltr'><strong>debuisset.</strong></span> <span class='ocrx_word' id='word_1_569' title='bbox 3500 1685 3639 1739; x_wconf 86' lang='lat' dir='ltr'><strong>Ecce</strong></span> <span class='ocrx_word' id='word_1_570' title='bbox 3675 1695 3800 1734; x_wconf 66' lang='lat' dir='ltr'><strong>crn-</strong></span> 
     </span>
    </p>
   </div>
   <div class='ocr_carea' id='block_1_77' title="bbox 2232 1770 3805 1855">
    <p class='ocr_par' dir='ltr' id='par_1_77' title="bbox 2232 1770 3805 1855">
     <span class='ocr_line' id='line_1_77' title="bbox 2232 1770 3805 1855; baseline -0.02 1"><span class='ocrx_word' id='word_1_571' title='bbox 2232 1815 2352 1855; x_wconf 91' lang='lat' dir='ltr'><strong>sura</strong></span> <span class='ocrx_word' id='word_1_572' title='bbox 2405 1814 2511 1853; x_wconf 93' lang='lat' dir='ltr'><strong>non</strong></span> <span class='ocrx_word' id='word_1_573' title='bbox 2562 1796 2713 1850; x_wconf 90' lang='lat' dir='ltr'><strong>deest</strong></span> <span class='ocrx_word' id='word_1_574' title='bbox 2757 1811 2769 1844; x_wconf 89' lang='lat'>:</span> <span class='ocrx_word' id='word_1_575' title='bbox 2813 1789 2934 1844; x_wconf 88' lang='lat' dir='ltr'><strong>audi</strong></span> <span class='ocrx_word' id='word_1_576' title='bbox 2979 1795 3031 1840; x_wconf 94' lang='lat' dir='ltr'><strong>tu</strong></span> <span class='ocrx_word' id='word_1_577' title='bbox 3063 1831 3075 1854; x_wconf 90' lang='lat'><strong>,</strong></span> <span class='ocrx_word' id='word_1_578' title='bbox 3119 1791 3174 1839; x_wconf 87' lang='lat' dir='ltr'><strong>et</strong></span> <span class='ocrx_word' id='word_1_579' title='bbox 3213 1782 3256 1837; x_wconf 89' lang='lat' dir='ltr'><strong>si</strong></span> <span class='ocrx_word' id='word_1_580' title='bbox 3301 1778 3580 1835; x_wconf 87' lang='lat' dir='ltr'><strong>convictus</strong></span> <span class='ocrx_word' id='word_1_581' title='bbox 3611 1770 3805 1830; x_wconf 87' lang='lat' dir='ltr'><strong>fuerit.</strong></span> 
     </span>
    </p>
   </div>
   <div class='ocr_carea' id='block_1_78' title="bbox 1856 1861 3808 1952">
    <p class='ocr_par' dir='ltr' id='par_1_78' title="bbox 1856 1861 3808 1952">
     <span class='ocr_line' id='line_1_78' title="bbox 1856 1861 3808 1952; baseline -0.017 -6"><span class='ocrx_word' id='word_1_582' title='bbox 1856 1889 2131 1946; x_wconf 88' lang='lat' dir='ltr'><strong>fornicatio</strong></span> <span class='ocrx_word' id='word_1_583' title='bbox 2165 1877 2206 1935; x_wconf 78' lang='grc' dir='ltr'><strong>Β</strong></span> <span class='ocrx_word' id='word_1_584' title='bbox 2236 1891 2479 1945; x_wconf 73' lang='lat' dir='ltr'><strong>vindicta:</strong></span> <span class='ocrx_word' id='word_1_585' title='bbox 2508 1889 2898 1952; x_wconf 88' lang='lat' dir='ltr'><strong>consequenter</strong></span> <span class='ocrx_word' id='word_1_586' title='bbox 2928 1875 3212 1933; x_wconf 90' lang='lat' dir='ltr'><strong>addicitur.</strong></span> <span class='ocrx_word' id='word_1_587' title='bbox 3244 1873 3351 1940; x_wconf 84' lang='lat' dir='ltr'><strong>Age</strong></span> <span class='ocrx_word' id='word_1_588' title='bbox 3385 1866 3545 1922; x_wconf 92' lang='lat' dir='ltr'><strong>modo</strong></span> <span class='ocrx_word' id='word_1_589' title='bbox 3573 1863 3696 1933; x_wconf 89' lang='lat' dir='ltr'><strong>quid</strong></span> <span class='ocrx_word' id='word_1_590' title='bbox 3732 1861 3808 1913; x_wconf 86' lang='lat' dir='ltr'><strong>vis</strong></span> 
     </span>
    </p>
   </div>
   <div class='ocr_carea' id='block_1_79' title="bbox 2235 1955 3807 2048">
    <p class='ocr_par' dir='ltr' id='par_1_79' title="bbox 2235 1955 3807 2048">
     <span class='ocr_line' id='line_1_79' title="bbox 2235 1955 3807 2048; baseline -0.022 -10"><span class='ocrx_word' id='word_1_591' title='bbox 2235 1984 2298 2038; x_wconf 92' lang='lat' dir='ltr'><strong>de</strong></span> <span class='ocrx_word' id='word_1_592' title='bbox 2330 1982 2415 2036; x_wconf 80' lang='lat' dir='ltr'><strong>te?</strong></span> <span class='ocrx_word' id='word_1_593' title='bbox 2452 1976 2697 2048; x_wconf 84' lang='lat' dir='ltr'><strong>Nunquid</strong></span> <span class='ocrx_word' id='word_1_594' title='bbox 2732 1974 2854 2043; x_wconf 88' lang='lat' dir='ltr'><strong>quia</strong></span> <span class='ocrx_word' id='word_1_595' title='bbox 2890 1973 2941 2024; x_wconf 91' lang='lat' dir='ltr'><strong>in</strong></span> <span class='ocrx_word' id='word_1_596' title='bbox 2973 1964 3270 2022; x_wconf 87' lang='lat' dir='ltr'><strong>ministerio</strong></span> <span class='ocrx_word' id='word_1_597' title='bbox 3291 1974 3443 2017; x_wconf 88' lang='lat' dir='ltr'><strong>sacro</strong></span> <span class='ocrx_word' id='word_1_598' title='bbox 3475 1972 3578 2010; x_wconf 89' lang='lat' dir='ltr'><strong>non</strong></span> <span class='ocrx_word' id='word_1_599' title='bbox 3611 1968 3699 2020; x_wconf 85' lang='lat' dir='ltr'><strong>es,</strong></span> <span class='ocrx_word' id='word_1_600' title='bbox 3755 1955 3807 2005; x_wconf 93' lang='lat' dir='ltr'><strong>in</strong></span> 
     </span>
    </p>
   </div>
   <div class='ocr_carea' id='block_1_80' title="bbox 2235 2050 3811 2145">
    <p class='ocr_par' dir='ltr' id='par_1_80' title="bbox 2235 2050 3811 2145">
     <span class='ocr_line' id='line_1_80' title="bbox 2235 2050 3811 2145; baseline -0.022 -15"><span class='ocrx_word' id='word_1_601' title='bbox 2235 2075 2390 2145; x_wconf 87' lang='lat' dir='ltr'><strong>plebe</strong></span> <span class='ocrx_word' id='word_1_602' title='bbox 2417 2086 2568 2126; x_wconf 89' lang='lat' dir='ltr'><strong>sacra</strong></span> <span class='ocrx_word' id='word_1_603' title='bbox 2619 2083 2722 2122; x_wconf 91' lang='lat' dir='ltr'><strong>non</strong></span> <span class='ocrx_word' id='word_1_604' title='bbox 2753 2065 2847 2120; x_wconf 83' lang='lat' dir='ltr'><strong>es?</strong></span> <span class='ocrx_word' id='word_1_605' title='bbox 2869 2063 2952 2116; x_wconf 84' lang='lat' dir='ltr'><strong>An</strong></span> <span class='ocrx_word' id='word_1_606' title='bbox 2977 2058 3152 2114; x_wconf 90' lang='lat' dir='ltr'><strong>nescis</strong></span> <span class='ocrx_word' id='word_1_607' title='bbox 3196 2063 3250 2110; x_wconf 86' lang='lat' dir='ltr'><strong>et</strong></span> <span class='ocrx_word' id='word_1_608' title='bbox 3273 2063 3323 2108; x_wconf 88' lang='lat' dir='ltr'><strong>te</strong></span> <span class='ocrx_word' id='word_1_609' title='bbox 3355 2050 3653 2104; x_wconf 86' lang='lat' dir='ltr'><strong>membrum</strong></span> <span class='ocrx_word' id='word_1_610' title='bbox 3692 2058 3811 2098; x_wconf 86' lang='lat' dir='ltr'><strong>csse</strong></span> 
     </span>
    </p>
   </div>
   <div class='ocr_carea' id='block_1_81' title="bbox 2235 2139 3812 2231">
    <p class='ocr_par' dir='ltr' id='par_1_81' title="bbox 2235 2139 3812 2231">
     <span class='ocr_line' id='line_1_81' title="bbox 2235 2139 3812 2231; baseline -0.023 -10"><span class='ocrx_word' id='word_1_611' title='bbox 2235 2164 2426 2221; x_wconf 91' lang='lat' dir='ltr'><strong>summi</strong></span> <span class='ocrx_word' id='word_1_612' title='bbox 2467 2158 2766 2231; x_wconf 79' lang='lat' dir='ltr'><strong>pontiﬁcis?</strong></span> <span class='ocrx_word' id='word_1_613' title='bbox 2816 2158 2898 2210; x_wconf 85' lang='lat' dir='ltr'><strong>An</strong></span> <span class='ocrx_word' id='word_1_614' title='bbox 2941 2155 3152 2221; x_wconf 85' lang='lat' dir='ltr'><strong>ignoras</strong></span> <span class='ocrx_word' id='word_1_615' title='bbox 3182 2155 3344 2201; x_wconf 89' lang='lat' dir='ltr'><strong>totam</strong></span> <span class='ocrx_word' id='word_1_616' title='bbox 3390 2139 3682 2196; x_wconf 81' lang='lat' dir='ltr'><strong>Ecclesiam</strong></span> <span class='ocrx_word' id='word_1_617' title='bbox 3729 2150 3812 2188; x_wconf 86' lang='lat' dir='ltr'><strong>sa-</strong></span> 
     </span>
    </p>
   </div>
   <div class='ocr_carea' id='block_1_82' title="bbox 2236 2226 3812 2314">
    <p class='ocr_par' dir='ltr' id='par_1_82' title="bbox 2236 2226 3812 2314">
     <span class='ocr_line' id='line_1_82' title="bbox 2236 2226 3812 2314; baseline -0.023 -1"><span class='ocrx_word' id='word_1_618' title='bbox 2236 2258 2508 2313; x_wconf 87' lang='lat' dir='ltr'><strong>cerdotum</strong></span> <span class='ocrx_word' id='word_1_619' title='bbox 2554 2248 2882 2306; x_wconf 71' lang='lat' dir='ltr'><strong>vocitatam?</strong></span> <span class='ocrx_word' id='word_1_620' title='bbox 2926 2253 3200 2314; x_wconf 9' lang='lat' dir='ltr'><strong>postremo</strong></span> <span class='ocrx_word' id='word_1_621' title='bbox 3241 2236 3286 2292; x_wconf 87' lang='lat' dir='ltr'><strong>si</strong></span> <span class='ocrx_word' id='word_1_622' title='bbox 3320 2236 3410 2290; x_wconf 92' lang='lat' dir='ltr'><strong>ille</strong></span> <span class='ocrx_word' id='word_1_623' title='bbox 3448 2247 3571 2288; x_wconf 90' lang='lat' dir='ltr'><strong>reus</strong></span> <span class='ocrx_word' id='word_1_624' title='bbox 3601 2241 3680 2283; x_wconf 86' lang='lat' dir='ltr'><strong>est</strong></span> <span class='ocrx_word' id='word_1_625' title='bbox 3725 2226 3812 2294; x_wconf 91' lang='lat' dir='ltr'><strong>qui</strong></span> 
     </span>
    </p>
   </div>
   <div class='ocr_carea' id='block_1_83' title="bbox 2239 2320 3816 2407">
    <p class='ocr_par' dir='ltr' id='par_1_83' title="bbox 2239 2320 3816 2407">
     <span class='ocr_line' id='line_1_83' title="bbox 2239 2320 3816 2407; baseline -0.022 0"><span class='ocrx_word' id='word_1_626' title='bbox 2239 2351 2499 2407; x_wconf 88' lang='lat' dir='ltr'><strong>accedens</strong></span> <span class='ocrx_word' id='word_1_627' title='bbox 2520 2347 2584 2400; x_wconf 90' lang='lat' dir='ltr'><strong>ad</strong></span> <span class='ocrx_word' id='word_1_628' title='bbox 2611 2343 2962 2399; x_wconf 67' lang='lat' dir='ltr'><strong>ministerium</strong></span> <span class='ocrx_word' id='word_1_629' title='bbox 2989 2334 3246 2391; x_wconf 84' lang='lat' dir='ltr'><strong>Ecclesiae</strong></span> <span class='ocrx_word' id='word_1_630' title='bbox 3268 2329 3548 2398; x_wconf 79' lang='lat' dir='ltr'><strong>delinquit,</strong></span> <span class='ocrx_word' id='word_1_631' title='bbox 3578 2320 3816 2390; x_wconf 87' lang='lat' dir='ltr'><strong>nunquid</strong></span> 
     </span>
    </p>
   </div>
   <div class='ocr_carea' id='block_1_84' title="bbox 2241 2415 3818 2501">
    <p class='ocr_par' dir='ltr' id='par_1_84' title="bbox 2241 2415 3818 2501">
     <span class='ocr_line' id='line_1_84' title="bbox 2241 2415 3818 2501; baseline -0.022 -2"><span class='ocrx_word' id='word_1_632' title='bbox 2241 2455 2291 2499; x_wconf 93' lang='lat' dir='ltr'><strong>et</strong></span> <span class='ocrx_word' id='word_1_633' title='bbox 2344 2453 2397 2498; x_wconf 88' lang='lat' dir='ltr'><strong>tu</strong></span> <span class='ocrx_word' id='word_1_634' title='bbox 2429 2456 2552 2494; x_wconf 90' lang='lat' dir='ltr'><strong>reus</strong></span> <span class='ocrx_word' id='word_1_635' title='bbox 2602 2453 2705 2491; x_wconf 90' lang='lat' dir='ltr'><strong>non</strong></span> <span class='ocrx_word' id='word_1_636' title='bbox 2737 2450 2827 2498; x_wconf 86' lang='lat' dir='ltr'><strong>es,</strong></span> <span class='ocrx_word' id='word_1_637' title='bbox 2866 2432 2955 2501; x_wconf 91' lang='lat' dir='ltr'><strong>qui</strong></span> <span class='ocrx_word' id='word_1_638' title='bbox 2988 2439 3106 2498; x_wconf 83' lang='lat' dir='ltr'><strong>post</strong></span> <span class='ocrx_word' id='word_1_639' title='bbox 3142 2424 3533 2482; x_wconf 85' lang='lat' dir='ltr'><strong>confessionem</strong></span> <span class='ocrx_word' id='word_1_640' title='bbox 3579 2418 3688 2470; x_wconf 82' lang='lat' dir='ltr'><strong>veri</strong></span> <span class='ocrx_word' id='word_1_641' title='bbox 3717 2415 3818 2468; x_wconf 91' lang='lat' dir='ltr'><strong>atis</strong></span> 
     </span>
    </p>
   </div>
   <div class='ocr_carea' id='block_1_85' title="bbox 2246 2505 3819 2603">
    <p class='ocr_par' dir='ltr' id='par_1_85' title="bbox 2246 2505 3819 2603">
     <span class='ocr_line' id='line_1_85' title="bbox 2246 2505 3819 2603; baseline -0.02 -15"><span class='ocrx_word' id='word_1_642' title='bbox 2246 2534 2308 2588; x_wconf 90' lang='lat' dir='ltr'><strong>ad</strong></span> <span class='ocrx_word' id='word_1_643' title='bbox 2341 2546 2499 2603; x_wconf 85' lang='lat' dir='ltr'><strong>prava</strong></span> <span class='ocrx_word' id='word_1_644' title='bbox 2530 2540 2582 2582; x_wconf 89' lang='lat' dir='ltr'><strong>et</strong></span> <span class='ocrx_word' id='word_1_645' title='bbox 2619 2538 2865 2596; x_wconf 87' lang='lat' dir='ltr'><strong>perversa</strong></span> <span class='ocrx_word' id='word_1_646' title='bbox 2898 2532 2950 2576; x_wconf 91' lang='lat' dir='ltr'><strong>et</strong></span> <span class='ocrx_word' id='word_1_647' title='bbox 2979 2519 3197 2588; x_wconf 88' lang='lat' dir='ltr'><strong>profana</strong></span> <span class='ocrx_word' id='word_1_648' title='bbox 3227 2525 3280 2569; x_wconf 87' lang='lat' dir='ltr'><strong>et</strong></span> <span class='ocrx_word' id='word_1_649' title='bbox 3300 2511 3560 2567; x_wconf 85' lang='lat' dir='ltr'><strong>diabolica</strong></span> <span class='ocrx_word' id='word_1_650' title='bbox 3580 2549 3593 2571; x_wconf 91' lang='lat'><strong>,</strong></span> <span class='ocrx_word' id='word_1_651' title='bbox 3625 2505 3819 2574; x_wconf 86' lang='lat' dir='ltr'><strong>quibus</strong></span> 
     </span>
    </p>
   </div>
   <div class='ocr_carea' id='block_1_86' title="bbox 2247 2597 3820 2687">
    <p class='ocr_par' dir='ltr' id='par_1_86' title="bbox 2247 2597 3820 2687">
     <span class='ocr_line' id='line_1_86' title="bbox 2247 2597 3820 2687; baseline -0.021 -7"><span class='ocrx_word' id='word_1_652' title='bbox 2247 2636 2298 2680; x_wconf 90' lang='lat' dir='ltr'><strong>te</strong></span> <span class='ocrx_word' id='word_1_653' title='bbox 2330 2622 2635 2679; x_wconf 81' lang='lat' dir='ltr'><strong>renuntiare</strong></span> <span class='ocrx_word' id='word_1_654' title='bbox 2664 2617 2937 2687; x_wconf 78' lang='lat' dir='ltr'><strong>professus</strong></span> <span class='ocrx_word' id='word_1_655' title='bbox 2966 2627 3023 2667; x_wconf 66' lang='lat' dir='ltr'><strong>es</strong></span> <span class='ocrx_word' id='word_1_656' title='bbox 3051 2655 3064 2677; x_wconf 87' lang='lat'><strong>,</strong></span> <span class='ocrx_word' id='word_1_657' title='bbox 3107 2609 3351 2677; x_wconf 88' lang='lat' dir='ltr'><strong>figmenta</strong></span> <span class='ocrx_word' id='word_1_658' title='bbox 3377 2599 3686 2657; x_wconf 75' lang='lat' dir='ltr'><strong>reduceris?</strong></span> <span class='ocrx_word' id='word_1_659' title='bbox 3720 2597 3820 2649; x_wconf 89' lang='lat' dir='ltr'><strong>lta-</strong></span> 
     </span>
    </p>
   </div>
   <div class='ocr_carea' id='block_1_87' title="bbox 2247 2690 3820 2788">
    <p class='ocr_par' dir='ltr' id='par_1_87' title="bbox 2247 2690 3820 2788">
     <span class='ocr_line' id='line_1_87' title="bbox 2247 2690 3820 2788; baseline -0.02 -18"><span class='ocrx_word' id='word_1_660' title='bbox 2247 2734 2349 2788; x_wconf 89' lang='lat' dir='ltr'><strong>que</strong></span> <span class='ocrx_word' id='word_1_661' title='bbox 2407 2716 2565 2770; x_wconf 91' lang='lat' dir='ltr'><strong>etiam</strong></span> <span class='ocrx_word' id='word_1_662' title='bbox 2612 2722 2665 2764; x_wconf 91' lang='lat' dir='ltr'><strong>tu</strong></span> <span class='ocrx_word' id='word_1_663' title='bbox 2712 2719 2831 2778; x_wconf 65' lang='lat' dir='ltr'><strong>post</strong></span> <span class='ocrx_word' id='word_1_664' title='bbox 2879 2702 3236 2773; x_wconf 83' lang='lat' dir='ltr'><strong>blasphemias</strong></span> <span class='ocrx_word' id='word_1_665' title='bbox 3284 2697 3457 2767; x_wconf 85' lang='lat' dir='ltr'><strong>palam</strong></span> <span class='ocrx_word' id='word_1_666' title='bbox 3507 2690 3820 2761; x_wconf 82' lang='lat' dir='ltr'><strong>publiceque</strong></span> 
     </span>
    </p>
   </div>
   <div class='ocr_carea' id='block_1_88' title="bbox 2247 2781 3821 2880">
    <p class='ocr_par' dir='ltr' id='par_1_88' title="bbox 2247 2781 3821 2880">
     <span class='ocr_line' id='line_1_88' title="bbox 2247 2781 3821 2880; baseline -0.019 -19"><span class='ocrx_word' id='word_1_667' title='bbox 2247 2807 2490 2880; x_wconf 86' lang='lat' dir='ltr'><strong>profusas</strong></span> <span class='ocrx_word' id='word_1_668' title='bbox 2545 2817 2575 2857; x_wconf 88' lang='lat' dir='ltr'><strong>a</strong></span> <span class='ocrx_word' id='word_1_669' title='bbox 2605 2813 2758 2854; x_wconf 76' lang='lat' dir='ltr'><strong>sacro</strong></span> <span class='ocrx_word' id='word_1_670' title='bbox 2812 2808 3041 2864; x_wconf 89' lang='lat' dir='ltr'><strong>corpore</strong></span> <span class='ocrx_word' id='word_1_671' title='bbox 3071 2791 3243 2846; x_wconf 88' lang='lat' dir='ltr'><strong>modis</strong></span> <span class='ocrx_word' id='word_1_672' title='bbox 3277 2786 3524 2841; x_wconf 88' lang='lat' dir='ltr'><strong>omnibus</strong></span> <span class='ocrx_word' id='word_1_673' title='bbox 3553 2781 3821 2835; x_wconf 73' lang='lat' dir='ltr'><strong>abstinen-</strong></span> 
     </span>
    </p>
   </div>
   <div class='ocr_carea' id='block_1_89' title="bbox 2249 2873 3824 2960">
    <p class='ocr_par' dir='ltr' id='par_1_89' title="bbox 2249 2873 3824 2960">
     <span class='ocr_line' id='line_1_89' title="bbox 2249 2873 3824 2960; baseline -0.021 -5"><span class='ocrx_word' id='word_1_674' title='bbox 2249 2900 2350 2954; x_wconf 91' lang='lat' dir='ltr'><strong>dus</strong></span> <span class='ocrx_word' id='word_1_675' title='bbox 2372 2914 2451 2955; x_wconf 91' lang='lat' dir='ltr'><strong>es.</strong></span> <span class='ocrx_word' id='word_1_676' title='bbox 2483 2896 2596 2950; x_wconf 86' lang='lat' dir='ltr'><strong>Non</strong></span> <span class='ocrx_word' id='word_1_677' title='bbox 2645 2901 2795 2960; x_wconf 88' lang='lat' dir='ltr'><strong>potes</strong></span> <span class='ocrx_word' id='word_1_678' title='bbox 2843 2889 2982 2943; x_wconf 92' lang='lat' dir='ltr'><strong>enim</strong></span> <span class='ocrx_word' id='word_1_679' title='bbox 3032 2897 3230 2939; x_wconf 70' lang='lat' dir='ltr'><strong>mensae</strong></span> <span class='ocrx_word' id='word_1_680' title='bbox 3262 2878 3468 2935; x_wconf 90' lang='lat' dir='ltr'><strong>Domini</strong></span> <span class='ocrx_word' id='word_1_681' title='bbox 3511 2873 3824 2944; x_wconf 87' lang='lat' dir='ltr'><strong>participare</strong></span> 
     </span>
    </p>
   </div>
   <div class='ocr_carea' id='block_1_90' title="bbox 2253 2963 3826 3044">
    <p class='ocr_par' dir='ltr' id='par_1_90' title="bbox 2253 2963 3826 3044">
     <span class='ocr_line' id='line_1_90' title="bbox 2253 2963 3826 3044; baseline -0.02 1"><span class='ocrx_word' id='word_1_682' title='bbox 2253 2999 2307 3044; x_wconf 90' lang='lat' dir='ltr'><strong>et</strong></span> <span class='ocrx_word' id='word_1_683' title='bbox 2333 3002 2532 3043; x_wconf 68' lang='lat' dir='ltr'><strong>mensa:</strong></span> <span class='ocrx_word' id='word_1_684' title='bbox 2561 2981 2978 3043; x_wconf 73' lang='lat' dir='ltr'><strong>dremoniorum;</strong></span> <span class='ocrx_word' id='word_1_685' title='bbox 3010 2990 3108 3030; x_wconf 84' lang='lat' dir='ltr'><strong>nec</strong></span> <span class='ocrx_word' id='word_1_686' title='bbox 3147 2974 3363 3028; x_wconf 85' lang='lat' dir='ltr'><strong>calicem</strong></span> <span class='ocrx_word' id='word_1_687' title='bbox 3395 2964 3600 3021; x_wconf 88' lang='lat' dir='ltr'><strong>Domini</strong></span> <span class='ocrx_word' id='word_1_688' title='bbox 3640 2963 3826 3018; x_wconf 90' lang='lat' dir='ltr'><strong>bibere</strong></span> 
     </span>
    </p>
   </div>
   <div class='ocr_carea' id='block_1_91' title="bbox 2255 3055 3827 3135">
    <p class='ocr_par' dir='ltr' id='par_1_91' title="bbox 2255 3055 3827 3135">
     <span class='ocr_line' id='line_1_91' title="bbox 2255 3055 3827 3135; baseline -0.018 -1"><span class='ocrx_word' id='word_1_689' title='bbox 2255 3089 2308 3135; x_wconf 86' lang='lat' dir='ltr'><strong>et</strong></span> <span class='ocrx_word' id='word_1_690' title='bbox 2329 3078 2546 3133; x_wconf 88' lang='lat' dir='ltr'><strong>calicem</strong></span> <span class='ocrx_word' id='word_1_691' title='bbox 2571 3071 2974 3128; x_wconf 65' lang='lat' dir='ltr'><strong>dmmoniorum.</strong></span> <span class='ocrx_word' id='word_1_692' title='bbox 2997 3066 3104 3120; x_wconf 90' lang='lat' dir='ltr'><strong>Nec</strong></span> <span class='ocrx_word' id='word_1_693' title='bbox 3135 3073 3284 3131; x_wconf 89' lang='lat' dir='ltr'><strong>potes</strong></span> <span class='ocrx_word' id='word_1_694' title='bbox 3317 3058 3565 3126; x_wconf 89' lang='lat' dir='ltr'><strong>templum</strong></span> <span class='ocrx_word' id='word_1_695' title='bbox 3591 3055 3684 3108; x_wconf 88' lang='lat' dir='ltr'><strong>Dei</strong></span> <span class='ocrx_word' id='word_1_696' title='bbox 3707 3067 3827 3107; x_wconf 90' lang='lat' dir='ltr'><strong>esse</strong></span> 
     </span>
    </p>
   </div>
   <div class='ocr_carea' id='block_1_92' title="bbox 2259 3154 3824 3237">
    <p class='ocr_par' dir='ltr' id='par_1_92' title="bbox 2259 3154 3824 3237">
     <span class='ocr_line' id='line_1_92' title="bbox 2259 3154 3824 3237; baseline -0.017 -11"><span class='ocrx_word' id='word_1_697' title='bbox 2259 3180 2313 3226; x_wconf 88' lang='lat' dir='ltr'><strong>et</strong></span> <span class='ocrx_word' id='word_1_698' title='bbox 2338 3170 2590 3237; x_wconf 86' lang='lat' dir='ltr'><strong>templum</strong></span> <span class='ocrx_word' id='word_1_699' title='bbox 2629 3163 2826 3220; x_wconf 90' lang='lat' dir='ltr'><strong>diaboli</strong></span> <span class='ocrx_word' id='word_1_700' title='bbox 2857 3181 2870 3214; x_wconf 87' lang='lat'><strong>:</strong></span> <span class='ocrx_word' id='word_1_701' title='bbox 2904 3162 2988 3216; x_wconf 83' lang='lat' dir='ltr'><strong>lux</strong></span> <span class='ocrx_word' id='word_1_702' title='bbox 3014 3158 3169 3212; x_wconf 89' lang='lat' dir='ltr'><strong>simul</strong></span> <span class='ocrx_word' id='word_1_703' title='bbox 3201 3164 3255 3210; x_wconf 88' lang='lat' dir='ltr'><strong>et</strong></span> <span class='ocrx_word' id='word_1_704' title='bbox 3278 3154 3509 3208; x_wconf 67' lang='lat' dir='ltr'><strong>tenebrre</strong></span> <span class='ocrx_word' id='word_1_705' title='bbox 3541 3156 3590 3203; x_wconf 89' lang='lat' dir='ltr'><strong>in</strong></span> <span class='ocrx_word' id='word_1_706' title='bbox 3625 3161 3675 3203; x_wconf 90' lang='lat' dir='ltr'><strong>te</strong></span> <span class='ocrx_word' id='word_1_707' title='bbox 3696 3163 3824 3202; x_wconf 82' lang='lat' dir='ltr'><strong>con-</strong></span> 
     </span>
    </p>
   </div>
   <div class='ocr_carea' id='block_1_93' title="bbox 2258 3249 3829 3322">
    <p class='ocr_par' dir='ltr' id='par_1_93' title="bbox 2258 3249 3829 3322">
     <span class='ocr_line' id='line_1_93' title="bbox 2258 3249 3829 3322; baseline -0.014 -10"><span class='ocrx_word' id='word_1_708' title='bbox 2258 3259 2440 3312; x_wconf 88' lang='lat' dir='ltr'><strong>venire</strong></span> <span class='ocrx_word' id='word_1_709' title='bbox 2493 3271 2597 3308; x_wconf 90' lang='lat' dir='ltr'><strong>non</strong></span> <span class='ocrx_word' id='word_1_710' title='bbox 2641 3260 2880 3322; x_wconf 86' lang='lat' dir='ltr'><strong>possunt.</strong></span> <span class='ocrx_word' id='word_1_711' title='bbox 2916 3249 3147 3304; x_wconf 79' lang='lat' dir='ltr'><strong>Viderim</strong></span> <span class='ocrx_word' id='word_1_712' title='bbox 3205 3255 3381 3301; x_wconf 89' lang='lat' dir='ltr'><strong>utrum</strong></span> <span class='ocrx_word' id='word_1_713' title='bbox 3433 3257 3588 3311; x_wconf 89' lang='lat' dir='ltr'><strong>urges</strong></span> <span class='ocrx_word' id='word_1_714' title='bbox 3616 3281 3630 3304; x_wconf 96' lang='lat'><strong>,</strong></span> <span class='ocrx_word' id='word_1_715' title='bbox 3673 3251 3829 3307; x_wconf 84' lang='lat' dir='ltr'><strong>atque</strong></span> 
     </span>
    </p>
   </div>
   <div class='ocr_carea' id='block_1_94' title="bbox 2259 3335 3829 3418">
    <p class='ocr_par' dir='ltr' id='par_1_94' title="bbox 2259 3335 3829 3418">
     <span class='ocr_line' id='line_1_94' title="bbox 2259 3335 3829 3418; baseline -0.015 -15"><span class='ocrx_word' id='word_1_716' title='bbox 2259 3348 2544 3418; x_wconf 55' lang='lat' dir='ltr'><strong>compellas</strong></span> <span class='ocrx_word' id='word_1_717' title='bbox 2576 3347 2627 3400; x_wconf 90' lang='lat' dir='ltr'><strong>in</strong></span> <span class='ocrx_word' id='word_1_718' title='bbox 2651 3345 2754 3398; x_wconf 84' lang='lat' dir='ltr'><strong>alio</strong></span> <span class='ocrx_word' id='word_1_719' title='bbox 2785 3341 3051 3397; x_wconf 82' lang='lat' dir='ltr'><strong>maleﬁcio</strong></span> <span class='ocrx_word' id='word_1_720' title='bbox 3080 3338 3371 3392; x_wconf 81' lang='lat' dir='ltr'><strong>vindzcare.</strong></span> <span class='ocrx_word' id='word_1_721' title='bbox 3400 3335 3478 3387; x_wconf 88' lang='lat' dir='ltr'><strong>Tu</strong></span> <span class='ocrx_word' id='word_1_722' title='bbox 3513 3344 3686 3385; x_wconf 89' lang='lat' dir='ltr'><strong>tamen</strong></span> <span class='ocrx_word' id='word_1_723' title='bbox 3717 3345 3829 3382; x_wconf 77' lang='lat' dir='ltr'><strong>scc-</strong></span> 
     </span>
    </p>
   </div>
   <div class='ocr_carea' id='block_1_95' title="bbox 2261 3423 3831 3506">
    <p class='ocr_par' dir='ltr' id='par_1_95' title="bbox 2261 3423 3831 3506">
     <span class='ocr_line' id='line_1_95' title="bbox 2261 3423 3831 3506; baseline -0.014 -11"><span class='ocrx_word' id='word_1_724' title='bbox 2261 3441 2386 3495; x_wconf 88' lang='lat' dir='ltr'><strong>leris</strong></span> <span class='ocrx_word' id='word_1_725' title='bbox 2427 3439 2500 3494; x_wconf 91' lang='lat' dir='ltr'><strong>tui</strong></span> <span class='ocrx_word' id='word_1_726' title='bbox 2547 3436 2753 3506; x_wconf 87' lang='lat' dir='ltr'><strong>pondus</strong></span> <span class='ocrx_word' id='word_1_727' title='bbox 2780 3449 2885 3489; x_wconf 93' lang='lat' dir='ltr'><strong>non</strong></span> <span class='ocrx_word' id='word_1_728' title='bbox 2916 3442 3067 3502; x_wconf 92' lang='lat' dir='ltr'><strong>potes</strong></span> <span class='ocrx_word' id='word_1_729' title='bbox 3097 3430 3406 3484; x_wconf 87' lang='lat' dir='ltr'><strong>declinare:</strong></span> <span class='ocrx_word' id='word_1_730' title='bbox 3439 3435 3492 3480; x_wconf 92' lang='lat' dir='ltr'><strong>et</strong></span> <span class='ocrx_word' id='word_1_731' title='bbox 3536 3434 3735 3492; x_wconf 87' lang='lat' dir='ltr'><strong>quanto</strong></span> <span class='ocrx_word' id='word_1_732' title='bbox 3781 3423 3831 3474; x_wconf 91' lang='lat' dir='ltr'><strong>in</strong></span> 
     </span>
    </p>
   </div>
   <div class='ocr_carea' id='block_1_96' title="bbox 2262 3519 3836 3593">
    <p class='ocr_par' dir='ltr' id='par_1_96' title="bbox 2262 3519 3836 3593">
     <span class='ocr_line' id='line_1_96' title="bbox 2262 3519 3836 3593; baseline -0.015 -5"><span class='ocrx_word' id='word_1_733' title='bbox 2262 3535 2367 3588; x_wconf 92' lang='lat' dir='ltr'><strong>alio</strong></span> <span class='ocrx_word' id='word_1_734' title='bbox 2409 3531 2635 3586; x_wconf 89' lang='lat' dir='ltr'><strong>transire</strong></span> <span class='ocrx_word' id='word_1_735' title='bbox 2681 3529 2881 3582; x_wconf 89' lang='lat' dir='ltr'><strong>crimen</strong></span> <span class='ocrx_word' id='word_1_736' title='bbox 2926 3540 3030 3578; x_wconf 90' lang='lat' dir='ltr'><strong>non</strong></span> <span class='ocrx_word' id='word_1_737' title='bbox 3063 3523 3261 3593; x_wconf 83' lang='lat' dir='ltr'><strong>pateris</strong></span> <span class='ocrx_word' id='word_1_738' title='bbox 3299 3519 3612 3588; x_wconf 80' lang='lat' dir='ltr'><strong>impunitum</strong></span> <span class='ocrx_word' id='word_1_739' title='bbox 3641 3558 3653 3579; x_wconf 89' lang='lat'><strong>,</strong></span> <span class='ocrx_word' id='word_1_740' title='bbox 3690 3527 3757 3568; x_wconf 84' lang='lat' dir='ltr'><strong>ta</strong></span> <span class='ocrx_word' id='word_1_741' title='bbox 3783 3524 3836 3566; x_wconf 91' lang='lat' dir='ltr'><strong>to</strong></span> 
     </span>
    </p>
   </div>
   <div class='ocr_carea' id='block_1_97' title="bbox 2264 3607 3837 3693">
    <p class='ocr_par' dir='ltr' id='par_1_97' title="bbox 2264 3607 3837 3693">
     <span class='ocr_line' id='line_1_97' title="bbox 2264 3607 3837 3693; baseline -0.014 -16"><span class='ocrx_word' id='word_1_742' title='bbox 2264 3624 2386 3693; x_wconf 89' lang='lat' dir='ltr'><strong>quid</strong></span> <span class='ocrx_word' id='word_1_743' title='bbox 2422 3623 2579 3678; x_wconf 91' lang='lat' dir='ltr'><strong>etiam</strong></span> <span class='ocrx_word' id='word_1_744' title='bbox 2603 3622 2657 3674; x_wconf 88' lang='lat' dir='ltr'><strong>in</strong></span> <span class='ocrx_word' id='word_1_745' title='bbox 2688 3627 2739 3673; x_wconf 89' lang='lat' dir='ltr'><strong>te</strong></span> <span class='ocrx_word' id='word_1_746' title='bbox 2768 3633 2861 3686; x_wconf 89' lang='lat' dir='ltr'><strong>pro</strong></span> <span class='ocrx_word' id='word_1_747' title='bbox 2894 3630 3071 3670; x_wconf 89' lang='lat' dir='ltr'><strong>rerum</strong></span> <span class='ocrx_word' id='word_1_748' title='bbox 3099 3613 3303 3668; x_wconf 75' lang='lat' dir='ltr'><strong>ratione</strong></span> <span class='ocrx_word' id='word_1_749' title='bbox 3345 3610 3521 3663; x_wconf 59' lang='lat' dir='ltr'><strong>facere</strong></span> <span class='ocrx_word' id='word_1_750' title='bbox 3549 3607 3837 3662; x_wconf 80' lang='lat' dir='ltr'><strong>debeamus</strong></span> 
     </span>
    </p>
   </div>
   <div class='ocr_carea' id='block_1_98' title="bbox 2266 3698 3839 3776">
    <p class='ocr_par' dir='ltr' id='par_1_98' title="bbox 2266 3698 3839 3776">
     <span class='ocr_line' id='line_1_98' title="bbox 2266 3698 3839 3776; baseline -0.013 -6"><span class='ocrx_word' id='word_1_751' title='bbox 2266 3715 2521 3771; x_wconf 90' lang='lat' dir='ltr'><strong>ostendis.</strong></span> <span class='ocrx_word' id='word_1_752' title='bbox 2557 3712 2936 3767; x_wconf 83' lang='lat' dir='ltr'><strong>Verumtamen</strong></span> <span class='ocrx_word' id='word_1_753' title='bbox 2968 3709 3020 3762; x_wconf 92' lang='lat' dir='ltr'><strong>in</strong></span> <span class='ocrx_word' id='word_1_754' title='bbox 3052 3707 3182 3776; x_wconf 88' lang='lat' dir='ltr'><strong>ipsis</strong></span> <span class='ocrx_word' id='word_1_755' title='bbox 3211 3701 3553 3773; x_wconf 87' lang='lat' dir='ltr'><strong>blasphemiis</strong></span> <span class='ocrx_word' id='word_1_756' title='bbox 3584 3699 3687 3752; x_wconf 86' lang='lat' dir='ltr'><strong>luis</strong></span> <span class='ocrx_word' id='word_1_757' title='bbox 3723 3698 3839 3766; x_wconf 87' lang='lat' dir='ltr'><strong>qni-</strong></span> 
     </span>
    </p>
   </div>
   <div class='ocr_carea' id='block_1_99' title="bbox 2271 3793 3840 3874">
    <p class='ocr_par' dir='ltr' id='par_1_99' title="bbox 2271 3793 3840 3874">
     <span class='ocr_line' id='line_1_99' title="bbox 2271 3793 3840 3874; baseline -0.013 -12"><span class='ocrx_word' id='word_1_758' title='bbox 2271 3808 2368 3862; x_wconf 91' lang='lat' dir='ltr'><strong>bus</strong></span> <span class='ocrx_word' id='word_1_759' title='bbox 2417 3821 2474 3860; x_wconf 92' lang='lat' dir='ltr'><strong>es</strong></span> <span class='ocrx_word' id='word_1_760' title='bbox 2509 3806 2630 3874; x_wconf 88' lang='lat' dir='ltr'><strong>jure</strong></span> <span class='ocrx_word' id='word_1_761' title='bbox 2671 3803 2994 3872; x_wconf 83' lang='lat' dir='ltr'><strong>plectibilis,</strong></span> <span class='ocrx_word' id='word_1_762' title='bbox 3023 3798 3340 3870; x_wconf 81' lang='lat' dir='ltr'><strong>imperitiam</strong></span> <span class='ocrx_word' id='word_1_763' title='bbox 3384 3805 3523 3850; x_wconf 83' lang='lat' dir='ltr'><strong>tuam</strong></span> <span class='ocrx_word' id='word_1_764' title='bbox 3564 3793 3840 3846; x_wconf 79' lang='lat' dir='ltr'><strong>evidenter</strong></span> 
     </span>
    </p>
   </div>
   <div class='ocr_carea' id='block_1_100' title="bbox 2267 3886 3840 3965">
    <p class='ocr_par' dir='ltr' id='par_1_100' title="bbox 2267 3886 3840 3965">
     <span class='ocr_line' id='line_1_100' title="bbox 2267 3886 3840 3965; baseline -0.01 -14"><span class='ocrx_word' id='word_1_765' title='bbox 2267 3912 2535 3965; x_wconf 81' lang='lat' dir='ltr'><strong>agnosce,</strong></span> <span class='ocrx_word' id='word_1_766' title='bbox 2586 3907 2638 3950; x_wconf 90' lang='lat' dir='ltr'><strong>et</strong></span> <span class='ocrx_word' id='word_1_767' title='bbox 2670 3895 2805 3949; x_wconf 89' lang='lat' dir='ltr'><strong>sicut</strong></span> <span class='ocrx_word' id='word_1_768' title='bbox 2849 3893 2921 3946; x_wconf 90' lang='lat' dir='ltr'><strong>ait</strong></span> <span class='ocrx_word' id='word_1_769' title='bbox 2963 3891 3052 3946; x_wconf 89' lang='lat' dir='ltr'><strong>ille</strong></span> <span class='ocrx_word' id='word_1_770' title='bbox 3097 3909 3108 3941; x_wconf 88' lang='lat'>:</span> <span class='ocrx_word' id='word_1_771' title='bbox 3154 3889 3496 3944; x_wconf 82' lang='lat' dir='ltr'><strong>Voluntatem</strong></span> <span class='ocrx_word' id='word_1_772' title='bbox 3540 3886 3738 3938; x_wconf 77' lang='lat' dir='ltr'><strong>habere</strong></span> <span class='ocrx_word' id='word_1_773' title='bbox 3791 3897 3840 3936; x_wconf 77' lang='lat' dir='ltr'><strong>te</strong></span> 
     </span>
    </p>
   </div>
   <div class='ocr_carea' id='block_1_101' title="bbox 2272 3974 3840 4052">
    <p class='ocr_par' dir='ltr' id='par_1_101' title="bbox 2272 3974 3840 4052">
     <span class='ocr_line' id='line_1_101' title="bbox 2272 3974 3840 4052; baseline -0.011 -10"><span class='ocrx_word' id='word_1_774' title='bbox 2272 3986 2594 4047; x_wconf 84' lang='lat' dir='ltr'><strong>mentiendi,</strong></span> <span class='ocrx_word' id='word_1_775' title='bbox 2640 3995 2807 4038; x_wconf 89' lang='lat' dir='ltr'><strong>artem</strong></span> <span class='ocrx_word' id='word_1_776' title='bbox 2840 3983 3068 4052; x_wconf 84' lang='lat' dir='ltr'><strong>fingendi</strong></span> <span class='ocrx_word' id='word_1_777' title='bbox 3110 3995 3214 4032; x_wconf 92' lang='lat' dir='ltr'><strong>non</strong></span> <span class='ocrx_word' id='word_1_778' title='bbox 3246 3979 3475 4043; x_wconf 84' lang='lat' dir='ltr'><strong>habere;</strong></span> <span class='ocrx_word' id='word_1_779' title='bbox 3507 3990 3626 4030; x_wconf 91' lang='lat' dir='ltr'><strong>cum</strong></span> <span class='ocrx_word' id='word_1_780' title='bbox 3669 3974 3748 4027; x_wconf 91' lang='lat' dir='ltr'><strong>sic</strong></span> <span class='ocrx_word' id='word_1_781' title='bbox 3792 3985 3840 4025; x_wconf 78' lang='lat' dir='ltr'><strong>te</strong></span> 
     </span>
    </p>
   </div>
   <div class='ocr_carea' id='block_1_102' title="bbox 2273 4072 3842 4146">
    <p class='ocr_par' dir='ltr' id='par_1_102' title="bbox 2273 4072 3842 4146">
     <span class='ocr_line' id='line_1_102' title="bbox 2273 4072 3842 4146; baseline -0.009 -13"><span class='ocrx_word' id='word_1_782' title='bbox 2273 4078 2538 4146; x_wconf 89' lang='lat' dir='ltr'><strong>intelligas</strong></span> <span class='ocrx_word' id='word_1_783' title='bbox 2594 4076 2787 4129; x_wconf 86' lang='lat' dir='ltr'><strong>malum</strong></span> <span class='ocrx_word' id='word_1_784' title='bbox 2843 4075 3039 4128; x_wconf 91' lang='lat' dir='ltr'><strong>habere</strong></span> <span class='ocrx_word' id='word_1_785' title='bbox 3087 4072 3376 4134; x_wconf 81' lang='lat' dir='ltr'><strong>affectum,</strong></span> <span class='ocrx_word' id='word_1_786' title='bbox 3427 4083 3842 4139; x_wconf 75' lang='lat' dir='ltr'><strong>perversumquc</strong></span> 
     </span>
    </p>
   </div>
   <div class='ocr_carea' id='block_1_103' title="bbox 2274 4160 3839 4238">
    <p class='ocr_par' dir='ltr' id='par_1_103' title="bbox 2274 4160 3839 4238">
     <span class='ocr_line' id='line_1_103' title="bbox 2274 4160 3839 4238; baseline -0.01 -15"><span class='ocrx_word' id='word_1_787' title='bbox 2274 4167 2605 4238; x_wconf 84' lang='lat' dir='ltr'><strong>apostatandi</strong></span> <span class='ocrx_word' id='word_1_788' title='bbox 2638 4166 2998 4235; x_wconf 89' lang='lat' dir='ltr'><strong>propositum,</strong></span> <span class='ocrx_word' id='word_1_789' title='bbox 3028 4172 3087 4216; x_wconf 92' lang='lat' dir='ltr'><strong>ut</strong></span> <span class='ocrx_word' id='word_1_790' title='bbox 3114 4162 3204 4215; x_wconf 88' lang='lat' dir='ltr'><strong>tibi</strong></span> <span class='ocrx_word' id='word_1_791' title='bbox 3238 4160 3453 4214; x_wconf 88' lang='lat' dir='ltr'><strong>materia</strong></span> <span class='ocrx_word' id='word_1_792' title='bbox 3487 4173 3704 4226; x_wconf 53' lang='lat' dir='ltr'><strong>prorsus</strong></span> <span class='ocrx_word' id='word_1_793' title='bbox 3754 4174 3839 4208; x_wconf 79' lang='lat' dir='ltr'><strong>va-</strong></span> 
     </span>
    </p>
   </div>
   <div class='ocr_carea' id='block_1_104' title="bbox 2277 4254 3845 4324">
    <p class='ocr_par' dir='ltr' id='par_1_104' title="bbox 2277 4254 3845 4324">
     <span class='ocr_line' id='line_1_104' title="bbox 2277 4254 3845 4324; baseline -0.007 -8"><span class='ocrx_word' id='word_1_794' title='bbox 2277 4260 2454 4316; x_wconf 88' lang='lat' dir='ltr'><strong>nitatis</strong></span> <span class='ocrx_word' id='word_1_795' title='bbox 2502 4260 2642 4314; x_wconf 87' lang='lat' dir='ltr'><strong>illius</strong></span> <span class='ocrx_word' id='word_1_796' title='bbox 2688 4258 2830 4312; x_wconf 90' lang='lat' dir='ltr'><strong>nulla</strong></span> <span class='ocrx_word' id='word_1_797' title='bbox 2879 4255 3214 4324; x_wconf 74' lang='lat' dir='ltr'><strong>su,peditet,</strong></span> <span class='ocrx_word' id='word_1_798' title='bbox 3261 4268 3358 4308; x_wconf 90' lang='lat' dir='ltr'><strong>nec</strong></span> <span class='ocrx_word' id='word_1_799' title='bbox 3394 4254 3565 4321; x_wconf 87' lang='lat' dir='ltr'><strong>possis</strong></span> <span class='ocrx_word' id='word_1_800' title='bbox 3603 4263 3845 4305; x_wconf 77' lang='lat' dir='ltr'><strong>astro-rc</strong></span> 
     </span>
    </p>
   </div>
   <div class='ocr_carea' id='block_1_105' title="bbox 2276 4341 3844 4422">
    <p class='ocr_par' dir='ltr' id='par_1_105' title="bbox 2276 4341 3844 4422">
     <span class='ocr_line' id='line_1_105' title="bbox 2276 4341 3844 4422; baseline -0.008 -15"><span class='ocrx_word' id='word_1_801' title='bbox 2276 4351 2415 4422; x_wconf 90' lang='lat' dir='ltr'><strong>quod</strong></span> <span class='ocrx_word' id='word_1_802' title='bbox 2445 4351 2605 4406; x_wconf 91' lang='lat' dir='ltr'><strong>corde</strong></span> <span class='ocrx_word' id='word_1_803' title='bbox 2631 4348 2889 4417; x_wconf 86' lang='lat' dir='ltr'><strong>concipis,</strong></span> <span class='ocrx_word' id='word_1_804' title='bbox 2921 4356 2974 4402; x_wconf 91' lang='lat' dir='ltr'><strong>et</strong></span> <span class='ocrx_word' id='word_1_805' title='bbox 2991 4361 3083 4400; x_wconf 85' lang='lat' dir='ltr'><strong>ore</strong></span> <span class='ocrx_word' id='word_1_806' title='bbox 3111 4345 3400 4414; x_wconf 79' lang='lat' dir='ltr'><strong>depromis.</strong></span> <span class='ocrx_word' id='word_1_807' title='bbox 3427 4344 3517 4398; x_wconf 87' lang='lat' dir='ltr'><strong>Dic</strong></span> <span class='ocrx_word' id='word_1_808' title='bbox 3545 4341 3692 4404; x_wconf 77' lang='lat' dir='ltr'><strong>mihi,</strong></span> <span class='ocrx_word' id='word_1_809' title='bbox 3723 4357 3844 4394; x_wconf 87' lang='lat' dir='ltr'><strong>eum</strong></span> 
     </span>
    </p>
   </div>
   <div class='ocr_carea' id='block_1_106' title="bbox 2279 4433 3847 4513">
    <p class='ocr_par' dir='ltr' id='par_1_106' title="bbox 2279 4433 3847 4513">
     <span class='ocr_line' id='line_1_106' title="bbox 2279 4433 3847 4513; baseline -0.01 -13"><span class='ocrx_word' id='word_1_810' title='bbox 2279 4457 2647 4513; x_wconf 68' lang='lat' dir='ltr'><strong>smpenumero</strong></span> <span class='ocrx_word' id='word_1_811' title='bbox 2703 4440 2754 4494; x_wconf 83' lang='lat' dir='ltr'><strong>in</strong></span> <span class='ocrx_word' id='word_1_812' title='bbox 2812 4438 3065 4493; x_wconf 81' lang='lat' dir='ltr'><strong>Romanis</strong></span> <span class='ocrx_word' id='word_1_813' title='bbox 3115 4435 3352 4489; x_wconf 78' lang='lat' dir='ltr'><strong>historiis</strong></span> <span class='ocrx_word' id='word_1_814' title='bbox 3402 4435 3636 4502; x_wconf 84' lang='lat' dir='ltr'><strong>legatur,</strong></span> <span class='ocrx_word' id='word_1_815' title='bbox 3698 4433 3847 4485; x_wconf 86' lang='lat' dir='ltr'><strong>Livio</strong></span> 
     </span>
    </p>
   </div>
   <div class='ocr_carea' id='block_1_107' title="bbox 2283 4523 3847 4599">
    <p class='ocr_par' dir='ltr' id='par_1_107' title="bbox 2283 4523 3847 4599">
     <span class='ocr_line' id='line_1_107' title="bbox 2283 4523 3847 4599; baseline -0.01 -9"><span class='ocrx_word' id='word_1_816' title='bbox 2283 4545 2534 4598; x_wconf 90' lang='lat' dir='ltr'><strong>auctore,</strong></span> <span class='ocrx_word' id='word_1_817' title='bbox 2589 4531 2880 4599; x_wconf 55' lang='lat' dir='ltr'><strong>sepissime</strong></span> <span class='ocrx_word' id='word_1_818' title='bbox 2925 4530 2978 4583; x_wconf 91' lang='lat' dir='ltr'><strong>in</strong></span> <span class='ocrx_word' id='word_1_819' title='bbox 3010 4528 3107 4582; x_wconf 90' lang='lat' dir='ltr'><strong>bac</strong></span> <span class='ocrx_word' id='word_1_820' title='bbox 3152 4525 3282 4580; x_wconf 90' lang='lat' dir='ltr'><strong>urbe</strong></span> <span class='ocrx_word' id='word_1_821' title='bbox 3312 4534 3496 4580; x_wconf 79' lang='lat' dir='ltr'><strong>exorta</strong></span> <span class='ocrx_word' id='word_1_822' title='bbox 3547 4523 3847 4592; x_wconf 85' lang='lat' dir='ltr'><strong>pestilentia</strong></span> 
     </span>
    </p>
   </div>
   <div class='ocr_carea' id='block_1_108' title="bbox 1437 4586 3850 4683">
    <p class='ocr_par' dir='ltr' id='par_1_108' title="bbox 1437 4586 3850 4683">
     <span class='ocr_line' id='line_1_108' title="bbox 1437 4586 3850 4683; baseline -0.009 0"><span class='ocrx_word' id='word_1_823' title='bbox 1437 4615 1669 4683; x_wconf 66' lang='grc' dir='ltr'><strong>(ἰυοιιδυῑ</strong></span> <span class='ocrx_word' id='word_1_824' title='bbox 1717 4627 1843 4681; x_wconf 74' lang='grc' dir='ltr'><strong>θτεο</strong></span> <span class='ocrx_word' id='word_1_825' title='bbox 1891 4612 2176 4667; x_wconf 65' lang='grc' dir='ltr'><strong>ουδῑτίαυε</strong></span> <span class='ocrx_word' id='word_1_826' title='bbox 2205 4586 2255 4646; x_wconf 77' lang='lat' dir='ltr'><strong>D</strong></span> <span class='ocrx_word' id='word_1_827' title='bbox 2282 4624 2487 4680; x_wconf 85' lang='lat' dir='ltr'><strong>infinita</strong></span> <span class='ocrx_word' id='word_1_828' title='bbox 2519 4586 2790 4677; x_wconf 77' lang='lat' dir='ltr'><strong>hominum</strong></span> <span class='ocrx_word' id='word_1_829' title='bbox 2815 4618 2976 4674; x_wconf 88' lang='lat' dir='ltr'><strong>millia</strong></span> <span class='ocrx_word' id='word_1_830' title='bbox 3007 4617 3309 4680; x_wconf 82' lang='lat' dir='ltr'><strong>deperisse;</strong></span> <span class='ocrx_word' id='word_1_831' title='bbox 3338 4622 3495 4680; x_wconf 90' lang='lat' dir='ltr'><strong>atque</strong></span> <span class='ocrx_word' id='word_1_832' title='bbox 3515 4586 3578 4667; x_wconf 81' lang='lat' dir='ltr'><strong>eo</strong></span> <span class='ocrx_word' id='word_1_833' title='bbox 3602 4611 3850 4680; x_wconf 79' lang='lat' dir='ltr'><strong>frequen-</strong></span> 
     </span>
    </p>
   </div>
   <div class='ocr_carea' id='block_1_109' title="bbox 2283 4705 3851 4778">
    <p class='ocr_par' dir='ltr' id='par_1_109' title="bbox 2283 4705 3851 4778">
     <span class='ocr_line' id='line_1_109' title="bbox 2283 4705 3851 4778; baseline -0.01 -7"><span class='ocrx_word' id='word_1_834' title='bbox 2283 4725 2364 4771; x_wconf 90' lang='lat' dir='ltr'><strong>ter</strong></span> <span class='ocrx_word' id='word_1_835' title='bbox 2391 4724 2607 4770; x_wconf 90' lang='lat' dir='ltr'><strong>ventum</strong></span> <span class='ocrx_word' id='word_1_836' title='bbox 2626 4753 2640 4778; x_wconf 92' lang='lat'><strong>,</strong></span> <span class='ocrx_word' id='word_1_837' title='bbox 2666 4721 2722 4766; x_wconf 92' lang='lat' dir='ltr'><strong>ut</strong></span> <span class='ocrx_word' id='word_1_838' title='bbox 2753 4713 2840 4765; x_wconf 78' lang='lat' dir='ltr'><strong>vix</strong></span> <span class='ocrx_word' id='word_1_839' title='bbox 2871 4717 3016 4765; x_wconf 90' lang='lat' dir='ltr'><strong>esset</strong></span> <span class='ocrx_word' id='word_1_840' title='bbox 3043 4707 3182 4761; x_wconf 92' lang='lat' dir='ltr'><strong>unde</strong></span> <span class='ocrx_word' id='word_1_841' title='bbox 3210 4707 3315 4759; x_wconf 91' lang='lat' dir='ltr'><strong>illis</strong></span> <span class='ocrx_word' id='word_1_842' title='bbox 3345 4705 3611 4760; x_wconf 85' lang='lat' dir='ltr'><strong>bellicosis</strong></span> <span class='ocrx_word' id='word_1_843' title='bbox 3640 4713 3851 4760; x_wconf 62' lang='lat' dir='ltr'><strong>lemm-</strong></span> 
     </span>
    </p>
   </div>
   <div class='ocr_carea' id='block_1_110' title="bbox 2281 4797 3853 4872">
    <p class='ocr_par' dir='ltr' id='par_1_110' title="bbox 2281 4797 3853 4872">
     <span class='ocr_line' id='line_1_110' title="bbox 2281 4797 3853 4872; baseline -0.006 -12"><span class='ocrx_word' id='word_1_844' title='bbox 2281 4806 2427 4860; x_wconf 89' lang='lat' dir='ltr'><strong>ribus</strong></span> <span class='ocrx_word' id='word_1_845' title='bbox 2481 4805 2748 4858; x_wconf 84' lang='lat' dir='ltr'><strong>exercitus</strong></span> <span class='ocrx_word' id='word_1_846' title='bbox 2788 4800 3051 4872; x_wconf 89' lang='lat' dir='ltr'><strong>potuisset</strong></span> <span class='ocrx_word' id='word_1_847' title='bbox 3081 4798 3304 4864; x_wconf 79' lang='lat' dir='ltr'><strong>ascribi;</strong></span> <span class='ocrx_word' id='word_1_848' title='bbox 3337 4797 3699 4866; x_wconf 84' lang='lat' dir='ltr'><strong>illotemporc</strong></span> <span class='ocrx_word' id='word_1_849' title='bbox 3743 4797 3853 4852; x_wconf 89' lang='lat' dir='ltr'><strong>Deo</strong></span> 
     </span>
    </p>
   </div>
   <div class='ocr_carea' id='block_1_111' title="bbox 2285 4889 3856 4954">
    <p class='ocr_par' dir='ltr' id='par_1_111' title="bbox 2285 4889 3856 4954">
     <span class='ocr_line' id='line_1_111' title="bbox 2285 4889 3856 4954; baseline -0.004 -3"><span class='ocrx_word' id='word_1_850' title='bbox 2285 4910 2372 4951; x_wconf 93' lang='lat' dir='ltr'><strong>tuo</strong></span> <span class='ocrx_word' id='word_1_851' title='bbox 2414 4895 2704 4951; x_wconf 80' lang='lat' dir='ltr'><strong>Februario</strong></span> <span class='ocrx_word' id='word_1_852' title='bbox 2735 4893 2954 4947; x_wconf 90' lang='lat' dir='ltr'><strong>minime</strong></span> <span class='ocrx_word' id='word_1_853' title='bbox 2991 4890 3260 4954; x_wconf 84' lang='lat' dir='ltr'><strong>litabatur,</strong></span> <span class='ocrx_word' id='word_1_854' title='bbox 3288 4905 3352 4943; x_wconf 90' lang='lat' dir='ltr'><strong>an</strong></span> <span class='ocrx_word' id='word_1_855' title='bbox 3378 4889 3538 4943; x_wconf 87' lang='lat' dir='ltr'><strong>etiam</strong></span> <span class='ocrx_word' id='word_1_856' title='bbox 3561 4889 3735 4942; x_wconf 91' lang='lat' dir='ltr'><strong>cultus</strong></span> <span class='ocrx_word' id='word_1_857' title='bbox 3770 4890 3856 4944; x_wconf 88' lang='lat' dir='ltr'><strong>hic</strong></span> 
     </span>
    </p>
   </div>
   <div class='ocr_carea' id='block_1_112' title="bbox 2285 4981 3856 5053">
    <p class='ocr_par' dir='ltr' id='par_1_112' title="bbox 2285 4981 3856 5053">
     <span class='ocr_line' id='line_1_112' title="bbox 2285 4981 3856 5053; baseline -0.005 -10"><span class='ocrx_word' id='word_1_858' title='bbox 2285 4989 2501 5043; x_wconf 86' lang='lat' dir='ltr'><strong>omnino</strong></span> <span class='ocrx_word' id='word_1_859' title='bbox 2525 4987 2599 5041; x_wconf 90' lang='lat' dir='ltr'><strong>nil</strong></span> <span class='ocrx_word' id='word_1_860' title='bbox 2630 4985 2877 5053; x_wconf 91' lang='lat' dir='ltr'><strong>proderat</strong></span> <span class='ocrx_word' id='word_1_861' title='bbox 2899 4984 2992 5038; x_wconf 92' lang='lat' dir='ltr'><strong>illo</strong></span> <span class='ocrx_word' id='word_1_862' title='bbox 3015 4991 3252 5051; x_wconf 65' lang='lat' dir='ltr'><strong>tempore</strong></span> <span class='ocrx_word' id='word_1_863' title='bbox 3279 4997 3386 5050; x_wconf 91' lang='lat' dir='ltr'><strong>quo</strong></span> <span class='ocrx_word' id='word_1_864' title='bbox 3411 4981 3722 5050; x_wconf 90' lang='lat' dir='ltr'><strong>Lupercalia</strong></span> <span class='ocrx_word' id='word_1_865' title='bbox 3764 4996 3856 5035; x_wconf 75' lang='lat' dir='ltr'><strong>ce-</strong></span> 
     </span>
    </p>
   </div>
   <div class='ocr_carea' id='block_1_113' title="bbox 2287 5074 3860 5136">
    <p class='ocr_par' dir='ltr' id='par_1_113' title="bbox 2287 5074 3860 5136">
     <span class='ocr_line' id='line_1_113' title="bbox 2287 5074 3860 5136; baseline -0.005 -1"><span class='ocrx_word' id='word_1_866' title='bbox 2287 5077 2667 5136; x_wconf 86' lang='lat' dir='ltr'><strong>lebrabantur?</strong></span> <span class='ocrx_word' id='word_1_867' title='bbox 2690 5077 2799 5132; x_wconf 88' lang='lat' dir='ltr'><strong>Nec</strong></span> <span class='ocrx_word' id='word_1_868' title='bbox 2827 5077 2968 5131; x_wconf 91' lang='lat' dir='ltr'><strong>enim</strong></span> <span class='ocrx_word' id='word_1_869' title='bbox 3000 5074 3236 5129; x_wconf 87' lang='lat' dir='ltr'><strong>dicturus</strong></span> <span class='ocrx_word' id='word_1_870' title='bbox 3285 5089 3343 5128; x_wconf 92' lang='lat' dir='ltr'><strong>es</strong></span> <span class='ocrx_word' id='word_1_871' title='bbox 3373 5074 3487 5126; x_wconf 67' lang='lat' dir='ltr'><strong>hac</strong></span> <span class='ocrx_word' id='word_1_872' title='bbox 3507 5087 3658 5127; x_wconf 88' lang='lat' dir='ltr'><strong>sacra</strong></span> <span class='ocrx_word' id='word_1_873' title='bbox 3684 5074 3860 5127; x_wconf 83' lang='lat' dir='ltr'><strong>adhuc</strong></span> 
     </span>
    </p>
   </div>
   <div class='ocr_carea' id='block_1_114' title="bbox 2289 5164 3860 5237">
    <p class='ocr_par' dir='ltr' id='par_1_114' title="bbox 2289 5164 3860 5237">
     <span class='ocr_line' id='line_1_114' title="bbox 2289 5164 3860 5237; baseline -0.005 -13"><span class='ocrx_word' id='word_1_874' title='bbox 2289 5171 2380 5224; x_wconf 93' lang='lat' dir='ltr'><strong>illo</strong></span> <span class='ocrx_word' id='word_1_875' title='bbox 2431 5179 2669 5237; x_wconf 89' lang='lat' dir='ltr'><strong>tempore</strong></span> <span class='ocrx_word' id='word_1_876' title='bbox 2721 5182 2826 5220; x_wconf 92' lang='lat' dir='ltr'><strong>non</strong></span> <span class='ocrx_word' id='word_1_877' title='bbox 2870 5165 3133 5233; x_wconf 69' lang='lat' dir='ltr'><strong>coepisse,</strong></span> <span class='ocrx_word' id='word_1_878' title='bbox 3171 5178 3286 5234; x_wconf 64' lang='lat' dir='ltr'><strong>quae</strong></span> <span class='ocrx_word' id='word_1_879' title='bbox 3312 5174 3435 5220; x_wconf 89' lang='lat' dir='ltr'><strong>ante</strong></span> <span class='ocrx_word' id='word_1_880' title='bbox 3471 5164 3755 5218; x_wconf 65' lang='lat' dir='ltr'><strong>Romulum</strong></span> <span class='ocrx_word' id='word_1_881' title='bbox 3791 5165 3860 5216; x_wconf 93' lang='lat' dir='ltr'><strong>ab</strong></span> 
     </span>
    </p>
   </div>
   <div class='ocr_carea' id='block_1_115' title="bbox 2290 5255 3859 5326">
    <p class='ocr_par' dir='ltr' id='par_1_115' title="bbox 2290 5255 3859 5326">
     <span class='ocr_line' id='line_1_115' title="bbox 2290 5255 3859 5326; baseline -0.004 -9"><span class='ocrx_word' id='word_1_882' title='bbox 2290 5261 2541 5317; x_wconf 84' lang='lat' dir='ltr'><strong>Evandro</strong></span> <span class='ocrx_word' id='word_1_883' title='bbox 2591 5260 2642 5314; x_wconf 91' lang='lat' dir='ltr'><strong>in</strong></span> <span class='ocrx_word' id='word_1_884' title='bbox 2692 5259 2895 5313; x_wconf 86' lang='lat' dir='ltr'><strong>Italiam</strong></span> <span class='ocrx_word' id='word_1_885' title='bbox 2940 5257 3284 5326; x_wconf 84' lang='lat' dir='ltr'><strong>perhibentur</strong></span> <span class='ocrx_word' id='word_1_886' title='bbox 3311 5256 3494 5310; x_wconf 88' lang='lat' dir='ltr'><strong>allata.</strong></span> <span class='ocrx_word' id='word_1_887' title='bbox 3543 5255 3859 5324; x_wconf 83' lang='lat' dir='ltr'><strong>Lupercalia</strong></span> 
     </span>
    </p>
   </div>
   <div class='ocr_carea' id='block_1_116' title="bbox 2291 5344 3862 5418">
    <p class='ocr_par' dir='ltr' id='par_1_116' title="bbox 2291 5344 3862 5418">
     <span class='ocr_line' id='line_1_116' title="bbox 2291 5344 3862 5418; baseline -0.002 -15"><span class='ocrx_word' id='word_1_888' title='bbox 2291 5359 2465 5404; x_wconf 82' lang='lat' dir='ltr'><strong>autem</strong></span> <span class='ocrx_word' id='word_1_889' title='bbox 2492 5358 2707 5418; x_wconf 89' lang='lat' dir='ltr'><strong>propter</strong></span> <span class='ocrx_word' id='word_1_890' title='bbox 2721 5347 2844 5418; x_wconf 89' lang='lat' dir='ltr'><strong>quid</strong></span> <span class='ocrx_word' id='word_1_891' title='bbox 2869 5346 3107 5401; x_wconf 86' lang='lat' dir='ltr'><strong>instituta</strong></span> <span class='ocrx_word' id='word_1_892' title='bbox 3133 5352 3276 5412; x_wconf 84' lang='lat' dir='ltr'><strong>sunt,</strong></span> <span class='ocrx_word' id='word_1_893' title='bbox 3306 5355 3558 5414; x_wconf 89' lang='lat' dir='ltr'><strong>quantum</strong></span> <span class='ocrx_word' id='word_1_894' title='bbox 3591 5344 3659 5399; x_wconf 89' lang='lat' dir='ltr'><strong>ad</strong></span> <span class='ocrx_word' id='word_1_895' title='bbox 3691 5347 3862 5414; x_wconf 88' lang='lat' dir='ltr'><strong>ipsius</strong></span> 
     </span>
    </p>
   </div>
   <div class='ocr_carea' id='block_1_117' title="bbox 2294 5435 3863 5510">
    <p class='ocr_par' dir='ltr' id='par_1_117' title="bbox 2294 5435 3863 5510">
     <span class='ocr_line' id='line_1_117' title="bbox 2294 5435 3863 5510; baseline -0.003 -14"><span class='ocrx_word' id='word_1_896' title='bbox 2294 5438 2680 5510; x_wconf 86' lang='lat' dir='ltr'><strong>superstitionis</strong></span> <span class='ocrx_word' id='word_1_897' title='bbox 2720 5444 3017 5492; x_wconf 90' lang='lat' dir='ltr'><strong>commenta</strong></span> <span class='ocrx_word' id='word_1_898' title='bbox 3068 5445 3401 5505; x_wconf 87' lang='lat' dir='ltr'><strong>respectant,</strong></span> <span class='ocrx_word' id='word_1_899' title='bbox 3445 5435 3630 5488; x_wconf 84' lang='lat' dir='ltr'><strong>Livius</strong></span> <span class='ocrx_word' id='word_1_900' title='bbox 3671 5437 3724 5489; x_wconf 90' lang='lat' dir='ltr'><strong>in</strong></span> <span class='ocrx_word' id='word_1_901' title='bbox 3773 5451 3863 5492; x_wconf 84' lang='lat' dir='ltr'><strong>se-</strong></span> 
     </span>
    </p>
   </div>
   <div class='ocr_carea' id='block_1_118' title="bbox 2298 5525 3866 5597">
    <p class='ocr_par' dir='ltr' id='par_1_118' title="bbox 2298 5525 3866 5597">
     <span class='ocr_line' id='line_1_118' title="bbox 2298 5525 3866 5597; baseline -0.004 -12"><span class='ocrx_word' id='word_1_902' title='bbox 2298 5531 2468 5585; x_wconf 87' lang='lat' dir='ltr'><strong>ennda</strong></span> <span class='ocrx_word' id='word_1_903' title='bbox 2498 5529 2696 5584; x_wconf 78' lang='lat' dir='ltr'><strong>decade</strong></span> <span class='ocrx_word' id='word_1_904' title='bbox 2726 5527 2979 5597; x_wconf 90' lang='lat' dir='ltr'><strong>loquitur.</strong></span> <span class='ocrx_word' id='word_1_905' title='bbox 3003 5526 3110 5581; x_wconf 85' lang='lat' dir='ltr'><strong>Nec</strong></span> <span class='ocrx_word' id='word_1_906' title='bbox 3132 5533 3350 5596; x_wconf 87' lang='lat' dir='ltr'><strong>propter</strong></span> <span class='ocrx_word' id='word_1_907' title='bbox 3377 5525 3592 5580; x_wconf 89' lang='lat' dir='ltr'><strong>morbos</strong></span> <span class='ocrx_word' id='word_1_908' title='bbox 3621 5525 3866 5580; x_wconf 82' lang='lat' dir='ltr'><strong>inhiben-</strong></span> 
     </span>
    </p>
   </div>
   <div class='ocr_carea' id='block_1_119' title="bbox 2298 5616 3864 5686">
    <p class='ocr_par' dir='ltr' id='par_1_119' title="bbox 2298 5616 3864 5686">
     <span class='ocr_line' id='line_1_119' title="bbox 2298 5616 3864 5686; baseline -0.003 -11"><span class='ocrx_word' id='word_1_909' title='bbox 2298 5621 2394 5675; x_wconf 89' lang='lat' dir='ltr'><strong>dos</strong></span> <span class='ocrx_word' id='word_1_910' title='bbox 2416 5621 2658 5674; x_wconf 88' lang='lat' dir='ltr'><strong>instituta</strong></span> <span class='ocrx_word' id='word_1_911' title='bbox 2685 5624 3108 5680; x_wconf 89' lang='lat' dir='ltr'><strong>commemorat,</strong></span> <span class='ocrx_word' id='word_1_912' title='bbox 3139 5616 3230 5672; x_wconf 86' lang='lat' dir='ltr'><strong>sed</strong></span> <span class='ocrx_word' id='word_1_913' title='bbox 3260 5624 3475 5686; x_wconf 87' lang='lat' dir='ltr'><strong>propter</strong></span> <span class='ocrx_word' id='word_1_914' title='bbox 3506 5616 3864 5678; x_wconf 84' lang='lat' dir='ltr'><strong>sterilitatem.</strong></span> 
     </span>
    </p>
   </div>
   <div class='ocr_carea' id='block_1_120' title="bbox 2301 5706 3868 5775">
    <p class='ocr_par' dir='ltr' id='par_1_120' title="bbox 2301 5706 3868 5775">
     <span class='ocr_line' id='line_1_120' title="bbox 2301 5706 3868 5775; baseline -0.003 -10"><span class='ocrx_word' id='word_1_915' title='bbox 2301 5722 2355 5766; x_wconf 89' lang='lat' dir='ltr'><strong>ut</strong></span> <span class='ocrx_word' id='word_1_916' title='bbox 2399 5711 2448 5765; x_wconf 91' lang='lat' dir='ltr'><strong>ei</strong></span> <span class='ocrx_word' id='word_1_917' title='bbox 2483 5709 2712 5773; x_wconf 79' lang='lat' dir='ltr'><strong>videtur,</strong></span> <span class='ocrx_word' id='word_1_918' title='bbox 2749 5708 3030 5762; x_wconf 90' lang='lat' dir='ltr'><strong>mulierum</strong></span> <span class='ocrx_word' id='word_1_919' title='bbox 3054 5747 3068 5772; x_wconf 92' lang='lat'><strong>,</strong></span> <span class='ocrx_word' id='word_1_920' title='bbox 3097 5722 3214 5775; x_wconf 66' lang='lat' dir='ltr'><strong>qua:</strong></span> <span class='ocrx_word' id='word_1_921' title='bbox 3243 5717 3367 5760; x_wconf 93' lang='lat' dir='ltr'><strong>tunc</strong></span> <span class='ocrx_word' id='word_1_922' title='bbox 3415 5706 3681 5762; x_wconf 86' lang='lat' dir='ltr'><strong>acciderat</strong></span> <span class='ocrx_word' id='word_1_923' title='bbox 3718 5709 3868 5763; x_wconf 67' lang='lat' dir='ltr'><strong>eahi-</strong></span> 
     </span>
    </p>
   </div>
   <div class='ocr_carea' id='block_1_121' title="bbox 2303 5794 3871 5868">
    <p class='ocr_par' dir='ltr' id='par_1_121' title="bbox 2303 5794 3871 5868">
     <span class='ocr_line' id='line_1_121' title="bbox 2303 5794 3871 5868; baseline -0.003 -11"><span class='ocrx_word' id='word_1_924' title='bbox 2303 5801 2525 5857; x_wconf 86' lang='lat' dir='ltr'><strong>bcndam</strong></span> <span class='ocrx_word' id='word_1_925' title='bbox 2571 5799 2724 5868; x_wconf 80' lang='lat' dir='ltr'><strong>[forte</strong></span> <span class='ocrx_word' id='word_1_926' title='bbox 2767 5794 3145 5868; x_wconf 78' lang='lat' dir='ltr'><strong>exigendam]:</strong></span> <span class='ocrx_word' id='word_1_927' title='bbox 3193 5795 3417 5866; x_wconf 88' lang='lat' dir='ltr'><strong>proinde</strong></span> <span class='ocrx_word' id='word_1_928' title='bbox 3459 5797 3501 5852; x_wconf 89' lang='lat' dir='ltr'><strong>si</strong></span> <span class='ocrx_word' id='word_1_929' title='bbox 3527 5796 3610 5851; x_wconf 87' lang='lat' dir='ltr'><strong>vel</strong></span> <span class='ocrx_word' id='word_1_930' title='bbox 3651 5799 3716 5852; x_wconf 87' lang='lat' dir='ltr'><strong>ad</strong></span> <span class='ocrx_word' id='word_1_931' title='bbox 3770 5799 3871 5853; x_wconf 85' lang='lat' dir='ltr'><strong>hoc</strong></span> 
     </span>
    </p>
   </div>
  </div>
