4154 6420
347 408 453 463 H5

1558 378 1911 439 EPISTOL.-E
1956 374 2043 429 ΕΤ
2085 374 2398 431 DECliETA
3548 371 3641 423 με

352 523 521 589 ipsum
543 514 743 583 aliquid
772 512 875 567 hoc
904 510 1126 569 valtret,
1164 504 1268 558 hoc
1292 500 1621 563 intermisso,
1660 513 1762 549 non
1798 506 1939 544 tuor-
1972 489 2018 548 Α
2052 497 2173 550 talia
2206 495 2517 552 celebrare?
2550 496 2595 550 si
2630 494 2791 564 pudet
2823 504 2879 549 et
2906 495 3143 550 dedecus
3177 504 3290 561 est,
3329 494 3466 547 itane
3496 496 3642 546 salu-

356 612 450 663 bus
502 605 762 660 acciderit
810 611 999 656 contra
1039 611 1196 666 quem
1237 592 1547 663 Lupercalia
1582 596 1793 652 reperta
1837 598 1941 635 non

353 707 507 761 sunt,
540 697 633 752 sed
693 694 903 749 femina:
949 702 1288 758 nequaquam
1319 696 1576 752 generare
1616 678 1940 737 debuerant,

356 808 451 861 pro
497 802 719 859 quarunt
761 780 1085 837 fecunditate
1119 778 1471 832 catncinantur
1513 771 1752 825 iuventa.
1806 765 1941 831 Quid

353 860 547 937 dicturi
603 878 731 932 estis
773 874 840 929 de
885 889 978 943 pes
1004 888 1070 938 e,
1114 871 1183 925 de
1226 866 1545 929 sterilitate,
1582 861 1649 915 de
1681 860 1943 914 bellorum

355 983 674 1041 tempestate
719 969 1005 1030 co:.tinua;
1055 960 1288 1031 nunquid
1337 970 1390 1011 et
1422 958 1537 1010 haec
1569 963 1786 1023 propter
1822 950 1947 1005 sub-

356 1069 461 1122 lata
506 1061 822 1133 Lupercalia
874 1054 1253 1123 contigerunt?
1298 1051 1355 1106 Si
1386 1060 1563 1104 autem
1594 1062 1697 1099 non
1730 1054 1949 1113 propter

358 1159 456 1212 ista
491 1155 572 1208 vel
616 1151 851 1211 vitanda,
889 1150 969 1201 vel
1017 1143 1285 1207 curanda,
1330 1136 1641 1205 Lupercalia
1667 1144 1792 1188 sunt
1824 1148 1945 1200 pro-

357 1248 501 1314 visa,
530 1245 659 1312 quid
707 1242 849 1297 inani
884 1237 1187 1292 turbatione
1215 1229 1529 1302 jactamini?
1569 1226 1692 1294 quid
1736 1225 1947 1286 Tuscia,

357 1339 482 1407 quid
515 1334 731 1390 λιΕιιιίΙὶξι
754 1375 767 1394 ,
802 1343 1121 1397 caulemque
1164 1324 1449 1396 provincim
1473 1362 1487 1385 ,
1524 1322 1574 1371 in
1608 1318 1805 1387 quibus
1850 1317 1948 1369 ho-

360 1432 561 1485 minum
598 1440 765 1496 prope
816 1422 992 1476 nullus
1036 1419 1251 1482 existit,
1288 1426 1347 1469 ut
1392 1413 1583 1467 bellica
1634 1410 1953 1463 necessitate

360 1527 805 1579 consumeretur.
858 1512 1291 1583 Lupercaliorum
1343 1505 1469 1560 fecit
1510 1502 1778 1565 offensio,
1835 1514 1953 1568 quae

360 1617 518 1682 longe
543 1620 664 1665 ant‘
690 1617 905 1663 vastata:
938 1613 1063 1660 sunt
1090 1618 1247 1672 quam
1274 1598 1585 1669 Lupercalia
1613 1592 1953 1648 tollerentur?

360 1707 586 1773 Quando
615 1700 937 1758 Anthemius
969 1699 1261 1765 imperator
1292 1694 1511 1745 Romam
1544 1689 1710 1751 venit,
1751 1684 1955 1751 Luper~

360 1802 491 1855 calta
525 1799 705 1865 utique
744 1796 1092 1863 gerebantur,
1126 1796 1180 1842 et
1230 1797 1315 1840 tau
1341 1801 1408 1839 eu
1456 1782 1759 1851 peSIilentia
1806 1787 1951 1832 tanta

362 1890 650 1959 subrepsit,
680 1900 737 1943 ut
765 1886 1041 1941 toleranda
1070 1883 1158 1936 vix
1182 1881 1363 1934 fuerit.
1395 1876 1641 1946 Nunquid
1677 1891 1769 1945 per
1796 1875 1953 1930 Cam-

362 1982 573 2051 paniam
612 1978 921 2049 Lupercalia
960 1974 1303 2046 gerebantur,
1337 1986 1457 2041 quae
1497 1968 1705 2023 sublata
1736 1968 1954 2023 morbos

366 2078 474 2132 illic
514 2086 567 2129 ct
616 2071 974 2143 pestilentiam
1026 2065 1408 2138 procrearent?
1445 2062 1553 2118 Sed
1599 2060 1790 2115 dicturi
1826 2060 1954 2115 estis

364 2171 428 2223 ad
466 2168 688 2220 Romam
722 2174 976 2230 tanquam
1026 2159 1093 2213 ad
1140 2165 1301 2225 caput
1331 2156 1511 2210 omnia
1557 2153 1858 2223 pertinere,
1904 2162 1958 2206 et

364 2260 505 2329 quod
537 2260 621 2312 hic
652 2256 845 2310 factum
873 2268 979 2307 non
1011 2260 1115 2317 est,
1145 2250 1372 2303 diversis
1410 2245 1701 2315 provinciis
1738 2244 1803 2299 ad
1839 2260 1869 2299 e
1890 2260 1955 2297 rm

365 2348 758 2421 pe.tinentibus
797 2344 1057 2400 obfuisse.
1093 2342 1204 2397 Cur
1243 2355 1371 2409 ergo
1400 2349 1687 2407 antequam
1742 2338 1806 2390 ad
1856 2337 1961 2391 Ro-

365 2458 506 2496 mam
555 2440 671 2493 ista?
702 2436 991 2507 provinciae
1018 2433 1379 2504 pertinerent,
1413 2439 1605 2499 przeter
1648 2427 1959 2497 Lupercalia

367 2532 599 2602 propriis
620 2530 812 2599 apibus
835 2525 1169 2582 floruerunt?
1198 2534 1253 2578 ut
1278 2522 1537 2578 sterilitas
1562 2523 1630 2575 sit
1652 2522 1958 2575 continuata

368 2636 633 2681 terrarum
666 2620 983 2691 Lupercalia
1016 2619 1225 2672 sublata
1258 2616 1527 2683 fecerunt,
1556 2630 1623 2669 an
1654 2624 1960 2668 nostrorum

371 2717 561 2771 merita
597 2710 973 2781 peccatorum?
1005 2709 1075 2764 de
1124 2708 1318 2777 quibus
1349 2706 1477 2761 olim
1509 2707 1710 2760 dictum
1740 2714 1857 2769 est,
1910 2715 1963 2759 et

300 2810 305 2817 ’
368 2808 624 2879 quidquid
652 2804 879 2860 Romani
903 2812 1211 2859 meruerant
1238 2802 1466 2870 perdere
1490 2815 1687 2864 mores,
1713 2799 1965 2853 sterilitas

369 2910 515 2955 certe
573 2898 890 2953 feminarum
944 2894 1128 2950 debuit
1173 2894 1494 2963 provenire,
1544 2901 1763 2960 propter
1806 2907 1963 2961 quam

370 2988 722 3044 auferendum
747 2986 1059 3057 Lupercalia
1084 2985 1323 3039 instituta
1347 2984 1637 3050 jactantur,
1672 2997 1778 3035 non
1811 2982 1966 3035 steri-

371 3083 495 3137 litas
528 3092 792 3134 terrarum
821 3118 836 3145 ,
870 3086 1089 3147 propter
1125 3091 1284 3145 quam
1334 3074 1649 3142 Lupercalia
1698 3090 1801 3126 non
1842 3083 1966 3127 sunt

372 3172 633 3239 instituta,
666 3169 1013 3224 removenda.
1038 3166 1177 3233 Quid
1203 3168 1253 3219 in
1277 3165 1478 3228 Africa,
1514 3164 1655 3218 unde
1682 3164 1963 3229 sterilitas;

373 3266 496 3336 quid
536 3267 586 3319 in
616 3262 844 3318 Galliis?
876 3260 1190 3331 Lupercalia
1226 3261 1324 3314 ieta
1376 3258 1650 3321 fecerunt,
1698 3272 1763 3310 an
1799 3257 1964 3311 nostri

375 3371 583 3425 mores,
617 3355 779 3418 furta,
835 3350 1156 3417 homicidia,
1203 3348 1493 3412 adulteria,
1529 3346 1835 3414 iniustitiae,
1867 3346 1968 3399 ini-

375 3426 637 3519 quitte(,
662 3445 1005 3508 ambitiones,
1036 3440 1377 3509 cupiditates,
1406 3440 1661 3509 periuria,
1699 3438 1827 3492 falsa
1863 3450 1970 3493 tes-

378 3540 623 3603 timonia,
639 3535 1018 3605 oppressiones
1032 3532 1377 3595 miserorum,
1406 3532 1663 3583 bonarum
1685 3544 1965 3584 causarum

377 3632 722 3701 impugnatio,
741 3628 1109 3696 malarumque
1131 3624 1393 3690 defensio,
1412 3625 1530 3677 etin
1554 3622 1804 3677 onmibus
1824 3626 1970 3675 inau—

378 3724 485 3776 dita
520 3722 881 3792 perversitas;
915 3727 1219 3787 postremo,
1264 3717 1406 3785 quod
1437 3731 1599 3785 supra
1630 3716 1808 3769 omnia
1850 3725 1966 3779 est,

380 3817 488 3871 Deo
522 3815 659 3870 ficta:
708 3824 915 3867 mentes
974 3820 1026 3866 ct
1087 3810 1405 3880 sacrilegia,
1448 3820 1701 3877 artesque
1750 3809 1971 3876 magica:

380 3910 537 3963 etiam
584 3909 801 3977 paganis
832 3904 1166 3959 horrendae?
1216 3903 1355 3957 Ecce
1398 3918 1519 3971 quae
1561 3902 1761 3956 faciunt
1791 3902 1971 3955 omnia

380 4000 542 4056 adver
573 4016 623 4065 a,
656 4008 707 4055 et
739 3998 949 4053 inimica
982 3997 1165 4061 nobis,
1199 4011 1302 4048 non
1327 3995 1668 4064 Lupercalia,
1701 4010 1818 4063 qua:
1850 4002 1974 4048 sunt

383 4110 485 4163 pro
519 4103 690 4145 vestra
725 4090 895 4145 salute
937 4090 1168 4143 sublata.
1216 4088 1321 4144 Sed
1353 4087 1477 4157 quid
1522 4088 1697 4141 dicitis
1732 4102 1826 4141 vos
1874 4087 1972 4155 ipsi

384 4184 470 4253 qui
500 4182 813 4251 Lupercalia
848 4178 1132 4235 defenditis
1153 4220 1167 4243 ,
1196 4190 1247 4233 et
1278 4180 1481 4248 agenda
1509 4177 1838 4247 proponitis?
1870 4178 1973 4231 Vos

383 4274 568 4326 eadem
600 4273 868 4342 pretiatis,
902 4285 998 4324 vos
1027 4283 1216 4324 eorum
1265 4269 1465 4323 cultum
1494 4268 1974 4336 celebritatemque

386 4362 546 4417 vilem
574 4364 954 4429 vulgarcmque
985 4358 1231 4414 redditis.
1264 4357 1319 4413 Si
1363 4359 1601 4412 ostensio
1630 4358 1974 4426 Lupercalio-

387 4472 501 4509 rum
532 4455 685 4509 nobis
716 4453 939 4507 adversa
976 4454 1311 4520 procuravit,
1343 4462 1521 4505 vestra
1553 4449 1706 4517 culpa
1738 4460 1849 4514 est;
1884 4449 1973 4519 qui

385 4548 525 4617 quod
556 4548 706 4601 vobis
734 4545 1075 4614 singulariter
1100 4543 1353 4612 prodesse
1388 4543 1603 4612 putatis,
1630 4542 1971 4612 negligentis-

386 4644 540 4707 sime,
573 4652 627 4696 et
658 4658 763 4696 non
800 4644 953 4710 lange
982 4641 1170 4709 impari
1203 4640 1347 4693 cultu
1379 4648 1434 4693 et
1464 4637 1750 4691 devotione
1787 4651 1845 4688 ea
1880 4635 1977 4687 du-

387 4733 506 4787 citis
528 4733 676 4787 celcb
708 4749 775 4786 an
800 4734 1030 4798 la,quaut
1055 4730 1390 4799 profanitatis
1411 4738 1601 4782 vestra:
1625 4727 1835 4781 celebra
1848 4741 1975 4779 vete

389 4824 642 4889 majores.
679 4823 830 4891 Apud
865 4823 983 4876 itiOa
1014 4822 1154 4876 enim
1204 4821 1411 4874 nobiles
1434 4820 1532 4888 ipsi
1571 4819 1892 4879 currebant,
1926 4829 1978 4870 et

390 4924 653 4970 matrona:
710 4917 908 4970 nudato
958 4918 1167 4985 publice
1209 4930 1435 4981 corpore
1476 4914 1817 4983 vapulaluant.
1871 4912 1978 4966 Vos

388 5021 517 5077 ergo
546 5006 699 5075 primi
744 5008 794 5060 in
829 5006 1140 5073 Lupercalia
1174 5005 1520 5059 commisi‘tis
1554 5022 1566 5059 :
1602 5005 1769 5059 satius
1808 5004 1974 5058 fuerat

390 5115 494 5154 non
530 5112 688 5167 agere
719 5114 875 5167 quam
916 5113 974 5150 ea
1003 5112 1124 5151 cum
1153 5098 1343 5165 injuria
1383 5097 1701 5160 celebrare;
1748 5098 1841 5151 sed
1882 5098 1975 5151 de-

391 5193 617 5245 duxistis
648 5190 1011 5243 venerandum
1046 5190 1195 5242 vobis
1239 5190 1440 5259 cultum
1468 5231 1483 5256 ,
1542 5199 1598 5244 et
1640 5190 1975 5244 salutiferam

393 5298 552 5353 quem
586 5282 804 5347 putatis,
836 5281 900 5335 ad
935 5283 1067 5335 viles
1099 5280 1444 5351 trivialesque
1476 5297 1737 5352 personas
1758 5326 1773 5349 ,
1801 5284 1982 5352 abjcc-
2024 5276 2031 5282 ’

397 5384 478 5427 tus
511 5384 564 5426 Pt
593 5375 825 5426 infimos.
853 5374 908 5427 Si
942 5390 1065 5427 vere
1097 5390 1225 5440 ergo
1253 5375 1577 5441 profitemini
1611 5376 1711 5429 hoc
1739 5392 1977 5441 sacrum,

396 5481 457 5519 ac
485 5465 660 5533 potius
689 5476 1152 5518 exsecrainetztum
1180 5507 1193 5529 ,
1230 5468 1379 5519 vobis
1411 5482 1529 5519 esse
1560 5469 1793 5521 salutare
1816 5509 1828 5530 ,
1884 5468 1980 5535 ipsi

400 5557 668 5610 celebrate
693 5571 842 5609 tnore
870 5559 1153 5620 lttajot‘tttn,
1190 5557 1283 5623 ipsi
1310 5572 1430 5610 Cum
1462 5558 1581 5610 :tmit
1604 5558 1691 5610 ulo
1720 5560 1843 5610 tttttii
1878 5561 1927 5611 di
1961 5589 1986 5599 -

399 5645 596 5698 currite
618 5686 632 5708 ,
682 5654 737 5697 ut
770 5646 867 5697 rite
898 5654 1088 5698 vestrae
1113 5647 1297 5698 salutis
1334 5647 1559 5700 ludibria
1599 5649 1887 5717 perargutis.
1928 5649 1986 5705 Si

403 5750 591 5802 magna
620 5744 778 5799 sunt,
820 5736 861 5787 si
910 5736 1110 5797 divina,
1160 5738 1200 5788 si
1228 5736 1498 5789 salutifera
1522 5778 1535 5801 ,
1582 5738 1624 5791 si
1652 5740 1700 5791 iu
1750 5741 1833 5793 his
1864 5742 1985 5795 vita:

402 5836 593 5883 vestras
623 5826 813 5897 pendet
841 5826 1133 5898 integritas,
1169 5842 1261 5883 cur
1295 5843 1384 5888 vos
1408 5829 1569 5899 pudet
1598 5845 1692 5901 per
1719 5850 1811 5891 vos
1842 5836 1985 5904 ipsus

2050 592 2263 646 tiferum
2321 597 2405 643 est
2428 597 2481 643 et
2526 587 2767 643 divinum
2803 587 3178 657 profuturum,
3229 583 3373 654 quod
3402 599 3497 637 vos
3546 584 3644 651 ἱρή

2049 683 2285 738 dedecus
2310 696 2433 737 esse
2459 682 2769 737 fateamini?
2792 682 2961 734 Nemo
2992 695 3051 733 re
3077 678 3309 746 igionem
3341 675 3644 746 profitetur,

2048 791 2207 845 quam
2241 790 2337 844 per
2386 790 2443 829 se
2492 776 2712 843 exsequi
2762 788 2983 843 prorsus
3007 770 3284 838 erubescit
3316 779 3370 823 et
3418 768 3646 835 refugit;

2052 872 2165 941 ipsa
2206 870 2527 925 verecundia
2562 879 2734 923 vestra
2770 884 2861 921 vos
2894 868 3086 922 docent
3131 866 3335 919 crimen
3388 877 3511 915 esse
3554 877 3651 927 pu-

2054 966 2273 1029 bl'cum,
2310 978 2415 1017 non
2443 964 2666 1017 salutem
2698 1007 2705 1013 .
2753 970 2805 1014 et
2833 976 2938 1015 non
2983 958 3288 1012 Divinitatis
3314 956 3550 1016 cultum,
3583 953 3650 1005 de

2051 1072 2157 1125 quo
2188 1054 2405 1122 sapiens
2434 1054 2608 1107 nullus
2640 1051 2942 1113 erubescit,
2977 1050 3073 1105 sed
3130 1050 3483 1102 instrumenta
3530 1060 3652 1113 pra-

2054 1148 2299 1213 vitatum,
2330 1149 2525 1211 quibus
2562 1162 2713 1198 mens
2742 1154 2920 1197 vestra
2942 1150 3127 1196 contra
3161 1139 3508 1207 scmetipsam
3536 1147 3647 1191 tes-

2054 1240 2334 1295 timonium
2394 1239 2606 1301 ferens,
2647 1236 2785 1305 quod
2839 1234 3131 1303 gerendum
3190 1222 3496 1301 profitetur,
3529 1244 3651 1281 eru-

2055 1333 2224 1388 bescit
2253 1332 2398 1399 impli
2422 1346 2501 1385 re.
2528 1329 2781 1384 Castores
2809 1329 2971 1382 vestri
3003 1336 3169 1390 certe,
3197 1342 3225 1378 a
3249 1340 3476 1393 quorum
3508 1324 3650 1378 cultu

2055 1428 2321 1481 desistere
2354 1424 2603 1478 noluisis
2629 1463 2642 1487 ,
2674 1438 2770 1477 cur
2802 1422 2955 1477 vobis
2984 1431 3285 1489 Opportuna
3336 1418 3500 1471 maria
3549 1416 3650 1467 mi-

2056 1520 2199 1572 nime
2246 1517 2621 1585 przcbuerunt,
2658 1524 2716 1568 ut
2743 1514 2936 1568 hiemis
2982 1524 3223 1581 tempore
3254 1512 3509 1585 venirent
3548 1510 3652 1561 huc

2057 1610 2261 1679 navigia
2293 1625 2413 1664 cum
2450 1610 2765 1674 frumentis,
2799 1618 2852 1662 et
2881 1608 3072 1662 civitas
3106 1607 3283 1675 inopia
3328 1582 3551 1658 minime
3576 1604 3653 1655 la-

2055 1703 2310 1757 boraret?
2366 1718 2431 1754 an
2478 1702 2667 1756 diebus
2715 1701 3063 1769 sequentibus
3119 1700 3222 1752 hac
3277 1698 3511 1752 futurum
3570 1707 3653 1751 est

2059 1794 2284 1862 astatis,
2318 1809 2345 1847 a
2379 1795 2489 1849 Deo
2518 1796 2863 1848 con5titutum
2896 1793 3219 1847 beneficium
3246 1800 3346 1853 est,
3379 1806 3484 1843 non
3516 1787 3649 1843 Cas-

2064 1896 2239 1941 torum
2270 1901 2405 1941 vana
2458 1885 2767 1955 persuasio?
2800 1885 2968 1939 Dicite
3000 1884 3155 1938 nobis
3188 1898 3288 1938 nec
3329 1881 3651 1942 Christiani,

2060 1994 2159 2034 nec
2204 1979 2418 2049 pagani,
2451 1979 2651 2047 ubique
2684 1977 2894 2047 perfidi,
2928 1991 3188 2045 nusquam
3220 1975 3425 2037 ﬁdeles,
3457 1974 3655 2040 ubique

2059 2071 2322 2141 corrupti,
2360 2086 2622 2141 nusquam
2649 2070 2867 2139 integri,
2898 2070 2987 2139 qui
3021 2077 3125 2122 tam
3158 2076 3446 2134 utrumque
3470 2074 3656 2119 tenere

2061 2178 2167 2217 non
2204 2163 2425 2231 potestis
2451 2203 2465 2228 ,
2509 2176 2667 2232 quam
2721 2161 2823 2215 sibi
2852 2169 3137 2228 utrumque
3170 2157 3497 2213 contrarium
3549 2164 3652 2210 e-t.

2064 2257 2233 2311 Dicite
2259 2298 2272 2320 ,
2327 2258 2541 2325 inquam
2565 2296 2579 2318 ,
2632 2255 3075 2325 Lupercaliorum
3108 2253 3339 2322 patroni,
3381 2258 3435 2304 et
3468 2264 3655 2302 revera

2067 2350 2365 2404 Divinitatis
2407 2348 2651 2411 ludibrii,
2684 2358 2734 2400 et
2776 2348 3167 2401 cantilenarum
3203 2345 3435 2412 turpium
3474 2342 3657 2397 defen-

2065 2458 2235 2509 sores,
2272 2443 2413 2511 digni
2458 2440 2695 2510 magistri
2734 2440 2964 2493 vesania:
2984 2418 3087 2505 ,let
3118 2439 3202 2505 qui
3229 2451 3332 2490 non
3360 2436 3476 2489 sine
3500 2448 3659 2486 causa

2066 2550 2193 2589 sana
2228 2535 2400 2603 capita
2428 2548 2533 2588 non
2561 2533 2791 2597 habetis,
2821 2532 2965 2602 digni
2992 2533 3089 2584 hac
3119 2529 3397 2598 religione,
3424 2543 3543 2598 qua:
3566 2528 3661 2580 ob-

2066 2627 2384 2681 scenitatum
2416 2636 2470 2679 et
2513 2625 2833 2694 ﬂagitiorum
2866 2623 3089 2678 vocibus
3134 2623 3477 2677 celebratur:
3515 2620 3601 2673 vid
3622 2636 3663 2661 ‘-

2068 2721 2185 2774 ritis
2238 2720 2335 2786 ipsi
2369 2719 2493 2787 quid
2541 2718 2693 2772 vobis
2731 2718 2919 2771 salutis
2950 2716 3225 2785 impendat
3253 2756 3281 2793 ι
3308 2729 3428 2782 qua:
3460 2722 3661 2768 tantam

2072 2812 2308 2866 moribu~
2340 2811 2513 2865 labem
2539 2806 2944 2879 perniciemque
2976 2809 3246 2878 proponit.
3274 2807 3381 2861 Nec
3411 2815 3492 2861 est
3520 2805 3666 2875 quod

2070 2900 2263 2957 dicatis
2293 2902 2472 2971 potius
2499 2902 2615 2957 haec
2644 2901 2872 2971 agendo,
2898 2910 2951 2956 et
2980 2900 3215 2954 facinora
3248 2897 3667 2967 uniuscujusque

2070 2995 2360 3065 vulgando,
2396 2996 2674 3051 deterrere
2705 3011 2733 3048 a
2765 2995 2959 3049 talibus
2992 2995 3297 3049 commissis
3336 2994 3544 3047 animos
3570 3038 3582 3058 ,
3618 3000 3669 3047 et

2072 3090 2281 3160 pudore
2320 3088 2621 3155 refrenari,
2655 3104 2721 3144 ne
2748 3089 2815 3143 de
2842 3088 2925 3143 his
2971 3088 3181 3158 publica
3224 3102 3356 3142 voce
3396 3096 3667 3151 cantetur,

1996 3223 2041 3286 Ο
2075 3183 2309 3250 quando,
2344 3183 2478 3235 sicut
2506 3183 2595 3237 ille
2622 3186 2714 3245 ait,
2736 3198 2844 3237 non
2872 3190 2977 3236 tam
3002 3182 3278 3236 deterrere
3301 3196 3459 3251 quam
3482 3180 3672 3234 admo-

2076 3290 2204 3329 nere
2253 3275 2463 3328 animos
2515 3274 2631 3329 bare
2679 3274 2910 3329 ludibria
2940 3274 3251 3337 videantur,
3296 3283 3349 3327 et
3395 3274 3535 3326 sient
3583 3271 3674 3327 ille

2071 3367 2207 3421 dixit
2254 3383 2267 3418 :
2317 3366 2454 3420 iram
2505 3374 2666 3433 atque
2715 3367 2925 3421 animos
2966 3382 2992 3419 a
3025 3366 3253 3420 crim‘ne
3304 3372 3557 3427 sumunt;
3611 3379 3676 3415 co

2073 3456 2503 3526 impudentiores
2534 3456 2732 3519 effecti,
2766 3470 2871 3526 quo
2903 3456 3129 3511 crimine
3164 3454 3463 3523 publicato,
3499 3468 3675 3522 expo-

2072 3550 2280 3616 sitaque
2312 3549 2636 3602 verecundia
2662 3590 2674 3610 ,
2711 3549 2785 3602 nil
2835 3558 3081 3611 superest
3128 3549 3349 3601 omnino
3389 3548 3531 3616 quod
3576 3564 3677 3617 pu-

2073 3640 2216 3703 deat,
2244 3654 2343 3693 nec
2370 3639 2683 3709 habetquod
2708 3648 2910 3695 metuat
2927 3639 3213 3708 publicari,
3237 3638 3449 3706 sedjam
3474 3652 3529 3692 se
3546 3638 3678 3691 fidu-

2074 3732 2503 3787 cialiterexerat.
2530 3731 2655 3799 qual
2684 3745 2707 3784 s
2738 3731 2787 3783 in
2815 3731 3120 3799 propatulo,
3146 3746 3254 3783 non
3281 3745 3373 3797 per
3397 3729 3677 3781 coercitio-

2076 3839 2215 3886 nem,
2234 3823 2325 3877 sed
2349 3823 2523 3888 potius
2547 3837 2641 3890 per
2662 3820 2951 3889 quamdam
2972 3820 3209 3873 laztitiam
3234 3830 3285 3873 et
3306 3818 3675 3872 celebritatem

2078 3915 2353 3968 nominum
2380 3913 2657 3966 decantata
2687 3912 3038 3981 estquaelibet
3069 3912 3155 3965 illa
3190 3928 3451 3981 persona,
3487 3912 3596 3965 imo
3628 3921 3681 3967 et

2078 4004 2339 4073 religione
2398 4020 2454 4057 se
2486 4014 2743 4071 prmslarc
2773 4004 3025 4065 conlidit;
3081 4012 3139 4057 ut
3169 4004 3305 4063 sint.
3344 4004 3483 4057 unde
3518 4005 3684 4058 nomi-

2077 4111 2201 4147 num
2244 4094 2505 4147 solen.nia
2555 4094 2919 4155 celebrentur,
2966 4110 3084 4162 quae
3114 4094 3217 4148 ni-i
3260 4094 3547 4149 criminum
3589 4095 3684 4150 de-

2078 4184 2470 4240 cantationibus
2499 4200 2603 4237 non
2636 4183 2907 4239 coluntur.
2956 4184 3127 4239 Dicite
3182 4184 3337 4239 nobis
3382 4185 3563 4255 itaque
3593 4187 3683 4255 qui

2078 4279 2410 4333 voluntatem
2438 4276 2778 4347 profanitatis
2798 4276 3029 4341 habetis,
3049 4276 3199 4346 cujus
3221 4290 3414 4331 causas
3439 4292 3685 4333 asserere

2079 4388 2183 4425 non
2243 4374 2501 4440 potestis,
2538 4371 2625 4438 qui
2669 4368 2882 4422 tuendae
2932 4368 3145 4422 habetis
3174 4367 3505 4437 propositum
3541 4368 3687 4422 falsi—

2081 4464 2207 4517 tatis
2236 4476 2395 4530 quam
2427 4460 2720 4515 defendere
2752 4475 2859 4514 non
2888 4459 3145 4529 potestis;
3176 4458 3304 4529 quid
3328 4458 3522 4512 dicturi
3554 4461 3687 4513 estis

2080 4555 2147 4607 de
2178 4555 2441 4616 siccitate,
2475 4554 2541 4606 de
2568 4551 2850 4620 grandine,
2888 4550 2954 4604 de
2988 4550 3233 4615 turbine,
3267 4550 3334 4605 de
3359 4552 3688 4619 tempestati-

2088 4648 2205 4709 bus,
2240 4644 2509 4713 variisque
2556 4643 2822 4707 cladibus,
2849 4657 2967 4709 qum
3004 4657 3099 4709 pro
3133 4655 3342 4695 morum
3378 4652 3687 4695 nostrorum

2086 4736 2343 4803 qualitate
2370 4735 2734 4803 proveniunt?
2758 4734 3135 4802 Nunquidnam
3169 4744 3218 4788 et
3251 4733 3362 4787 hrcc
3388 4734 3566 4787 omnia
3593 4748 3689 4802 pro

2086 4827 2311 4883 sublatis
2345 4825 2731 4895 Lupercalibus
2762 4826 3123 4893 contigerunt,
3154 4840 3221 4878 an
3254 4826 3305 4879 in
3339 4826 3690 4878 malismori-

2089 4921 2187 4972 bus
2232 4918 2557 4985 castigandis
2600 4916 2813 4970 meritis
2862 4915 3305 4970 retributionibus
3354 4915 3691 4969 inferuntur?

2088 5011 2191 5065 Sed
2226 5027 2328 5063 non
2360 5011 2552 5063 mirum
2582 5019 2661 5061 est
2694 5008 2947 5062 homines
2980 5022 3086 5060 non
3114 5005 3317 5074 judicio
3346 5006 3530 5059 divino
3552 5006 3692 5059 velle

2094 5108 2191 5158 ista
2221 5102 2554 5172 cortingerc,
2584 5101 2676 5155 sed
2703 5117 2854 5153 vanae
2875 5100 3278 5167 superstitionis
3306 5099 3543 5163 incursu;
3576 5098 3693 5167 qui-

2092 5197 2192 5251 bus
2222 5212 2317 5250 sua
2361 5196 2588 5249 crimina
2618 5202 2671 5248 et
2700 5193 2983 5247 ntultfacta
3028 5191 3341 5261 cooperiant
3362 5232 3375 5256 ,
3405 5189 3695 5247 auctorita-

2092 5297 2197 5341 tem
2230 5286 2425 5351 cmlis,
2480 5286 2655 5339 sidera
2721 5286 3009 5355 perhibent
3063 5284 3321 5339 adbibere
3375 5292 3427 5338 et
3473 5282 3691 5337 fatalem

2093 5382 2269 5435 induci
2296 5396 2537 5435 errorem
2564 5423 2578 5445 ,
2633 5381 3121 5448 necessitatemque
3171 5376 3455 5447 peccandi,
3486 5375 3693 5430 facino—

2092 5490 2255 5542 raque
2287 5488 2379 5526 sua
2414 5489 2517 5526 non
2574 5473 2641 5526 de
2670 5472 2850 5525 cordis
2885 5471 3085 5539 protrii
3126 5472 3475 5537 perversitate
3506 5483 3687 5535 proce‘

2092 5565 2239 5627 dere,
2274 5564 2523 5617 sctlccelo
2557 5572 2777 5615 auctore
2806 5564 3059 5629 pendere.
3088 5560 3377 5630 f'r0puuite
3410 5559 3569 5627 igitur
3599 5574 3696 5627 pro

2094 5657 2287 5725 quibus
2333 5668 2423 5709 aut
2475 5656 2863 5710 submovcndis
2920 5656 3115 5717 malis,
3171 5661 3262 5713 aut
3321 5653 3697 5721 promerendis

2097 5748 2250 5801 bonis
2303 5746 2619 5816 LupCI‘Cuiia
2668 5757 2841 5799 vestra
2880 5745 3075 5799 fuerint
3106 5744 3343 5798 instituta
3368 5786 3383 5810 ,
3426 5753 3479 5797 et
3510 5744 3694 5797 videa-

2100 5856 2217 5895 tuus
2248 5856 2369 5906 qux
2399 5840 2486 5895 illa
2516 5840 2653 5895 bona
2704 5838 3081 5907 provenerint,
3110 5853 3227 5892 «unt
3262 5836 3573 5906 L‘tpchaliJ
3603 5851 3687 5905 ge-
