4154 6436
1755 278 1778 316 ⁵
1807 315 1812 331 ἱ

559 386 661 441 ns
1767 353 1781 391 ⁷
1931 391 2198 450 occasu
2238 393 2434 450 PAPA:
2470 395 2487 448 ι
3717 394 3801 450 liti

559 510 826 568 rereutur,
860 510 917 558 et
959 517 1077 573 qua
1106 503 1240 558 mala
1269 505 1627 558 successerint
1653 516 1774 559 cum
1824 505 2134 577 Lupercalia
2161 509 2212 569 Α
2241 507 2388 563 tem?
2441 508 2547 565 Sed
2586 508 2761 564 dic'tis
2794 520 2870 566 tot
2895 513 3108 569 sacculis
3137 526 3249 568 rem
3277 521 3483 582 gestam
3520 524 3626 567 nou
3658 523 3800 578 opor-

552 591 865 647 viderentur
893 593 1086 647 ablata.
1121 593 1291 662 Figite
1313 592 1534 666 gradum
1555 633 1571 659 ,
1602 593 1669 649 ad
1715 597 1856 666 quod
1887 605 2122 653 vestrum

2235 610 2349 656 tere
2378 603 2599 656 secludi.
2631 603 2988 662 Nihilominus
3017 607 3197 661 multis
3240 605 3571 674 temporibus
3601 602 3800 672 pagani-

550 683 815 737 excidium
830 682 1016 739 dicatis
1039 683 1152 738 haec
1170 683 1407 754 prodigia
1431 683 1594 741 fuisse
1617 695 1851 757 reperta,
1878 687 2124 758 digniqui
2230 693 2356 748 tatis
2410 695 2716 764 superstitio
2744 696 2992 751 ventilata
3041 706 3145 752 est.
3183 696 3528 752 Sacriﬁcetur
3574 695 3626 747 in
3677 703 3798 747 tem-

549 783 843 828 monstrum
874 774 1054 829 nescio
1087 772 1228 843 quod
1258 774 1478 843 pecudis
1507 775 1848 848 hominisque
1891 779 2119 833 mixtura

548 865 934 933 compositum,
979 867 1092 920 sive
1124 879 1271 931 vere,
1303 867 1416 922 sive
1440 867 1572 923 false
1594 867 1793 923 editum
1816 867 2120 923 celebretis.

545 959 600 1013 Si
633 967 848 1027 propter
875 958 1232 1028 pestilentiam
1255 958 1694 1025 submovendam,
1738 969 1795 1015 ut
1822 959 2119 1030 antiquiora

541 1058 863 1118 praetereant
889 1089 907 1115 ,
957 1064 1085 1105 ecce
1115 1060 1398 1120 antequam
1430 1051 1561 1106 meis
1591 1053 1921 1122 temporibus
1968 1051 2120 1108 tolle-

541 1147 758 1202 rentur,
810 1138 1165 1207 pestilentiam
1211 1153 1424 1208 gravem
1458 1149 1564 1194 tam
1596 1139 1652 1195 in
1682 1141 1826 1197 Urbe
1859 1155 2018 1213 quam
2065 1143 2118 1197 in

540 1235 684 1301 agris
711 1231 984 1287 hominum
1023 1231 1394 1302 pecudumque
1419 1232 1581 1288 fuisse
1612 1249 1719 1288 non
1746 1233 1966 1289 dubium
2004 1244 2115 1300 est;

537 1323 581 1379 si
613 1339 709 1393 pro
729 1324 1259 1395 sterilitatejactatis,
1283 1341 1378 1382 cur
1401 1327 1452 1380 in
1483 1325 1664 1381 Africa
1693 1327 1774 1382 vel
1805 1325 1988 1382 Galliis
2016 1326 2116 1382 ista

537 1413 885 1486 contingunt,
936 1415 1025 1470 ubi
1077 1430 1176 1472 nec
1206 1416 1417 1470 fuerunt
1457 1416 1742 1486 aliquando
1771 1414 2114 1486 Lupercalia,

536 1521 635 1562 nec
661 1518 870 1562 constat
895 1507 1059 1563 fuisse
1078 1506 1318 1562 sublata?
1345 1507 1454 1562 Cur
1483 1523 1623 1563 nunc
1658 1498 1849 1563 Oriens
1875 1508 2113 1562 omnium

535 1610 711 1653 rerum
751 1599 918 1666 copiis
949 1599 1214 1662 exuberat
1239 1607 1294 1654 et
1331 1598 1586 1664 abundat,
1618 1600 1707 1669 qui
1735 1613 1835 1654 nec
1870 1597 2112 1653 celebra-

533 1690 607 1743 vit
636 1704 865 1760 unquam
886 1689 1226 1760 Lupercalia,
1251 1704 1348 1746 nec
1369 1690 1641 1746 celebrat?
1681 1692 1762 1746 An
1785 1691 1961 1748 dicitis
2002 1694 2114 1750 illic

533 1795 731 1837 nocere
761 1781 848 1836 ubi
884 1798 980 1853 per
1014 1783 1240 1851 plurima
1275 1782 1468 1838 saecula
1502 1783 1713 1839 fuerant
1757 1785 2025 1841 celebrata
2059 1797 2114 1842 et

2229 785 2332 854 piis
2355 785 2658 842 daemonum
2678 830 2692 854 ,
2736 798 2789 844 et
2819 789 2870 842 in
2901 789 3152 858 capitoiio
3178 789 3399 857 profana
3427 787 3636 840 vanitas
3670 784 3798 839 cele-

2226 875 2428 931 bretur.
2473 876 2582 931 Cur
2634 879 2936 946 portionem
2983 877 3275 932 defenditis
3321 886 3375 932 et
3431 890 3550 945 quae
3605 872 3793 942 majora

2225 975 2351 1022 sunt
2381 968 2696 1036 praeteritis?
2724 969 2780 1024 Si
2823 970 3049 1038 plurima
3075 983 3272 1040 genera
3302 967 3597 1021 vanitatum
3627 963 3796 1018 multis

2224 1069 2342 1115 acta
2388 1059 2596 1114 saeculis
2642 1060 2938 1129 probantur
2983 1075 3103 1117 esse
3158 1059 3406 1121 sublata,
3454 1073 3553 1111 cur
3593 1055 3792 1123 portio,

2223 1151 2507 1219 quantovis
2538 1158 2782 1220 tempore
2809 1151 3062 1206 ventilata
3082 1193 3099 1217 ,
3131 1165 3238 1205 non
3268 1147 3436 1220 possit
3465 1144 3699 1201 auferri?
3743 1145 3794 1201 Si

2225 1240 2553 1310 temporibus
2577 1241 2962 1310 prazscribitur,
2986 1242 3247 1310 imputate
3268 1237 3564 1308 majoribus
3585 1235 3789 1302 vestris,

2219 1341 2308 1412 qui
2337 1355 2460 1395 cum
2508 1340 2607 1395 hac
2649 1339 2905 1408 temporis
2963 1335 3374 1409 praescriptione
3408 1348 3514 1388 non
3543 1331 3625 1387 usi
3661 1332 3788 1397 sint,

2220 1448 2378 1505 posse
2405 1433 2546 1503 quod
2586 1431 2912 1502 superﬂuum
2944 1439 3030 1486 est
3061 1437 3116 1485 et
3138 1429 3336 1484 debere
3364 1423 3648 1487 removeri,
3671 1422 3789 1476 dum

2218 1525 2374 1594 plura
2402 1530 2458 1578 et
2486 1521 2690 1592 majora
2719 1521 2966 1577 submota
2995 1527 3142 1584 sunt,
3166 1516 3489 1572 indicarunt.
3522 1511 3630 1569 Sed
3665 1511 3792 1568 dicis

2215 1615 2378 1671 etiam
2422 1611 2744 1668 Christianis
2771 1610 3102 1681 temporibus
3140 1609 3256 1664 base
3284 1606 3478 1671 fuisse;
3508 1602 3603 1659 sed
3637 1601 3790 1657 etiam

2218 1705 2313 1760 illa
2356 1702 2666 1772 aliquandiu
2692 1699 3009 1756 Cbristianis
3047 1713 3260 1770 quoque
3290 1694 3622 1765 temporibus
3659 1692 3793 1748 cele-

2216 1795 2365 1850 brata
2391 1802 2535 1848 sunt.
2566 1790 2939 1861 Nunquidnam
2975 1789 3099 1859 quia
3129 1788 3228 1842 sub
3257 1785 3444 1856 primis
3480 1779 3792 1852 prmsulibus

531 1881 754 1942 repente
787 1873 997 1929 sub'ata
1024 1874 1183 1930 sunt?
1213 1874 1497 1930 Videamus
1522 1889 1651 1946 ergo
1673 1877 1717 1931 si
1744 1877 1830 1933 his
1856 1877 2112 1949 tempori-
2139 1873 2189 1934 B
2215 1883 2530 1938 Christianae
2551 1880 2826 1950 religionis
2841 1878 3018 1934 ablata
3041 1891 3147 1933 non
3166 1883 3312 1943 sunt,
3346 1873 3469 1929 ideo
3485 1870 3587 1926 sub
3607 1883 3788 1925 eorum

531 1964 631 2020 bus
653 1964 855 2034 quibus.
877 1964 1057 2022 dicitis
1077 1966 1272 2038 agitata
1296 1975 1352 2022 et
1375 1971 1477 2022 rite
1497 2007 1514 2032 ,
1535 1981 1597 2022 ac
1627 1967 1782 2037 plena
1809 1968 1892 2024 sui
1917 2009 1933 2037 ,
1972 1969 2113 2024 sicut

532 2056 686 2112 vobis
717 2057 945 2124 videtur,
977 2057 1267 2114 devOtione
1307 2058 1572 2127 completa
1621 2068 1788 2124 sunt,
1836 2074 2106 2129 nunquam

532 2150 740 2216 fames,
784 2165 1054 2222 nunquam
1087 2150 1389 2221 pestilentia
1439 2163 1657 2219 prorsus
1703 2151 2014 2208 exstiterit:
2060 2150 2109 2207 si

530 2255 661 2297 vero
687 2256 1058 2313 saepenumero
1091 2239 1172 2298 bis
1198 2242 1436 2298 cladibus
1456 2240 1524 2297 ad
1546 2249 1846 2298 extremum
1885 2243 2106 2312 periculi

530 2345 756 2390 ventum
804 2342 926 2402 est,
980 2342 1204 2403 apparet
1247 2334 1332 2390 his
1375 2334 1529 2389 malis
1556 2335 1940 2391 submovendis
1973 2336 2108 2392 nihil

530 2424 847 2494 Lupercalia
893 2414 1188 2494 profuisse,
1230 2426 1391 2480 etiam
1436 2439 1501 2480 eo
1523 2433 1764 2495 tempore
1791 2439 1926 2496 quo,
1969 2426 2109 2484 sicut

529 2514 729 2570 dictum
752 2523 856 2580 est,
884 2524 940 2570 ut
957 2515 1174 2585 putatis,
1197 2514 1525 2586 competenti
1551 2515 1739 2571 ordine
1759 2525 2104 2585 genrentur;

525 2603 607 2659 sic
652 2604 721 2660 de
769 2604 993 2675 singulis
1035 2605 1335 2675 quibusque
1372 2603 1785 2660 necessitatibus
1818 2646 1834 2671 ,
1886 2614 2108 2675 propter

523 2709 683 2764 quam
712 2693 956 2750 dixeritis
981 2693 1148 2751 fuisse
1189 2695 1483 2765 provisum.
1509 2695 1565 2752 Si
1593 2695 1896 2751 constiterit
1939 2696 2102 2752 etiam

523 2783 634 2840 illis
683 2798 787 2839 non
833 2781 1088 2855 desiisse,
1130 2798 1267 2839 vana
1292 2784 1452 2854 hujus
1499 2785 1722 2841 remedii
1769 2787 2102 2842 convincitur

523 2887 646 2930 esse
695 2876 1060 2944 praesumptio.
1096 2873 1475 2931 Verumtamen
1523 2889 1620 2932 cur
1666 2890 1772 2931 non
1801 2877 1903 2932 hoc
1939 2877 2100 2933 etiam

525 2981 669 3022 nunc
694 2966 1048 3036 experiamini
1073 3009 1090 3033 ,
1138 2975 1326 3023 utrum
1349 2967 1560 3022 valeant
1590 2967 1790 3039 aliquid
1810 2969 1970 3025 etiam
1999 2968 2102 3026 rite

524 3056 825 3114 celebrata?
861 3066 917 3114 et
943 3073 1042 3114 vos
1071 3073 1165 3127 per
1194 3059 1424 3115 ludibria
1450 3058 1550 3114 ista
1583 3058 1870 3116 discurrite
1901 3070 2102 3118 vestro-

523 3161 640 3202 rum
671 3162 820 3202 more
868 3146 1132 3217 majorum
1151 3188 1168 3215 ,
1195 3157 1254 3204 ut
1276 3149 1510 3204 divinam
1547 3163 1694 3220 rem,
1724 3159 1780 3206 et
1808 3151 2098 3208 salutarem

2213 1961 2618 2018 successoribus
2671 1959 2785 2013 tolli
2827 1956 3046 2013 minime
3082 1953 3418 2010 debuerunt?
3459 1950 3625 2007 Multa
3668 1957 3788 2004 sunt

2211 2057 2331 2112 qum
2357 2057 2384 2095 a
2415 2040 2638 2110 singulis
2687 2037 3027 2107 pontificibus
3048 2036 3264 2089 diverso
3292 2044 3536 2102 tempore
3585 2030 3787 2084 sublata

2211 2138 2355 2186 sunt.
2378 2130 2534 2183 noxia
2555 2167 2570 2194 ,
2603 2128 2689 2182 vel
2718 2125 2952 2195 abiecta.
2982 2123 3098 2178 Non
3127 2121 3272 2180 enim
3322 2120 3478 2175 simul
3504 2132 3694 2173 omnes
3738 2119 3790 2172 in

2209 2234 2437 2290 corpore
2463 2226 2616 2274 curat
2638 2216 2902 2272 medicina
2933 2215 3251 2285 languores,
3280 2211 3375 2268 sed
3405 2209 3548 2281 quod
3590 2209 3792 2276 pericu-

2210 2311 2378 2368 losius
2413 2309 2679 2380 conspicit
2715 2306 3040 2374 imminere;
3084 2319 3151 2360 ne
3183 2312 3274 2359 aut
3306 2303 3528 2358 materia
3557 2299 3792 2371 corporis

2211 2417 2318 2459 non
2368 2401 2600 2458 sufﬁciat
2631 2399 2939 2466 medicinas,
2971 2405 3064 2452 aut
3103 2410 3202 2466 pro
3227 2394 3541 2452 conditione
3581 2391 3793 2447 mortali

2209 2492 2371 2550 simul
2414 2492 2592 2547 omnia
2632 2505 2738 2546 non
2781 2488 2951 2560 possit
2991 2495 3257 2551 avertere.
3288 2486 3484 2552 Qumre
3510 2481 3671 2554 quale
3725 2480 3794 2537 sit

2195 2570 2352 2640 'unde
2372 2581 2521 2653 agis:
2555 2581 2599 2638 si
2629 2581 2826 2635 bonum
2847 2587 2954 2644 est,
2985 2578 3028 2633 si
3052 2576 3315 2645 divinum,
3340 2574 3387 2629 si
3409 2572 3646 2640 salubre,
3675 2586 3792 2628 me-

2207 2673 2311 2729 rito
2338 2671 2764 2743 quandocunque
2792 2667 2905 2726 tolli
2933 2682 3044 2724 non
3071 2667 3258 2724 debuit
3287 2685 3301 2721 :
3332 2665 3378 2721 si
3411 2679 3513 2721 nec
3552 2664 3790 2727 salubre,

2205 2778 2308 2820 nec
2335 2762 2574 2818 divinum
2593 2802 2609 2828 ,
2637 2759 2965 2817 causandum
3007 2758 3104 2814 tibi
3135 2759 3305 2828 magis
3341 2765 3427 2813 est
3450 2772 3550 2814 cur
3588 2755 3823 2829 tarding

2206 2842 2483 2898 auferatur
2529 2840 2674 2911 quod
2715 2839 3151 2911 superstitiosum
3197 2844 3441 2902 constat,
3479 2843 3534 2889 et
3566 2847 3788 2900 vanum,

2203 2932 2345 3003 quod
2367 2939 2515 2988 certe
2545 2929 2864 2986 Christianas
2885 2927 3203 3000 professioni
3236 2941 3342 2982 non
3376 2925 3668 2981 convenire
3687 2937 3791 2978 ma-

2205 3023 2455 3078 nifestum
2477 3029 2580 3077 est.
2617 3021 2897 3076 Postremo
2928 3019 3069 3090 quod
3101 3017 3167 3072 ad
3204 3032 3291 3073 me
3318 3015 3586 3085 pertinet,
3614 3013 3792 3069 nullus

2205 3115 2528 3186 baptizatus,
2571 3112 2753 3168 nullus
2780 3109 3116 3166 Christianus
3146 3109 3249 3164 hoc
3291 3097 3568 3173 celebret,
3613 3112 3668 3160 et
3693 3103 3791 3160 soli

522 3195 1032 3306 ζιᾷἷιοξῖιὶᾎεὲῖἁὶῖ
1048 3195 1694 3312 ξιὲζιᾎιῖἷιξὲέἷιὶῖεἱιῖιῖ,’
1715 3195 2100 3302 3ιῶἶέῖᾶ
2126 3234 2175 3299 c
2207 3207 2573 3312 “imm”
2603 3203 3124 3312 ⁴¹ῗ¹⁰ῗξ¹2ἷῖίξῗξξῗθ
3147 3195 3792 3312 ἳξῗθῖἳῖῗξῗὲξῖνῖῗ

520 3329 826 3401 prospicere
865 3330 1036 3402 magis
1081 3331 1355 3402 magisque
1401 3332 1645 3388 valeatis.
1688 3331 1937 3404 Nunquid
1975 3349 2099 3392 cum

525 3419 644 3475 bac
671 3417 1094 3489 celebrarentur,
1136 3435 1167 3475 a
1194 3419 1359 3477 Gallis
1383 3419 1556 3478 Roma
1582 3435 1687 3478 non
1712 3432 1868 3493 capta
1899 3433 1982 3480 est
2001 3464 2018 3491 ,
2047 3433 2102 3481 et

520 3523 892 3581 saepenumero
916 3509 984 3566 ad
1014 3521 1255 3567 extrema
1286 3526 1511 3583 quaeque
1531 3513 1813 3582 pervenit!
1849 3513 2098 3584 Nunquid

525 3604 676 3662 bellis
720 3605 969 3663 civilibus
1019 3604 1118 3660 sub
1165 3606 1264 3661 bac
1310 3604 1624 3661 celebritate
1670 3620 1778 3662 non
1826 3606 2102 3663 concidit?

519 3694 768 3768 Nunquid
791 3695 1104 3766 Lupercalia
1131 3696 1354 3752 deerant
1381 3696 1597 3767 quando
1624 3695 1822 3753 Urbem
1849 3697 2099 3753 Alaricus

518 3786 752 3844 evertit?
797 3787 864 3842 Et
892 3800 1064 3857 nuper
1090 3800 1211 3842 cum
1233 3786 1510 3842 Anthemii
1539 3795 1595 3842 et
1624 3787 1906 3844 Ricimeris
1948 3789 2096 3845 civili

520 3877 708 3934 furore
752 3875 1012 3932 subversa
1044 3885 1160 3944 est,
1189 3876 1278 3932 ubi
1307 3885 1434 3932 sunt
1467 3877 1811 3956 Lupercalia?
1851 3892 1948 3934 cur
1981 3879 2098 3934 istis

523 3971 743 4028 minime
769 3968 1122 4042 profuerunt?
1150 3975 1301 4024 certe
1352 3969 1591 4024 divinum
1619 3978 1702 4025 est
1729 3985 1742 4022 ε
1773 3969 1822 4026 sl
1861 3969 2098 4026 salutare

521 4061 675 4117 vobis
701 4101 719 4128 ,
760 4073 856 4115 cur
881 4074 988 4114 non
1018 4072 1116 4130 per
1146 4071 1244 4113 vos
1289 4056 1393 4129 ipsi
1427 4067 1485 4113 ut
1521 4057 1753 4128 majores
1797 4058 1962 4114 vestri
1993 4059 2098 4115 ista

519 4151 762 4210 faciatis?
787 4149 896 4208 Cur
918 4163 1108 4206 causas
1132 4156 1326 4205 vestra:
1348 4147 1539 4205 salutis
1579 4148 1852 4204 minuitis?
1880 4163 1980 4205 cur
2002 4150 2097 4207 de-

517 4241 806 4302 coloratis?
825 4256 918 4296 cur
942 4240 1168 4303 eliditis.
1195 4255 1294 4296 cur
1311 4239 1378 4296 ad
1401 4238 1525 4295 vilia
1551 4253 1776 4310 quaeque
1796 4237 2094 4297 deducitis?

518 4339 643 4409 quid
673 4335 948 4406 imputatis
976 4334 1150 4399 nobis,
1181 4349 1302 4390 cum
1329 4333 1429 4406 ipsi
1454 4333 1690 4391 remedia
1711 4344 1892 4390 vestra
1913 4334 2090 4392 calce-

519 4427 618 4482 tis?
633 4424 812 4482 Satius
830 4433 912 4481 est
936 4430 992 4480 et
1009 4438 1115 4480 non
1142 4431 1348 4480 tentare
1373 4438 1526 4496 quam
1552 4423 1941 4481 contumeliose
1963 4439 2086 4495 per-

516 4532 679 4588 agere
711 4537 725 4571 :
771 4517 1002 4586 majores
1031 4523 1178 4572 certe
1215 4517 1410 4584 vestri,
1449 4515 1494 4571 si
1528 4515 1716 4571 vitiose
1741 4516 1839 4588 (uti
1878 4515 1985 4572 illis
2011 4517 2090 4571 vi-

513 4608 766 4680 debatur)
797 4623 1008 4664 sacrum
1031 4606 1245 4677 aliquod
1274 4606 1658 4673 celebrassent,
1682 4606 2085 4663 instaurandum
2117 4588 2167 4648 Ῑ)

513 4716 636 4757 esse
683 4701 966 4758 ducebant.
1017 4699 1127 4756 Cur
1165 4714 1272 4756 non
1303 4701 1443 4770 quod
1489 4699 1555 4753 ad
1601 4700 1850 4756 vitiosum
1888 4700 2087 4757 cultum

512 4792 822 4862 redegistis,
866 4805 963 4863 per
990 4791 1233 4863 indignas
1259 4806 1498 4862 quasque
1517 4791 1570 4847 id
1599 4792 1942 4862 exsequendo
1971 4809 2092 4864 per-

511 4899 696 4954 sonas,
727 4884 1048 4954 competenti
1091 4885 1478 4940 instauratione
1505 4885 1784 4953 reparatis,
1820 4890 1877 4938 ut
1900 4897 2090 4941 causas

509 4984 704 5033 vestra:
727 4979 910 5032 salutis
937 4976 1146 5048 plenius
1167 4977 1559 5048 perfectiusque
1583 4977 1857 5032 tractetisl
1878 4991 1974 5032 cur
1993 4991 2091 5033 vos

509 5068 713 5141 pudeat
758 5083 950 5139 agere,
989 5068 1033 5122 si
1087 5069 1321 5124 salutare
1366 5069 1482 5123 est?
1510 5066 1566 5123 Si
1612 5066 1846 5123 divinum
1873 5108 1890 5136 ,
1945 5069 2086 5139 quod

509 5168 770 5216 tractasse
797 5160 866 5214 sit
895 5158 1161 5214 dedecus?
1198 5157 1305 5215 Sed
1349 5157 1526 5229 inquis
1559 5158 1642 5214 vel
1674 5157 1960 5230 imaginem
2008 5161 2090 5230 ip-

509 5257 621 5308 sius
649 5252 726 5308 rei
756 5267 862 5307 non
903 5251 1098 5314 debere
1127 5252 1353 5307 moveri.
1381 5249 1440 5306 Si
1484 5249 1732 5322 prodest,
1761 5252 1806 5306 si
1850 5251 2087 5307 salutare

507 5353 610 5409 est,
643 5358 739 5398 cur
760 5343 938 5412 imago
969 5345 1144 5411 potius
1167 5341 1306 5412 apud
1334 5355 1466 5408 vos,
1498 5351 1554 5397 et
1583 5355 1687 5396 non
1713 5340 1825 5412 ipsa
1853 5343 1923 5398 sit
1945 5342 2086 5398 veri-

510 5435 624 5488 tas?
652 5441 743 5487 aut
785 5434 830 5486 si
857 5441 1004 5487 certe
1033 5446 1133 5487 nec
1158 5439 1283 5486 tunc
1305 5430 1523 5501 profuit,
1557 5430 1772 5501 quando
1798 5431 1902 5485 ritu
1949 5432 2084 5487 inte-

508 5539 638 5595 gro,
685 5525 822 5579 sicut
852 5523 1048 5578 dicitur
1070 5565 1086 5592 ,
1140 5524 1486 5591 tractabatur,
1533 5521 1661 5592 quid
1693 5521 1929 5593 quaeritis
1967 5523 2086 5593 ejus

509 5613 820 5685 imaginem,
851 5614 1002 5684 cujus
1027 5628 1128 5671 nec
1154 5616 1322 5684 ipsam
1353 5613 1618 5684 profuisse
1640 5612 1864 5670 cernitis
1891 5614 2083 5670 verita-

2205 3299 2455 3355 nuntiare
2494 3295 2752 3353 convenit
2784 3291 3108 3350 Christianis
3150 3292 3254 3347 ista
3292 3288 3593 3359 perniciosa
3621 3296 3675 3344 et
3703 3285 3791 3342 fu-

2203 3398 2356 3445 nesta
2421 3386 2785 3443 indubitanter
2831 3383 3084 3439 existere.
3135 3379 3274 3450 Quid
3317 3393 3406 3435 me
3450 3380 3686 3440 incusas.
3745 3375 3796 3434 si

2203 3473 2346 3548 quod
2366 3470 2689 3544 profitemini
2715 3471 2987 3526 inimicum
3011 3481 3155 3536 esse,
3175 3480 3206 3521 a
3226 3463 3565 3521 consortibus
3587 3461 3792 3531 profes-

2201 3562 2371 3624 sionis
2385 3562 2702 3618 Christiana:
2715 3558 3001 3632 pronuntia
3021 3554 3450 3612 submovendum
3462 3557 3488 3608 t
3506 3555 3617 3626 Ego
3636 3560 3791 3611 certe

2201 3656 2476 3712 absolvam
2502 3652 2887 3709 conscientiam
2926 3664 3102 3706 meam
3127 3667 3142 3705 :
3167 3649 3267 3719 ipsi
3290 3647 3526 3714 videant,
3553 3647 3644 3718 qui
3673 3646 3792 3718 jus-

2202 3747 2270 3804 tis
2311 3744 2768 3802 admonitionibus
2795 3741 3020 3798 obedire
3050 3740 3428 3812 neglexerint:
3459 3741 3602 3811 quod
3625 3740 3789 3795 etiam

2199 3835 2636 3910 predecessores
2675 3847 2828 3889 meos
2849 3832 3076 3888 forsitan
3110 3830 3303 3887 fecisse
3330 3844 3440 3885 non
3463 3829 3708 3899 ambigo,
3732 3836 3790 3885 et

2202 3927 2344 3998 apud
2371 3925 2677 3996 imperiales
2703 3937 2860 3980 aures
2897 3922 3014 3978 hare
3039 3920 3405 3978 submovenda
3427 3927 3661 3975 tentasse
3692 3927 3790 3974 :et

2196 4019 2325 4090 quia
2352 4017 2560 4072 auditos
2585 4029 2707 4071 esse
2734 4029 2841 4069 non
2869 4022 3099 4080 constat,
3125 4011 3255 4068 dum
3284 4009 3567 4068 hac-mala
3597 4009 3789 4066 hodie-

2197 4125 2302 4182 que
2331 4091 2660 4182 perdurant,
2692 4107 2814 4162 ideo
2842 4106 2959 4161 haec
3004 4105 3118 4176 ipsa
3156 4105 3382 4176 imperia
3423 4103 3744 4160 defecerunt
3769 4144 3788 4171 ,

2196 4201 2320 4257 ideo
2346 4201 2506 4255 etiam
2552 4213 2747 4255 nomen
2789 4197 3187 4264 Romanorum,
3232 4210 3338 4250 non
3362 4193 3592 4260 remotis
3616 4195 3785 4252 etiam

2195 4278 2598 4350 Lupercalibus,
2643 4291 2813 4348 usque
2852 4277 2918 4330 ad
2966 4284 3207 4331 extrema
3252 4287 3482 4344 quasque
3513 4273 3786 4342 pervenit.

2194 4372 2262 4426 Et
2289 4369 2409 4425 ideo
2448 4381 2590 4423 nunc
2631 4381 2696 4423 ea
2726 4365 3050 4422 removenda
3071 4364 3273 4420 suadeo
3293 4403 3309 4431 ,
3339 4378 3459 4434 quas
3484 4378 3608 4419 cum
3648 4364 3787 4421 uibil

2195 4457 2459 4530 profuisse
2478 4468 2770 4526 cognosco,
2795 4465 3044 4525 tanquam
3060 4452 3328 4508 contraria
3341 4465 3484 4507 verm
3512 4451 3786 4524 religioni,

2197 4550 2359 4604 noxia
2405 4547 2582 4618 potius
2622 4545 2892 4601 exstitisse
2942 4541 3248 4614 pronuntio.
3294 4542 3576 4599 Postremo
3625 4543 3672 4599 si
3712 4543 3789 4599 de

2195 4656 2434 4698 meorum
2467 4655 2694 4711 persona
2736 4637 3190 4710 praescribendum
3219 4636 3456 4691 astimas
3480 4635 3788 4706 praedeces-

2194 4749 2375 4791 sorum
2392 4775 2406 4800 ,
2437 4732 2804 4803 unusquisque
2830 4737 3139 4786 nostrorum
3164 4727 3643 4785 administrationis
3664 4744 3788 4786 sua

2190 4823 2495 4880 redditurus
2515 4832 2599 4880 est
2618 4821 2906 4889 rationem,
2927 4822 3066 4876 sicut
3087 4820 3247 4874 etiam
3272 4819 3324 4874 in
3345 4818 3572 4891 publicis
3599 4819 3786 4891 digni-

2192 4915 2391 4971 tatibus
2409 4915 2524 4970 tieri
2542 4913 2854 4986 providetis.
2869 4911 2984 4984 Ego
3002 4910 3380 4982 negligentiam
3398 4924 3654 4966 accusare
3670 4925 3785 4966 non

2191 5007 2363 5064 audeo
2379 5008 2862 5078 przedecessorum,
2876 5019 2999 5060 cum
3015 5004 3184 5075 magis
3197 5002 3414 5059 credam
3426 5001 3654 5059 fortasse
3668 5011 3790 5059 ten-

2193 5109 2336 5155 tasse
2355 5113 2448 5156 eos
2469 5109 2528 5156 ut
2552 5098 2668 5154 haec
2689 5097 2928 5165 pravitas
2950 5095 3248 5162 tolleretur,
3263 5105 3318 5151 et
3333 5095 3590 5165 quasdam
3612 5095 3792 5150 exsti-

2195 5189 2321 5245 tisse
2347 5205 2537 5246 causas
2567 5198 2624 5246 et
2657 5189 2957 5245 contrarias
2974 5187 3297 5252 voluntates,
3328 5199 3450 5256 quas
3477 5200 3666 5241 eorum
3697 5187 3790 5240 in-

2191 5284 2520 5339 tentionibus
2563 5281 2958 5354 praepedireut,
2986 5279 3126 5334 sicut
3152 5292 3222 5333 ne
3249 5291 3394 5333 nunc
3432 5275 3651 5345 quidem
3682 5288 3790 5332 vos

2190 5373 2323 5429 istos
2346 5373 2606 5430 absistere
2626 5371 2830 5428 insanis
2853 5368 3133 5425 conatibus
3153 5366 3290 5423 velle
3317 5365 3666 5437 perpenditis.

2703 5459 2972 5518 GELASiI
3011 5459 3097 5515 PA
3107 5457 3213 5514 PE
3252 5456 3273 5511 Ι

2489 5547 2752 5590 ιονειιευε
2790 5545 3122 5587 suaenam
3161 5541 3402 5584 ηεκεθηι
3430 5525 3482 5582 ⁸.

2189 5613 2512 5670 Demontrat
2536 5615 2791 5668 hominem
2818 5627 2920 5684 ttpn
2944 5611 3104 5664 virere
3127 5609 3236 5663 sine
3255 5615 3485 5675 peccato,
3508 5614 3557 5659 et
3582 5604 3790 5660 dictum

579 5738 597 5754 °
631 5734 781 5805 tlunc
809 5732 998 5789 Celasii
1041 5741 1323 5805 tractatum
1353 5750 1474 5805 cum
1503 5735 1737 5790 editione
1766 5734 1932 5789 Mansi
1975 5734 2264 5805 diligenter
2306 5734 2556 5792 collatum
2599 5734 2822 5798 damus,
2860 5732 2908 5785 in
2945 5729 3128 5784 multis
3161 5735 3338 5783 tamen
3383 5725 3693 5783 intricatum
3725 5735 3790 5786 et

509 5803 912 5874 perobscurutn,
945 5815 999 5862 ut
1024 5808 1137 5876 ipse
1165 5804 1328 5863 lector
1352 5804 1505 5865 facite
1525 5806 1738 5864 sentiet.
1773 5805 1926 5861 Enn.

4075 773 4109 1032 ὲ

4064 1032 4106 1188 ἕ

4079 1203 4106 1310 δ

4095 1977 4109 2070 i

4094 2373 4109 2442 ς

4101 2501 4109 2546 i

4095 2577 4109 2829 ἓ
