4190 6420
334 390 477 449 ΙΙΤ

1548 377 1904 435 Εριετοιιε
1946 375 2037 432 ΕΤ
2076 374 2421 434 DECRETA.

3543 377 3645 433 ΗΒ

378 490 1935 573 apostoli:Virinﬁdelissanctiﬁcaturpermuliersntﬁdelem
1970 493 2013 549 Α
2045 488 2138 545 lati
2184 490 2325 559 Agni
2385 491 2456 545 sit
2518 488 2796 557 pr0prium
2866 488 3070 543 nullum
3127 503 3347 558 prorsus
3399 490 3651 551 habuisse

397 561 443 644 (I
458 576 576 630 Cor.
586 574 702 643 vn),
715 561 842 637 etei,
860 561 1258 640 mysteriumque
1269 561 1660 621 resurrectionis
1671 561 1925 616 declarat.

412 684 487 740 De
510 682 811 755 Pelagianis
835 679 1050 751 quidem
1080 678 1327 734 sensibus
1355 674 1816 746 blasphemiisque
1848 686 1937 728 sa-

334 777 580 847 crilegis,
623 786 679 830 et
717 776 859 843 apud
900 773 1131 843 majores
1158 782 1374 828 nostros
1400 781 1508 825 tam
1541 769 1737 825 divinis
1766 782 1931 838 quam

336 868 585 925 humanis
630 868 840 939 legibus
876 867 1021 939 justa
1051 866 1391 923 discussione
1419 863 1721 928 damnatis,
1768 859 1935 916 nimis

337 968 423 1015 est
450 958 671 1028 copiosa
711 960 971 1024 materia;
1022 959 1146 1030 quia
1192 965 1247 1011 et
1286 956 1503 1011 illorum
1535 964 1619 1010 est
1649 951 1937 1022 multiplex

340 1050 639 1120 perniciosa
670 1052 1019 1120 perversitas,
1058 1064 1232 1121 eoque
1260 1050 1563 1117 nocentior,
1606 1062 1714 1118 quo
1743 1046 1940 1102 verisi-

340 1140 659 1196 militudinis
688 1142 871 1197 colore
899 1141 1171 1208 subtilior,
1201 1155 1363 1212 quam
1403 1141 1475 1196 de
1519 1140 1689 1209 ipsius
1717 1138 1941 1196 humani

341 1234 559 1305 generis
589 1233 853 1305 principe,
897 1250 1063 1305 pravo
1103 1236 1423 1302 funestoque
1453 1244 1790 1301 commento,
1834 1251 1941 1291 non

342 1322 449 1378 rite
475 1334 795 1394 conceptam
837 1340 1017 1380 rerum
1055 1326 1504 1395 consequentium
1534 1327 1831 1382 mendaciis
1862 1337 1943 1383 te-

344 1426 598 1471 xuerunt.
645 1416 877 1473 Necesse
906 1427 990 1474 est
1018 1416 1163 1473 enim
1197 1426 1254 1473 ut
1280 1419 1370 1488 qui
1402 1437 1429 1472 a
1460 1420 1727 1490 principio
1757 1420 1947 1477 devia-

345 1508 418 1563 rit
462 1507 531 1563 ab
575 1508 784 1579 integro
833 1512 1068 1575 tramite,
1110 1525 1276 1581 vagus
1323 1511 1523 1583 ubique
1569 1514 1943 1584 progrediens,

347 1608 551 1671 quanto
588 1616 649 1656 se
684 1614 906 1658 currere
935 1601 1127 1657 fortius
1158 1611 1340 1672 putet,
1392 1612 1542 1660 tanto
1592 1605 1714 1675 plus
1759 1616 1945 1671 erret;

347 1703 405 1749 et
445 1694 499 1748 in
540 1692 625 1748 his
673 1702 733 1748 ut
776 1694 1037 1765 competit
1076 1694 1371 1750 refutandis
1411 1696 1705 1765 disputatio
1742 1699 1949 1767 prolixa

2043 592 2346 654 peccatum,
2386 596 2453 635 ne
2483 595 2590 635 non
2626 580 2729 635 soli
2758 579 3003 636 videatur
3032 596 3155 637 esse
3180 580 3571 652 deputandum,
3603 589 3650 644 si

2041 680 2182 733 alius
2208 677 2433 747 quilibet
2472 684 2693 730 sanctus
2732 689 2932 743 expers
2962 675 3145 731 delicti
3178 675 3345 732 fuisse
3371 678 3648 736 credatur.

2042 770 2297 825 Contenti
2326 757 2494 826 simus
2524 782 2656 837 ergo
2683 766 3027 836 professione
3055 760 3399 831 Sanctorum;
3446 776 3500 822 et
3526 771 3655 838 quid

2043 862 2113 919 de
2140 878 2200 917 se
2244 861 2344 930 ipsi
2394 860 2564 930 magis
2610 858 2963 930 pronuntient
2991 858 3293 925 audiamus,
3323 874 3483 931 quam
3522 862 3650 931 quid

2044 954 2130 1010 vel
2147 961 2351 1008 temere
2365 950 2710 1021 cogitandum
2728 950 2822 1016 sit,
2837 950 2918 1004 vel
2939 952 3138 1004 nostris
3148 952 3494 1019 opinionibus
3519 967 3658 1008 νεη-

2046 1044 2309 1102 tilandum
2351 1044 2473 1099 sine
2494 1040 2641 1101 c‘e'rta
2669 1042 2995 1098 auctoritate
3016 1051 3309 1097 sectemur.
3336 1042 3447 1098 Cur
3475 1054 3658 1099 autem

2046 1152 2168 1193 cum
2183 1136 2325 1191 Deus
2339 1136 2687 1201 omnipotens
2703 1143 2823 1202 post
2844 1134 3159 1206 mysterium
3178 1136 3540 1204 reparationis
3559 1138 3659 1190 hu-

2049 1246 2223 1286 manae
2239 1230 2400 1284 etiam
2434 1228 2488 1285 id
2524 1229 2729 1284 homini
2760 1226 3013 1284 conferre
3040 1229 3297 1298 potuerit,
3316 1237 3375 1284 ut
3390 1228 3455 1283 ab
3483 1231 3658 1284 omni-

2049 1322 2152 1378 bus
2178 1321 2402 1377 omnino
2420 1322 2564 1376 vitiis
2592 1329 2738 1376 esset
2754 1320 3028 1386 immunis,
3054 1320 3505 1377 malueritﬁdeles
3530 1337 3660 1377 suos

2051 1416 2233 1471 salvos
2260 1414 2399 1478 ﬁeri,
2418 1420 2471 1468 et
2487 1422 2805 1482 exspectare
2828 1412 3080 1482 perfectae
3101 1412 3453 1468 beatitudinis
3489 1414 3659 1468 firmi-

2055 1516 2246 1571 tatem,
2262 1505 2478 1575 utquod
2494 1504 2767 1575 sperando
2784 1504 3184 1574 desideramus,
3197 1506 3363 1561 rebus
3391 1508 3662 1573 possimus

2053 1596 2311 1666 adipisci;
2331 1596 2709 1665 censueritque
2724 1610 2867 1651 nunc
2881 1594 3143 1665 perﬁcere
3157 1597 3209 1651 in
3224 1598 3279 1651 in
3290 1598 3541 1653 ﬁrmitate
3559 1600 3664 1654 vir-

2058 1700 2427 1759 tutem,quam
2458 1688 2683 1743 remotis
2713 1687 3120 1743 inﬁrmitatibus
3142 1688 3435 1744 humanam
3475 1691 3665 1746 condi-

346 1782 541 1841 debcat
562 1784 807 1840 adhiberi
834 1804 846 1839 :
872 1789 1125 1856 quoniam
1148 1786 1365 1855 quidem
1391 1788 1644 1857 pezfectm
1666 1790 1949 1847 medicina».
2057 1786 2260 1841 tionem
2300 1784 2443 1840 nulla
2483 1783 2689 1839 sineret
2731 1783 3006 1854 languoris
3035 1782 3401 1854 exagitatione
3429 1778 3670 1854 pulsari?

350 1888 474 1931 mos
501 1885 584 1930 est
612 1876 875 1945 originem
906 1877 989 1931 vel
1032 1877 1335 1948 intelligere
1379 1880 1530 1948 prius
1570 1882 1655 1935 vel
1703 1895 1951 1939 reserare
1984 1861 2032 1922 Β
2128 1875 2399 1943 Quantum
2433 1874 2695 1930 Dominus
2725 1874 3069 1941 ministrarit,
3100 1883 3159 1929 ut
3188 1875 3469 1946 competit,
3494 1874 3667 1931 disse-

354 1968 688 2033 nzorborum,
712 1969 898 2040 eisque
925 1969 1207 2038 patefactis
1238 1971 1503 2026 medelam
1528 1974 1800 2030 coniicere
1822 1990 1953 2031 con-

354 2069 671 2130 gruentem;
723 2074 845 2131 quas
883 2070 1105 2127 cuncta,
1148 2061 1194 2117 si
1235 2062 1497 2119 Dominus
1528 2066 1690 2119 vitam
1722 2065 1955 2123 faculta-

354 2160 575 2220 temque
606 2151 886 2219 tribuerit,
938 2152 992 2207 in
1038 2162 1298 2222 quantum
1326 2153 1537 2210 caelesti
1568 2171 1692 2211 rore
1720 2160 1953 2227 vegetati

354 2241 689 2307 valebimus,
736 2242 872 2297 alias
919 2242 1207 2299 moliemur
1233 2244 1529 2314 explicare.
1581 2246 1734 2301 Nunc
1771 2257 1953 2305 autem

357 2329 499 2386 hunc
526 2331 852 2397 articulum,
902 2332 992 2402 qui
1039 2332 1301 2403 quosdam
1349 2348 1571 2390 movere
1617 2337 1953 2406 perhibetur,

356 2421 685 2481 sufficienter
707 2424 921 2481 interim
946 2425 1202 2483 duximus
1224 2427 1641 2496 explicandum;
1674 2437 1735 2484 ut
1760 2431 1954 2486 eodem

358 2517 744 2573 convenienter
774 2516 1037 2588 inspecto,
1080 2519 1224 2590 quod
1266 2520 1320 2575 in
1361 2518 1575 2575 caeteris
1613 2535 1808 2576 cavere
1845 2522 1956 2592 jam

359 2608 650 2675 debebant,
678 2610 907 2665 Domino
928 2610 1039 2666 Deo
1064 2619 1255 2666 nostro
1277 2619 1569 2682 praestante
1597 2614 1957 2683 perpendant.

359 2701 649 2758 Estimant
672 2702 831 2774 igitur
850 2704 1067 2775 quidam
1098 2704 1157 2759 in
1184 2704 1286 2760 hac
1307 2705 1413 2760 vita
1447 2721 1606 2776 posse
1632 2721 1956 2777 quemquam

359 2794 461 2851 hac
491 2796 820 2864 perfectione
850 2795 1180 2859 consistere,
1226 2805 1282 2851 ut
1312 2798 1474 2853 nullis
1506 2813 1729 2869 prorsus
1761 2797 1962 2868 fragili-

360 2888 485 2943 tatis
516 2887 767 2943 humanae
796 2886 1044 2957 pulsetur
1073 2886 1377 2954 aﬁ‘ectibus,
1402 2903 1504 2946 nec
1532 2891 1807 2959 corporeis
1834 2904 1963 2946 exa-

357 2977 558 3047 gitvtur
586 2976 894 3033 illecebris:
927 2978 1071 3047 quod
1111 2978 1341 3049 quisque
1381 2980 1428 3035 si
1460 2981 1694 3051 propriis
1728 2981 1959 3048 viribus,

359 3081 580 3139 suaeque
620 3069 897 3139 proposito
925 3068 1218 3125 voluntatis
1246 3070 1521 3127 existimet
1566 3072 1827 3143 adipisci,
1869 3088 1962 3130 se-

356 3159 649 3231 metipsunt
676 3158 916 3225 seducit,
963 3169 1017 3214 et
1048 3161 1247 3216 veritas
1276 3161 1329 3217 in
1360 3177 1428 3218 eo
1452 3178 1561 3217 non
1593 3174 1678 3220 est
1704 3182 1719 3220 :
1757 3180 1882 3219 nam
1913 3167 1959 3221 sl

362 3251 415 3307 in
447 3250 579 3321 ipsis
608 3248 795 3318 primis
827 3248 1169 3319 hominibus,
1200 3250 1329 3307 dum
1371 3268 1466 3308 sua
1496 3254 1751 3310 nimirum
1785 3256 1959 3313 felici-

358 3351 471 3398 tate
510 3340 819 3407 conﬁdunt,
864 3350 919 3397 et
963 3349 1164 3396 tantam
1214 3342 1306 3397 Dei
1353 3344 1583 3413 gratiam
1630 3346 1685 3401 in
1729 3362 1960 3405 vacuum

359 3432 709 3503 recipientes,
758 3445 865 3487 non
907 3433 1135 3501 orando,
1187 3434 1332 3504 quod
1376 3437 1563 3507 utique
1592 3453 1856 3507 nusquam
1886 3442 1965 3498 fe-

360 3522 503 3581 cisse
532 3524 865 3588 referuntur,
898 3537 999 3581 nec
1025 3522 1095 3579 de
1123 3526 1394 3596 perceptis
1423 3530 1624 3597 gratias
1650 3530 1960 3602 referendo,

362 3630 463 3672 nec
490 3624 551 3672 ut
575 3617 764 3673 eadem
797 3616 1118 3671 intemerata
1142 3615 1404 3673 durarent
1428 3620 1745 3691 suppliciter
1770 3623 1965 3695 implo-

362 3707 555 3771 rando,
578 3707 882 3763 incolumes
908 3717 1160 3764 constare
1186 3707 1587 3780 nequiverunt:
1621 3724 1825 3783 quanto
1850 3730 1967 3771 ma-

360 3800 445 3871 gis
475 3809 596 3870 poat
624 3798 1092 3871 pravaricationis
1132 3802 1367 3869 ruinam,
1422 3802 1478 3859 in
1513 3818 1675 3875 quam
1706 3806 1850 3862 mala
1879 3808 1966 3865 sui

363 3891 714 3958 conﬁdentia,
742 3901 1043 3951 creatorem
1074 3895 1387 3953 nullatenus
1417 3895 1763 3967 inquirendo,
1790 3896 1967 3953 letha-

362 3980 490 4038 iiter
520 3983 858 4053 inciderunt,
904 3986 1109 4057 absque
1136 3985 1322 4043 divino
1346 4001 1574 4043 munere
1611 3988 1725 4045 suis
1756 3988 1967 4046 viribus

364 4075 446 4132 vel
473 4076 625 4147 aegri,
655 4076 739 4134 vel
765 4085 914 4134 stare
944 4092 1051 4133 non
1079 4086 1328 4149 possunt,
1355 4078 1475 4136 sine
1503 4094 1613 4151 quo
1640 4093 1742 4136 nec
1768 4078 1966 4152 integri

364 4169 660 4239 persistere
692 4170 999 4226 valuerunt.
1046 4169 1141 4227 Sin
1170 4186 1301 4227 vero
1326 4171 1612 4243 quisquam
1645 4186 1752 4229 non
1784 4173 1966 4243 possi-

365 4257 571 4315 bilitate
598 4258 863 4317 facultatis
896 4261 1167 4327 humanae,
1205 4260 1300 4317 sed
1342 4276 1439 4332 per
1466 4262 1703 4318 divinam
1732 4264 1963 4335 gratiam

367 4352 472 4408 hoc
490 4363 701 4409 asserat
720 4352 775 4409 in
801 4354 907 4410 vita
930 4354 1261 4425 quibuslibet
1288 4357 1491 4409 sanctis
1518 4369 1677 4426 posse
1698 4355 1965 4422 conferri,

368 4442 507 4499 bene
536 4444 753 4515 quidem
801 4445 928 4502 facit
969 4444 1117 4518 (nam
1164 4446 1310 4501 dono
1340 4446 1436 4501 Dei
1466 4456 1659 4503 cuncta
1688 4448 1963 4516 possibilia

367 4531 518 4602 sunt)
548 4534 670 4589 talia
700 4535 1037 4591 conlidenter
1063 4535 1295 4605 opinari,
1343 4546 1399 4591 et
1440 4552 1666 4607 sperare
1708 4538 1959 4595 ﬁdeliter.

366 4598 704 4682 Sed'utrum
752 4628 917 4698 aliqui
967 4598 1116 4687 tales'
1149 4598 1490 4697 exstiterint,
1537 4630 1628 4701 qui
1675 4644 1852 4701 usque
1899 4630 1969 4687 ad
1997 4598 2049 4660 θ

368 4715 507 4771 hanc
535 4716 925 4787 perfectionem
955 4719 1077 4775 vita
1120 4720 1404 4791 praesentis
1434 4720 1787 4789 accederent,
1828 4721 1971 4779 sicut

367 4818 632 4877 nusquam
669 4808 952 4865 evidenter
979 4814 1267 4880 astruitur,
1322 4812 1402 4868 sic
1429 4827 1529 4868 nos
1558 4810 1723 4869 facile
1755 4814 1841 4870 vel
1873 4813 1968 4870 lir-

369 4912 519 4954 mare
541 4900 625 4955 vel
647 4902 964 4973 impugnare
987 4916 1094 4958 non
1118 4904 1393 4973 convenit,
1426 4905 1704 4977 magisque
1726 4907 1968 4964 sobrium

370 5000 453 5045 est
481 5003 548 5045 ex
579 4992 816 5061 ipsorum
845 4991 1069 5050 vocibus
1101 4994 1485 5064 prophetarum
1505 5035 1523 5063 ,
1562 4998 1968 5068 apostolorum-

370 5096 477 5151 que
513 5091 825 5139 sanctorum
854 5093 1125 5154 quatenus
1165 5084 1327 5157 hujus
1355 5087 1482 5143 vita:
1523 5088 1825 5158 profectum
1856 5106 1971 5147 me-

371 5172 460 5228 tiri
512 5172 807 5229 debeamus
862 5191 1203 5246 aguoseere,
1260 5178 1458 5248 quibus
1518 5181 1706 5252 utique
1754 5181 1808 5236 in
1867 5182 1972 5238 hoc

372 5268 594 5332 mundo,
616 5279 872 5338 quantum
895 5271 962 5324 ad
992 5282 1196 5326 saneta:
1218 5272 1347 5328 vita:
1376 5272 1612 5344 pertinet
1641 5275 1968 5343 institutum,

371 5357 503 5413 nihil
524 5359 877 5415 excellentius
897 5361 981 5417 vel
1005 5362 1192 5431 fuisse,
1211 5364 1295 5419 vel
1318 5379 1460 5432 esse,
1486 5366 1830 5423 manifestum
1857 5377 1968 5424 est:

372 5448 460 5518 qui
490 5450 700 5504 etiamsi
727 5452 1030 5520 copiosiora
1059 5455 1160 5511 Dei
1190 5471 1417 5513 munere
1447 5459 1530 5511 vel
1557 5460 1696 5515 raris
1724 5461 1970 5528 omnino,

372 5543 456 5599 vel
482 5544 719 5599 minimis
747 5543 994 5600 humanae
1021 5547 1350 5603 conditionis
1374 5550 1716 5620 passionihus
1744 5552 1974 5621 impetiti

373 5643 539 5703 sunt,
590 5646 646 5690 et
693 5633 1035 5693 aflluentiore
1084 5637 1182 5693 Dei
1229 5641 1404 5707 gratia
1455 5642 1801 5697 mortalitatis
1847 5643 1976 5698 vitia

376 5731 527 5786 facile
576 5741 933 5800 superarunt;
986 5747 1095 5788 non
1139 5748 1309 5803 usque
1339 5733 1476 5791 adeo
1508 5744 1691 5792 tamen
1722 5747 1978 5806 expertes

374 5839 560 5882 eorum
588 5839 647 5882 se
680 5824 843 5881 fuisse
873 5835 1156 5894 testantur,
1192 5835 1249 5885 ut
1278 5827 1483 5888 scilicet
1510 5829 1675 5894 ullius
1706 5831 1973 5889 immacu-

2058 1978 2207 2025 retur
2236 1968 2639 2035 Scripturarum
2688 1966 3187 2031 testiﬁcationihus,
3215 1977 3404 2021 contra
3435 1981 3667 2037 quarum

2058 2070 2301 2117 tenorem
2332 2058 2467 2115 nihil
2496 2068 2582 2114 est
2608 2068 2817 2114 temere
2844 2058 3206 2128 proﬁtendum
3236 2072 3403 2128 super
3434 2059 3516 2113 his
3543 2072 3669 2113 sen-

2056 2152 2208 2209 sibus
2230 2151 2455 2206 erudiri.
2481 2149 2707 2206 Constat
2735 2152 2787 2205 in
2814 2150 2932 2221 ipso
2954 2148 3130 2218 primo
3153 2149 3372 2204 homine
3393 2149 3668 2205 Christum

2058 2253 2113 2299 et
2152 2244 2437 2299 ecclesiam
2484 2242 2799 2312 ﬁguratam,
2850 2242 3011 2296 beato
3062 2240 3232 2296 Paulo
3278 2241 3524 2310 apostolo
3570 2255 3670 2295 nos

2059 2336 2313 2403 docente,
2341 2349 2466 2389 cum
2499 2334 2567 2389 de
2596 2333 2805 2390 findere
2834 2335 3005 2389 sancti
3037 2334 3279 2404 conjugii
3312 2334 3627 2404 loqueretur
3654 2352 3669 2387 :

2062 2426 2459 2483 Sacramentum
2491 2427 2610 2491 Itoc,
2641 2425 2914 2495 inquiens,
2949 2440 3198 2498 magnum
3224 2434 3341 2481 est:
3371 2441 3465 2496 ego
3497 2435 3671 2480 autem

2060 2518 2179 2573 dico
2206 2518 2258 2571 in
2290 2516 2517 2582 Christo,
2550 2526 2599 2570 et
2627 2518 2681 2571 iu
2711 2516 2945 2571 Ecclesia
2974 2514 3201 2589 (Ephes.
3230 2516 3305 2587 v).
3351 2516 3536 2588 Itaque
3558 2517 3673 2587 jam

2063 2611 2187 2667 inde
2212 2622 2271 2666 ut
2300 2619 2610 2666 sanctorum
2643 2610 2872 2681 quisque
2904 2611 3191 2681 processit,
3220 2611 3272 2665 in
3305 2611 3464 2682 hujus
3492 2626 3674 2667 sacra-

2062 2707 2233 2763 menti
2274 2705 2599 2776 figuratione
2636 2705 2880 2760 censitus
2920 2714 3043 2773 est;
3095 2716 3151 2761 et
3200 2706 3305 2762 hoc
3351 2706 3672 2778 mysterium

2063 2813 2256 2856 omnes
2295 2798 2466 2853 sancti
2505 2798 2573 2853 ab
2604 2797 2740 2852 Abel
2780 2798 2893 2852 suis
2932 2796 3215 2853 sacriﬁciis
3255 2798 3674 2869 actionibusque

2061 2898 2367 2961 gesserunt.
2425 2890 2483 2944 in
2523 2887 2745 2945 Christo
2784 2904 2915 2960 ergo
2959 2898 3016 2945 et
3061 2891 3116 2944 in
3152 2890 3429 2955 Ecclesia,
3472 2889 3526 2945 in
3566 2905 3674 2960 qua

2064 2983 2249 3053 utique
2276 2982 2610 3050 generaliter
2641 2980 2975 3051 praecondita
3013 2990 3100 3037 est
3139 2982 3391 3037 remissio
3416 2990 3675 3052 peccato-

2063 3092 2207 3143 rum,
2234 3076 2424 3133 ﬁdeles
2449 3076 2650 3147 quique
2674 3076 2788 3131 Deo
2816 3076 3097 3146 sanctique
3126 3078 3401 3141 vixerunt,
3425 3085 3482 3132 et
3503 3090 3677 3146 usque

2068 3171 2136 3226 ad
2167 3169 2302 3241 legis
2338 3182 2581 3240 tempora
2617 3184 2711 3238 per
2739 3169 2959 3241 Moysen
2990 3169 3131 3225 data:
3157 3170 3323 3224 certis
3352 3177 3480 3224 sunt
3508 3168 3677 3223 sacri-

2070 3263 2209 3320 ﬁciis
2245 3264 2301 3318 in
2347 3260 2507 3334 hujus
2535 3263 2779 3334 mysterii
2809 3262 3008 3318 virtute
3050 3261 3284 3333 purgati.
3331 3261 3677 3333 Quapropter

2068 3354 2115 3410 si
2142 3362 2409 3426 eguerunt
2437 3367 2630 3409 omnes
2659 3353 2904 3425 mysticis
2942 3352 3409 3409 immolationibus
3437 3355 3678 3409 incessa-

2070 3444 2248 3501 biliter
2273 3443 2514 3515 expiari,
2556 3457 2666 3500 non
2705 3442 2929 3499 dubium
2968 3453 3053 3500 est
3079 3443 3227 3499 vitiis
3259 3444 3510 3500 humanm
3546 3459 3679 3502 con—

2067 3537 2289 3595 ditionis
2310 3536 2481 3594 fuisse
2503 3538 2777 3609 pulsatos;
2804 3551 2835 3592 a
2856 3536 3052 3608 quibus
3078 3550 3175 3593 eos
3201 3551 3295 3609 per
3318 3536 3409 3593 illa
3438 3536 3679 3596 remedia

2069 3629 2234 3686 futuri
2272 3631 2599 3686 sacramenti
2637 3630 3008 3686 necessarium
3039 3637 3187 3686 esset
3218 3630 3555 3687 incessanter
3580 3630 3677 3687 ab-

2069 3723 2230 3781 solvi.
2280 3722 2398 3779 Jam
2426 3737 2557 3780 vero
2596 3722 2730 3792 legis
2768 3730 3018 3793 tempore
3050 3722 3326 3779 neminem
3355 3722 3523 3779 fuisse
3550 3736 3681 3779 ωη-

2067 3825 2279 3872 ciorum
2307 3814 2399 3885 qui
2431 3828 2538 3870 non
2575 3813 2807 3870 hostiam
2836 3813 3097 3871 obtulerit
3126 3828 3223 3885 pro
3249 3822 3495 3884 peccato,
3517 3813 3682 3872 lectio

2070 3908 2375 3967 veneranda
2416 3913 2683 3963 testator:
2724 3905 2782 3961 in
2823 3913 3032 3961 tantum
3074 3914 3137 3961 ut
3178 3905 3345 3962 etiam
3394 3904 3682 3975 pontiﬁces

2068 3998 2150 4058 sic
2178 3998 2320 4070 apud
2353 3998 2520 4055 Deum
2550 4013 2746 4055 causas
2774 4005 3001 4070 agerent
3029 3998 3217 4070 populi
3245 4007 3373 4056 tunc
3398 3997 3598 4066 ﬁdelis,
3622 4008 3683 4056 ut

2070 4094 2177 4166 ipsi
2211 4109 2427 4167 quoque
2475 4109 2578 4166 pro
2623 4093 2745 4151 suis
2793 4093 3009 4151 delictis
3052 4093 3263 4151 hostias
3309 4093 3680 4161 immolarent,

2068 4186 2381 4259 passimque
2427 4186 2670 4255 universi
2719 4184 3004 4257 propheta:
3055 4184 3398 4256 proclament
3445 4186 3685 4256 peccatis

2080 4275 2200 4331 suis
2224 4274 2441 4330 veniam
2467 4274 2829 4343 postulantes.
2858 4273 2990 4329 inde
3023 4283 3111 4329 est
3142 4274 3291 4344 quod
3328 4280 3555 4328 sanctus
3573 4270 3680 4328 Job

2083 4363 2219 4418 dicit
2238 4382 2250 4417 :
2272 4362 2437 4418 Nemo
2448 4364 2674 4419 mundus
2691 4381 2722 4417 a
2742 4364 2920 4427 sorde,
2938 4380 3034 4417 nec
3057 4365 3240 4434 infans
3253 4365 3405 4434 cujus
3427 4369 3501 4416 est
3518 4362 3679 4417 unius

2082 4457 2186 4510 diei
2201 4456 2309 4509 vita
2328 4470 2487 4526 super
2507 4466 2710 4510 terram
2727 4456 2846 4528 (Job
2870 4455 2982 4526 xtv)
3012 4474 3025 4510 :
3046 4456 3306 4527 idemque
3321 4455 3453 4511 alibi
3478 4473 3493 4509 :
3516 4454 3681 4511 Astra

2083 4562 2191 4601 non
2215 4554 2340 4601 sunt
2361 4545 2560 4601 munda
2589 4548 2644 4601 in
2674 4556 2953 4619 conspectu
2988 4557 3078 4604 tuo
3101 4549 3220 4622 (Job
3255 4548 3368 4619 xv).
3387 4547 3683 4618 Propheta

2079 4655 2294 4713 quoque
2322 4640 2497 4695 David
2530 4640 2597 4696 de
2628 4641 2987 4711 generalitate
3019 4650 3333 4698 sanctorum
3365 4650 3510 4698 certa
3540 4641 3683 4699 deﬁ-

2079 4730 2212 4787 nitio
2239 4729 2451 4802 prolata
2477 4732 2847 4802 cognoscitur,
2878 4746 3000 4803 quc
3026 4732 3141 4788 ait:
3183 4730 3271 4787 Nc
3296 4732 3459 4788 intres
3494 4732 3551 4787 in
3580 4736 3681 4804 ju-

2078 4824 2271 4878 dicium
2309 4839 2426 4878 cum
2460 4839 2607 4879 urvo
2640 4833 2769 4880 tuo:
2811 4826 3058 4896 quoniam
3092 4840 3197 4880 non
3226 4824 3601 4899 justilicabitur
3626 4826 3689 4881 in

2078 4925 2353 4987 conspectu
2383 4924 2474 4969 tuo
2507 4916 2675 4972 omnis
2714 4916 2883 4972 vivens
2914 4914 3088 4987 (Paul.
3114 4917 3322 4986 cxut);
3371 4916 3461 4974 ubi
3500 4916 3689 4988 utique

2081 5006 2356 5062 neminem
2398 5020 2622 5075 prorsus
2663 5006 2943 5061 hominum
2975 5007 3301 5063 diserevisse
3338 5007 3689 5078 perspicitur,

2075 5097 2217 5155 sicut
2247 5096 2393 5153 idem
2417 5096 2630 5168 planius
2657 5096 2764 5152 hoc
2786 5096 2963 5167 ipsum
2993 5097 3223 5168 loquens
3248 5097 3691 5168 manifestiusque

2077 5190 2353 5252 declarat:
2389 5186 2557 5243 Dixi:
2588 5186 2948 5243 Pronuntiabo
2973 5189 3247 5243 adversam
3276 5204 3355 5243 me
3382 5188 3692 5259 injustitiam

2080 5296 2249 5336 meam
2281 5280 2546 5346 Domino,-
2578 5290 2625 5334 et
2655 5291 2708 5333 tu
2736 5280 2981 5336 remisisti
3009 5280 3327 5351 impietatem
3352 5279 3547 5349 peccati
3576 5296 3694 5333 cor-

2082 5374 2164 5427 dis
2186 5374 2307 5426 mei.
2346 5371 2455 5427 Pro
2479 5372 2577 5427 hac
2599 5373 2765 5426 orabit
2790 5372 2860 5425 ad
2884 5382 2931 5429 te
2951 5373 3118 5432 omnis
3146 5382 3355 5426 sanctus
3383 5371 3439 5423 in
3468 5378 3697 5441 tempore

2086 5473 2377 5538 opportuno
2407 5462 2635 5533 (Psalm.
2660 5463 2836 5531 xxxi).
2887 5462 2986 5530 Qui
3028 5462 3212 5532 utique
3252 5478 3357 5517 non
3389 5460 3563 5516 solum
3596 5459 3698 5515 sub

2085 5558 2203 5628 lege
2232 5565 2453 5611 sanctus
2487 5571 2630 5625 esse,
2675 5556 2771 5611 sed
2812 5556 2867 5611 in
2910 5557 3086 5611 futura
3116 5555 3211 5610 Dei
3252 5555 3422 5625 gratia
3452 5555 3706 5612 eminen-

2087 5650 2238 5706 tioris
2302 5649 2566 5721 propositi
2613 5656 2739 5720 post
2796 5647 3035 5705 futurus.
3088 5647 3243 5705 Unde
3298 5648 3443 5717 quod
3499 5649 3573 5703 ait
3634 5646 3702 5703 In

2088 5752 2316 5813 tempore
2345 5750 2676 5814 opportuno,
2722 5756 2831 5796 non
2861 5740 2983 5797 sine
3012 5755 3195 5797 rerum
3224 5748 3577 5797 venturarum
3607 5754 3699 5795 co-

2087 5834 2331 5903 gnitione
2360 5833 2652 5901 subiunxit
2690 5833 2855 5890 etiam
2894 5842 2951 5889 et
2989 5832 3043 5889 in
3084 5833 3331 5889 oratione
3358 5847 3457 5888 sua
3489 5830 3679 5901 sapicn
