4190 6454
624 459 725 514 H9
1943 459 2213 520 GELASll
2254 458 2453 514 P.\l’.-E
2492 460 2515 514 t
3761 453 3869 506 tea

623 573 864 629 tissimus
915 574 1169 630 Salomon
1211 574 1363 629 :Nan
1402 586 1474 629 est
1499 580 1649 631 homo
1690 581 1778 647 qui
1822 595 1923 632 non
1963 572 2262 649 peccavitA
2292 583 2611 639 postremus,
2640 572 2757 642 plus
2776 572 3026 628 omnibus
3054 573 3344 639 laboraret,
3367 574 3531 641 etqni
3559 589 3660 649 non
3685 572 3864 626 solum

623 662 729 731 (III
749 663 878 735 Reg.
913 668 1062 735 vnn);
1104 674 1160 721 et
1180 666 1308 721 item
1334 667 1483 737 ipse:
1505 666 1632 733 Quis
1657 669 1971 739 gloriabitur
1991 680 2193 725 castum
2285 664 2531 720 fidelibus
2562 660 2792 719 insinuet
2820 664 2945 733 quid
2977 676 3139 734 super
3165 663 3266 719 hac
3295 672 3444 732 parte
3471 662 3729 727 sentiret,
3766 659 3866 717 sed

623 753 882 806 :ehabere
903 754 1382 819 cor,autmundum
1398 759 2196 831 seesseapcccato(Eccle.vn)?
2282 758 2441 810 etiam
2483 755 2610 824 quid
2660 755 2726 810 tle
2771 768 2830 810 se
2875 756 2991 822 ipso
3034 754 3379 824 pronuntiet,
3410 752 3580 808 libere
3623 751 3867 806 veritatis

626 840 733 896 Sed
778 859 842 897 ne
890 852 1153 911 putentur
1192 844 1413 899 illorum
1456 856 1761 918 temporum
1787 852 1960 905 sancti
1990 851 2058 906 ab
2095 850 2196 904 hac

624 934 1061 1004 impassibilitate
1106 934 1337 991 forsitan
1390 938 1720 1007 excipiendi,
1773 942 2029 1009 quoniam
2067 956 2199 995 con-

624 1023 792 1077 cessis
806 1037 835 1075 a
855 1022 966 1075 Deo
983 1023 1311 1094 conjugibus
1331 1024 1651 1092 utebantur,
1671 1027 1923 1096 quamvis
1940 1037 1992 1081 et
2006 1026 2201 1080 beatus

621 1113 772 1167 Elias
812 1114 1089 1183 passibilis
1133 1114 1301 1170 fuisse
1346 1124 1703 1182 memoretur,
1739 1116 2202 1186 quemadmodum

622 1206 1021 1274 consequentia
1042 1206 1402 1262 declarabunt
1433 1216 1516 1261 :et
1534 1206 1591 1261 S.
1607 1210 1874 1277 propheta
1889 1208 2073 1262 Daniel
2090 1224 2199 1262 non

622 1294 798 1349 solum
817 1313 917 1366 pro
935 1299 1143 1368 populi,
1164 1298 1256 1352 sed
1269 1306 1322 1352 et
1338 1313 1434 1367 pro
1452 1297 1567 1351 suis
1587 1300 1823 1367 peccatis
1842 1300 2197 1369 perhibeatur

622 1400 832 1451 orasse,
876 1389 1019 1443 sicut
1059 1390 1174 1458 ipse
1198 1388 1330 1443 dicit
1371 1407 1384 1442 :
1421 1388 1549 1444 Cum
1574 1408 1805 1455 orarent,
1842 1403 1886 1444 et
1926 1390 2203 1457 conﬁterer

623 1488 836 1547 peccata
865 1496 1002 1544 mea,
1037 1490 1085 1533 et
1119 1488 1334 1549 peccata
1360 1481 1540 1551 populi
1574 1483 1674 1537 mei
1702 1482 1926 1537 Domino
1946 1482 2051 1536 Deo
2087 1499 2199 1537 meo

626 1570 789 1640 (Dan.
829 1575 903 1637 tx)
927 1588 941 1637 ;
968 1572 1185 1644 tandem
1215 1572 1499 1629 veniamus
1520 1573 1586 1628 ad
1612 1574 1800 1629 beatos
1828 1577 2124 1643 apostolos,
2142 1588 2198 1632 et

624 1662 770 1714 dicat
786 1662 979 1715 beatus
1000 1663 1089 1717 ille
1109 1663 1367 1728 Iacobus,
1392 1663 1626 1733 quicum
1643 1681 1835 1721 omnes
1854 1667 2042 1735 utique
2061 1667 2194 1737 justi

621 1764 805 1808 essent
823 1755 1072 1824 apostoli,
1090 1756 1313 1825 proprie
1327 1766 1488 1827 atque
1502 1758 1784 1827 speciatim
1801 1760 1933 1829 justi
1949 1759 2051 1813 viri
2065 1773 2198 1829 prte-

620 1845 921 1913 ragativam
954 1846 1157 1917 legitur
1205 1860 1527 1904 assecutus:
1564 1849 1756 1905 Beatus
1786 1856 1863 1906 vir
1896 1855 1986 1923 qui
2017 1857 2195 1925 suffert

2282 850 2470 900 doctor
2509 846 2808 899 annuntiet.
2866 845 2930 899 Et
2975 845 3229 914 quoniam
3282 845 3499 914 lougutn
3539 849 3623 896 est
3668 850 3865 897 cuncta

2282 955 2399 1009 qua:
2427 939 2490 993 ad
2525 938 2658 992 hanc
2697 951 2916 993 causam
2963 936 3229 1007 pertinent
3256 936 3399 991 dicta
3432 934 3729 1001 revolvere,
3765 948 3866 1002 p0-

2290 1039 2483 1085 nantur
2512 1045 2675 1100 pauca
2706 1028 2771 1084 de
2799 1030 3003 1096 multis,
3055 1040 3135 1084 es
3161 1028 3359 1098 quibus
3406 1026 3559 1082 nobis
3586 1024 3864 1079 sufficien-

2285 1124 2489 1178 tissime
2516 1122 2935 1186 demonSIretur,
2981 1121 3148 1191 magis
3190 1135 3289 1175 nos
3317 1134 3438 1175 cum
3471 1118 3632 1173 Paulo
3659 1115 3867 1173 debere

2284 1215 2564 1278 inlirmari,
2596 1224 2653 1268 ut
2684 1213 2889 1267 habitet
2912 1213 3161 1268 Christus
3208 1212 3261 1267 iu
3313 1211 3488 1275 nobis,
3535 1222 3693 1278 quam
3738 1222 3865 1261 cum

2284 1306 2515 1373 quolibet
2545 1306 2703 1360 aliter
2728 1304 2993 1360 sentiente
3020 1319 3179 1374 quam
3227 1303 3427 1357 Paulus
3469 1300 3635 1355 fortes
3665 1299 3865 1361 videri,

2283 1408 2337 1451 et
2368 1396 2506 1449 velut
2554 1396 2717 1464 (quod
2765 1392 3175 1462 absit!)Cltristi
3227 1394 3483 1450 remediis
3528 1407 3633 1445 non
3676 1406 3863 1459 egere.

2284 1490 2372 1543 Ait
2414 1503 2579 1559 ergo:
2631 1490 2751 1543 Scio
2792 1489 2925 1542 enim
2967 1488 3087 1555 quia
3129 1504 3232 1540 non
3275 1487 3467 1540 habiti
3514 1485 3567 1538 in
3605 1501 3713 1550 me,
3765 1484 3867 1536 hoc

2282 1590 2375 1639 est,
2419 1578 2473 1631 in
2512 1594 2664 1631 carne
2701 1594 2833 1643 mea,
2881 1578 3100 1641 bonum;
3145 1593 3264 1629 nam
3306 1574 3431 1630 velle
3469 1575 3670 1645 adjacet
3703 1571 3862 1632 mihi,

2283 1668 2521 1734 per/icere
2558 1676 2725 1721 autem
2766 1668 2952 1721 bonum
2989 1683 3091 1721 non
3125 1667 3327 1720 invenio
3349 1682 3368 1720 :
3410 1683 3512 1719 non
3554 1666 3687 1719 enim
3724 1663 3865 1732 quod

2281 1760 2393 1810 volo
2434 1757 2529 1809 hoc
2577 1758 2733 1827 facio,
2780 1775 2880 1811 non
2921 1773 3013 1828 ego
3057 1773 3239 1824 operor
3278 1756 3430 1822 illud,
3475 1756 3565 1810 sed
3605 1757 3740 1825 quod
3772 1756 3867 1807 ha-

2286 1852 2411 1905 bitat
2444 1851 2497 1903 in
2534 1866 2612 1904 me
2651 1859 2914 1915 peccatum
2938 1849 3115 1919 (Rom.
3151 1850 3268 1917 vn).
3320 1850 3489 1903 ltem:
3532 1847 3869 1903 Candelettur

622 1938 983 2002 tentationem,
1014 1938 1139 2006 quia
1163 1955 1279 1991 cum
1318 1940 1565 2008 probatus
1591 1941 1767 2009 fuerit,
1797 1946 2012 2014 accipiet
2049 1925 2259 2000 caro-B
2284 1944 2419 1997 enim
2458 1943 2555 2010 legi
2594 1941 2683 1995 Dei
2724 1942 3003 1995 secundum
3046 1940 3339 1993 interiorem
3380 1938 3675 1992 hominem:
3716 1935 3868 1989 video

620 2043 747 2081 nam
765 2031 900 2095 vitte,
918 2047 1076 2100 quam
1096 2033 1389 2103 repromisit
1410 2032 1550 2087 Deus
1565 2033 1895 2105 diligentibus
1910 2054 1964 2090 se
1982 2037 2117 2107 (Jac.
2135 2039 2193 2108 t).

622 2120 693 2174 Et
720 2120 849 2175 item
876 2133 1000 2191 post
1026 2124 1347 2193 paululum':
1376 2124 1738 2196 Unusquisque
1760 2136 1937 2181 autem
1964 2138 2198 2185 tentatur

623 2228 659 2264 a
675 2215 1089 2283 concupiscentia
1108 2232 1205 2269 sua
1232 2215 1524 2271 abstractus
1541 2226 1588 2270 et
1610 2216 1833 2271 illectus.
1852 2218 2050 2273 Deinde
2070 2240 2197 2275 con-

624 2302 943 2371 cupiscentia
966 2321 1082 2357 cum
1103 2309 1412 2375 conceperit,
1438 2311 1578 2377 parit
1596 2318 1897 2378 peccatum;
1925 2322 2196 2382 peccatum
2234 2378 2237 2381 η

624 2407 766 2458 vero,
789 2408 905 2447 cum
925 2406 1340 2451 consummatum
1362 2396 1538 2469 fuerit,
1566 2412 1784 2469 generat
1808 2412 2043 2457 mortem.
2063 2404 2194 2459 item

624 2484 771 2540 idem
793 2484 883 2539 ειη
906 2489 1543 2558 multisenimoffendimus
1566 2508 1742 2547 omnes
1761 2493 2004 2564 (Jat‘Jll).
2023 2495 2201 2550 Idem-

627 2592 735 2645 que
758 2588 977 2634 secutus
994 2579 1241 2651 adjunxit
1262 2596 1275 2633 :
1292 2580 1358 2635 Et
1375 2582 1423 2636 E
1428 2582 1526 2636 lias
1538 2585 1689 2639 homo
1706 2595 1820 2639 erat
1845 2587 2031 2641 similis
2053 2588 2198 2644 nobis

629 2668 892 2737 passibilis
936 2670 1072 2742 (Jac.
1112 2673 1191 2743 v).
1247 2674 1400 2729 Dicat
1460 2676 1653 2732 beatus
1694 2679 1972 2747 apostolus
2018 2678 2202 2733 :Clta-

631 2759 845 2825 rissimi,
885 2778 1008 2831 rogo
1046 2770 1102 2815 ut
1144 2765 1297 2833 quasi
1343 2765 1528 2819 incola:
1551 2775 1603 2819 et
1627 2767 1841 2822 aduente
1887 2770 2198 2825 abstineatis

608 2882 692 2920 vos
721 2882 752 2918 a
780 2862 1130 2934 corporalibus
1166 2857 1530 2925 voluptatibus,
1556 2870 1671 2926 qua:
1696 2854 1915 2907 militant
1942 2853 2184 2905 adversus

608 2956 831 3008 animam
861 2951 911 3023 (1
948 2950 1060 3005 Pet.
1091 2951 1179 3019 tt);
1213 2959 1266 3004 et
1296 2948 1523 3002 iterum:
1560 2944 1735 2998 Nolite
1776 2943 1954 2997 mirari
1982 2943 2051 2995 ad
2080 2943 2182 3010 fer-

608 3062 797 3112 vorem,
828 3046 917 3116 qui
945 3044 1011 3097 ad
1040 3044 1369 3097 tentationem
1394 3041 1534 3095 vobis
1564 3039 1619 3105 ﬁt
1637 3052 1655 3099 ,'
1685 3038 1831 3107 quasi
1854 3036 1967 3088 novi
1986 3034 2184 3104 aliquid

609 3138 746 3191 vobis
772 3137 1029 3207 contingat
1058 3132 1112 3204 (Ι
1142 3131 1258 3190 Pet.
1277 3131 1372 3201 tv).
1406 3130 1533 3185 Item
1563 3135 1777 3199 postea:
1805 3126 1977 3181 Sobrii
2003 3136 2181 3189 estote,

606 3240 655 3282 et
685 3229 908 3298 vigilate,
938 3226 1059 3297 quia
1086 3224 1410 3278 adversarius
1434 3228 1593 3276 vester
1622 3218 1881 3285 diabolus,
1920 3218 2066 3287 quasi
2105 3218 2183 3270 leo

608 3320 843 3389 fremens,
872 3317 1059 3370 circuit
1079 3329 1310 3383 qutrreus
1340 3328 1489 3380 quem
1517 3311 1749 3376 devoret;
1775 3310 1861 3363 cui
1888 3309 2105 3363 resistite
2131 3310 2180 3361 in

607 3410 712 3477 fide
738 3406 784 3479 (Ι
818 3407 934 3461 Pet.
960 3408 1047 3477 v):
1091 3406 1321 3460 scientes
1357 3402 1570 3463 easdem
1612 3402 1891 3471 passiones
1938 3401 1993 3456 in
2038 3404 2180 3456 omni

610 3513 731 3568 qua:
773 3508 858 3552 est
900 3498 952 3551 in
1002 3496 1200 3551 mundo
1228 3493 1559 3548 fraternitate
1592 3504 1768 3547 vestra
1812 3491 1963 3557 ﬁeri,
2008 3506 2038 3545 a
2079 3506 2181 3562 qua

608 3589 939 3644 fraternitate
962 3588 1210 3642 nimirum
1233 3600 1291 3641 se
1314 3586 1413 3654 ipsi
1439 3584 1674 3639 fidelium
1697 3597 1840 3651 saepe
1865 3593 2181 3639 cunctorum

610 3678 804 3735 fratres
836 3678 1151 3733 annuntiant
1172 3717 1187 3743 ,
1230 3692 1328 3731 nec
1364 3690 1513 3729 suam
1543 3675 1835 3744 probantur
1859 3673 2185 3731 discrevisse

610 3784 916 3842 personam.
969 3768 1120 3823 Dicat
1159 3768 1346 3823 beatus
1381 3766 1617 3822 Joannes
1643 3765 1918 3834 apostolus
1946 3774 2000 3819 et
2025 3780 2185 3819 evan-

609 3861 796 3931 gelista
836 3860 923 3914 ille
959 3860 1047 3929 qui
1090 3859 1141 3913 in
1186 3867 1402 3927 pectore
1438 3856 1708 3912 discubuit
1736 3856 2075 3912 Salvatoris:
2122 3856 2185 3911 Si

610 3952 891 4007 dixerimus
920 3953 1039 4019 quia
1081 3958 1340 4018 peccatum
1385 3964 1487 4002 non
1532 3949 1803 4014 habemus,
1855 3951 2186 4016 nosmetipsos

612 4042 929 4105 seducimus,
980 4041 1101 4110 quia
1141 4041 1323 4093 veritas
1364 4039 1419 4091 in
1458 4037 1601 4091 nobis
1655 4052 1757 4090 non
1798 4046 1907 4102 est;
1965 4038 2101 4106 quod
2144 4039 2187 4090 si

612 4132 833 4199 confessi
874 4130 1119 4199 fuerimus
1157 4129 1342 4182 delicta
1380 4136 1577 4192 nostra,
1619 4126 1787 4195 ﬁdelis
1821 4136 1895 4179 est
1922 4134 1970 4180 et
1994 4130 2187 4195 justus,

612 4224 701 4291 qui
742 4223 964 4275 dimittat
1004 4220 1147 4275 nobis
1183 4229 1428 4290 peccata,
1475 4228 1523 4271 et
1563 4219 1771 4272 inundet
1812 4232 1905 4271 nos
1945 4217 2007 4271 ab
2051 4218 2189 4271 omni

612 4316 876 4385 iniquitate
904 4309 958 4383 (Ι
984 4312 1141 4366 Joan.
1162 4310 1225 4381 t).
1258 4311 1384 4367 Item
1414 4309 1555 4380 quod
1578 4311 1623 4364 si
1650 4308 1928 4364 dixerimus
1948 4309 2068 4379 quia
2086 4326 2188 4365 non

614 4402 956 4474 peccavimus,
982 4399 1281 4453 mendacem
1305 4401 1552 4468 faciemus
1580 4414 1717 4459 eum,
1739 4407 1784 4450 et
1813 4398 2029 4452 Verbum
2056 4401 2169 4469 ejus

616 4511 721 4549 non
771 4493 866 4545 erit
910 4494 966 4545 in
1009 4492 1153 4545 nobis
1202 4490 1403 4560 (lbid.).
1441 4490 1596 4544 Dicat
1628 4490 1771 4544 idem
1810 4490 1974 4544 :Htec
2006 4492 2173 4545 scribo

620 4586 758 4641 vobis
789 4594 844 4636 ut
870 4600 971 4637 non
1007 4582 1240 4653 peccetis.
1274 4580 1373 4635 Sed
1396 4583 1439 4635 si
1460 4582 1573 4648 quis
1611 4583 1917 4649 peccaverit,
1950 4583 2175 4637 advoca-

622 4685 733 4729 tum
761 4650 1016 4728 habemus
1034 4674 1175 4742 apud
1200 4672 1411 4725 Patrem
1426 4673 1655 4740 justum,
1676 4680 1725 4725 et
1741 4674 1850 4743 ipse
1879 4674 2178 4743 prapitiatio
2211 4650 2262 4710 Ῑ)

622 4774 952 4833 peccatorum
987 4772 1305 4829 nostrorum,
1344 4782 1445 4818 non
1492 4770 1694 4818 tantum
1743 4772 2056 4829 nostrorum,
2093 4767 2182 4819 sed

627 4863 679 4907 et
713 4854 866 4907 totius
900 4854 1083 4907 mundi
1114 4852 1163 4921 (Ι
1189 4853 1346 4907 Joan.
1374 4853 1460 4921 tt).
1486 4853 1621 4907 Item
1657 4852 1772 4921 ipse
1803 4869 1815 4906 :
1847 4851 2010 4906 Omne
2050 4856 2184 4923 quod

625 4947 682 5004 in
717 4947 908 4999 mundo
937 4956 1033 5007 est,
1071 4947 1485 5015 concupiscentia
1521 4945 1700 4998 carnis
1739 4952 1835 5009 est,
1866 4953 1913 4995 et
1928 4942 2186 5015 'concupi-

629 5038 827 5095 scentia
865 5036 1155 5101 oculorum,
1187 5044 1237 5089 et
1280 5037 1496 5091 ambitio
1537 5038 1734 5102 steculi,
1775 5053 1893 5107 qua:
1922 5054 2025 5091 non
2058 5046 2131 5092 est
2160 5058 2192 5093 α

629 5128 817 5192 Patre,
850 5128 940 5180 sed
974 5143 1037 5181 ea:
1071 5127 1263 5179 mundo
1294 5136 1367 5180 est
1386 5144 1404 5191 ;
1433 5136 1481 5180 et
1510 5127 1730 5181 mundus
1764 5129 1975 5192 transit,
1993 5136 2042 5182 et
2068 5146 2193 5181 con-

632 5219 953 5287 cupiscentia
998 5218 1110 5286 ejus
1138 5231 1155 5269 :
1182 5216 1271 5286 qui
1314 5224 1489 5269 autem
1528 5216 1707 5285 fecerit
1740 5206 2062 5271 voluntatem
2094 5217 2199 5271 Do-

634 5310 784 5375 mini,
809 5317 983 5364 manet
1003 5309 1058 5360 in
1082 5317 1335 5361 wternum
1356 5304 1556 5376 (lbid.).
1580 5304 1776 5362 Veniat
1796 5309 2053 5365 minimus
2073 5326 2202 5381 apo:

639 5402 924 5466 stolorum,
956 5400 1049 5455 sed
1077 5398 1182 5456 Vas
1224 5400 1511 5455 electionis
1556 5398 1684 5465 Dei;
1722 5401 1908 5456 veniat
1944 5401 2202 5471 magister

641 5493 881 5561 gentium
913 5492 1133 5557 Paulus,
1161 5491 1483 5560 praedicator
1517 5490 1714 5545 divinae
1741 5494 1927 5562 gratite
1958 5494 2201 5565 singula-

643 5581 737 5647 ris,
770 5590 826 5637 et
872 5584 1118 5654 mysterii
1166 5581 1405 5636 caelestis
1453 5582 1709 5649 copiosus
1754 5585 2048 5653 expositor,
2104 5587 2196 5642 ille

647 5672 738 5739 qui
778 5674 944 5727 verba
992 5672 1290 5726 inell‘ahilia
1342 5671 1456 5725 sive
1504 5670 1558 5725 in
1600 5685 1825 5742 corpore
1879 5675 1993 5727 sive
2048 5685 2199 5731 extra

648 5775 848 5830 corpus
867 5762 1118 5819 nesciens
1141 5762 1196 5815 in
1219 5763 1442 5816 tertium
1476 5761 1669 5817 oculum
1706 5764 1916 5819 levatus
1946 5766 2153 5819 audivit
2188 5785 2199 5819 :

652 5851 743 5919 qui
772 5862 917 5907 tanta
950 5852 1121 5923 gratia
1154 5852 1499 5909 redundavit.
1540 5860 1597 5907 ut
1637 5872 1757 5911 cum
1786 5856 2026 5913 omnium
2056 5868 2199 5914 esset

2287 2045 2455 2090 autem
2508 2038 2665 2089 aliaat
2715 2034 2872 2105 legem
2932 2034 2985 2085 in
3046 2033 3284 2085 membris
3332 2031 3456 2084 meis
3500 2036 3870 2099 repugnantem

2287 2127 2383 2198 legi
2423 2126 2603 2177 mentis
2648 2138 2800 2188 metu,
2856 2139 2917 2175 ac
2957 2123 3212 2191 captivum
3251 2137 3329 2173 me
3364 2120 3627 2172 ducentem
3665 2119 3717 2171 in
3756 2117 3870 2186 lege

2284 2218 2494 2288 peccati,
2536 2231 2647 2284 qua:
2684 2223 2756 2269 est
2796 2215 2850 2269 in
2894 2214 3127 2267 membris
3167 2212 3313 2266 meis.
3364 2209 3524 2264 Miser
3554 2226 3645 2279 ego
3685 2208 3865 2271 homo,

2282 2316 2395 2375 quis
2436 2325 2515 2363 me
2554 2306 2784 2361 liberabit
2826 2307 2889 2359 de
2928 2321 3142 2373 corpore
3190 2305 3369 2357 mortis
3418 2302 3621 2367 huius?
3681 2298 3866 2355 Gratia

2287 2402 2382 2454 Dei
2421 2417 2508 2469 per
2546 2399 2725 2451 Jesum
2765 2396 3028 2451 Christum
3070 2395 3346 2449 Dominum
3386 2400 3612 2447 nostrum
3653 2391 3865 2462 (lbid.).

2285 2495 2462 2563 Quare
2501 2507 2560 2546 se
2594 2490 2755 2561 igitur
2787 2490 3042 2545 miserum
3083 2487 3356 2542 hominem
3386 2484 3659 2555 appellat?
3698 2498 3867 2552 quare

2284 2600 2344 2640 se
2368 2583 2563 2655 gaudet
2590 2596 2685 2652 per
2710 2580 2909 2635 Christi
2932 2580 3154 2649 gratiam
3182 2578 3251 2634 de
3273 2578 3459 2634 mortis
3484 2590 3704 2646 corpore
3732 2574 3867 2629 libe~

2284 2676 2412 2741 rari,
2437 2675 2480 2729 si
2508 2673 2669 2728 nullis
2689 2671 2968 2727 aﬂ‘ectibus
2992 2670 3239 2726 humana:
3260 2669 3491 2725 miseriae
3517 2666 3823 2736 pulsabitur
3843 2705 3861 2730 ,

2284 2765 2329 2820 si
2361 2765 2523 2820 nullis
2551 2763 2925 2826 infesmbatur,
2968 2777 3036 2818 ex
3066 2762 3261 2832 quibus
3290 2761 3609 2815 liberaretur
3640 2758 3865 2811 incursi-

2284 2854 2427 2910 bus?
2464 2856 2593 2910 Item
2621 2854 2763 2909 idem
2789 2871 2804 2907 :
2838 2852 2971 2908 Caro
2998 2852 3310 2923 concupiscit
3340 2850 3581 2904 adversus
3604 2849 3861 2917 spiritum,

2283 2956 2333 3002 et
2374 2948 2583 3019 spiritus
2621 2948 2860 3001 adversus
2899 2959 3147 2999 carnem:
3192 2942 3302 2996 htec
3341 2943 3474 2996 enim
3515 2942 3727 2994 invicem
3768 2939 3863 2991 ad-

2284 3050 2546 3093 versantur
2580 3038 2705 3103 sibi,
2758 3045 2813 3090 ut
2854 3054 2953 3089 non
2991 3052 3105 3105 qua:
3143 3036 3295 3088 vultis
3337 3034 3427 3087 illa
3464 3032 3692 3103 faciatis.
3745 3030 3861 3085 Non

2287 3130 2417 3184 enim
2456 3144 2568 3198 qua:
2602 3128 2711 3182 vult
2748 3128 2958 3198 spiritus
2999 3126 3215 3194 perﬁcit,
3246 3141 3307 3178 ne
3346 3126 3408 3176 de
3448 3124 3754 3191 perfectione
3779 3138 3863 3174 su-

2288 3222 2480 3290 perbiat
2502 3219 2643 3293 (Gal.
2668 3222 2755 3289 v);
2786 3229 2839 3273 et
2870 3218 3011 3273 idem
3039 3236 3051 3271 :
3084 3234 3188 3271 non
3216 3217 3415 3288 perﬁcit
3446 3232 3567 3269 caro
3596 3230 3708 3285 gnte
3734 3216 3861 3279 vult,

2289 3323 2345 3367 ut
2372 3314 2449 3366 sic
2475 3298 2724 3363 humana;
2747 3309 3070 3364 conditionis
3096 3307 3403 3362 admoneat.

2357 3403 2433 3457 Ne
2477 3413 2653 3456 tamen
2694 3415 3074 3470 usquequaque
3105 3400 3436 3469 propositum
3465 3397 3623 3452 fidele
3653 3396 3866 3451 demer-

2287 3506 2368 3563 gat
2400 3512 2414 3559 ;
2465 3507 2528 3549 ac
2558 3508 2625 3547 ne
2656 3491 2904 3555 forsitan,
2942 3499 2999 3545 ut
3026 3491 3202 3544 solent
3231 3489 3448 3559 quidam
3480 3488 3628 3543 \‘anis
3657 3488 3865 3556 opinio-

2290 3586 2446 3638 nibus
2475 3583 2756 3646 arbitrari,
2803 3581 2945 3653 quod
2990 3580 3105 3636 haec
3139 3580 3201 3637 Β.
3230 3579 3504 3650 apostolus
3542 3580 3739 3635 Paulus
3767 3579 3867 3635 sub

2289 3676 2510 3730 alterius
2552 3674 2732 3730 nescio
2760 3674 2915 3742 cujus
2956 3687 3186 3743 persona
3218 3672 3558 3740 pronuntiet,
3598 3685 3757 3741 quam
3800 3670 3867 3726 de

2289 3769 2466 3835 seipso
2491 3766 2746 3832 fateatur;
2791 3767 3033 3836 quamvis
3068 3765 3198 3821 nihil
3243 3764 3352 3821 illic
3380 3764 3485 3820 tale
3513 3764 3689 3821 valeat
3719 3778 3868 3835 pror-

2288 3875 2380 3916 sus
2408 3861 2653 3926 ostendi,
2693 3869 2871 3913 tamen
2916 3874 3037 3914 cum
3079 3858 3191 3913 ait:
3225 3857 3382 3913 Miser
3409 3875 3502 3928 ego
3530 3857 3716 3926 homo,
3758 3858 3867 3927 quis
3955 3906 3959 3910 .

2290 3970 2367 4006 me
2396 3952 2626 4007 liberabit
2664 3953 2727 4006 de
2756 3967 2969 4020 corpore
2998 3952 3177 4006 mortis
3208 3951 3409 4014 huius?
3448 3948 3629 4004 Gratia
3656 3948 3753 4003 Dei
3780 3965 3868 4017 per

2290 4041 2467 4095 Jcsum
2495 4041 2787 4110 Christum,
2832 4054 2938 4097 tam
2969 4042 3216 4117 gentilis,
3265 4055 3424 4111 quam
3464 4039 3633 4094 .lndtci
3666 4048 3866 4094 remota

2291 4132 2546 4201 probetur
2573 4145 2695 4186 esse
2723 4146 2985 4199 persona;
3015 4130 3295 4185 audiamus
3335 4138 3512 4184 tamen
3544 4128 3684 4184 hunc
3711 4128 3863 4194 alibi,

2290 4224 2437 4291 quasi
2460 4237 2579 4278 sese
2600 4237 2760 4277 manu
2791 4223 3004 4293 propria
3030 4222 3396 4292 designantem
3427 4235 3490 4276 ac
3519 4220 3865 4291 semetipsum

2289 4316 2596 4385 specialiter
2643 4316 2962 4371 indicantem
3013 4332 3027 4370 :
3075 4313 3186 4385 Ego
3228 4314 3338 4384 ipse
3366 4324 3530 4368 mente
3572 4314 3734 4368 servio
3770 4312 3867 4382 legi

2292 4409 2481 4478 peccati
2518 4409 2693 4478 (Rom.
2712 4407 2829 4477 vtt);
2858 4419 2911 4463 et
2942 4408 3067 4463 item
3095 4407 3163 4462 de
3188 4407 3365 4469 seipse
3397 4424 3410 4461 :
3445 4406 3649 4477 Castigo
3687 4421 3867 4474 corpus

2292 4514 2480 4563 meum,
2521 4508 2568 4553 et
2608 4498 2661 4553 in
2698 4499 2993 4553 servitutem
3028 4498 3228 4568 redigo,
3260 4513 3323 4551 ne
3351 4499 3439 4567 qui
3474 4498 3592 4551 aliis
3623 4496 3862 4567 prtcdico,

2289 4590 2397 4656 ipse
2430 4588 2674 4659 reprobus
2713 4589 2898 4658 eﬁiciar
2923 4586 2974 4661 (Ι
3042 4586 3274 4657 Cor.ts).
3300 4589 3429 4655 Quis
3459 4587 3617 4656 igitur
3646 4601 3749 4641 non
3774 4586 3865 4639 ad-

2291 4688 2465 4736 vertat
2527 4680 2652 4750 quid
2697 4680 2958 4737 interesse
3002 4682 3238 4750 potuerit
3273 4680 3412 4749 quod
3464 4678 3701 4735 membra
3771 4693 3865 4733 sua

2289 4772 2596 4842 castigando
2624 4774 2937 4839 refrenaret,
2960 4788 3027 4827 ne
3054 4773 3314 4843 reprobus
3342 4772 3617 4838 existeret,
3641 4772 3685 4827 si
3710 4772 3865 4828 nullis

2292 4864 2484 4918 talibus
2515 4863 2740 4919 stimulis
2770 4863 3098 4934 pztlsaretnr,
3130 4863 3272 4933 quod
3307 4863 3645 4934 negligenda,
3678 4873 3729 4918 et
3761 4879 3863 4918 non

2288 4957 2527 5025 corporis
2570 4956 2650 5012 sui
2694 4957 3040 5027 castigatione
3083 4957 3399 5027 subigendo,
3448 4958 3709 5026 reprobus
3748 4971 3865 5014 esse

2290 5047 2588 5116 potuisset?
2625 5046 2959 5116 Quapropter
2996 5061 3116 5102 cum
3159 5048 3275 5102 htec
3317 5056 3373 5103 et
3406 5047 3633 5117 apostoli
3670 5048 3739 5103 de
3774 5062 3862 5103 se-

2292 5140 2531 5209 metipsis
2556 5138 2777 5209 professi
2810 5140 2973 5197 fuisse
3002 5151 3386 5209 monstrentur,
3412 5142 3501 5211 qni
3528 5140 3737 5197 etiamsi
3767 5141 3864 5197 ista

2292 5230 2508 5284 minime
2559 5230 2945 5299 prodidissent,
2997 5233 3181 5300 procul
3231 5232 3392 5288 dubio
3444 5241 3622 5288 tamen
3678 5246 3865 5288 omnes

2292 5324 2586 5378 orationem
2628 5322 2948 5379 dominicam
2994 5334 3048 5380 et
3077 5326 3381 5382 necessario
3408 5326 3782 5395 praedicarent,
3813 5336 3865 5380 et

2291 5416 2464 5470 veraci
2507 5416 2669 5471 corde
2715 5416 3034 5485 proferrent,
3082 5432 3183 5487 qua
3224 5418 3460 5488 quotidie
3508 5416 3865 5485 supplicantes

2292 5508 2483 5563 dimitti
2512 5508 2613 5564 sibi
2643 5524 2735 5565 sua
2767 5510 2946 5565 debita
2978 5509 3329 5578 postularent,
3361 5518 3417 5564 et
3444 5524 3511 5562 ne
3537 5508 3589 5561 in
3622 5509 3865 5563 tentatio-

2293 5613 2415 5653 nem
2453 5597 2829 5657 inducerentur
2857 5613 3072 5669 orasse,
3103 5608 3156 5654 et
3183 5608 3235 5653 ut
3276 5614 3307 5653 a
3338 5598 3478 5653 malo
3514 5597 3865 5653 liberarentur

2292 5691 2605 5761 suppliciter
2631 5692 2944 5762 implorasse
2965 5692 3280 5755 doceantur,
3309 5700 3524 5761 propter
3544 5688 3684 5758 quod
3706 5688 3863 5744 etiam

2295 5782 2603 5838 BJoannes
2640 5784 2933 5853 apostolus,
2986 5782 3126 5853 quod
3168 5797 3326 5851 supra
3368 5782 3477 5851 jam
3519 5779 3719 5835 dictum
3761 5787 3859 5841 est,

2295 5873 2610 5942 intelligitur
2639 5872 2887 5939 edidisse,
2920 5874 3102 5931 dicens
3133 5890 3146 5928 :
3178 5872 3239 5929 Si
3267 5872 3543 5928 dim-imus
3573 5886 3661 5925 nos
3692 5885 3860 5939 ριτεαο
