4190 6400
340 419 427 472 ill
1551 405 1898 465 EPISTOLJ'Z
1944 406 2015 459 ΕῚ
2072 407 2411 465 DECRETA.

3539 414 3640 467 ΕΞ

339 543 443 585 tum
472 550 573 585 non
606 534 809 594 habere,
841 535 1128 587 mendacem
1163 532 1404 598 faciemus
1438 546 1553 580 eum
1585 527 1634 579 tl
1658 525 1815 579 Joan.
1854 535 1918 596 ι),
1956 531 2004 581 Δ
2032 529 2407 595 sus‘innimus,
2463 530 2699 598 ipsarum
2749 547 2930 587 rerum
2980 532 3300 587 desideratis
3352 534 3633 587 all-actibus

338 625 603 679 Christum
645 627 869 691 scilicet,
903 626 990 691 qui
1034 624 1167 677 hanc
1206 622 1393 677 orandi
1440 622 1665 676 formam
1699 621 1810 674 suis
1848 620 1930 673 di-

336 717 553 786 st-ipulis
594 717 963 779 condidisset,
1016 715 1068 769 in
1117 730 1219 783 qua
1274 716 1355 768 vel
1407 712 1705 781 quotidiani
1758 712 1924 765 debiti

336 811 595 863 relaxatio
619 810 941 876 proveniret,
973 819 1025 862 et
1072 823 1139 862 ne
1165 809 1215 861 in
1250 807 1596 861 tentationctn
1630 805 1927 858 inciderent

337 902 703 967 implorarent,
728 902 809 955 vel
843 909 898 954 nt
922 918 947 952 ιι
974 901 1115 953 malo
1146 900 1501 953 liberarentur
1548 906 1925 965 exposcerent,

335 992 377 1042 si
413 990 540 1043 nihil
572 1000 717 1044 esset
747 993 965 1043 omn'no
1004 989 1145 1059 quod
1174 1000 1263 1043 aut
1292 989 1531 1043 debitum
1573 996 1929 1055 pra‘gravarct

338 1080 560 1135 minime
584 1083 895 1143 relaxatum,
923 1093 1011 1135 aut
1038 1082 1261 1135 tentatio
1288 1090 1463 1149 posset
1492 1079 1675 1134 inferri
1701 1079 1925 1146 peccati,

336 1183 426 1226 aut
472 1176 674 1228 nullum
706 1190 734 1227 a
769 1188 873 1241 quo
920 1174 1272 1227 liberarentur
1320 1173 1515 1226 malum
1561 1186 1779 1238 prorsus
1818 1171 1931 1225 exi-

336 1276 524 1321 s’eret.
558 1268 645 1321 Sic
680 1278 857 1321 autem
889 1268 1148 1335 quosdam
1196 1278 1372 1320 movet
1412 1265 1707 1332 surripiens
1749 1264 1927 1317 illusio

338 1357 740 1419 dormientium,
774 1358 921 1425 quasi
954 1373 1055 1411 non
1087 1358 1304 1424 gravior
1334 1360 1593 1409 avst'mata
1632 1357 1697 1409 sit
1729 1370 1929 1409 concu-

339 1451 593 1516 p'stcntia
642 1452 991 1514 vigilantium.
1047 1450 1302 1516 Quamvis
1356 1450 1495 1503 enim
1545 1459 1598 1503 et
1647 1449 1926 1502 insolentia

337 1543 631 1603 corporalis
662 1541 990 1607 frequentius
1022 1542 1341 1595 refrenanda
1374 1541 1443 1593 sit
1470 1540 1549 1592 vel
1578 1540 1929 1606 castigatione

336 1634 387 1703 je
413 1635 546 1701 unii,
580 1635 659 1686 vel
702 1636 943 1689 ciborum
984 1635 1286 1703 frugalitate
1328 1642 1684 1699 sumptorum,
1722 1646 1788 1683 ue
1818 1646 1930 1683 nta-

336 1729 469 1781 teria
512 1730 815 1795 pr:cbva‘ur
853 1728 1101 1781 humanis
1150 1728 1397 1780 sensibus
1445 1726 1795 1795 pltantasticaz
1836 1738 1929 1777 vo-

336 1819 555 1881 luntatis
606 1821 985 1888 imaginatione
1028 1820 1294 1880 fallendis,
1338 1819 1419 1872 vel
1465 1817 1671 1884 magnis
1722 1816 1821 1869 hoc
1862 1815 1928 1868 de

2036 634 2406 690 assequamur,
2430 631 2695 691 qnatenus
2720 622 2819 677 bac
2846 623 3218 678 incursionum
3244 633 3394 693 peste
3418 642 3639 692 prorsus

2036 717 2216 778 exuti,
2273 715 2559 783 tranquilla
2610 730 2829 783 semper
2886 718 3313 773 sanctificatione
3364 719 3637 783 vivamus,

2032 804 2173 873 quod
2201 805 2252 858 in
2280 806 2371 859 illa
2404 806 2577 860 futura
2612 807 2946 861 beatitudine
2980 810 3311 876 promittitur
3338 826 3457 863 esse
3492 827 3640 865 eom-

2035 904 2321 972 plcttdum,
2360 922 2503 971 cum,
2538 908 2677 961 sicut
2707 908 2779 960 ait
2812 908 3137 975 Apostolus,
3167 907 3500 977 corruptibile
3542 908 3639 960 huc

2034 998 2259 1051 induerit
2300 1000 2762 1067 incorruptionem,
2814 1012 2861 1052 et
2892 1000 3107 1052 mortale
3142 999 3237 1053 hoc
3280 1000 3511 1053 induerit
3544 1000 3640 1051 im-

2033 1091 2398 1143 mortalitatem
2424 1089 2476 1157 (I
2497 1089 2617 1145 Cor.
2643 1092 2755 1159 xv),
2790 1100 2951 1160 atque
2982 1091 3215 1145 animale
3250 1106 3447 1159 corpus
3480 1092 3641 1159 spiri—

2034 1182 2230 1233 tualem
2263 1181 2553 1249 sumpserit
2583 1182 2920 1249 dignitatem.
2973 1182 3135 1251 Igitur
3165 1181 3385 1235 dubium
3420 1195 3527 1234 non
3559 1191 3642 1233 est

2034 1272 2339 1341 superbiam
2392 1288 2553 1342 super
2602 1290 2762 1328 omne
2808 1288 2927 1327 esse
2974 1284 3283 1339 peccatum;
3334 1273 3532 1339 quippe
3573 1272 3642 1325 de

2034 1379 2134 1432 qua
2162 1366 2421 1431 scriptum
2453 1376 2533 1418 est
2558 1383 2570 1417 :
2603 1365 2820 1418 Initium
2844 1366 3009 1418 omnis
3030 1366 3227 1434 peccati
3248 1364 3487 1433 superbia
3512 1361 3642 1429 (Ec-

2033 1454 2123 1507 cti.
2165 1455 2241 1522 ι).
2288 1455 2439 1521 Quod
2488 1466 2691 1509 tantum
2743 1457 2945 1509 malum
2994 1464 3097 1520 est,
3136 1466 3187 1505 ut
3224 1454 3431 1523 singula
3476 1466 3642 1522 prave

2034 1548 2167 1601 facta
2217 1548 2269 1601 in
2314 1549 2412 1601 hoc
2458 1549 2573 1613 it-so
2604 1551 2723 1617 qu'a
2773 1564 2932 1618 prava
2985 1557 3111 1602 sunt
3164 1558 3489 1603 censeantur
3520 1564 3642 1604 esse

2034 1640 2358 1705 damnanda,
2386 1642 2606 1711 solaque
2634 1643 2701 1695 sit
2725 1642 2976 1709 superbia
3030 1658 3147 1709 qua:
3173 1651 3227 1697 ct
3256 1643 3305 1695 in
3342 1640 3639 1697 benefactis

2037 1733 2334 1799 periculosa
2359 1733 2617 1787 doceatur
2643 1751 2655 1788 :
2682 1734 2795 1787 ltzec
2821 1743 2903 1787 est
2925 1749 3042 1801 quae
3070 1749 3173 1785 non
3204 1743 3407 1785 tantum
3437 1734 3636 1786 animal

2035 1822 2297 1876 rationale
2346 1823 2397 1877 in
2451 1822 2606 1877 terris
2652 1823 2885 1892 positum
2928 1832 3177 1877 constare
3220 1838 3323 1876 nun
3362 1823 3508 1888 sinit,
3543 1824 3637 1877 scd

332 1912 679 1966 ntis'aratione
709 1914 886 1966 div'na
930 1914 995 1967 sit
1032 1914 1275 1979 precibus
1320 1912 1739 1977 implorandum,
1777 1921 1832 1964 ut
1860 1910 1926 1963 ab
1961 1890 2004 1947 Β
2035 1914 2327 1981 angelicam
2356 1929 2567 1983 quoque
2599 1914 2795 1981 dejecit
2826 1912 3015 1967 infesta
3054 1925 3322 1965 naturam.
3353 1913 3483 1965 Nam
3517 1929 3636 1965 cum

342 2002 677 2055 illecebrosis
708 2003 999 2057 \isionibns
1045 2005 1234 2072 SOpitte
1267 2013 1473 2056 mentes
1506 2004 1795 2056 reddantur
1830 2004 1928 2056 imo

333 2109 525 2148 munes
552 2112 564 2145 :
598 2106 775 2147 tamen
808 2097 919 2149 sive
947 2096 1060 2148 haec
1091 2097 1485 2150 incontinenter
1510 2096 1789 2161 agentibus
1814 2094 1928 2147 site

331 2186 636 2239 viventibus
665 2187 1005 2241 continenter
1042 2186 1316 2247 eveniant,
1367 2195 1513 2240 certe
1562 2186 1605 2239 si
1653 2185 1771 2253 quis
1820 2192 1923 2251 est,

332 2278 509 2329 minor
550 2287 729 2331 reatus
768 2286 849 2331 est
887 2278 1265 2343 nescientium,
1296 2293 1452 2345 quam
1484 2277 1713 2329 carnalis
1746 2279 1927 2341 operis

330 2369 569 2434 appetitu
602 2369 775 2435 palam
813 2380 1100 2437 aperteque
1140 2369 1485 2436 cupientium.
1523 2368 1765 2436 Denique
1804 2369 1929 2423 licet

332 2474 437 2510 non
480 2474 644 2527 parvo
680 2461 765 2513 Dei
811 2475 1033 2515 munere
1076 2462 1311 2529 potiatur
1352 2460 1595 2528 quisquis
1632 2468 1725 2512 aut
1764 2460 1926 2514 nullis

333 2550 551 2614 ta‘ibus,
581 2552 623 2603 si
657 2551 769 2604 fleri
805 2562 1001 2621 potest,
1035 2563 1125 2606 aut
1154 2555 1385 2620 perraris
1419 2554 1664 2619 pulsatur
1694 2554 1925 2620 insidiis,

331 2654 590 2707 nusquam
624 2642 847 2705 legimus
881 2642 932 2695 in
960 2643 1171 2710 culpam
1204 2642 1383 2696 vocari
1420 2643 1790 2711 phantasmata
1833 2658 1925 2697 so-

330 2733 626 2794 mniorum,
662 2732 753 2785 sed
790 2733 942 2801 plane
976 2734 1141 2801 ipsius
1172 2734 1381 2788 Domini
1416 2750 1547 2789 voce
1577 2749 1682 2789 non
1718 2735 1928 2802 ignora-

329 2838 448 2876 ntus
474 2840 595 2879 esse
622 2825 994 2895 depromptum
1029 2827 1169 2895 quod
1211 2829 1441 2897 quis-auis
1464 2829 1722 2882 mulierem
1746 2830 1925 2883 viderit

327 2915 396 2966 ad
451 2918 949 2982 conrupiscendum,
1022 2920 1251 2973 eamdem
1306 2922 1371 2973 sit
1422 2936 1512 2972 suo
1584 2921 1737 2973 corde
1802 2938 1926 2974 mae-

326 3015 507 3067 cltauu
534 3014 749 3083 (.llault.
780 3015 856 3083 v),
890 3017 977 3070 ubi
1019 3026 1413 3085 consequenter
1454 3027 1659 3071 reatum
1702 3018 1925 3073 subesse

326 3122 432 3162 non
480 3108 700 3163 dubium
747 3118 850 3163 est.
909 3107 1140 3177 Ideoque
1200 3118 1307 3163 tam
1354 3110 1463 3177 jugi
1508 3109 1921 3177 supplicat'one,

326 3214 485 3267 quam
517 3200 899 3269 eleemORynis,
936 3202 1260 3269 exterisque
1298 3201 1452 3253 bonis
1490 3202 1789 3254 actionibus
1824 3217 1923 3256 ex-

2036 2005 2172 2057 Dens
2200 2004 2562 2073 omnipOtens,
2594 2006 2681 2073 qui
2714 2004 2839 2059 fecit
2869 2005 3047 2057 omnia
3077 2004 3213 2057 bona
3243 2004 3419 2068 valde,
3446 2012 3638 2057 cuncta

2032 2096 2142 2149 suis
2167 2096 2341 2149 modis
2377 2104 2431 2149 et
2456 2096 2707 2164 congruis
2742 2095 3021 2149 ordinibus
3050 2095 3288 2149 instituta
3313 2092 3637 2156 condiderit,

2032 2202 2203 2253 eaque
2232 2188 2463 2255 propriis
2494 2188 2824 2241 concesserit
2857 2187 2936 2240 vel
2971 2200 3222 2250 manere,
3264 2185 3346 2238 vel
3379 2184 3641 2253 prolicere

2031 2292 2191 2347 posse
2235 2281 2531 2342 mensuris;
2588 2276 2674 2331 hic
2727 2277 3026 2332 rationabili
3069 2290 3329 2331 creaturae
3370 2276 3641 2344 subrepsit

2032 2370 2275 2434 affectus,
2300 2371 2389 2439 qui
2417 2387 2511 2439 per
2542 2371 2615 2429 id,
2641 2370 2781 2435 quod
2815 2370 3098 2423 decentius
3128 2368 3263 2422 facta
3292 2369 3638 2429 consiSteret,

2032 2465 2150 2533 plus
2194 2464 2242 2517 ei
2284 2464 2352 2518 de
2385 2464 2595 2529 propria
2639 2462 2919 2530 dignitate,
2957 2459 3252 2522 ccutidere.
3301 2476 3457 2529 quam
3504 2462 3642 2516 sicut

2033 2555 2225 2608 modus
2276 2555 2392 2623 ejus
2445 2554 2721 2615 noscebat,
2775 2552 2841 2605 de
2888 2552 3005 2619 ipso
3055 2550 3315 2604 collatore
3363 2549 3641 2621 dignitatis

2033 2645 2272 2708 ingessit,
2305 2655 2465 2713 atque
2506 2645 2572 2698 itt
2615 2644 2770 2697 aliter
2800 2641 3104 2711 appetendo
3147 2640 3229 2695 sui
3262 2641 3513 2694 culminis
3548 2640 3642 2693 ﬁr-

2032 2736 2294 2799 mitatem,
2326 2751 2483 2805 quam
2515 2743 2832 2799 competens
2864 2734 2982 2802 ejus
3010 2734 3211 2788 decens
3244 2748 3429 2786 norma
3464 2734 3643 2800 requi-

2033 2838 2196 2889 reret.
2225 2828 2349 2882 fecit
2378 2843 2496 2883 eam
2531 2838 2728 2896 praeter
2757 2826 3003 2881 ordinem
3038 2825 3338 2880 naturalem
3372 2823 3642 2893 cupiendo

2032 2923 2297 2992 fastigium
2353 2922 2531 2977 meriti
2585 2921 2810 2991 potioris
2866 2934 3187 2988 erumpere,
3236 2918 3325 2987 qtti
3378 2931 3642 2972 excessus

2032 3014 2214 3082 utique
2250 3012 2390 3080 sicut
2432 3021 2638 3066 reatum
2691 3011 2871 3065 intulit
2915 3010 3221 3073 excedenti,
3262 3011 3338 3062 sic
3376 3009 3640 3077 jusbtiam

2029 3105 2359 3172 Conditoris,
2399 3114 2584 3159 contra
2614 3104 2768 3173 cujus
2794 3103 3037 3157 ordinem
3086 3101 3425 3165 tendebatnr,
3471 3100 3641 3153 otl‘cn-

2030 3198 2137 3261 dit;
2172 3208 2225 3251 et
2256 3198 2381 3252 dum
2411 3197 2477 3252 ab
2506 3214 2571 3252 eo
2603 3208 2792 3252 tenore
2820 3206 3063 3251 cessatur
3121 3210 3228 3264 quo
3260 3194 3375 3247 solo
3407 3193 3639 3261 prolice-

325 3292 575 3357 piandutu
607 3300 707 3345 εει.
740 3290 855 3345 Non
883 3292 1023 3344 enim
1057 3304 1207 3345 vacat
1240 3291 1514 3361 mysterio,
1548 3292 1690 3357 quod
1721 3292 1920 3347 dictum
1951 3259 1995 3322 Ε
2032 3303 2175 3345 retur
2224 3292 2289 3345 ad
2336 3294 2528 3347 summi
2576 3292 2699 3347 boni
2752 3306 2986 3358 perenne
3038 3289 3393 3351 Consortium,
3442 3302 3639 3341 CttnSC-

325 3391 406 3434 est
434 3382 611 3436 omnia
646 3397 738 3450 per
770 3384 1171 3453 eleemosynam
1206 3398 1363 3452 posse
1396 3383 1665 3446 mundari,
1698 3398 1819 3436 cum
1850 3386 1916 3438 ai‘

325 3470 616 3535 Dominus.
670 3473 794 3527 dum
841 3473 911 3528 de
961 3475 1185 3528 internis
1234 3474 1580 3543 externisque
1630 3474 1923 3544 ﬁguraliter

325 3563 785 3630 pitrilicationibus
816 3567 1123 3635 loqueretur
1149 3584 1160 3619 :
1190 3566 1553 3620 Verumtamen
1582 3569 1718 3635 quod
1744 3585 1922 3636 super-

325 3667 396 3710 est
418 3696 432 3719 ,
471 3658 587 3711 date
633 3658 1000 3730 eleemosynatn
1034 3670 1078 3713 et
1110 3676 1219 3713 ecce
1250 3661 1421 3714 omnia
1451 3662 1641 3713 munda
1678 3670 1799 3715 sunt
1829 3677 1919 3715 ro-

325 3750 396 3803 bis
435 3751 691 3820 (Lucan).
739 3753 844 3808 Sed
884 3754 1045 3808 etiam
1085 3754 1212 3807 illul
1254 3755 1394 3824 quod
1433 3756 1622 3808 caritas
1662 3758 1922 3823 cooperiat

325 3842 703 3896 multitudinem
757 3855 1079 3913 peccatorum
1134 3843 1197 3909 (I
1273 3843 1391 3897 Pet.
1436 3843 1549 3914 tv),
1608 3853 1665 3898 ut
1716 3859 1754 3897 st
1778 3845 1920 3901 ilicet

324 3931 577 4001 quidquid
621 3932 988 3989 insinceritate
1019 3935 1263 4004 corporis
1291 3945 1343 3988 et
1375 3935 1570 3988 utentis
1607 3935 1915 4004 attrahitur,

290 4023 601 4077 ‘rationalis
638 4024 849 4091 pietatis
884 4040 1047 4093 opere
1087 4026 1347 4079 deleatur.
1397 4025 1470 4078 De
1510 4024 1681 4079 beatis
1715 4036 1917 4091 autem,

324 4112 461 4166 sicut
493 4128 572 4179 sui
596 4129 650 4168 ra
681 4114 788 4183 jam
822 4116 1075 4181 diximus,
1108 4126 1273 4182 aposb
1300 4116 1391 4179 lis,
1426 4124 1629 4169 tantum
1661 4116 1921 4171 debemus

324 4216 484 4257 nosse
511 4220 632 4272 qua:
661 4205 757 4272 ipsi
792 4207 858 4259 de
898 4222 991 4259 sua
1021 4208 1431 4261 co:tvetsatiotte
1464 4207 1648 4259 sentiri
1691 4210 1921 4276 propriis

324 4293 542 4349 vocibus
570 4296 873 4351 ediderunt.
905 4298 1034 4365 Qurc
1058 4313 1184 4353 vero
1215 4301 1369 4352 tacita
1403 4310 1527 4352 sunt
1556 4301 1621 4353 ab
1652 4302 1751 4362 cis,
1778 4301 1917 4355 nulla

324 4385 474 4439 nobis
508 4387 840 4451 relinquetur
866 4389 1079 4443 licentia
1109 4392 1505 4459 perscrutandi.
1536 4391 1637 4445 Sed
1661 4393 1769 4459 jam
1795 4392 1919 4445 dili-

324 4479 531 4546 gentius
581 4480 939 4550 vestigemus,
988 4497 1083 4535 cur
1138 4496 1259 4552 post
1312 4484 1711 4551 reparationem
1785 4500 1913 4553 quo~

324 4582 425 4634 que
454 4572 664 4638 generis
702 4572 942 4639 humani,
983 4575 1497 4643 renovationemque
1530 4584 1762 4638 mturze,
1797 4591 1916 4645 qua:

325 4657 384 4711 fit
430 4674 524 4725 per
566 4661 899 4729 baptismatis
947 4673 1367 4730 sacramentum,
1418 4680 1524 4718 non
1575 4666 1748 4719 solum
1806 4666 1918 4720 haec

326 4748 447 4802 vitia
478 4750 682 4805 sublata
715 4768 820 4806 non
855 4754 1072 4818 fuerint,
1103 4755 1198 4809 sed
1232 4757 1374 4823 ipsos
1406 4756 1569 4811 etiam
1614 4757 1667 4810 in
1712 4772 1919 4825 maguze

324 4840 668 4897 cuntinentize
716 4844 991 4912 proposito
1032 4848 1352 4901 constitutos
1391 4848 1504 4900 sive
1553 4849 1750 4911 minus,
1800 4849 1919 4903 sive

323 4931 581 4997 amplius,
632 4944 789 5001 prout
835 4937 1077 5003 quisquis
1124 4938 1295 5006 gratia
1344 4937 1521 4992 divina
1571 4939 1919 5007 dispensante

325 5021 633 5088 proiecerit,
670 5035 848 5080 tamen
880 5025 1137 5082 infestare
1155 5043 1259 5081 non
1291 5028 1573 5094 desinant,
1604 5044 1699 5083 cur
1733 5033 1915 5085 relicta

322 5114 431 5167 sint
496 5122 680 5169 contra
726 5133 846 5187 quae
892 5134 1043 5173 mens
1091 5121 1337 5191 religiosa
1383 5134 1667 5191 pugnaret.
1702 5124 1765 5178 Et
1796 5126 1919 5179 licet

320 5204 427 5273 jam
462 5206 653 5259 salvati
693 5223 788 5277 per
818 5209 976 5264 fidem
1010 5228 1159 5279 spem
1212 5214 1456 5283 redempt
1480 5217 1599 5269 onis
1640 5218 1914 5284 acceperi-

323 5313 462 5363 mus,
492 5299 664 5352 adhuc
706 5308 882 5355 tamen
925 5312 1291 5372 exspectetur,
1325 5306 1463 5358 sicut
1500 5308 1573 5359 ait
1606 5309 1914 5374 Apostolus,

322 5391 623 5459 redemptio
648 5394 891 5459 corporis
925 5396 1113 5457 nostri,
1150 5406 1201 5449 et
1231 5412 1351 5449 cum
1384 5398 1653 5467 mysteriis
1685 5399 1915 5453 cmlesti-

320 5478 416 5533 bus
464 5482 573 5548 jam
627 5486 825 5538 renatis
872 5484 1061 5553 pignus
1105 5487 1176 5541 sit
1226 5488 1536 5557 adoptionis
1586 5490 1912 5558 ingenitum,

322 5572 644 5639 perficienda
673 5576 928 5644 deinceps
968 5580 1295 5633 sustineatur
1336 5580 1578 5649 adoptio,
1617 5590 1673 5634 ut
1708 5584 1915 5637 scilicet

319 5660 694 5719 deﬁcientibus
734 5667 921 5723 iisdem
956 5670 1096 5723 vitiis
1142 5681 1325 5724 contra
1373 5685 1493 5741 qua:
1533 5673 1687 5726 nobis
1732 5674 1781 5727 in
1813 5674 1914 5728 hoc

322 5762 560 5821 tempore
578 5758 828 5811 continua
852 5760 1195 5814 dimicatione
1224 5762 1341 5831 (sic)
1369 5764 1434 5815 ab
1460 5765 1557 5816 hac
1588 5766 1912 5819 netessitate

322 5842 549 5913 liberati,
581 5847 719 5917 quod
764 5848 865 5906 (id;
905 5854 1267 5922 suscepimus,
1313 5854 1455 5924 quod
1502 5870 1596 5924 spe
1638 5858 1909 5927 proposita

2028 3393 2274 3453 quenter,
2312 3383 2404 3452 qui
2446 3384 2511 3437 ad
2553 3384 2669 3453 ejus
2709 3384 2827 3437 stab
2853 3382 2957 3436 lem
3004 3381 3472 3449 participationem
3516 3393 3640 3447 per-

2030 3477 2215 3531 venire
2251 3490 2355 3530 non
2399 3484 2581 3541 posset
2631 3474 2784 3529 defec
2814 3489 2875 3527 us
2911 3474 3163 3541 accessit,
3198 3473 3338 3526 sicut
3372 3480 3639 3527 creaturae

2028 3568 2305 3623 ritionztl's
2335 3568 2520 3622 usibus
2552 3567 2903 3637 congruebat.
2960 3566 3073 3618 Non
3107 3565 3330 3635 angelos
3360 3564 3425 3617 ad
3459 3564 3639 3633 profe-

2026 3673 2171 3714 rtum
2237 3661 2483 3716 conditos
2524 3660 2899 3730 promercnda:
2940 3658 3253 3713 stabilitatis
3289 3666 3507 3712 mternae
3548 3658 3637 3710 illa

2030 3771 2118 3809 res
2151 3754 2372 3819 indicat,
2406 3754 2663 3823 quoniam
2696 3753 2740 3807 si
2773 3753 2896 3806 facti
2929 3762 3111 3807 es~ent
3161 3763 3213 3804 ut
3248 3750 3471 3803 ulterius
3505 3750 3636 3803 nihil

2027 3855 2279 3911 egerent,
2325 3847 2470 3899 nulla
2511 3859 2635 3914 pars
2680 3859 2867 3898 eorum
2914 3843 3081 3897 ullum
3131 3844 3398 3910 potuisset
3438 3840 3637 3893 habere

2027 3937 2292 3991 defeetum
2323 3955 2335 3990 ε
2370 3951 2473 3991 ιιοιι
2508 3937 2648 3991 enim
2684 3936 2735 3988 in
2768 3936 2847 3989 eis
2876 3935 3147 3989 diversam
3179 3941 3425 3986 naturam
3468 3931 3636 3986 fuisse

2026 4028 2312 4082 dicendum
2337 4040 2438 4091 est,
2469 4044 2537 4081 nc
2560 4027 2666 4090 ille,
2694 4026 2784 4095 qui
2813 4027 3026 4095 propria
3056 4025 3330 4078 voluntate
3355 4024 3638 4092 prolapsus

2026 4132 2105 4175 est
2136 4122 2363 4190 angelus
2416 4129 2793 4183 excusaretur,
2825 4119 2868 4173 si
2904 4118 3005 4171 hoc
3038 4117 3109 4170 illi
3144 4132 3250 4170 non
3282 4131 3392 4170 sure
3423 4126 3637 4184 proter-

2027 4213 2207 4267 ti'atis
2247 4212 2469 4282 ingessit
2511 4212 2817 4272 arbitrium,
2850 4212 2943 4264 sed
2979 4212 3277 4263 necess'tas
3318 4209 3419 4262 sibi
3456 4209 3640 4261 inditae

2026 4304 2358 4357 conditionis
2390 4303 2717 4371 impOsuisse
2757 4300 3025 4354 videatur.
3073 4299 3222 4355 Unde
3255 4313 3385 4368 ergo
3414 4298 3555 4353 beati
3586 4308 3639 4352 et

2025 4398 2286 4451 sublimes
2329 4396 2503 4466 angi-Ii
2549 4394 2616 4449 de
2661 4394 2931 4464 perceptis
2974 4392 3137 4461 grati,
3184 4393 3285 4459 pia:
3328 4391 3638 4444 devotionis

2026 4490 2228 4553 ofﬁcio,
2267 4498 2320 4543 et
2365 4503 2471 4543 non
2519 4488 2749 4556 seipsos,
2790 4486 2882 4539 sed
2924 4486 3101 4553 potius
3152 4486 3250 4553 ipsi
3298 4482 3637 4551 praeferendo

2029 4584 2415 4637 convenienter
2442 4591 2743 4643 auctorem,
2778 4581 2841 4631 ad
2874 4580 2990 4647 ejus
3026 4578 3437 4645 pcrps-tuilatem
3472 4576 3636 4643 proli-

2025 4690 2150 4729 cere
2190 4674 2521 4743 provehique
2586 4682 2903 4727 meruerunt
2964 4671 3089 4725 inde
3140 4668 3231 4723 isti
3282 4670 3369 4738 qui
3420 4666 3637 4735 reprobi

2024 4775 2179 4829 sunt,
2208 4766 2273 4819 de
2304 4766 2571 4832 perceptis
2602 4772 2998 4831 con~equenter
3032 4762 3248 4831 ingrati,
3282 4759 3633 4824 debitumque

2024 4857 2429 4910 dissimulantes
2468 4854 2812 4924 obsequium,
2856 4868 3023 4921 seque
3069 4853 3213 4920 ipsos
3263 4849 3432 4919 magis
3476 4864 3635 4917 quam

2024 4949 2113 5013 qui
2143 4957 2304 5001 tantae
2326 4947 2603 5015 dignitatis
2632 4944 2989 4999 substantiam
3018 4943 3357 5007 cendidcrat,
3380 4941 3635 5009 praal'crre

2026 5040 2336 5102 molientes,
2387 5050 2445 5093 et
2490 5040 2522 5093 d
2563 5039 2854 5093 lectatione
2902 5052 3014 5091 suae
3065 5033 3360 5089 creationis
3405 5031 3569 5086 illecti
3605 5045 3633 5083 a

2024 5129 2296 5185 Creatoris
2330 5132 2537 5185 honore
2568 5128 2856 5192 cessando,
2894 5138 3095 5196 quanto
3140 5134 3455 5194 arroganter
3484 5121 3631 5183 elati,

2025 5234 2172 5277 tanto
2203 5224 2519 5277 :eternitatis
2550 5223 2927 5278 rectitudinem
2960 5236 3055 5289 per
3084 5218 3493 5274 irreverentiam
3525 5229 3631 5267 non

2024 5315 2322 5384 sequendo,
2356 5316 2423 5368 ab
2458 5318 2572 5381 ejus
2606 5316 2806 5383 pariter
2850 5324 2902 5367 et
2936 5312 3304 5381 indignatione
3333 5318 3385 5363 et
3418 5306 3633 5374 partici-

2024 5407 2237 5475 ratione
2265 5410 2483 5459 retracti
2516 5415 2660 5467 suit,
2696 5416 2749 5459 ct
2782 5405 2845 5456 ab
2875 5419 2941 5458 eo
2966 5403 3108 5473 quod
3137 5400 3633 5470 sempiternuntcst

2024 5499 2367 5559 recedentes.
2400 5500 2451 5551 in
2498 5498 2546 5551 id
2579 5498 2721 5566 quod
2755 5511 2969 5565 semper
3000 5494 3184 5549 deficit
3227 5500 3351 5545 sunt
3382 5488 3627 5543 reducti:

2021 5589 2163 5657 quod
2201 5596 2492 5657 prmstante
2523 5590 2631 5642 Deo
2663 5598 2870 5641 nostro.
2895 5587 3029 5640 alias
3066 5584 3387 5639 confidimus
3422 5580 3630 5649 plenius

2020 5694 2295 5745 exsequen
2322 5682 2449 5734 lum.
2497 5680 2647 5735 Nunc
2688 5681 2903 5732 interttn
2937 5686 3195 5746 quantum
3231 5672 3483 5741 prmscnti
3531 5686 3625 5723 ne-

2020 5770 2167 5839 gotio
2206 5772 2425 5838 suliicit,
2468 5775 2586 5826 hac
2628 5772 2715 5824 illa
2756 5787 2915 5823 causa
2958 5778 3061 5834 est,
3099 5769 3200 5823 huc
3239 5766 3365 5822 illttd
3406 5764 3625 5824 malum,

2019 5876 2113 5929 per
2144 5863 2284 5925 quod
2317 5862 2476 5918 etiam
2508 5866 2622 5919 Slttc
2658 5864 2784 5917 vitzo
2815 5860 3083 5929 cotpurali
3112 5858 3337 5929 quadam
3362 5856 3621 5927 Spirituati
