4154 6442
607 383 702 440 123

1946 364 2210 427 GELASU
2254 363 2458 422 ΡΑΡΑΞ
2498 366 2519 422 1

3778 359 3879 414 ιιι

605 498 955 558 fornicatione
996 503 1174 552 motus
1193 491 1413 564 angelus
1439 505 1474 545 a
1493 489 1671 544 divina
1689 501 1794 559 qua
1821 484 2183 541 illustrabatur
2216 477 2269 540 Δ
2295 481 2588 550 opificium,
2613 476 2766 548 cujus
2794 487 2847 534 et
2875 478 3024 534 aliud
3053 491 3188 549 opus
3207 486 3454 533 constare
3472 475 3632 531 veluti
3660 474 3881 530 minime

605 591 772 661 gratia
811 597 867 643 et
904 584 1308 656 participatione
1352 580 1607 649 delapsus
1644 588 1726 634 est
1758 593 1771 630 :
1802 588 1975 643 eoque
2023 571 2185 627 modo

608 683 843 753 degener
894 679 1095 743 factus,
1144 690 1207 730 ac
1254 674 1321 728 de
1365 671 1572 727 caelesti
1619 668 1746 725 sede
1793 681 1890 736 pro
1939 663 2039 718 hac
2084 677 2183 717 sua

610 772 1008 832 decoloratione
1041 767 1301 832 seclusus,
1329 763 1584 818 secundas
1626 756 1949 815 conditionis
1991 754 2182 824 imagi-

613 881 734 922 nem
765 863 856 919 Dei
885 875 976 929 per
1005 856 1255 914 invidiam
1281 855 1583 911 ﬁammatus
1609 849 1817 906 evertit.
1847 845 2040 902 Iisdem
2069 856 2188 897 mo-

613 957 757 1012 tibus
781 950 1094 1022 aggrediens
1120 951 1174 1003 in
1221 947 1507 1003 securitate
1552 943 1854 1010 degentem,
1897 936 2092 1007 quibus
2120 932 2188 987 de

613 1042 839 1100 summis
879 1041 944 1110 ad
982 1041 1087 1095 ima
1133 1039 1271 1093 male
1310 1036 1546 1092 conﬁsus
1585 1035 1699 1101 ipse
1728 1028 2021 1092 deciderat,
2068 1025 2194 1080 hinc

617 1134 706 1188 illa
735 1132 962 1188 felicitas
989 1128 1223 1200 paradisi
1262 1124 1447 1196 primis
1475 1122 1778 1176 hominibus
1810 1126 2056 1174 constare
2084 1130 2192 1169 non

617 1222 820 1291 potuit;
863 1221 989 1275 hinc
1027 1220 1114 1273 illa
1144 1219 1330 1286 prima:
1368 1211 1695 1270 conditionis
1733 1209 2029 1279 integritas.
2067 1205 2194 1260 dum

617 1311 692 1365 ita
739 1311 808 1367 de
853 1325 912 1365 se
953 1309 1088 1373 ﬁdit,
1141 1317 1388 1375 tanquam
1441 1305 1559 1372 ipso
1599 1302 1690 1371 qui
1734 1297 2044 1356 condiderat
2088 1309 2196 1350 non

619 1419 800 1475 egere,
834 1418 932 1458 nec
970 1402 1037 1458 de
1075 1399 1341 1470 perceptis
1368 1395 1479 1466 agit
1505 1394 1737 1465 gratias,
1763 1390 1905 1461 quod
1933 1402 2194 1458 nusquam

621 1494 815 1551 fecisse
857 1498 1202 1557 memoratur,
1245 1502 1347 1544 nec
1374 1486 1442 1543 de
1467 1481 1851 1541 conservandis
1895 1495 2014 1550 quas
2049 1493 2199 1534 sum-

619 1593 801 1654 pserat
839 1581 1010 1653 poscit
1049 1579 1306 1636 auxilium
1329 1619 1345 1644 ,
1384 1593 1485 1634 nec
1520 1576 1586 1631 ad
1624 1589 1746 1630 eum
1787 1572 1944 1629 etiam
1990 1570 2196 1641 pulsata

619 1675 899 1730 tciitatoris
953 1687 1169 1729 accessu
1223 1671 1415 1726 devota
1473 1665 1776 1731 concurrit,
1837 1673 1894 1720 et
1938 1659 2195 1726 consulit,

619 1781 838 1836 sumque
863 1781 921 1821 se
950 1765 1120 1822 credit
1149 1765 1286 1820 inter
1309 1774 1566 1834 prospera
1592 1757 1871 1822 voluntati,
1900 1754 2056 1811 facile
2084 1753 2202 1808 sine

2293 571 2582 640 potuisset,
2625 569 2873 625 ineffabili
2903 573 3288 627 circumventa:
3316 572 3514 639 p'etate
3544 568 3878 632 consuleret,

2293 673 2574 733 utramque
2597 677 2726 717 vero
2749 671 3050 717 creaturam
3082 672 3230 719 recte
3252 661 3524 718 cond.tam
3549 660 3650 715 hac
3673 660 3882 715 ratione

2294 764 2638 818 monstraret,
2670 755 2792 823 quia
2823 763 2879 809 et
2905 753 3202 824 degeneres
3233 754 3407 825 angeli
3448 768 3544 822 per
3571 760 3879 806 sanctorum

2295 847 2608 915 angelorum
2648 843 3026 900 beatitudinem
3073 845 3439 900 confutantur.
3489 841 3641 910 Quod
3691 841 3883 896 iisdem

2298 939 2470 993 modis
2503 938 2694 1009 quibus
2737 938 2837 1002 illi,
2881 939 2982 994 hoc
3021 947 3124 1008 est,
3171 936 3368 994 debitas
3423 935 3639 1008 pietatis
3679 932 3883 998 ofﬁcio,

2297 1037 2698 1098 creatoremque
2739 1042 2896 1083 suum
2935 1028 3113 1083 debita
3160 1026 3544 1097 praedicatione
3591 1022 3884 1084 laudando.

2297 1136 2396 1191 per
2428 1119 2747 1191 dignationis
2781 1119 2900 1189 ejus
2931 1128 3238 1189 augmenta,
3281 1118 3683 1188 profectumque
3726 1129 3888 1168 reve-

2298 1213 2488 1267 rentius
2525 1213 2910 1281 competentia,
2951 1210 3421 1281 participationem
3460 1207 3585 1263 boni
3626 1204 3887 1274 parentis,

2299 1305 2753 1374 stabilitatemqtm
2795 1311 3105 1375 perpetuam
3146 1303 3490 1372 sempiternae
3530 1298 3716 1369 glorae
3766 1301 3892 1350 sunt

2301 1395 2520 1464 adepti;
2552 1394 2636 1450 sic
2666 1393 2754 1449 isti
2782 1407 2998 1464 quoque
3039 1391 3087 1446 si
3111 1390 3303 1448 eodem
3339 1399 3527 1445 tenore
3565 1387 3889 1452 niterentur,

2299 1485 2367 1541 ad
2397 1484 2624 1539 similem
2665 1483 3049 1539 beatitudinem
3080 1482 3267 1538 venire
3298 1477 3620 1551 potuissent,
3661 1477 3765 1532 nisi
3791 1475 3892 1530 dc-

2301 1577 2448 1633 sides
2477 1592 2508 1632 a
2537 1577 2620 1631 sui
2667 1576 2823 1631 laude
2851 1574 3069 1631 factoris
3109 1585 3166 1630 et
3197 1571 3592 1645 eompetentem
3640 1582 3892 1626 reveren-

2306 1669 2434 1724 tiam
2467 1683 2572 1724 non
2600 1677 2921 1738 sequentes,
2953 1667 3023 1722 ab
3062 1668 3179 1737 ejus
3214 1664 3435 1722 retracti
3469 1660 3894 1734 participationis

2305 1759 2524 1826 affectu,
2557 1765 2790 1830 propria:
2838 1758 3206 1828 nequivissent
3233 1758 3564 1812 incrementa
3609 1749 3895 1824 perfectio-

620 1857 874 1927 prtesidio
909 1857 1180 1912 Creatoris
1225 1854 1394 1924 patuit
1421 1850 1726 1921 deceptoris
1769 1846 1998 1912 insidiis,
2044 1855 2102 1901 et
2149 1845 2201 1899 in
2231 1836 2281 1898 Β
2309 1865 2539 1917 namque
2588 1865 2803 1906 sumere
2846 1848 3154 1918 dignitatis,
3203 1847 3333 1902 dum
3381 1860 3496 1900 sua:
3541 1840 3896 1899 institutionis

621 1947 1116 2020 praevaricationem
1159 1952 1331 2001 tracta
1354 1951 1752 2012 consequenter
1788 1939 1981 2004 illiciti,
2015 1936 2202 1994 condi-

622 2041 822 2096 tionem
861 2037 1093 2108 praeflxte
1137 2038 1327 2093 mortis
1365 2035 1568 2090 invenit
1596 2032 1894 2103 meritoque
1928 2039 2013 2087 est
2047 2044 2201 2086 com-

624 2130 824 2200 petenti
868 2129 1108 2196 subjecta
1151 2125 1400 2181 vindicta:
1437 2142 1452 2178 :
1496 2123 1746 2193 quoniam
1789 2135 1890 2177 nec
1931 2121 2000 2176 de
2046 2119 2204 2176 bonis

625 2219 802 2276 fuerat
850 2220 1042 2274 devota
1095 2215 1411 2283 retinendis,
1469 2227 1570 2270 nec
1625 2212 1824 2268 malum
1876 2218 2206 2281 prmcaverat

625 2322 754 2368 ante
782 2311 1117 2380 prmdictum,
1148 2309 1275 2366 dum
1313 2322 1411 2379 per
1438 2306 1657 2378 majoris
1687 2304 1946 2360 ambitum
1977 2312 2208 2373 potesta-

625 2404 715 2470 tis,
743 2404 907 2459 Deum
956 2416 1014 2457 se
1056 2401 1263 2458 scilicet
1301 2399 1416 2455 fore
1454 2396 1855 2470 presumentis,
1887 2395 2070 2450 foveas
2109 2393 2207 2449 lio-

625 2494 764 2551 stilis
805 2493 1171 2564 persuasionis
1218 2490 1474 2557 incurrit;
1515 2497 1569 2545 et
1606 2502 1746 2558 quae,
1785 2487 1831 2542 si
1878 2499 1976 2540 suo
2020 2482 2210 2539 ordine

628 2583 917 2640 mansisset
936 2593 1086 2653 grata
1112 2582 1302 2638 factori
1333 2588 1650 2653 perpetuum
1689 2591 1918 2634 summa
1946 2591 2211 2631 commer-

627 2675 769 2729 cium
802 2674 1021 2728 Deitatis
1056 2673 1321 2742 potuisset
1362 2668 1804 2740 apprehendere,
1843 2672 2211 2736 competenter

624 2763 746 2819 sine
789 2762 971 2817 debito
1012 2775 1237 2816 summae
1263 2758 1568 2815 Divinitatis
1605 2756 1787 2812 oflicio
1823 2755 2039 2826 cepiosa
2083 2767 2212 2824 pro-

625 2852 884 2909 missione
921 2852 1168 2918 lustrata,
1207 2853 1272 2907 ad
1296 2851 1638 2907 Divinitatem
1681 2862 1787 2904 non
1825 2846 1998 2918 potuit
2024 2859 2214 2916 perve-

627 2946 767 3000 nire.
798 2945 890 3000 Sic
915 2959 1044 3015 ergo
1069 2944 1187 3001 sine
1211 2944 1355 2999 illius
1379 2941 1689 3013 principalis
1713 2955 1777 2996 ac
1795 2955 2019 2996 summa
2047 2943 2214 2998 ratio-

626 3037 715 3092 nis
748 3036 969 3101 aﬁ'ectu,
1001 3052 1120 3105 quae
1157 3037 1210 3092 in
1240 3036 1398 3092 bonis
1426 3050 1643 3107 semper
1670 3033 1967 3092 retinendis
1995 3043 2212 3091 contra-

628 3127 833 3194 riisque
878 3125 1174 3181 refutandis
1221 3127 1538 3183 intemerata
1590 3124 1879 3196 persistit,
1938 3123 2004 3180 ad
2059 3125 2212 3194 cujus

629 3217 813 3288 utique
851 3217 1254 3274 similitudinem
1296 3217 1504 3273 ratione
1545 3216 1722 3272 fuerat
1759 3213 1956 3271 animal
1999 3215 2213 3270 institu-

628 3315 765 3372 tum,
792 3315 852 3362 ut
884 3322 947 3362 ea
974 3321 1070 3377 pro
1094 3321 1195 3364 suo
1235 3306 1453 3364 modulo
1473 3307 1727 3378 congruis
1752 3306 2056 3362 actionibus
2084 3305 2212 3361 imi-

630 3397 814 3463 tando,
846 3397 1123 3468 ipsiusque
1169 3396 1441 3453 servando
1467 3397 1848 3462 reverentiam,
1885 3396 2216 3468 subsequen-

629 3490 808 3559 doque
857 3489 1118 3560 gratiam,
1174 3497 1234 3543 ut
1283 3502 1409 3544 vere
1453 3487 1748 3544 similitudo
1790 3488 1908 3555 eius
1937 3496 1992 3543 et
2039 3486 2217 3558 imago

635 3587 976 3646 permaneret
1017 3579 1260 3636 obtinere
1290 3579 1587 3649 potuisset,
1617 3579 1875 3650 ﬁeretque
1902 3579 2101 3636 divinae
2128 3594 2218 3634 ra-

633 3673 795 3728 tionis
834 3683 1082 3744 tanquam
1113 3685 1228 3728 suai
1257 3673 1495 3744 parentis
1529 3681 1585 3730 et
1617 3673 1853 3729 auctoris
1885 3671 2044 3742 digna
2085 3685 2214 3728 con-

2303 1943 2547 1999 claritate
2581 1941 2782 1998 detenti
2838 1941 3064 1996 ulterius
3104 1954 3166 1995 se
3208 1938 3342 1994 nihil
3379 1952 3562 2008 egere,
3596 1950 3661 1991 ac
3699 1934 3800 1989 sibi
3836 1947 3894 1989 se

2305 2030 2553 2087 sufﬁcere
2572 2045 2734 2101 posse
2761 2039 3110 2100 praisumunt,
3143 2043 3240 2100 per
3263 2043 3384 2099 quae
3411 2027 3621 2096 seipsos
3649 2026 3895 2080 obtinere

2306 2121 2534 2179 ﬁdentes
2560 2120 2816 2192 quidquid
2846 2135 2943 2191 per
2967 2120 3138 2177 solam
3168 2120 3393 2191 gratiam
3425 2117 3729 2189 potuissent
3753 2115 3895 2169 Con-

2307 2213 2496 2268 ditoris
2541 2212 2810 2282 adipisci,
2860 2211 3004 2282 quod
3057 2212 3112 2266 in
3160 2224 3275 2266 sua:
3327 2223 3550 2282 prorsus
3591 2207 3900 2264 conditione

2311 2303 2683 2358 mutabilitatis
2711 2303 2912 2359 habere
2943 2318 3050 2359 non
3093 2311 3364 2374 poterant,
3397 2302 3558 2358 homo
3587 2315 3802 2372 quoque
3831 2299 3900 2356 de

2309 2394 2489 2464 seipse
2523 2393 2822 2449 manifestis
2859 2393 3070 2450 indiciis
3103 2393 3432 2461 revincatur,
3465 2393 3518 2448 in
3564 2401 3769 2446 tantum
3799 2391 3901 2446 rite

2312 2487 2563 2552 factus,ut
2590 2487 2678 2557 qni
2701 2501 2798 2556 per
2821 2485 3056 2542 divinam
3079 2487 3305 2557 gratiam
3331 2493 3512 2555 pote't
3530 2500 3753 2554 surgere
3779 2491 3901 2553 post

2311 2580 2540 2644 ruinam,
2565 2580 2732 2634 tnulto
2758 2580 2984 2648 amplius
3007 2580 3245 2649 potuisse
3270 2577 3548 2644 doceatur,
3573 2577 3619 2632 si
3649 2577 3897 2631 eamdem

2311 2672 2535 2742 gratiam
2576 2672 2770 2727 devota
2820 2681 3001 2728 mente
3049 2682 3390 2743 sequeretur,
3441 2672 3648 2742 integer
3692 2685 3902 2741 perina-

2312 2777 2464 2827 nere,
2505 2771 2982 2832 quantumcunque
3028 2763 3199 2832 gratia
3245 2763 3345 2817 ista
3399 2760 3689 2830 praevaleat
3734 2762 3903 2829 magis

2312 2852 2438 2908 inde
2463 2852 2739 2924 cognosci,
2762 2851 2889 2910 dum
2918 2862 2972 2908 et
2997 2853 3279 2909 incolumis
3308 2852 3511 2924 absque
3535 2852 3730 2908 eadem
3758 2863 3903 2907 stare

2313 2945 2652 3015 nequiverit.
2718 2954 2774 3000 et
2829 2944 3009 3000 valeat
3067 2945 3135 3000 ad
3177 2944 3422 3001 eamdem
3481 2944 3904 3000 incolumitatem

2313 3035 2492 3092 redire
2530 3042 2654 3105 post
2692 3035 2925 3106 lapsum.
2974 3035 3155 3091 Bonus
3191 3049 3322 3106 ergo
3361 3033 3557 3090 artifex
3594 3033 3771 3099 Deus,
3815 3033 3906 3104 qni

2317 3126 2699 3196 sempiternum
2740 3133 2795 3180 et
2820 3139 3088 3180 summum
3117 3138 3333 3195 semper
3361 3123 3522 3180 habet
3565 3137 3724 3190 esse,
3763 3121 3907 3192 quod

2317 3219 2490 3274 bonus
2528 3227 2631 3284 est,
2671 3226 2834 3288 atque
2874 3216 2998 3273 ideo
3036 3230 3139 3273 nec
3175 3231 3411 3288 unquam
3450 3213 3731 3271 crescendi
3768 3213 3908 3286 gerit

2314 3308 2545 3378 amplius
2587 3308 2884 3377 appetitum
2921 3324 2937 3361 :
2987 3308 3111 3377 quia
3159 3307 3292 3363 nihil
3341 3315 3426 3362 cst
3462 3320 3626 3375 super
3671 3305 3724 3361 id
3766 3304 3908 3377 quod

2315 3399 2701 3470 sempiternum
2727 3397 2924 3453 bonum
2947 3411 3162 3468 semper
3179 3407 3235 3454 et
3253 3411 3519 3454 summum
3542 3403 3646 3462 est,
3672 3411 3774 3452 nec
3803 3395 3909 3452 ulla

2316 3499 2497 3562 potest
2525 3489 2870 3547 inclinatione
2909 3489 3136 3546 diminui
3174 3491 3245 3547 de
3291 3489 3396 3547 hoc
3425 3490 3545 3560 ipso
3591 3490 3734 3560 quod
3763 3505 3911 3545 sum-

2317 3598 2464 3639 mum
2497 3585 2692 3638 bonum
2723 3583 3216 3654 sempiternumque
3241 3583 3530 3640 consentit.
3562 3583 3716 3639 Unde
3743 3583 3911 3640 etiam

2320 3689 2425 3730 non
2454 3688 2553 3744 per
2578 3674 2820 3744 rapinam
2848 3674 2903 3729 in
2931 3671 3101 3729 forma
3128 3673 3224 3731 Dei
3254 3674 3428 3730 dictus
3455 3681 3536 3731 est
3563 3675 3909 3741 constitutus;

632 3765 829 3830 sortio,
878 3775 936 3822 et
977 3778 1076 3836 per
1121 3764 1238 3821 haec
1290 3765 1668 3834 nihilominus,
1716 3773 1902 3836 utpote
1945 3765 2216 3836 particeps
2317 3765 2409 3837 qui
2434 3765 2538 3821 hoc
2576 3765 2804 3822 habebat
2842 3765 3028 3837 utique
3057 3779 3158 3836 per
3183 3774 3453 3834 naturam,
3485 3765 3629 3822 sicut
3665 3765 3762 3821 ille
3801 3765 3912 3835 spi-

631 3855 982 3921 teternitatis,
1023 3865 1224 3911 eterna
1267 3866 1538 3922 constare,
1577 3855 1706 3912 dum
1745 3869 1841 3910 sua
1882 3869 2001 3926 qua
2034 3867 2214 3911 creata
2318 3857 2453 3912 ritus
2491 3856 2586 3926 qui
2629 3855 2773 3928 quod
2814 3870 2917 3913 nec
2957 3856 3347 3927 sempiternum
3390 3855 3622 3913 habebat
3659 3856 3914 3923 omnino,

639 3947 812 4001 fuerat
836 3943 1096 4014 dignitate
1121 3942 1378 4012 conﬁdit,
1405 3943 1615 4013 sibique
1642 3957 1704 3999 se
1732 3950 1880 4010 putat
1906 3942 1960 3997 in
1987 3941 2215 4013 ecquod
2323 3960 2424 4003 nec
2465 3961 2766 4015 summum,
2797 3963 2894 4017 per
2929 3948 3175 4018 rapinam
3216 3948 3409 4004 maluit
3445 3962 3714 4020 occupare
3752 3965 3918 4020 quam

634 4044 753 4091 erat
780 4034 921 4092 facta
948 4035 1249 4104 subiacere,
1274 4048 1374 4092 nec
1394 4034 1605 4090 subdita
1629 4043 1916 4090 veneratur
1938 4033 2220 4090 devonione
2321 4049 2421 4108 per
2459 4037 2694 4094 auctoris
2719 4038 2948 4109 gratiam
2976 4046 3253 4108 perpetem
3282 4039 3541 4109 consequi
3568 4039 3916 4110 dignitatem,

637 4127 915 4195 factorem,
945 4126 1102 4182 etab
1135 4125 1281 4183 illius
1315 4125 1726 4196 participatione
1770 4125 2038 4191 discessit,
2071 4135 2130 4181 et
2164 4125 2220 4182 in
2322 4141 2354 4183 a
2393 4142 2500 4198 quo
2541 4137 2846 4199 sumpserat
2898 4127 3155 4200 angelica
3207 4128 3564 4186 substantiam
3615 4129 3919 4199 claritatis,

639 4217 814 4289 seipsa
859 4218 979 4274 sine
1017 4218 1108 4273 illo
1150 4218 1206 4274 in
1251 4231 1359 4288 quo
1405 4215 1638 4272 habebat
1681 4215 1978 4274 subsistere
2017 4231 2218 4288 posse,
2323 4219 2773 4290 quemadmodum
2803 4220 2949 4277 beati
2994 4221 3172 4291 angeli
3214 4221 3269 4277 in
3295 4221 3475 4278 divina
3503 4222 3672 4293 gratia
3703 4237 3923 4293 perma-

640 4325 748 4366 nou
775 4309 1036 4383 constitit.
1068 4309 1242 4380 Atque
1271 4307 1344 4364 ita
1373 4306 1616 4364 ordinem
1656 4307 1905 4376 legitimae
1931 4307 2224 4363 rationabi—
2326 4319 2518 4368 nentes
2544 4312 2816 4368 consecuti
2844 4315 2969 4367 sunt
2997 4312 3345 4381 sempiterna
3371 4313 3720 4368 beatitudinis
3745 4313 3922 4368 ﬁrmi-

641 4400 808 4456 litatis
853 4400 1152 4464 excedens,
1199 4399 1252 4454 in
1291 4397 1767 4454 irrationabilitatis
1794 4400 2080 4467 abruptum
2125 4414 2224 4469 per
2326 4410 2490 4458 tatem
2524 4418 2539 4456 :
2569 4416 2764 4472 pravus
2802 4411 2980 4458 autem
3021 4402 3242 4472 spiritus
3269 4416 3372 4458 nec
3414 4402 3548 4458 illud
3578 4405 3748 4473 potuit
3776 4403 3922 4459 obti-

643 4492 1165 4548 vcrisimilitudinem
1203 4491 1646 4560 ratiocinationis,
1678 4505 1779 4562 qua
1812 4490 1978 4547 Deum
2015 4507 2076 4548 se
2105 4493 2219 4549 ﬁeri
2247 4542 2295 4564 ,λ
2327 4505 2460 4549 nere
2486 4491 2629 4562 quod
2670 4494 2817 4549 visus
2854 4501 2939 4548 est
2969 4493 3403 4564 incompetenter
3444 4493 3722 4564 invadere,
3755 4503 3814 4551 et
3842 4505 3923 4551 te-

642 4542 2074 4654 "nisainsa.sit;tagaxsaaine‘;
2101 4542 2220 4655 ᾇιζξέ
2243 4542 2300 4610 ³)
2329 4542 2518 4642 Risu}
2528 4542 3054 4641 ';.;.".'.'.;.i1;;..;{.'
3065 4542 3600 4653 anagnia};
3609 4542 3790 4643 ζιῖἐηῖ
3793 4542 3924 4646 ἠῖιι

644 4675 964 4745 sempiterna
991 4672 1096 4728 vita
1126 4681 1239 4740 est,
1270 4673 1325 4729 in
1355 4672 1511 4728 istam
1548 4672 1737 4728 recidit
1763 4688 1883 4743 quae
1918 4673 2036 4729 sine
2075 4672 2221 4732 fonte
2329 4677 2503 4749 potuit
2538 4690 2859 4748 permanere
2897 4673 3042 4746 quod
3081 4675 3251 4731 factus
3279 4685 3384 4732 est.
3418 4678 3620 4734 Auctor
3658 4692 3791 4750 ergo
3829 4679 3922 4734 bo-

645 4767 771 4824 vita:
798 4767 958 4822 vitam
990 4776 1300 4837 perpetuam
1326 4766 1562 4822 retinere
1591 4780 1696 4821 non
1728 4777 1929 4836 posset.
1970 4767 2223 4836 Quamvis
2331 4784 2432 4825 nus
2481 4775 2542 4824 ιιι
2583 4768 2783 4825 bonum
2829 4781 2890 4823 se
2942 4781 3080 4838 opus
3123 4767 3429 4825 condidisse
3473 4768 3733 4838 ﬁrmaret,
3772 4771 3822 4827 si
3868 4769 3927 4827 in

646 4874 777 4931 ergo
813 4875 911 4930 pro
947 4859 1030 4914 his
1070 4857 1582 4930 transgressionibus
1613 4857 1775 4929 digna
1807 4857 1967 4914 fuerit
1997 4860 2219 4926 ultione,

646 4951 820 5022 justus
840 4959 1017 5006 tamen
1037 4949 1238 5006 arbiter
1259 4949 1400 5005 Deus
1423 4951 1500 5005 sic
1520 4950 1676 5005 istam
1697 4959 1997 5006 creaturam
2028 4965 2228 5022 propo-

647 5047 765 5100 sita
793 5043 924 5114 legis
953 5043 1203 5112 equitate
1221 5042 1512 5114 corripuit,
1545 5053 1604 5098 ut
1647 5057 1768 5113 quas
1810 5043 2049 5099 divinum
2075 5045 2228 5115 sequi

647 5137 915 5193 tramitem
943 5137 1080 5190 inter
1105 5135 1278 5192 felicia
1300 5134 1577 5204 fastidivit,
1603 5134 1817 5191 sibimet
1844 5136 2012 5204 ipsam
2035 5137 2227 5193 merita

651 5229 802 5283 lance
831 5227 1050 5282 dimisit.
1097 5226 1158 5283 Ut
1189 5236 1367 5283 tamen
1396 5227 1518 5298 quia
1543 5235 1599 5282 et
1625 5225 1847 5297 decepta
1877 5227 2050 5283 fuerat
2076 5243 2229 5285 crea-

652 5329 786 5374 turas
823 5317 1048 5387 potioris
1089 5317 1330 5386 incursu,
1382 5318 1526 5372 illius
1564 5317 1770 5372 scilicet
1806 5333 1924 5387 quas
1963 5317 2232 5374 fremebat

653 5411 743 5462 illo
769 5418 1038 5464 terrenam
1079 5406 1341 5476 proﬁcere
1383 5423 1542 5477 posse
1571 5408 1919 5463 substantiam
1952 5408 2092 5464 unde
2121 5410 2229 5477 spi-

654 5497 822 5552 ritalis
866 5499 977 5568 ipsa
1028 5497 1318 5563 deciderat,
1367 5507 1422 5552 et
1464 5510 1711 5566 tanquam
1756 5500 2001 5553 solatium
2040 5515 2232 5570 capere

656 5589 904 5658 cupiebat
927 5589 992 5644 de
1019 5591 1236 5645 alterius
1265 5591 1415 5645 ruina
1445 5603 1726 5658 creaturae,
1757 5591 1905 5648 velut
1932 5609 2032 5648 non
2059 5596 2230 5649 solum

656 5695 716 5733 se
772 5680 1088 5748 culpandum
1145 5689 1211 5736 ex‘
1265 5681 1487 5736 alterius
1540 5697 1750 5751 quoque
1811 5683 2233 5752 transgressione

657 5773 1045 5841 puniendi-ret,
1076 5772 1166 5828 sed
1194 5772 1400 5843 lapsum
1438 5785 1590 5831 suum
1632 5773 1686 5830 in
1715 5773 1981 5834 Creatoris
2010 5773 2234 5835 referret

2331 4859 2522 4918 eadem
2552 4859 2635 4916 sui
2662 4858 2972 4916 conditione
2993 4858 3333 4929 persisteret;
3362 4859 3636 4916 inferioris
3659 4870 3924 4916 creatura

2335 4968 2448 5011 sua
2476 4955 2763 5008 miseratus
2788 4950 3072 5022 offensam,
3102 4951 3246 5023 quod
3276 4952 3572 5023 spiritualis
3597 4954 3923 5025 substantia,

2330 5060 2451 5116 quas
2487 5055 2543 5102 ct
2585 5045 2668 5100 sui
2708 5052 2766 5101 et
2803 5043 3024 5100 alterius
3067 5052 3430 5114 processerat,
3480 5045 3596 5116 ipsa
3645 5044 3926 5116 deceptrix

2333 5146 2495 5208 atque
2523 5137 2577 5192 in
2606 5151 2701 5191 sua
2735 5135 2974 5208 nequitia
3017 5150 3368 5205 perseverans
3409 5138 3630 5192 omnino
3665 5140 3923 5208 consequi

2332 5226 2493 5298 digna
2521 5242 2630 5282 non
2661 5227 2856 5292 fuerat,
2881 5233 3115 5283 terrenae
3141 5226 3466 5283 conditionis
3487 5236 3542 5284 et
3564 5242 3659 5299 per
3680 5228 3923 5292 fraudem

2337 5317 2577 5387 deceptze
2616 5318 2933 5374 substantiae
2962 5325 3206 5372 naturam
3245 5318 3449 5388 pariter
3487 5318 3784 5373 clementer
3806 5333 3928 5374 sus-

2336 5409 2474 5477 cepit
2518 5420 2574 5464 et
2614 5424 2858 5475 causam;
2905 5408 3117 5479 sicque,
3159 5417 3221 5465 ιιι
3259 5424 3402 5465 nunc
3425 5408 3665 5465 breviter
3688 5409 3929 5481 explice-

2339 5515 2481 5566 mus,
2509 5501 2839 5569 competenti
2869 5501 3072 5570 Iapsam
3097 5499 3502 5572 dispensatione
3525 5513 3779 5568 reparare
3802 5515 3929 5570 pro-

2341 5605 2568 5661 ponens,
2597 5601 2653 5645 ut
2683 5591 2735 5645 in
2777 5592 2960 5660 seipso
3007 5589 3123 5646 hate
3168 5589 3359 5647 eadem
3407 5599 3623 5653 natura,
3670 5605 3793 5659 qua:
3835 5605 3932 5661 per

2339 5682 2756 5740 iuobedientiam
2801 5681 2991 5737 mortis
3034 5680 3238 5737 rediret
3279 5680 3346 5736 d
3389 5681 3577 5747 vitam,
3617 5682 3766 5736 solus
3813 5681 3931 5751 ipse

2341 5782 2524 5842 peccat
2561 5772 2617 5828 in
2652 5789 2709 5832 sc
2741 5774 2914 5834 sciens
2944 5773 3099 5846 [forte
3125 5771 3334 5844 peccati
3373 5769 3645 5837 nesciens]
3684 5772 3738 5829 in
3794 5771 3925 5830 sub-
