4154 6396
349 386 451 442 19.5

1567 369 1925 431 EPISTOLE
1967 369 2053 424 ΕΤ
2095 369 2440 425 DECRETA.

3548 370 3647 426 126

348 499 539 554 stantia
589 512 749 566 quam
798 505 917 565 post
960 504 1239 565 peccatum
1280 488 1685 548 restauraudam
1732 483 1933 555 potenti
1965 484 2011 540 Α
2043 483 2363 551 ﬁgmentum,
2396 484 2553 537 creati
2572 484 2625 537 in
2649 483 2875 550 Christo,
2909 485 2963 539 in
2984 485 3220 555 aperibus
3250 486 3393 540 bonis
3424 486 3641 554 (Ephes.

347 590 676 659 hen‘guitate
716 597 1046 657 susceperat,
1090 597 1150 642 ut
1190 585 1480 640 indebitam
1519 589 1749 636 mortem
1781 590 1941 648 quam

346 682 465 735 sine
510 691 730 751 peccato
776 680 961 749 utique
1008 692 1113 732 non
1146 676 1379 732 debebat
1428 687 1527 742 pro
1575 670 1660 726 his
1709 669 1799 738 qui
1848 683 1943 736 per

348 782 627 841 peccatum
677 770 951 826 debitores
1000 769 1189 824 mortis
1241 765 1583 827 exstiterant,
1631 761 1941 831 imputaret;

348 864 619 930 simulque
666 862 940 916 diabolum
996 860 1229 915 hominis
1281 858 1623 926 deceptorem
1677 851 1769 920 qui
1815 866 1945 906 con-

348 955 668 1011 sentientem
719 954 821 1009 sibi
852 953 1124 1008 subditum
1169 966 1263 1018 per
1300 950 1535 1004 divinam
1578 946 1795 1000 tenebat
1821 944 1945 1011 jure

350 1046 694 1111 sententiam,
727 1059 821 1112 per
843 1043 1103 1112 justitiam
1155 1040 1287 1094 nihil
1319 1040 1368 1095 ei
1410 1038 1639 1093 reddere
1676 1036 1786 1104 jam
1835 1033 1935 1087 de-

352 1136 593 1192 bentem.
633 1137 845 1191 Etcum
886 1133 1174 1189 occidisset
1201 1146 1323 1186 eum
1371 1131 1425 1186 in
1473 1144 1631 1198 quem
1674 1126 1792 1181 sine
1822 1139 1945 1194 pec-

355 1240 478 1286 cato
502 1230 771 1286 licentiam
796 1243 901 1283 non
926 1226 1180 1289 habebat,
1197 1224 1389 1280 merito
1405 1223 1453 1277 ei
1478 1222 1600 1277 vice
1617 1228 1800 1275 mutua
1826 1218 1945 1272 sub-

353 1321 628 1391 iugaretur
646 1319 916 1385 addictus,
948 1318 1146 1387 quique
1166 1330 1225 1371 se
1254 1314 1504 1369 humanm
1528 1308 1841 1366 substantiae
1864 1314 1948 1361 ut-

356 1422 480 1483 pote
510 1410 734 1480 captivte
771 1425 883 1465 sure
910 1409 1188 1464 dominum
1231 1407 1501 1475 deumque
1528 1403 1796 1475 iactabat,
1823 1401 1948 1456 huic

353 1513 408 1559 et
430 1505 575 1569 justo
603 1503 821 1570 paritur,
846 1509 902 1555 et
920 1500 1029 1553 Deo
1052 1514 1181 1553 vero
1206 1506 1391 1551 mutuo
1412 1496 1753 1550 subderetur.
1779 1494 1949 1548 Inter-

354 1603 474 1649 erat
497 1592 643 1648 enim
674 1590 945 1659 aequitatis
969 1592 1245 1643 immensa:
1273 1598 1329 1641 ut
1348 1603 1466 1641 vnou
1490 1587 1731 1656 abrupta
1752 1584 1948 1638 divinat

357 1685 609 1757 potentia:
631 1684 899 1747 diabolus,
934 1683 1028 1737 sed
1059 1682 1226 1751 ipsius
1257 1679 1493 1735 hominis
1516 1680 1675 1734 etiam
1706 1692 1865 1747 quem
1891 1690 1951 1731 se

2047 572 2129 643 tl).
2164 574 2403 645 itemque
2432 574 2549 642 ipse
2572 575 2640 631 de
2662 575 2887 630 eadem:
2921 574 2988 630 In
3012 576 3219 631 Christo
3246 578 3381 630 enim
3406 576 3535 631 Jcsu
3556 594 3649 633 ne-

2045 683 2144 736 que
2178 668 2505 721 circumcisio
2542 667 2745 735 aliquid
2787 668 2943 735 valet,
2992 685 3153 737 neque
3190 670 3520 739 praeputium,
3564 671 3651 723 scd

2047 772 2179 809 nova
2202 767 2438 811 creatura
2467 755 2610 827 (Gal.
2644 758 2741 828 vt).

2122 848 2247 903 iizec
2263 849 2449 917 utique
2474 858 2744 914 creatura,
2768 863 2871 918 qua
2900 849 2952 903 in
2977 847 3195 903 Christo
3222 847 3408 903 refecti
3440 862 3649 909 sumus,

2048 954 2155 995 non
2188 954 2291 1008 qua
2320 940 2389 993 ab
2418 939 2573 994 initio
2621 938 2744 993 facti
2776 954 2987 1007 sumus,
3012 939 3081 994 de
3112 954 3218 1007 qua
3258 940 3423 995 etiam
3467 941 3656 993 beatus

2047 1032 2282 1087 Jacobus
2302 1031 2581 1098 apostolus
2608 1031 2688 1086 sic
2719 1031 2826 1086 ait:
2860 1031 3166 1085 Voluntarie
3190 1033 3363 1104 genuit
3393 1049 3485 1087 nos
3504 1032 3657 1085 uerbo

2047 1126 2297 1189 ueritatis,
2324 1133 2379 1176 ut
2398 1130 2555 1179 simus
2573 1125 2777 1179 initium
2800 1126 3015 1194 aliquod
3027 1138 3278 1180 creatures
3297 1130 3411 1198 ejus
3434 1125 3573 1199 (Jac.
3591 1128 3656 1197 t);

2050 1232 2155 1271 non
2180 1215 2321 1270 illius
2349 1224 2609 1271 creaturae
2639 1232 2760 1285 quae
2786 1218 2836 1270 iu
2866 1217 3035 1272 Adam
3054 1218 3268 1273 condita
3291 1228 3395 1284 est,
3428 1219 3517 1272 sed
3545 1234 3661 1287 qut:

2049 1306 2227 1361 Patris
2256 1306 2541 1373 luminum,
2580 1326 2612 1361 a
2645 1326 2744 1377 quo
2785 1321 2862 1363 est
2908 1326 3059 1363 omne
3088 1310 3267 1363 datum
3319 1312 3569 1381 optimum
3610 1321 3660 1364 et

2051 1401 2245 1453 donum
2285 1399 2588 1468 perfectum,
2628 1402 2906 1455 voluntate
2946 1404 3125 1471 genita
3172 1402 3344 1457 verbo
3388 1403 3658 1469 veritatis,

2052 1492 2265 1545 initium
2311 1493 2543 1560 sumpsit
2580 1492 2631 1546 in
2670 1491 2917 1553 Christo:
2951 1490 3153 1549 ethoc
3198 1496 3370 1563 ipsum
3415 1495 3559 1554 ideo.
3592 1509 3662 1549 ue

2050 1585 2463 1654 quibuscuuque
2488 1586 2599 1639 suis
2632 1586 2787 1641 bonis
2813 1586 3004 1642 (lderet
3035 1586 3269 1642 humana
3308 1588 3607 1643 substantia
3636 1606 3651 1646 :

2052 1676 2147 1730 sed
2169 1674 2425 1745 quidquid
2456 1675 2587 1730 recti
2622 1676 2673 1729 in
2714 1690 2773 1730 se
2798 1689 2923 1731 esse
2967 1685 3341 1746 cognosceret,
3376 1677 3662 1732 desursum

358 1777 714 1848 prostravisse
753 1774 993 1844 jactabat
1029 1774 1235 1844 justitia
1260 1776 1582 1837 vinceretur,
1614 1770 1806 1839 quibus
1839 1783 1945 1824 non
1983 1835 2029 1848 __
2056 1766 2395 1820 descendens
2441 1780 2563 1821 esse
2613 1766 2973 1835 perpenderet
3014 1767 3084 1823 ab
3132 1768 3557 1823 incommutabili
3608 1780 3665 1823 et

359 1835 491 1924 satis
529 1867 715 1922 habuit
746 1835 1306 1937 reparator-excelsus
1337 1874 1393 1919 ut
1434 1864 1549 1934 ipse
1570 1835 1952 1919 tantummodo
1983 1835 2033 1896 Β
2058 1857 2178 1912 sine
2228 1856 2615 1910 vicissitudinis
2657 1857 3073 1912 ohumbratione
3124 1858 3242 1911 luce
3298 1872 3516 1928 semper
3563 1858 3666 1913 iut-

358 1958 411 2013 in
440 1973 503 2013 ea
549 1967 739 2013 natura
771 1971 932 2026 quam
971 1965 1282 2026 sumpserat
1318 1963 1532 2026 gereret
1561 1955 1629 2011 de
1650 1955 1807 2009 hoste
1858 1953 1955 2007 hu-

358 2049 505 2103 mani
533 2048 747 2117 generis
768 2048 911 2103 hunc
936 2048 1292 2114 triumphum.
1326 2046 1463 2114 Quid
1489 2047 1633 2102 enim
1666 2052 1955 2115 prmstare-

358 2147 446 2192 tur
474 2140 743 2193 universae
765 2146 962 2193 nostrae
982 2144 1268 2202 creaturae,
1301 2136 1345 2190 si
1373 2138 1544 2191 victor
1573 2135 1778 2192 diaboli
1807 2138 1955 2191 so’us

358 2226 605 2283 Christus
627 2227 920 2282 existeret?
942 2226 1151 2281 Tribuit
1177 2241 1308 2295 ergo
1327 2226 1576 2283 ﬁdelibus
1594 2227 1709 2282 suis
1728 2227 1957 2297 dignan-

358 2328 441 2374 ter
470 2319 734 2373 immensa
757 2322 956 2387 pietate
984 2319 1335 2375 consortium.
1369 2318 1581 2374 Tribuit
1610 2334 1706 2388 per
1725 2320 1955 2389 gratiam

358 2424 512 2464 suam
539 2408 808 2479 iidemque
838 2408 1115 2475 collatam,
1148 2419 1206 2465 ut
1250 2409 1529 2465 hominum
1568 2410 1732 2465 millia
1772 2408 1957 2465 ineﬂ'a-

358 2503 485 2558 bilis
510 2503 835 2573 compendio
859 2503 1185 2559 sacramenti
1216 2503 1593 2573 participatum
1630 2503 1748 2571 ejus
1771 2501 1957 2572 acqui-

358 2606 563 2663 rereut,
609 2606 989 2666 renovataque
1027 2596 1082 2651 in
1121 2608 1220 2651 suo
1250 2596 1520 2651 salvatore
1575 2605 1780 2650 natura:
1830 2594 1956 2649 facti

357 2686 694 2753 consimiles,
724 2688 823 2755 ipsi
854 2702 1069 2758 quoque
1099 2688 1290 2743 tierent
1317 2687 1623 2758 deceptoris
1648 2689 1729 2743 sui
1754 2696 1955 2742 mutata

356 2788 505 2835 sorte
531 2780 783 2835 victores.
818 2780 1003 2850 Itaque
1026 2788 1214 2835 contra
1233 2781 1523 2851 superbum
1555 2780 1803 2849 spiritum
1836 2794 1957 2849 per-

357 2880 685 2935 manentem,
720 2870 821 2926 hoc
843 2880 927 2926 est
954 2871 1226 2940 provisum
1253 2873 1535 2927 curatione
1567 2871 1863 2938 salvandis,
1897 2878 1959 2926 ut

357 2962 789 3031 competentibus
814 2962 990 3018 modis
1010 2962 1078 3017 ad
1099 2977 1214 3019 suae
1236 2949 1575 3018 conditionis.
1593 2962 1955 3033 integritatem

357 3054 708 3123 proﬁcerent,
748 3054 1169 3124 dignitatemque
1195 3056 1507 3120 ctelestem;
1536 3065 1802 3127 quatenus
1842 3054 1959 3110 elaa

358 3146 526 3200 tionis
568 3145 800 3201 exitialis
833 3145 1081 3202 aﬂectum
1124 3148 1234 3217 (qui
1267 3161 1375 3201 non
1419 3147 1594 3201 solum
1641 3148 1951 3212 humanam,

357 3235 459 3289 sed
483 3236 651 3303 ipsam
681 3249 916 3306 quoque,
954 3235 1096 3291 sicut
1121 3236 1323 3292 dictum
1359 3246 1465 3304 est,
1502 3237 1802 3308 angelicam
1831 3254 1959 3309 pro-

356 3334 623 3380 straverat
650 3334 775 3380 auts
826 3328 1101 3397 naturam)
1133 3328 1466 3386 humanitate
1505 3332 1808 3388 necessaria
1841 3348 1962 3389 me-

356 3415 665 3471 dicinaliter
711 3416 1013 3474 declinaret
1055 3419 1123 3475 ad
1166 3419 1530 3491 integritatem
1578 3423 1955 3493 reparandam,

358 3511 557 3580 quippe
596 3518 717 3580 post
756 3509 967 3581 lapsum
990 3526 1177 3569 carere
1198 3513 1387 3570 debuit
1429 3513 1525 3570 illo
1566 3516 1711 3572 malo
1731 3530 1845 3586 quo
1872 3516 1959 3572 in-

359 3610 511 3673 tegra
542 3610 801 3671 praestare
831 3604 1182 3673 nequiverat:
1213 3604 1501 3675 oportebat
1532 3614 1712 3662 autem
1742 3616 1803 3662 ut
1843 3608 1959 3674 ipsa

357 3707 575 3762 quoque
617 3694 963 3749 rationabilis
1011 3693 1245 3750 humana
1283 3704 1529 3751 creatura
1556 3697 1698 3766 quod
1742 3699 1957 3767 propria

358 3784 635 3838 voluntate
678 3783 1007 3853 perdiderat,
1054 3785 1217 3841 etiam
1258 3786 1555 3843 secundum
1590 3787 1682 3841 Dei
1727 3789 1957 3857 gratiam

358 3875 634 3945 propriam
688 3874 954 3943 reciperet
986 3875 1340 3943 voluntatem,
1372 3884 1429 3933 et
1438 3891 1571 3948 ,qua:
1609 3876 1731 3932 sine
1765 3876 1962 3933 merito

358 3964 675 4032 curabatur,
716 3964 1044 4021 tribueretur
1083 3965 1133 4021 ei
1177 3976 1237 4022 ut
1282 3968 1445 4023 etiam
1490 3967 1607 4025 hac
1640 3976 1963 4039 sequeretur

357 4071 427 4112 ex
455 4058 647 4113 merito
674 4074 688 4110 :
722 4065 1006 4128 propterea
1041 4058 1233 4114 maluit
1271 4058 1565 4130 singularis
1595 4058 1691 4116 ille
1724 4060 1964 4115 salvator

359 4145 541 4217 perlici
575 4147 753 4216 potius
787 4148 841 4202 in
893 4147 1207 4207 inﬁrmitate
1246 4150 1525 4217 virtutem,
1550 4165 1711 4220 quam
1770 4165 1963 4205 rursus

358 4239 478 4295 siue
525 4238 834 4296 inﬁrmitate
873 4242 959 4296 vel
995 4240 1062 4296 de
1106 4255 1166 4296 se
1202 4242 1587 4307 conﬁdentem,
1614 4242 1704 4299 vel
1728 4244 1964 4299 auctoris

338 4331 720 4401 negligentem
755 4330 871 4389 lteri
898 4334 1187 4391 humanam
1209 4333 1565 4390 substantiam
1590 4334 1710 4390 sine
1734 4334 1962 4389 intimi-

362 4429 473 4477 tate
513 4436 781 4478 securam.
833 4423 971 4479 [line
1008 4433 1095 4482 est
1124 4426 1288 4496 igitur
1313 4426 1457 4497 quod
1501 4426 1563 4481 Β.
1607 4425 1828 4492 Paulus,
1871 4427 1962 4497 qui

1983 3198 2031 3261 C

2059 1963 2268 2014 mensa,
2324 1963 2421 2018 per
2474 1964 2635 2019 quam
2684 1949 2785 2003 sibi
2842 1949 3084 2005 mutabili
3134 1958 3189 2005 et
3234 1950 3666 2006 vicissitudinum

2058 2039 2472 2095 obumbratinue
2518 2038 2763 2109 luscam,
2806 2042 3028 2097 luminis
3058 2042 3172 2098 veri
3199 2058 3397 2098 munus
3441 2046 3648 2099 sentire

2061 2131 2319 2200 impendi.
2348 2131 2475 2185 llaec
2510 2140 2594 2187 est
2633 2132 2797 2202 igitur
2822 2132 2913 2187 illa
2941 2143 3187 2188 creatura
3217 2150 3340 2204 quae
3375 2135 3668 2203 spirituali-

2059 2232 2143 2279 ter
2172 2224 2381 2285 vivens.
2410 2240 2518 2278 non
2549 2224 2738 2279 volens
2763 2227 2995 2281 sustinet
3022 2229 3264 2282 mortalis
3308 2228 3667 2283 infestationis

2058 2314 2306 2381 aﬂ‘ectus,
2348 2327 2538 2371 contra
2579 2331 2716 2383 quos
2763 2318 3136 2374 indesinenter
3166 2335 3432 2391 pugnans,
3482 2322 3669 2376 mallet

2060 2421 2167 2459 nou
2194 2405 2395 2461 habere
2420 2421 2559 2475 quos
2587 2407 2847 2474 vinceret,
2876 2422 3039 2478 quam
3074 2423 3200 2464 cum
3246 2408 3443 2463 infesto
3472 2411 3669 2480 iugiter

2061 2496 2218 2553 hoste
2245 2496 2556 2566 conﬂigere.
2589 2496 2705 2552 Non
2732 2498 2921 2553 volens
2964 2513 3094 2571 ergo
3137 2498 3415 2568 subiaceat
3464 2500 3515 2555 in
3554 2509 3671 2554 tan-

2061 2598 2173 2643 tum
2196 2589 2350 2644 vanis
2369 2588 2671 2657 desideriis,
2691 2591 2745 2645 in
2767 2600 3026 2663 quantum
3052 2593 3170 2648 sine
3188 2593 3492 2649 dubitation
3514 2616 3523 2629 -
3551 2610 3670 2663 per-

2060 2680 2233 2735 ituris.
2289 2680 2440 2738 Unde
2490 2682 2619 2737 dicit
2664 2682 2955 2752 Apostolus
2998 2682 3180 2739 :Caro
3220 2687 3534 2753 concupiscit
3578 2687 3670 2740 ad-

2058 2788 2235 2827 uersus
2258 2772 2515 2843 spiritum,
2540 2784 2588 2825 et
2608 2774 2827 2843 spiritus
2841 2773 3086 2830 adrersus
3111 2791 3341 2839 carnem,
3364 2783 3419 2828 ut
3442 2792 3546 2829 non
3559 2791 3672 2844 quat

2057 2863 2236 2929 vultis,
2268 2858 2362 2919 illa
2391 2866 2598 2935 faciatis
2628 2864 2763 2934 (Gal.
2804 2864 2894 2938 v);
2931 2866 3024 2921 sed
3061 2878 3274 2937 propter
3299 2883 3440 2931 eum,
3472 2866 3671 2937 inquit,

2058 2958 2147 3028 qui
2174 2956 2395 3029 subjecit
2424 2959 2477 3011 in
2506 2974 2596 3028 spe
2631 2957 2809 3025 (Rom.
2837 2957 2978 3029 vru),
3014 2966 3073 3013 ut
3098 2972 3258 3013 nemo
3296 2958 3351 3013 in
3392 2959 3493 3013 hac
3522 2958 3673 3014 sciti.

2060 3058 2147 3104 cet
2166 3050 2274 3103 vita
2302 3062 2489 3103 rursus
2518 3048 2587 3103 de
2617 3048 2777 3118 plena
2810 3047 3068 3105 felicitate
3095 3049 3167 3104 sit
3194 3062 3486 3120 arrogans;
3510 3063 3574 3104 ac
3607 3064 3674 3105 ne

2060 3156 2253 3196 rursus
2285 3141 2507 3195 forsitan
2550 3140 2933 3209 desperatione
2977 3143 3381 3207 succumberet,
3425 3142 3507 3197 sic
3552 3156 3673 3198 eam

2063 3232 2296 3301 subjecit
2326 3230 2410 3285 his
2440 3231 2705 3285 molestiis
2732 3230 3092 3301 perferendis,
3121 3239 3179 3286 ut
3208 3243 3387 3287 tamen
3419 3245 3517 3301 spe
3544 3247 3674 3287 cou-

2062 3322 2269 3378 soletur
2289 3329 2492 3377 erecta.
2527 3320 2654 3375 limo
2675 3330 2760 3376 est
2792 3321 2956 3393 igitur
2979 3322 3098 3377 sine
3122 3321 3377 3392 ambiguo
3402 3333 3674 3390 creatura,

2062 3413 2131 3469 de
2154 3427 2259 3484 qua
2281 3410 2378 3477 ait,
2404 3412 2527 3481 quia
2555 3421 2603 3466 et
2628 3414 2747 3482 ipsa
2783 3423 3024 3469 creatura
3053 3412 3353 3469 liberabitur
3377 3416 3677 3484 alseruitute

2063 3480 2496 3576 corruptionisin
2524 3480 2807 3561 libertatem
2840 3508 3024 3581 gloria
3054 3510 3286 3579 ﬁliorum
3318 3480 3421 3565 ι)εέ
3456 3506 3676 3579 (Ibid.).

2063 3594 2325 3656 Patefecit
2343 3599 2411 3652 de
2434 3614 2537 3669 qua
2554 3608 2802 3656 creatura
2826 3598 2993 3657 vellet
3009 3601 3255 3672 intelligi,
3286 3601 3339 3655 in
3368 3601 3677 3667 libertatem,

2064 3692 2339 3763 inquiens,
2364 3692 2597 3762 ﬁliorum
2624 3690 2743 3758 Dei,
2763 3707 2884 3763 qua:
2908 3692 2963 3747 in
2987 3692 3091 3749 hoc
3122 3692 3323 3752 mundo
3344 3708 3412 3748 ex
3440 3708 3501 3749 ea
3526 3704 3678 3763 parte

2066 3797 2211 3839 nunc
2262 3784 2429 3840 servit
2465 3797 2569 3851 qua
2611 3781 2758 3837 vitiis
2797 3783 3085 3838 infestatur
3124 3783 3415 3848 humanis;
3450 3792 3579 3838 tunc
3610 3783 3677 3837 ad

2064 3873 2373 3930 libertatem
2401 3872 2632 3929 liliomm
2658 3872 2755 3927 Dei
2778 3873 3016 3941 perfecta
3047 3874 3340 3931 securitate
3366 3884 3677 3939 venturam,

2064 3980 2182 4019 cunt
2214 3962 2549 4032 corruptibile
2577 3964 2673 4017 hoc
2697 3962 2925 4017 induerit
2963 3964 3427 4035 incorruptionem,
3458 3974 3507 4021 et
3543 3981 3681 4020 mor-

2066 4057 2169 4110 tale
2193 4054 2291 4109 hoc
2310 4054 2535 4110 induerit
2556 4054 3018 4110 immortalitatem.
3047 4054 3116 4111 Ut
3137 4056 3231 4125 fiat
3255 4072 3424 4111 sermo
3446 4057 3535 4126 qui
3556 4056 3681 4111 scri-

2065 4159 2186 4220 ptus
2210 4156 2285 4203 est
2310 4165 2329 4203 :
2357 4148 2612 4215 Absorpta
2641 4156 2716 4202 est
2746 4163 2883 4202 mors
2912 4148 2969 4203 in
2998 4149 3235 4204 uictoria.
3267 4148 3367 4205 Ubi
3396 4160 3492 4218 est,
3517 4168 3681 4218 mors,

2065 4241 2276 4295 uictoria
2311 4240 2439 4294 tua?
2484 4240 2576 4294 ubi
2613 4248 2709 4305 est,
2762 4256 2926 4307 mors,
2966 4240 3209 4296 stimulus
3240 4244 3399 4297 tuus!
3441 4243 3682 4297 stimulus

2066 4342 2238 4387 autem
2264 4332 2447 4387 mortis
2467 4341 2735 4402 peccatum
2763 4342 2856 4399 est,
2886 4334 3048 4387 uirtus
3066 4347 3186 4387 vero
3210 4334 3408 4402 peccati
3438 4332 3542 4387 lex.
3570 4332 3683 4390 Deo

2032 4454 2035 4457 »
2068 4434 2241 4477 autem
2263 4424 2483 4495 gratias,
2514 4424 2605 4493 qui
2631 4424 2776 4478 dedit
2801 4424 2945 4479 nobis
2965 4425 3235 4479 uictoriam
3265 4441 3357 4495 per
3389 4424 3682 4480 Dominum

362 4520 420 4569 et
468 4514 677 4570 ruinam
717 4514 1045 4572 conditionis
1089 4516 1361 4584 humanae,
1404 4528 1459 4573 et
1508 4520 1961 4574 restaurationem
1991 4568 2040 4589 ,ι
2072 4527 2304 4571 nostrum
2330 4516 2509 4572 Jesum
2529 4515 2791 4572 Christum
2816 4517 2870 4584 (Ι
2892 4517 3015 4572 Cor.
3042 4521 3159 4589 xv).
3185 4519 3533 4589 Quapropter
3556 4519 3685 4574 bea-

362 4607 574 4663 eateris
600 4608 871 4679 copiosius
904 4609 1192 4679 intimavit,
1226 4614 1391 4668 etiam
1420 4612 1488 4669 de
1521 4614 1702 4683 seipso
1728 4615 1959 4669 clamat:

365 4696 451 4752 Ne
474 4699 771 4769 magnitudo
800 4702 1167 4756 reuelationum
1193 4704 1405 4757 ertollat
1426 4719 1525 4769 me,
1554 4704 1707 4759 datus
1734 4715 1808 4760 est
1833 4707 1963 4760 mihi

366 4787 603 4843 stimulus
645 4790 813 4844 carnis
856 4807 982 4846 meat
1020 4793 1236 4857 angelus
1284 4793 1535 4861 Saturne,
1563 4796 1653 4865 qui
1701 4812 1782 4850 me
1820 4796 1962 4851 cola-

366 4878 536 4948 phiset
551 4894 571 4943 ;
594 4889 802 4948 praeter
829 4885 968 4951 quod
992 4892 1067 4935 ter
1094 4881 1374 4939 Dominum
1399 4885 1575 4957 rogaui
1602 4894 1658 4939 ut
1679 4886 1965 4943 discederet

366 4985 397 5021 a
416 4985 517 5031 nte,
548 4980 591 5020 et
622 4970 750 5024 dixit
778 4972 904 5025 mihi
927 4988 948 5027 .'
977 4972 1175 5045 Suﬂicit
1204 4974 1297 5028 tibi
1337 4977 1506 5046 gratia
1530 4994 1675 5044 mea;
1702 4994 1826 5032 nam
1854 4980 1963 5033 uir-

367 5068 445 5113 tus
466 5060 520 5112 in
550 5060 845 5128 inﬁrmitate
872 5064 1155 5132 perﬁcitur.
1183 5063 1423 5119 Libenter
1449 5067 1608 5138 igitur
1628 5068 1889 5137 gloriabor
1912 5071 1967 5124 in

364 5150 750 5216 inﬁrmitatibus
792 5155 943 5220 meis,
973 5164 1030 5208 ut
1078 5155 1325 5211 inhabitet
1365 5158 1419 5210 in
1462 5174 1542 5213 me
1588 5160 1745 5213 virtus
1776 5159 1967 5216 Christi

366 5240 455 5314 (ll
486 5240 606 5297 Cor.
634 5241 766 5311 xu);
797 5253 852 5298 et
872 5245 1066 5301 iterum
1097 5246 1251 5314 ipse:
1290 5246 1517 5303 Vanitati
1554 5251 1692 5305 enim
1729 5262 1965 5305 creatura

363 5333 595 5408 subjecta
621 5344 697 5387 est
720 5335 898 5402 (Rom.
926 5337 1074 5407 vm);
1105 5337 1283 5393 adhuc
1313 5341 1499 5410 utique
1522 5342 1772 5410 vanitati,
1795 5358 1967 5414 quan-

367 5432 479 5478 tum
506 5425 683 5479 adhuc
719 5425 1007 5481 mundanis
1036 5430 1288 5485 sensibus
1320 5431 1650 5500 implicatur,
1691 5435 1965 5504 corrupti-

366 5514 569 5585 bilique
616 5516 925 5571 conditione
959 5516 1313 5587 deprimitur;
1360 5521 1453 5575 illa
1486 5523 1672 5593 utique
1712 5534 1962 5581 creatura

363 5608 430 5663 de
460 5623 563 5677 qua
594 5606 735 5662 idem
764 5607 896 5664 dicit
919 5609 1048 5664 alibi
1075 5629 1087 5663 :
1124 5612 1184 5666 Si
1205 5629 1308 5683 qua
1344 5614 1504 5683 igitur
1537 5630 1669 5669 nora
1702 5626 1958 5683 creatura,

361 5708 527 5753 cetera
552 5698 898 5759 transierunt:
920 5712 1035 5755 ecce
1055 5699 1193 5769 facta
1218 5714 1337 5755 sunt
1365 5704 1537 5756 omnia
1567 5720 1697 5759 noua
1728 5705 1815 5777 (II
1838 5704 1959 5763 Cor.

360 5791 446 5858 v);
486 5802 539 5845 ct
570 5791 639 5847 de
687 5805 789 5858 qua
836 5790 974 5848 idem
1020 5794 1146 5849 alibi
1190 5795 1351 5852 dicit:
1392 5794 1564 5861 Ipsius
1596 5800 1730 5853 enim
1777 5816 1955 5855 sumus

1991 4568 2043 4630 D

2072 4618 2158 4663 tus
2190 4609 2481 4676 Apostolus
2509 4608 2849 4665 manifestius
2879 4611 3068 4665 volens
3094 4619 3149 4667 et
3188 4610 3259 4667 de
3288 4626 3391 4680 qua
3434 4619 3684 4666 creatura

2072 4710 2275 4770 ageret.
2303 4706 2358 4755 et
2382 4699 2451 4755 de
2474 4714 2578 4769 qua
2606 4699 2724 4770 ejus
2757 4701 3042 4765 servitute,
3069 4716 3242 4772 quave
3273 4700 3527 4756 libertate
3570 4700 3687 4757 dis-

2072 4806 2304 4857 serere',
2328 4800 2515 4861 utpote
2546 4806 2641 4861 per
2660 4807 2822 4863 quem
2850 4792 3103 4848 Christus
3131 4793 3473 4861 loquebatur,
3498 4803 3686 4848 osten-

2073 4885 2229 4949 dere,
2260 4883 2441 4939 adhuc
2493 4882 2751 4951 inculcat,
2793 4893 2849 4939 et
2890 4883 3067 4940 dicit:
3126 4883 3335 4941 Scimus
3364 4885 3500 4939 enim
3547 4885 3687 4955 quod

2076 4978 2241 5031 omnis
2267 4984 2502 5031 creatura
2530 4975 2815 5047 ingemiscit
2852 4985 2901 5030 et
2936 4977 3157 5047 parturit
3183 4977 3363 5049 (Rom.
3404 4976 3540 5047 vm);
3577 4992 3687 5033 non

2078 5068 2180 5124 nisi
2203 5065 2539 5121 rationabilis
2567 5077 2817 5121 creatura
2850 5075 2952 5127 est,
2984 5075 3040 5121 et
3061 5067 3147 5121 illa
3178 5067 3537 5137 rationabilis,
3569 5084 3689 5139 qua:

2075 5157 2205 5229 quid
2246 5154 2586 5227 ingemiscat,
2634 5158 2832 5226 quidve
2878 5157 3159 5225 parturiat,
3203 5159 3316 5228 jam
3360 5166 3547 5215 renata
3598 5174 3689 5214 co-

2073 5250 2304 5319 gnoscit,
2330 5258 2385 5303 ct
2414 5248 2783 5304 infirmitatem
2814 5263 2968 5305 suam
3010 5249 3238 5319 deﬂens,
3275 5252 3687 5321 promissionem

2076 5350 2351 5412 perpetuae
2384 5342 2786 5413 tranquillitatis
2831 5352 3133 5414 exspectat,
3164 5361 3273 5415 quo
3316 5345 3508 5401 doctor
3534 5359 3690 5415 egre-

2072 5433 2195 5503 gius
2220 5447 2499 5503 quousque
2528 5433 2810 5503 perducat,
2856 5433 3171 5504 diligentius
3211 5435 3529 5490 intuendum
3561 5446 3645 5490 est
3673 5454 3686 5488 :

2070 5522 2197 5579 Non
2228 5523 2417 5588 solum,
2462 5524 2733 5595 inquiens,
2766 5524 2882 5590 illa,
2934 5525 3038 5581 hoc
3076 5534 3163 5581 est
3204 5534 3454 5581 creatura
3496 5526 3689 5595 populi

2067 5615 2380 5682 Christiani,
2411 5618 2501 5670 sed
2528 5632 2620 5670 nos
2642 5617 2743 5688 ipsi
2765 5616 3023 5685 primitias
3045 5618 3260 5687 spiritus
3285 5617 3544 5671 habentes.
3581 5618 3686 5687 ipsi

2072 5707 2261 5780 utique
2296 5708 2551 5779 apostoli,
2593 5710 2696 5778 ipsi
2730 5709 2988 5765 Ecclesia:
3018 5709 3290 5780 principes
3324 5723 3372 5765 et
3412 5722 3685 5782 parentes.

2072 5800 2164 5869 qui
2193 5802 2613 5871 primordialiter
2645 5803 2817 5861 sancti
2850 5801 3084 5869 Spiritus
3124 5802 3265 5861 doua
3309 5812 3685 5868 autut-serunt.
