4154 6400
666 397 763 451 127

1987 369 2254 427 GELASll
2295 368 2497 424 ΡΑΡΑΞ
2540 371 2557 425 l

3801 373 3902 428 £28

663 516 779 570 qua:
820 493 1192 553 ecclesiasticis
1245 490 1603 546 ministrarent
1642 482 1989 554 spiritualiter
2048 485 2220 535 iucrc-
2250 481 2301 539 Δ
2331 479 2488 535 Certe
2517 481 2657 536 enim
2687 481 2798 549 ipse
2826 481 2914 549 qui
2946 480 3059 536 haec
3078 479 3308 548 dicebat,
3337 495 3400 536 ex
3434 481 3544 536 Deo
3585 483 3766 553 utique
3807 501 3908 538 na-

663 591 883 652 Ilienlls;
915 588 1004 642 ubi
1039 587 1154 640 sine
1180 578 1539 637 Controversia
1577 576 1895 642 semetipsos
1931 589 2138 644 quoque
2167 579 2219 627 in

663 695 767 733 una
793 679 1082 744 eademque
1104 671 1342 743 quamvis
1363 669 1562 736 majore
1586 667 1752 734 gratia
1778 664 2052 733 praeditos.
2083 663 2226 718 unde

664 781 720 825 et
767 772 839 822 ait
895 766 1141 836 primitias
1191 762 1398 832 spiritus
1468 757 1730 820 habentes,
1777 757 1926 824 quasi
1976 756 2229 822 primates

667 862 848 928 gratiae
880 856 989 920 Dei,
1021 856 1070 908 in
1095 866 1194 905 una
1219 860 1391 904 tamen
1428 848 1719 915 eademque
1749 859 1930 899 secum
1965 853 2232 910 totamque

672 948 955 1002 Ecclesiam
989 939 1219 1011 generali
1256 937 1561 992 conditione
1589 935 1901 989 constituit:
1941 936 2028 985 sed
2074 933 2232 984 etiam

669 1035 973 1104 nosmetipsi,
1008 1032 1210 1095 dicens,
1256 1029 1506 1098 primitias
1550 1028 1753 1094 spiritus
1792 1025 2053 1086 habentes,
2097 1025 2232 1075 intra

668 1144 758 1179 nos
785 1125 1027 1195 gemimus
1060 1139 1074 1175 :
1111 1121 1319 1190 aperuit
1338 1133 1558 1186 quorum
1583 1116 1671 1168 ille
1697 1116 1943 1182 gemitus,
1977 1128 2129 1179 quem
2149 1127 2236 1166 su-

668 1232 761 1285 pra
785 1216 1011 1279 dixerat,
1039 1226 1158 1266 esse
1180 1215 1440 1271 noscatur,
1474 1215 1526 1259 et
1553 1205 1676 1273 quid
1701 1212 1938 1272 gemeret
1962 1202 2237 1256 evidenter

669 1306 933 1374 exposuit,
965 1305 1381 1371 adaptiommque
1396 1307 1741 1365 exspectantes
1769 1311 1786 1349 :
1817 1305 1960 1348 certe
1995 1293 2102 1362 jam
2147 1307 2235 1345 sa-

670 1404 942 1449 cramento
993 1389 1403 1460 regenerationis
1443 1389 1629 1456 pignus
1667 1385 1968 1454 adoptionis
2011 1385 2235 1450 accepit.

671 1482 801 1546 Quae
828 1491 907 1534 est
933 1494 1057 1547 ergo
1081 1479 1179 1532 ista
1210 1477 1444 1545 adoptio,
1470 1490 1585 1543 «jus:
1611 1484 1729 1543 post
1760 1473 2101 1542 adoptionum
2135 1471 2238 1524 ini-

674 1575 744 1625 tia
767 1573 1072 1634 sustinetur,
1107 1583 1291 1636 quazve
1321 1567 1616 1635 red-mptio
1648 1567 1883 1634 corporis
1907 1564 2096 1630 nostri,
2121 1578 2240 1632 quas

674 1669 890 1714 ventura
920 1658 1266 1727 pr0ponitur?
1299 1657 1436 1724 Ergo
1463 1671 1568 1708 non
1595 1655 1867 1722 accepisti,
1896 1671 2012 1720 qua:
2049 1667 2242 1722 exspe-

672 1763 816 1807 ctare
844 1762 892 1806 te
922 1751 1086 1805 dicis?
1121 1750 1335 1817 Accepi,
1369 1748 1553 1817 inquit,
1588 1747 1680 1801 sed
1713 1747 1977 1816 mysteriis
2002 1748 2116 1800 sum
2149 1761 2238 1798 re-

2333 582 2417 625 tus
2442 582 2583 637 erat;
2609 582 2659 626 et
2685 581 2860 627 tamen
2876 573 3102 628 docebat
3132 586 3291 643 atque
3315 573 3659 642 prtedicabat,
3689 577 3906 632 dicens:

2333 662 2396 718 Si
2421 665 2700 718 dixerimus
2724 665 2839 731 quia
2869 673 3131 733 peccatum
3155 683 3254 720 non
3279 666 3543 732 habemus,
3576 670 3912 734 nosmetipsos

2331 757 2651 821 seducimur;
2702 766 2756 811 et
2799 768 3012 822 caetera,
3051 772 3171 826 quas
3220 760 3468 827 superius
3519 760 3909 828 comprehensa

2334 858 2493 901 sunt:
2539 848 2632 902 sed
2667 849 2896 917 qualiter
2948 864 3166 918 peccare
3207 864 3314 902 non
3347 852 3533 917 possit,
3562 856 3650 919 qui
3688 866 3753 905 ex
3803 853 3914 906 Deo

2337 936 2590 1002 nascitur,
2623 939 2733 1005 ipse
2757 938 2929 1004 p0tius
2949 940 3029 994 vir
3046 938 3154 993 Deo
3171 939 3359 1006 plenus
3379 950 3611 1006 exponat
3631 958 3643 993 ε
3679 939 3739 996 Si
3758 943 3915 994 dixe-

2334 1027 2513 1089 rimus,
2546 1028 2732 1094 inquit.
2762 1029 2881 1095 quia
2919 1045 3018 1082 non
3053 1030 3387 1092 peccavimus,
3415 1031 3706 1082 mendacem
3748 1031 3914 1099 [acie-

2338 1131 2450 1168 mus
2478 1132 2622 1170 eum:
2650 1121 2784 1185 quod
2814 1119 2857 1170 si
2883 1122 3099 1188 confessi
3131 1121 3375 1190 fuerimus
3402 1121 3588 1173 delicta
3620 1130 3815 1186 nostra,
3852 1125 3916 1189 ﬁ-

2339 1210 2463 1262 delis
2489 1221 2560 1263 est
2591 1222 2633 1263 et
2652 1213 2848 1280 justus,
2879 1215 2963 1279 qui
2983 1215 3206 1268 dimittat
3226 1217 3366 1269 nobis
3393 1227 3611 1287 peccata,
3632 1228 3678 1269 et
3703 1220 3918 1272 mundet

2341 1292 2430 1353 nos
2486 1301 2548 1353 ab
2596 1305 2734 1358 omni
2778 1305 3040 1373 iniquitate
3093 1305 3300 1374 (lbid.).
3345 1308 3597 1364 Patefecit
3644 1314 3918 1380 quomodo

2341 1393 2426 1457 qui
2464 1406 2524 1443 ex
2563 1392 2670 1445 Deo
2710 1394 2964 1459 nascitur,
2999 1410 3221 1462 peccare
3256 1413 3360 1451 non
3397 1400 3588 1467 possit,
3613 1409 3668 1454 ut
3711 1402 3919 1456 scilicet

2343 1481 2703 1548 unusquisque
2731 1481 2962 1536 ﬁdelium
2981 1493 3259 1554 postquam
3282 1501 3344 1540 ex
3373 1488 3482 1541 Deo
3497 1496 3652 1543 natus
3683 1500 3784 1553 est,
3810 1491 3920 1546 sic-

2342 1579 2397 1622 ut
2452 1585 2510 1623 se
2552 1584 2659 1623 non
2695 1571 2891 1627 habere
2929 1585 3198 1641 peccatum
3228 1579 3575 1644 pronuntiare
3603 1596 3708 1634 non
3735 1583 3917 1649 debet,

2345 1659 2423 1713 sic
2458 1659 2596 1728 quod
2631 1660 2958 1717 admittendo
2988 1668 3334 1723 contraxerit.
3379 1670 3666 1723 conﬁdenti
3713 1671 3923 1725 relaxa-

2343 1751 2488 1804 tione
2537 1752 2839 1806 submotum
2878 1767 3152 1822 peccatum
3200 1757 3376 1813 inesse
3419 1775 3524 1813 non
3558 1763 3743 1827 possit,
3784 1763 3920 1818 sicut

674 1853 895 1898 novatus
924 1842 1266 1908 initiatusque
1304 1837 1610 1892 coelestibus
1649 1847 1916 1905 superstes
1968 1846 2020 1890 et
2058 1837 2109 1889 in
2141 1836 2238 1890 hac
2272 1830 2315 1891 Β
2345 1837 2458 1908 ipse
2482 1843 2639 1894 etiam
2670 1851 2880 1896 secutus
2897 1843 3163 1912 adjunxit:
3198 1845 3326 1900 Have
3352 1849 3516 1902 scribo
3545 1851 3700 1916 nobis,
3731 1861 3786 1904 ut
3818 1870 3920 1905 non

675 1933 849 1987 adhuc
879 1932 1198 1986 mortalitate
1226 1930 1548 1991 consistens,
1601 1943 1719 1996 qua:
1757 1943 1848 1980 sua
1897 1937 2021 1980 sunt
2055 1929 2104 1980 in
2153 1942 2239 1983 me

676 2031 1040 2090 competenter
1056 2020 1418 2089 cperantibus,
1444 2017 1508 2072 ad
1523 2033 1704 2072 eorum
1729 2019 2106 2086 plenitudinem
2131 2034 2244 2086 pcr-

677 2116 1064 2181 fectioiietnquc
1106 2113 1325 2177 valeam,
1357 2122 1512 2178 atque
1562 2110 1644 2164 hic
1682 2108 2022 2177 pugnantium
2062 2111 2134 2162 ibi
2174 2114 2244 2164 εἰ

677 2212 1039 2257 consummata
1073 2201 1310 2264 victoria,
1339 2201 1423 2254 ubi
1455 2199 1732 2253 dicendum
1758 2206 1837 2251 est
1860 2216 1872 2250 :
1899 2200 2144 2268 Absorpta
2170 2205 2241 2251 est

679 2311 811 2346 mors
838 2296 887 2346 in.
919 2293 1124 2344 victoria
1147 2307 1166 2344 :
1197 2293 1278 2344 ubi
1309 2302 1400 2356 est,
1433 2307 1587 2360 mors,
1619 2289 1854 2343 stimulus
1896 2291 2054 2342 tuus?
2086 2289 2240 2343 Nunc

675 2393 843 2437 autem
883 2399 972 2452 spe
1006 2382 1131 2435 salvi
1172 2383 1294 2450 facti
1325 2399 1527 2444 sumus;
1555 2398 1665 2450 spes
1696 2390 1864 2432 autem
1891 2397 2003 2449 qua:
2024 2383 2240 2445 videtur,

678 2495 775 2529 non
805 2488 875 2529 est
905 2495 961 2546 sp
992 2492 1048 2538 s;
1070 2492 1187 2528 nain
1217 2478 1349 2543 quod
1380 2476 1508 2528 videt
1543 2477 1670 2542 quis,
1700 2476 1823 2545 quid
1853 2476 2063 2542 sperat?
2088 2477 2244 2528 siau-

680 2575 776 2616 tem
807 2568 941 2634 quod
991 2582 1087 2616 non
1119 2565 1341 2618 ridemus
1373 2581 1650 2632 speramus,
1701 2582 1789 2635 per
1827 2567 2128 2636 patientiam
2157 2583 2244 2620 ea:-

679 2668 959 2724 spectamus
987 2654 1039 2724 (l
1063 2655 1179 2711 Cor.
1205 2671 1297 2720 xv;
1316 2656 1610 2726 Rom.vux).
1632 2657 1774 2711 Satis
1794 2658 1932 2712 clara
1954 2658 2070 2712 lucc
2093 2668 2244 2729 pate-

679 2743 805 2798 fecit
830 2745 916 2812 qui
952 2760 976 2798 s
1004 2754 1021 2797 t
1049 2755 1217 2799 Status
1257 2745 1310 2798 iu
1343 2747 1439 2799 hac
1467 2747 1570 2800 vita
1611 2746 1864 2813 ﬁdelium,
1897 2748 2020 2817 quid
2050 2749 2103 2802 in
2141 2749 2244 2805 ﬁde

681 2844 914 2902 teucaut,
944 2835 1066 2904 quid
1095 2837 1144 2889 in
1168 2850 1261 2905 spe
1283 2838 1598 2904 sustineant,
1631 2838 1757 2907 quid
1781 2847 1885 2892 tota
1909 2840 2128 2897 caritate
2149 2843 2242 2898 de-

679 2924 936 2988 siderent;
970 2926 1106 2994 quod
1131 2935 1294 2980 totum
1325 2929 1692 2982 incunctanter
1720 2928 1840 2983 ideo
1866 2927 1942 2996 ﬁt,
1968 2932 2106 2985 sicut
2125 2932 2244 3000 qui-

2347 1933 2598 1998 peccetis;
2625 1934 2710 1985 sed
2749 1934 2793 1984 si
2834 1935 2946 2002 quis
2994 1938 3291 2005 peccaverit,
3336 1940 3635 1993 advocatum
3681 1943 3922 1998 habemus

2343 2025 2484 2086 apud
2510 2021 2713 2074 Patrem
2734 2025 2958 2093 justum,
2983 2037 3029 2078 et
3051 2027 3157 2096 ipse
3185 2038 3256 2081 est
3281 2031 3575 2096 prapitiatio
3601 2044 3922 2099 peccatorum

2345 2121 2651 2178 nostrorum,
2697 2129 2794 2165 non
2838 2123 3036 2167 tantum
3079 2128 3386 2180 nostrorum,
3422 2119 3513 2171 sed
3556 2121 3708 2173 totius
3745 2126 3922 2176 mundi

2343 2200 2396 2268 (1
2424 2200 2578 2258 Joan.
2614 2203 2692 2270 lt).
2728 2204 2880 2270 Quod
2914 2206 3148 2262 breviter
3177 2207 3465 2266 indicatum
3493 2212 3724 2279 prudens
3753 2215 3922 2267 lector

2346 2309 2440 2362 per
2463 2305 2628 2348 totum
2660 2297 3056 2366 Scripturarum
3079 2315 3271 2370 corpus
3294 2302 3528 2371 copiosis
3555 2304 3750 2372 poterit
3773 2312 3924 2359 teste-

2347 2387 2679 2452 ﬁcationibus
2708 2390 2948 2444 invenire
2979 2399 3032 2445 et
3055 2392 3384 2447 manifestius
3411 2394 3728 2462 approbare.

2416 2477 2504 2533 Sic
2533 2488 2883 2549 temperatum
2914 2492 3110 2536 nostra
3137 2483 3322 2538 salutis
3349 2486 3664 2554 antidotum,
3695 2496 3753 2540 ut
3774 2487 3924 2541 omni

2346 2572 2690 2640 protervitate
2732 2573 2994 2643 deposita,
3026 2577 3112 2644 qui
3145 2576 3394 2646 gloriatur
3415 2593 3513 2630 non
3550 2577 3602 2631 in
3633 2593 3704 2643 se,
3751 2581 3840 2632 sed
3868 2581 3922 2634 in

2347 2662 2564 2717 Domino
2587 2665 2832 2735 glorietur
2853 2663 2940 2732 (II
2971 2665 3089 2720 Cor.
3144 2665 3218 2737 ἡ).
3262 2668 3431 2722 Etiam
3479 2669 3611 2724 illud
3655 2684 3920 2740 praeterea

2343 2754 2682 2823 diligentibus
2734 2755 3048 2812 intuendum
3093 2768 3196 2822 est,
3229 2752 3378 2828 quod
3405 2760 3662 2827 quosdam
3706 2779 3922 2817 movere

2335 2843 2713 2914 perspeximus
2730 2841 2782 2894 id
2803 2841 2946 2910 quod
2964 2841 3040 2894 ait
3051 2839 3397 2910 ApostolusU
3411 2838 3633 2903 Cor.vu)
3651 2854 3774 2894 cum
3793 2855 3898 2892 con
3913 2875 3925 2880 -

2332 2933 2556 3005 jugibus
2591 2931 2949 2999 ﬁdelibusque
2983 2930 3324 2999 loqueretur,
3355 2928 3684 2985 sanctiﬁcari
3712 2930 3925 2984 scilicet

681 3016 800 3069 dam
844 3017 1091 3082 magister
1121 3017 1369 3069 Ecclesia:
1417 3017 1776 3088 (Augustinus)
1821 3019 2089 3087 sapienter
2120 3020 2248 3073 cdo-
2336 3025 2452 3081 sive
2483 3023 2662 3077 virum
2705 3022 2817 3076 sive
2860 3021 3148 3075 mulierem
3175 3020 3451 3075 inﬁdelem
3489 3035 3589 3088 per
3624 3019 3922 3089 cujuslibet

680 3111 808 3172 cuit,
850 3109 1030 3161 dicens
1066 3125 1077 3160 :
1121 3108 1199 3162 Ad
1241 3124 1480 3177 magnam
1519 3110 1655 3164 enim
1701 3111 1977 3165 utxlitatem
2011 3113 2245 3167 ﬁdelium
2285 3128 2504 3178 _sexus
2531 3112 2690 3166 ﬁdele
2725 3111 3062 3166 consortium
3089 3119 3181 3165 :et
3215 3109 3484 3178 imprimis
3515 3125 3626 3164 non
3655 3110 3919 3165 inconve-

683 3202 903 3252 materia
948 3210 1027 3252 est
1062 3212 1268 3254 servata
1311 3206 1680 3267 certaminum,
1721 3211 1776 3256 ut
1814 3219 1919 3258 non
1972 3207 2246 3274 superbiat
2277 3168 2551 3257 cnienter
2581 3201 2824 3256 occurrit
2853 3201 3001 3270 quod
3035 3201 3244 3256 dictum
3276 3201 3456 3255 estde
3489 3199 3698 3255 foedere
3722 3203 3920 3270 conju—

683 3291 933 3344 sanctitas
971 3291 1092 3345 dum
1131 3293 1366 3360 pulsatur
1416 3294 1718 3360 inﬁrmitas,
1766 3312 1870 3366 quo
1909 3298 2110 3352 scilicet
2150 3314 2246 3353 sua
2334 3290 2863 3362 εθιίεΕηιηεάιιοίη
2887 3307 3045 3344 carne
3063 3309 3171 3345 una
3191 3291 3563 3362 (Cen-ll)-Pel‘
3579 3291 3725 3360 quod
3748 3292 3920 3360 DOSSil

684 3381 865 3433 saltem
893 3379 1171 3449 lragi'itatc
1201 3387 1518 3438 commonita
1558 3383 1674 3453 post
1714 3387 1941 3451 ruinam,
1973 3403 2075 3441 non
2109 3389 2160 3442 in
2189 3403 2249 3444 se
2336 3391 2738 3451 consequenter
2761 3382 3016 3451 intelligi,
3037 3384 3375 3452 utquoniam
3412 3382 3920 3453 cujuslibetconju-

688 3470 815 3527 ﬁdat
844 3483 1022 3525 nostra
1049 3473 1302 3540 conditio,
1347 3475 1439 3529 sed
1471 3477 1536 3530 ad
1581 3477 1721 3530 illius
1756 3477 2138 3533 incessabiliter
2166 3495 2248 3533 re-

2343 3474 2421 3543 gis
2449 3473 2627 3527 ﬁdclis
2645 3487 2848 3541 corpus
2877 3474 3138 3541 templum
3173 3481 3255 3526 est
3273 3471 3462 3536 Dei,et
3501 3472 3918 3541 regeneratione

688 3571 860 3614 currat
892 3561 1304 3618 miscricordiam
1327 3564 1685 3632 reformanda,
1718 3567 1866 3636 cujus
1893 3571 2114 3636 gratiam
2146 3584 2249 3622 non
2341 3573 2629 3634 purgatum
2650 3605 2664 3629 ,
2702 3564 2985 3634 divinique
3021 3563 3418 3620 sanctiﬁcatum
3457 3579 3555 3633 per
3581 3563 3918 3632 puriﬁcatio-

689 3651 993 3723 quaerendo,
1015 3669 1111 3709 nec
1134 3655 1186 3710 in
1217 3656 1444 3725 paradisi
1475 3659 1642 3723 potuit
1664 3659 1972 3713 intemerata
2003 3659 2252 3714 felicitate

690 3765 718 3804 c
757 3761 954 3817 nstare,
983 3750 1253 3819 discatque
1278 3749 1392 3802 sine
1415 3751 1502 3803 tali
1527 3750 1772 3819 praesidio
1794 3752 1915 3805 inde
1939 3753 2136 3819 lapsam
2161 3767 2252 3819 per

690 3843 828 3908 quod
860 3841 1133 3896 instruitur
1162 3850 1281 3907 post
1307 3853 1569 3895 utrumnas
1607 3841 1672 3894 ad
1711 3842 1896 3912 gaudia
1929 3843 2101 3896 redire
2131 3857 2250 3910 per-

694 3941 878 3995 petua;
924 3931 1195 3998 multoque
1225 3945 1282 3983 se
1320 3931 1484 3996 magis
1530 3931 1847 3984 incolumem
1880 3931 1979 3983 hoc
2018 3930 2252 3983 subsidio

694 4021 890 4074 durare
929 4020 1179 4086 potuisse,
1212 4033 1315 4088 quo
1346 4035 1451 4072 non
1493 4021 1663 4072 solum
1704 4019 1771 4073 ad
1811 4021 2094 4073 creatiouis
2141 4034 2254 4073 sua:

694 4110 965 4162 reducitur
989 4110 1308 4172 institutum,
1337 4111 1428 4163 sed
1465 4111 1529 4163 ad
1557 4112 1774 4163 cmleste
1815 4122 2136 4178 prcharatur
2164 4116 2255 4161 tia-

695 4202 998 4256 bitaculutn.
1048 4202 1178 4254 lluic
1207 4209 1379 4254 autem
1408 4201 1748 4269 disputationi
1790 4201 1976 4254 nullatt
1990 4217 2088 4255 nus
2115 4203 2256 4256 a'sti-

695 4301 868 4346 metur
889 4308 1007 4346 esse
1041 4295 1388 4358 contrarium,
1411 4294 1550 4361 quod
1583 4295 1634 4346 in
1663 4293 1896 4362 Epistola
1944 4309 2039 4349 sua
2072 4295 2254 4349 beatus

694 4380 928 4437 Joannes
959 4383 1230 4451 apostolus
1260 4390 1315 4437 et
1340 4384 1662 4454 evangelis'a
1685 4383 1962 4437 disseruit:
2000 4384 2130 4449 Quia
2168 4385 2254 4452 qui

697 4483 847 4526 natus
877 4483 948 4526 est
983 4490 1046 4526 ea:
1077 4472 1201 4533 Deo,
1230 4489 1328 4525 non
1360 4483 1526 4540 peccat
1555 4472 1602 4543 (Ι
1634 4471 1788 4527 Joan.
1813 4471 1917 4541 Ill),
1947 4483 2001 4527 ut
2049 4490 2114 4527 ex
2154 4473 2253 4526 hoc

697 4563 941 4618 videlicet
971 4562 1061 4631 qui
1086 4565 1379 4631 regenerati
1408 4571 1550 4627 sunt,
1569 4577 1672 4617 non
1699 4577 1916 4631 peccare
1938 4565 2252 4622 credantur:

696 4654 834 4723 quod
867 4655 1046 4722 utique
1074 4653 1118 4706 si
1148 4669 1211 4706 eo
1238 4669 1420 4720 sensu,
1447 4653 1583 4710 sicut
1606 4655 1816 4723 quidam
1858 4669 1962 4708 non
1993 4667 2136 4708 recte
2168 4656 2257 4722 ju-

699 4743 939 4796 dicantes
981 4747 1325 4810 arbitrantur,
1371 4747 1449 4797 vir
1489 4759 1707 4813 magnus
1760 4744 1849 4799 ille
1887 4745 2259 4813 prompsisset,

701 4833 1067 4888 uuiversaliter
1094 4835 1270 4903 utique
1295 4836 1538 4905 quisquis
1569 4845 1785 4888 renatus
1819 4845 1963 4890 esset
2000 4836 2109 4904 jam
2147 4851 2264 4903 pec-

697 4936 821 4976 care
844 4938 945 4976 nou
971 4933 1166 4991 posset.
1201 4925 1394 4980 Deinde
1412 4935 1591 4980 contra
1621 4927 1758 4980 hunc
1782 4927 2026 4981 eumdem
2051 4936 2267 4994 aposto-

703 5017 809 5067 lum
841 5016 1038 5068 senti:e
1067 5016 1417 5080 convincitur,
1459 5017 1501 5070 si
1543 5019 1661 5086 quis
1709 5018 1809 5071 hoc
1850 5034 1968 5072 cum
2012 5018 2263 5072 deﬁnisse

704 5107 1010 5172 praetendit;
1043 5107 1286 5176 idemque
1324 5109 1517 5176 quippe
1545 5095 1672 5162 dicit
1702 5109 1825 5164 alibi
1851 5128 1864 5164 :
1897 5110 1957 5165 Si
1987 5111 2266 5167 dixerimus

701 5198 819 5265 quia
849 5210 1109 5266 pettatum
1153 5215 1251 5250 non
1278 5200 1534 5266 habemus,
1571 5217 1662 5252 nos
1699 5204 1835 5267 ipsos
1873 5203 2178 5272 reducimus,
2218 5213 2265 5259 et

702 5291 880 5340 reritas
918 5289 970 5339 in
1010 5288 1147 5341 nobis
1180 5303 1277 5340 non
1308 5304 1375 5343 est
1407 5291 1454 5360 (1
1503 5289 1658 5344 Joan.
1697 5293 1767 5362 t):
1822 5294 1885 5347 Et
1925 5295 2115 5350 iterum
2151 5312 2165 5349 :
2204 5296 2266 5350 Si

705 5381 977 5432 dixerimus
1018 5381 1137 5448 quia
1187 5398 1288 5433 non
1342 5399 1626 5446 peccamus,
1674 5387 1961 5438 mendacem
2019 5388 2266 5455 faciemus

705 5485 837 5533 eum,
869 5479 914 5522 et
938 5474 1136 5521 uerbum
1161 5473 1270 5540 ejus
1306 5489 1401 5524 non
1444 5475 1536 5524 erit
1584 5475 1635 5525 in
1666 5476 1846 5540 nobis;
1876 5485 1928 5528 et
1955 5477 2129 5544 utique
2163 5480 2264 5534 hoc

708 5571 883 5611 tantus
913 5573 962 5614 et
995 5563 1111 5614 talis
1142 5563 1351 5615 dicebat
1383 5565 1647 5631 apostolus
1668 5582 1682 5630 ;
1705 5567 1853 5634 Cujus
1874 5569 1916 5620 si
1949 5570 2064 5636 quis
2095 5569 2265 5637 potio—

709 5669 817 5705 mn
839 5667 896 5705 se
919 5669 1014 5703 mea
1033 5657 1115 5706 itis
1137 5658 1397 5710 aestimare
1421 5659 1708 5723 contendit,
1727 5663 1838 5727 ipse
1862 5660 2031 5714 videat
2054 5674 2266 5717 caveat-

705 5760 810 5811 ρας
840 5759 904 5800 ue
920 5746 1057 5800 littlid
1079 5758 1114 5800 .t
1137 5763 1183 5800 in
1214 5747 1495 5804 mortium:
1517 5752 2256 5819 ιττωεὶρὶίηιὶοηὶεὠτιιρῑιιιη.

2343 3670 2466 3708 nem
2493 3655 2760 3725 mysterii,
2778 3655 3079 3711 secundum
3096 3656 3386 3723 quemdam
3407 3656 3651 3718 modum,
3671 3670 3767 3723 per
3783 3668 3917 3707 con-

2336 3748 2540 3818 jugalis
2563 3748 2830 3802 unitatem
2875 3748 3056 3802 carnis
3074 3747 3238 3801 etiam
3264 3747 3512 3817 conjugis
3533 3744 3772 3798 inﬁdelis
3794 3760 3918 3798 san-

2342 3833 2601 3888 ctiﬁcatio
2619 3849 2818 3904 corpus
2831 3835 3079 3902 attingat,
3096 3834 3363 3903 longeque
3381 3833 3546 3886 distet
3564 3834 3664 3886 ista
3682 3833 3918 3886 societas

2345 3926 2411 3978 ab
2435 3925 2529 3978 illo
2548 3927 2825 3979 consortio
2847 3925 2993 3994 quod
3030 3926 3083 3979 in
3111 3925 3360 3993 utrisque
3399 3923 3724 3992 conjugibus
3759 3922 3919 3975 idolis

2347 4017 2718 4085 mancipatum
2734 4029 2838 4081 est,
2857 4028 2912 4071 et
2928 4015 3196 4070 immundi
3210 4015 3434 4084 spiritus
3445 4015 3786 4068 habitatione
3806 4013 3895 4082 pol

2348 4105 2544 4170 lutum,
2568 4106 2696 4160 dum
2720 4107 2772 4159 in
2797 4107 2887 4160 illo
2906 4122 3108 4175 genere
3144 4106 3459 4175 nuptiarum
3486 4121 3582 4173 per
3622 4106 3794 4172 legem
3813 4104 3919 4156 im-

2349 4198 2558 4267 dusque
2582 4198 2819 4269 conjugii
2844 4197 2910 4251 ad
2937 4197 3169 4252 alterum
3203 4198 3418 4251 tametsi
3452 4196 3786 4250 nescientem
3812 4195 3923 4247 ior-

2351 4290 2489 4342 sitan
2509 4304 2610 4344 nec
2623 4290 2896 4344 volentem
2913 4289 3099 4343 divina
3113 4288 3428 4344 benedictio
3445 4304 3542 4357 per
3554 4287 3781 4341 alterius
3799 4285 3923 4339 uni-

2355 4389 2419 4435 tae
2444 4381 2548 4434 sibi
2580 4379 2760 4434 carnis
2777 4378 3010 4434 accedit.
3033 4379 3094 4434 ln
3118 4380 3223 4435 isto
3246 4395 3397 4445 vero,
3416 4389 3472 4433 et
3496 4377 3816 4446 principalis
3832 4377 3922 4430 illa

2345 4468 2640 4525 foruicatio
2655 4485 2761 4538 qua
2779 4469 2958 4523 anima
2981 4469 3252 4524 alienatur
3272 4484 3301 4523 a
3318 4469 3428 4523 Deo
3441 4475 3497 4523 et
3517 4468 3747 4537 spiritus
3769 4467 3924 4536 pravi

2345 4561 2658 4631 contagium
2678 4570 2788 4613 tam
2809 4560 3001 4615 reddat
3019 4569 3316 4630 utrumque
3338 4562 3626 4630 conjugem
3643 4559 3921 4613 detestan-

2344 4653 2410 4707 da
2431 4653 2885 4722 coinquinatioue
2908 4655 3262 4718 maculatum,
3286 4669 3450 4723 quam
3473 4653 3541 4706 ab
3571 4652 3660 4705 illa
3680 4650 3783 4705 ﬁde
3805 4665 3928 4719 quae

2344 4746 2506 4800 corda
2524 4744 2778 4814 puriﬁcat
2793 4759 3019 4799 summae
3036 4745 3344 4800 Divinitatis
3358 4741 3930 4809 externustsic).l)ein-

2345 4836 2412 4890 de
2429 4851 2534 4889 non
2554 4835 3291 4905 irrationabilitcr(quantum
3312 4833 3631 4902 arbitror)et
3649 4833 3779 4886 illud
3799 4847 3928 4886 con-

2345 4928 2600 4991 currit,ut
2617 4928 2866 4981 oratione
2881 4925 3057 4980 ﬁdelis
3073 4927 3337 4998 cujusque
3356 4925 3604 4996 conjugis
3621 4926 3692 4979 eti
3708 4941 3784 4978 1m
3803 4924 3926 4977 inti-

2345 5018 2449 5072 deli
2466 5017 2839 5072 misericordia
2852 5027 3272 5087 quantacunque
3287 5025 3574 5086 praestetur
3588 5015 3672 5069 vel
3689 5018 3800 5085 ipsa
3819 5030 3930 5069 cerv

2348 5115 2400 5162 te
2417 5123 2536 5176 quae
2552 5107 2620 5161 ad
2638 5108 2868 5161 salutem
2887 5107 3161 5178 pertineat
3185 5109 3543 5177 temporalem
3576 5124 3589 5159 :
3620 5105 3674 5159 in
3693 5122 3800 5175 qua
3821 5106 3924 5158 mi-

2346 5200 2646 5254 sericordia
2663 5215 2775 5253 non
2793 5216 2985 5270 parum
3000 5199 3199 5255 divinae
3223 5201 3444 5270 pietatis
3457 5199 3691 5270 acquirit
3717 5216 3729 5252 :
3757 5208 3812 5252 et
3829 5215 3926 5266 per

2348 5289 2454 5344 hoc
2475 5291 2778 5345 secundum
2797 5290 3087 5360 quemdam
3110 5291 3327 5344 modum
3342 5292 3620 5360 particeps
3637 5288 3926 5342 divinaedi-

2349 5379 2620 5450 guationis
2640 5380 2868 5435 eﬁ‘ectus
2887 5381 3142 5436 edicitur.
3164 5381 3218 5436 Si
3239 5382 3384 5436 enim
3400 5381 3613 5449 cibiqui
3639 5394 3736 5448 per
3752 5379 3924 5448 legem

2348 5483 2557 5523 sacram
2576 5468 2962 5524 describuntur
2979 5470 3369 5539 immundi,pcr
3383 5471 3607 5524 verbum
3628 5469 3718 5522 Dei
3734 5469 3928 5522 sancti-

2353 5564 2502 5619 ﬁcari
2525 5566 3081 5633 testatur-Apostolus,
3102 5565 3246 5620 unde
3281 5565 3445 5644 etiam
3475 5564 3606 5618 illud
3630 5573 3713 5617 est
3736 5583 3750 5617 :
3777 5563 3930 5629 Quod

2351 5656 2490 5709 Deus
2522 5657 2812 5722 inundavit,
2845 5667 2900 5709 tu
2927 5672 3197 5709 commune
3221 5671 3283 5710 ne
3315 5656 3510 5709 dixeris
3540 5654 3674 5724 (Act.
3699 5657 3792 5722 x);
3823 5670 3928 5709 non

2348 5747 2452 5801 erit
2471 5746 2769 5803 absurdum
2788 5763 2887 5802 nec
2906 5746 3298 5803 inconveniens
3321 5746 3467 5816 quod
3497 5760 3592 5816 per
3610 5746 3786 5801 ﬁdelis
3802 5762 3932 5801 cou-
