4154 6382
308 420 401 477 1ζ9

1499 404 1849 463 EPISTOLJE
1894 400 1977 457 ΕΤ
2023 401 2358 456 UECltETA.

3480 395 3580 453 tsu

290 534 437 602 jugis
455 548 691 603 precem,
714 547 872 602 quam
895 530 1005 585 ﬁeri
1030 527 1251 598 proipsa
1268 533 1470 579 certum
1494 519 1875 577 e~taffectione
1913 523 1954 577 Α
1985 518 2199 584 dignus,
2226 531 2333 583 quo
2355 529 2412 569 se
2440 514 2555 583 ipse
2583 514 2842 583 judicavit
2880 514 3175 583 indignum,
3206 516 3579 585 patienterque

296 624 552 692 conjugii,
575 624 771 694 aliquid
787 625 947 678 etiam
970 620 1191 674 infidelis
1214 618 1405 683 conjux
1420 610 1878 675 sanctiﬁcationis,

296 714 720 768 misericordiam
749 713 981 766 divinam
1012 723 1170 778 quam
1208 706 1383 761 ﬁdelis
1418 704 1660 772 conjugis
1693 701 1883 769 implo-

295 813 380 857 rat
411 804 751 874 supplicatio,
784 811 1164 870 consequatur,
1190 800 1452 869 longeque
1480 796 1695 849 differat
1721 794 1885 864 (sicut

293 894 502 950 dictum
530 894 633 962 est)
670 894 736 946 ab
770 893 859 947 illo
881 892 1147 946 connubio
1178 892 1227 943 in
1256 903 1361 959 quo
1391 890 1597 956 utrique
1627 886 1883 954 conjuges

292 1000 323 1037 a
353 1000 493 1038 verae
530 984 832 1039 Divinitatis
860 993 985 1037 sunt
1023 982 1251 1050 puritate
1278 978 1468 1042 exteri,
1496 985 1550 1031 et
1580 975 1880 1028 voluntarie

296 1074 553 1139 submoti,
578 1074 670 1130 sed
704 1074 1004 1127 immundos
1038 1073 1248 1139 utrique
1279 1071 1497 1138 Spiritus
1546 1069 1878 1128 invocantes,

300 1168 414 1235 pari
450 1167 785 1222 immunditia
827 1174 952 1220 sunt
982 1162 1183 1219 referti.
1213 1162 1343 1217 Nam
1377 1162 1448 1226 si,
1480 1160 1884 1229 comparatione

300 1256 495 1310 levium
528 1259 607 1311 vel
640 1257 879 1326 gravium
918 1265 1275 1324 peccatorum,
1310 1252 1635 1321 justiﬁeatus
1661 1250 1881 1314 dititur,

299 1346 368 1399 ab
390 1361 455 1400 eo
478 1347 566 1414 qui
596 1346 891 1414 majoribus
914 1356 994 1398 est
1022 1345 1164 1399 vitiis
1188 1344 1457 1398 involutus
1488 1342 1577 1396 ille
1604 1356 1759 1411 quem
1787 1339 1883 1393 mi-

301 1453 402 1492 nor
432 1448 611 1493 reatus
643 1439 870 1491 involvit
914 1438 1074 1509 (sicut
1104 1437 1303 1491 dicitur
1334 1436 1399 1490 ad
1446 1434 1742 1490 Jerusalem
1768 1448 1883 1500 quae

301 1538 428 1584 tunc
458 1530 741 1583 criminum
772 1540 826 1583 et
866 1530 1370 1598 praevaricationum
1410 1527 1741 1581 immanitate
1782 1524 1886 1578 fer-

298 1619 455 1674 vebat
472 1617 803 1687 :Jusliﬁcasti
820 1637 1045 1673 sororem
1060 1628 1198 1671 tuam
1222 1618 1501 1674 Sodomam
1524 1618 1733 1686 (Ezrch.
1754 1616 1881 1690 xvi),

302 1722 504 1781 quanto
556 1712 722 1781 magis
766 1712 1082 1782 justlllcatio
1126 1714 1211 1767 vtl
1242 1712 1615 1776 sanctiﬁcatio,
1648 1713 1747 1766 etsi
1780 1728 1884 1766 non

300 1804 456 1874 plena
505 1813 668 1872 atque
715 1803 972 1871 perfecta,
1013 1802 1305 1858 secundum
1363 1813 1539 1859 tamen
1600 1804 1881 1874 quemdam

1988 608 2122 660 ferat
2163 605 2335 659 fidelis
2369 604 2562 673 conjux
2606 605 2696 658 illo
2732 618 2793 659 se
2831 604 3066 658 caruisse
3119 604 3390 673 cettjugio,
3435 607 3576 674 quod

1987 698 2279 751 fornicatur
2308 711 2335 747 a
2364 696 2493 757 Deo,
2525 696 2609 749 eui
2640 696 2779 749 idem
2809 696 3004 764 conjux
3039 694 3213 749 fidelis
3266 694 3578 751 inhaerenth

1988 789 2332 857 principalem
2379 786 2471 841 Dei
2516 787 2711 842 retinet
2751 788 3071 841 castitatem.
3117 789 3298 854 Itaque
3338 796 3391 840 et
3428 788 3580 841 adul-

1987 890 2102 934 tero
2131 886 2297 944 caret,
2328 888 2378 933 et
2408 892 2474 933 eo
2505 877 2594 945 qui
2638 878 2843 945 respuit
2874 894 2975 929 una
3004 879 3267 932 veraciter
3298 879 3411 931 ﬁeri
3452 892 3577 931 caro

1985 985 2103 1023 cum
2132 970 2357 1038 conjuge
2379 968 2489 1036 jam
2520 968 2683 1031 ﬁdeli,
2715 984 2811 1022 nec
2834 971 3061 1023 aestimet
3093 968 3256 1022 fuisse
3280 969 3573 1036 l-gititnum

1984 1059 2127 1128 quod
2159 1059 2337 1113 divina
2367 1057 2469 1112 sibi
2516 1058 2822 1127 despexerit
2856 1058 2972 1127 lege
2999 1059 3268 1127 conjugii;
3302 1074 3364 1112 ac
3396 1060 3575 1127 potius

1986 1148 2215 1203 libenter
2242 1148 2469 1216 accipiat
2494 1163 2639 1213 eum,
2666 1149 2755 1216 qui
2781 1151 2955 1202 anima
2984 1161 3260 1217 separatus
3282 1164 3311 1203 a
3337 1150 3445 1203 Deo
3467 1160 3570 1216 est,

1985 1249 2036 1293 et
2058 1254 2087 1293 a
2114 1254 2174 1294 se
2195 1255 2406 1309 quoque
2436 1255 2663 1309 corpore
2693 1240 2858 1295 fuisse
2890 1243 3135 1297 divisum.

2056 1331 2359 1386 Secundum
2407 1331 2550 1387 hunc
2599 1333 2762 1402 igitur
2816 1334 3031 1386 modum
3078 1336 3239 1387 etiam
3279 1337 3344 1389 de
3390 1336 3572 1389 talium

1987 1421 2110 1473 ﬁliis
2139 1423 2506 1491 accipiendum
2537 1431 2653 1486 est,
2683 1424 2822 1489 quod
2858 1424 2965 1476 illic
3004 1437 3398 1493 consequenter
3428 1441 3575 1481 asse-

1987 1512 2142 1579 titur,
2188 1514 2277 1567 ubi
2322 1512 2616 1584 Apostolus
2668 1516 2855 1583 :qttod
2908 1516 3009 1568 nisi
3062 1516 3175 1570 hmc
3218 1517 3575 1571 sanctiﬁcatio

1988 1604 2127 1657 inter
2151 1603 2454 1673 hujusmodi
2485 1604 2742 1674 conjuges
2764 1605 3103 1673 proveniret,
3132 1604 3225 1659 ﬁlii
3252 1622 3436 1660 eorum
3470 1610 3571 1663 itu-

1987 1695 2170 1748 mundi
2218 1706 2397 1751 essent
2424 1737 2439 1761 ,
2476 1712 2615 1751 nunc
2648 1710 2827 1751 autem
2868 1698 3039 1751 sancti
3062 1708 3205 1752 sunt.
3242 1701 3420 1754 Sancti
3451 1711 3575 1753 sunt

1988 1788 2154 1851 enim,
2196 1787 2487 1841 secundum
2520 1788 2807 1856 quemdam
2839 1790 3057 1842 modum
3087 1790 3137 1842 in
3171 1793 3575 1858 comparatione

300 1896 515 1947 modum
539 1906 908 1962 competenter
934 1897 1214 1964 accipitur,
1244 1896 1331 1949 ubi
1357 1912 1460 1948 non
1485 1897 1655 1950 solum
1682 1912 1708 1947 a
1741 1896 1881 1950 ﬁdeli

2012 1880 2199 1932 llurum
2245 1880 2332 1947 qui
2364 1895 2429 1935 ex
2462 1882 2699 1950 utrisque
2724 1882 3036 1950 parentibus
3076 1882 3422 1935 immunditiae
3463 1884 3576 1935 dia-

298 1987 527 2055 conjuge
567 1989 742 2041 minus
790 1996 1063 2055 peceatur,
1095 1989 1186 2042 sed
1235 1989 1301 2041 ab
1342 2003 1408 2043 eo
1444 1990 1603 2043 etiam
1658 1990 1883 2059 conjuge

300 2092 334 2145 p
369 2086 584 2131 ccatore
613 2078 907 2132 remedium
945 2093 1169 2133 summa:
1211 2079 1511 2133 Divinitatis
1548 2082 1882 2148 exposeitur,

300 2184 461 2237 quam
497 2170 586 2223 ubi
634 2184 663 2223 a
698 2170 1016 2240 conjugibus
1045 2172 1283 2240 utrisque
1313 2172 1590 2240 peccaturi
1628 2172 1759 2227 Nam
1798 2188 1885 2228 se-

300 2260 535 2314 cundum
560 2262 845 2329 quemdam
881 2261 1098 2315 modum
1122 2264 1258 2315 hanc
1284 2260 1761 2317 sanctiﬁcatiunem
1790 2280 1883 2331 per

304 2351 515 2405 ﬁdelem
559 2351 838 2422 conjugem
879 2354 1035 2407 etiam
1089 2353 1290 2407 inﬁdeli
1336 2355 1546 2423 conjugi
1606 2357 1885 2423 pervenire

304 2441 419 2495 ha-c
445 2444 554 2510 ipsa
583 2445 741 2498 verba
769 2454 1030 2499 testantur
1056 2446 1326 2513 Apostoli;
1352 2446 1611 2515 siquidem
1642 2461 1745 2499 non
1775 2446 1884 2513 jatn

306 2535 573 2589 inﬁdelem
605 2550 632 2588 c
673 2536 884 2605 njugem
912 2537 1198 2606 legitimam
1231 2538 1701 2591 sanctiﬁcationem
1740 2552 1885 2590 sum—

306 2626 477 2695 psisse
502 2630 803 2691 conﬁrmat,
820 2628 938 2697 quia
958 2644 1049 2693 per
1069 2628 1280 2682 ﬁdelem
1308 2629 1425 2697 conj
1438 2645 1587 2697 ngem
1615 2628 1883 2697 quippiam

304 2716 740 2771 sanctiﬁcationis
770 2721 1028 2787 acquirat.
1073 2719 1311 2789 Denique
1337 2736 1436 2789 qua
1476 2721 1543 2774 sit
1584 2722 1888 2776 conditione

305 2808 603 2860 censmdtts
640 2818 855 2862 secutus
885 2809 1125 2879 adjunxit
1156 2828 1168 2862 :
1218 2809 1356 2863 Nam
1390 2812 1432 2864 si
1458 2813 1703 2880 inﬁdelis,
1727 2813 1887 2865 disce-

305 2895 393 2947 dat
413 2895 459 2963 (Ι
481 2894 599 2949 Cor.
626 2896 742 2968 vn),
772 2901 1007 2967 nonjam
1038 2901 1159 2954 inde
1181 2912 1428 2969 tauquam
1453 2903 1661 2957 fidelem
1694 2903 1887 2968 suscipi

304 2986 606 3053 designans,
642 2990 760 3056 quin
808 3003 900 3055 per
938 2989 1052 3043 h:cc
1084 3005 1202 3058 qua:
1238 2992 1378 3045 dicta
1421 3002 1545 3045 sunt
1588 2992 1785 3059 aliquid
1824 2995 1889 3045 ad

304 3092 425 3129 cum
462 3081 700 3145 pervenit
742 3080 915 3133 ﬁdelis
952 3081 1212 3150 conjugis,
1256 3081 1373 3135 site
1413 3084 1763 3146 consortium,
1796 3098 1889 3136 seu

304 3182 517 3235 precem
543 3169 734 3222 divinae
758 3170 1195 3225 sanctiﬁcationis
1220 3183 1273 3225 et
1302 3179 1509 3241 gratia),
1534 3175 1627 3227 sed
1655 3175 1753 3255 nisi
1778 3177 1892 3243 ipse

305 3232 516 3325 quoque
545 3257 716 3312 ﬁdelis
764 3261 977 3323 existat,
1025 3276 1120 3329 pro
1162 3232 1362 3316 infideli
1396 3264 1457 3315 θίι
1497 3232 1685 3331 ⁷ριόςιῆ
1730 3232 1892 3321 dubio
1920 3232 1965 3293 Ο

306 3346 645 3414 iudicandus.
677 3348 768 3401 Est
798 3349 955 3401 etiam
980 3350 1069 3403 ille
1099 3350 1286 3405 modus
1319 3352 1514 3407 infideli
1536 3354 1748 3423 COnjugi
1772 3370 1894 3408 san-

307 3437 644 3491 ctiﬁcationis
676 3438 1041 3507 impertienda:
1072 3457 1163 3507 per
1188 3441 1468 3511 conjugem
1498 3444 1605 3511 jam
1656 3444 1890 3509 ﬁdelem,

306 3528 352 3580 si
378 3527 499 3581 huic
530 3528 958 3583 exhortationem
988 3533 1354 3587 conversionis
1385 3535 1448 3587 ad
1490 3539 1677 3601 Deum,
1707 3548 1756 3589 et
1782 3551 1896 3589 cre-

308 3618 587 3672 dulitatem
627 3635 851 3676 summa:
905 3622 1199 3678 Divinitatis
1247 3625 1503 3691 insinuet,
1563 3628 1895 3696 majestatem

308 3708 664 3777 virtutemque
694 3710 803 3779 ejus
854 3712 1103 3779 inculcet,
1151 3724 1204 3769 et
1247 3730 1339 3784 per
1366 3716 1614 3771 affectum
1660 3719 1894 3789 conjugii

310 3812 431 3850 eum
464 3797 669 3853 facilius
701 3799 953 3855 informet
988 3812 1042 3858 et
1073 3804 1289 3860 inclinet
1328 3806 1392 3859 ad
1432 3807 1613 3872 ﬁdem,
1650 3820 1897 3863 astruens

310 3905 426 3957 quae
446 3890 516 3944 sit
545 3906 669 3960 spes
702 3894 751 3944 in
779 3909 939 3947 unum
972 3896 1138 3950 Deum
1162 3899 1523 3965 Cl'CdCllllbUs,
1550 3904 1629 3953 vel
1666 3902 1717 3954 in
1744 3902 1897 3970 hujus

311 3982 435 4037 vitae
473 3999 657 4052 cursu,
687 3986 771 4040 vel
804 3998 923 4055 post
952 3989 1067 4057 ejus
1110 3990 1386 4045 transitum
1420 4008 1537 4061 qua:
1582 3996 1793 4063 requies
1833 3995 1900 4048 sit

313 4076 509 4130 futura.
541 4076 665 4132 llaec
692 4093 812 4132 cum
844 4095 937 4149 per
970 4081 1217 4135 fiduciam
1240 4084 1467 4154 conjugii
1499 4086 1699 4140 sanctis
1724 4088 1898 4141 verbis

312 4182 406 4221 cor
444 4168 560 4237 ejus
605 4171 816 4223 aSsidua
848 4186 979 4226 voce
1027 4174 1286 4238 pulsando
1339 4177 1533 4244 conqu
1585 4178 1753 4231 ﬁdelis
1794 4178 1902 4233 fre-

313 4271 539 4329 quenter
588 4262 841 4326 insinuat,
883 4263 1077 4319 divinae
1120 4267 1561 4321 sanctiﬁcationis
1604 4270 1802 4332 eidem,
1848 4279 1901 4324 et

314 4352 479 4404 menti
524 4352 570 4420 ej
616 4368 661 4418 s,
707 4361 761 4407 et
790 4355 1002 4423 corpori
1050 4358 1299 4427 prepinat
1350 4358 1619 4425 effectum,
1664 4362 1802 4413 sicut
1830 4363 1902 4414 ait

315 4444 501 4495 Icatus
551 4442 737 4498 Petrus
772 4446 1088 4513 apostolus:
1137 4447 1387 4503 Similiter
1414 4452 1648 4505 mulieres
1688 4453 1904 4506 subdita:

314 4536 413 4586 sint
440 4536 579 4601 viris,
612 4548 664 4587 ut
692 4538 735 4590 si
758 4538 842 4606 qui
872 4554 969 4591 non
993 4540 1203 4593 credunt
1230 4540 1396 4607 verbo,
1422 4559 1512 4611 per
1534 4545 1760 4598 mulieris
1784 4561 1903 4598 con-

316 4638 387 4675 re:
401 4625 649 4676 satiauem
667 4627 774 4677 sine
793 4627 939 4680 verbo
957 4630 1047 4680 luc,
1068 4628 1235 4697 i/iaul,
1255 4632 1631 4685 considerantes
1647 4634 1698 4685 in
1723 4634 1807 4685 tim
1818 4651 1901 4687 ore

317 4723 507 4768 custom
542 4719 970 4771 conversationem
1015 4732 1228 4773 restrain
1262 4720 1313 4789 (l
1361 4722 1476 4776 Pet.
1519 4724 1629 4793 tn);
1660 4741 1818 4794 quam
1855 4727 1899 4780 si

318 4822 412 4875 per
443 4806 857 4861 familiaritatem
893 4811 1146 4879 suscipiat
1177 4812 1537 4882 conjugalem,
1569 4823 1623 4869 et
1661 4816 1755 4870 Dei
1786 4832 1904 4885 gra-

320 4897 447 4949 tiam
489 4898 591 4951 sibi
630 4913 727 4967 pl-r
757 4898 1003 4953 affectum
1036 4902 1269 4973 conjugii
1314 4905 1667 4961 ministratam
1711 4924 1818 4962 non
1854 4912 1905 4962 in

320 5002 380 5040 va
420 5002 542 5040 num
567 4989 786 5057 recipiat
807 5000 860 5044 et
880 4990 1093 5059 refutet,
1119 4995 1175 5047 fit
1202 4996 1553 5051 sanctiﬁcatio
1577 5016 1670 5065 per
1695 5000 1902 5054 ﬁdelem

318 5077 602 5145 conjugem
630 5078 870 5148 conjugis
898 5081 1149 5148 inﬁdelis,
1182 5084 1307 5139 dum
1351 5086 1498 5141 hisce
1531 5088 1704 5143 modis
1734 5105 1799 5143 ex
1824 5090 1906 5144 in-

320 5168 578 5223 fidelitate
632 5169 681 5222 in
725 5172 1055 5226 consortium
1109 5176 1544 5233 sanctiﬁcationis
1596 5181 1903 5235 attrahitur.

320 5260 571 5329 Alioquin
615 5260 659 5313 si
693 5260 923 5316 oblatam
967 5265 1065 5319 sibi
1117 5267 1341 5335 gratiam
1392 5286 1490 5329 nec
1528 5286 1622 5339 per
1661 5271 1908 5326 aﬁ‘ectum

320 5350 544 5419 suscipit
574 5351 929 5421 conjugalem,
964 5370 1083 5424 quae
1117 5356 1170 5410 in
1202 5372 1425 5411 vacuum
1465 5371 1570 5413 tatn
1602 5360 1797 5415 divina:
1829 5362 1909 5415 di-

321 5442 607 5509 guationis,
642 5457 799 5511 quam
829 5445 987 5499 etiam
1014 5446 1260 5503 humana:
1283 5451 1567 5521 singularis
1608 5453 1907 5508 affectionis

320 5533 538 5597 oblitus,
586 5536 815 5587 mstitnat
854 5534 1216 5603 abnuendam,
1260 5550 1421 5606 atque
1472 5544 1539 5594 ub
1592 5545 1691 5597 hoc
1737 5545 1906 5614 ipsam

320 5639 531 5693 quoque
561 5625 802 5694 conjugis
840 5624 1175 5683 affectionem
1219 5631 1404 5685 ttititur
1442 5634 1711 5702 abjutare.
1748 5648 1802 5689 et
1841 5638 1909 5691 ab

322 5714 486 5782 ipsius
517 5714 586 5783 pii
614 5716 868 5771 consortii
902 5719 1016 5788 lege
1043 5719 1344 5789 dis-edere,
1377 5726 1535 5793 digne
1581 5730 1908 5795 permittitur

321 5804 496 5859 eidem
528 5806 739 5861 licentia
765 5807 1113 5877 discedendi;
1142 5812 1265 5879 quia
1298 5829 1400 5869 non
1432 5827 1509 5872 est
1535 5817 1625 5873 iflo
1654 5820 1902 5891 cunjugio

1988 1972 2019 2024 b
2043 1972 2176 2025 ,Ιὶιω
2209 1974 2527 2041 mancipatis
2566 1974 3053 2041 contaminatisque
3083 1984 3393 2027 nascuntur.

2062 2063 2146 2117 Isti
2180 2065 2324 2117 enim
2356 2080 2417 2119 ex
2451 2080 2512 2119 ea
2543 2076 2694 2135 parte
2726 2082 2828 2134 qua
2871 2066 2938 2119 de
2974 2075 3162 2119 sancta
3205 2082 3365 2119 carne
3410 2066 3577 2119 fidelis

1988 2155 2245 2222 parentis,
2275 2165 2329 2209 et
2362 2157 2560 2223 templo
2587 2156 2701 2220 Dei,
2732 2164 2789 2210 et
2815 2156 2981 2211 Deum
3013 2172 3176 2210 unum
3211 2157 3260 2210 in
3293 2173 3388 2210 suo
3413 2158 3577 2211 corde

1987 2247 2244 2313 gestantis
2276 2248 2454 2299 exorti
2494 2258 2609 2299 sunt
2632 2288 2648 2312 ,
2680 2242 2924 2301 nonnihil
2953 2247 3152 2300 divinae
3184 2247 3573 2303 benedictionis

1990 2337 2305 2402 hauserunt,
2324 2340 2377 2392 in
2401 2354 2503 2408 qua
2518 2339 2702 2409 utique
2720 2339 3092 2394 benedictione
3123 2341 3378 2394 sanctitas
3396 2343 3573 2395 conti-

1990 2440 2167 2493 uetur,
2186 2430 2339 2498 cujus
2353 2430 2660 2498 dignatione
2677 2432 2969 2498 perstricti,
3002 2432 3169 2485 sancti
3185 2448 3291 2484 non
3306 2432 3579 2487 immerito

1991 2530 2388 2587 ntmcupautur.
2417 2520 2517 2573 Per
2533 2520 2667 2573 hanc
2686 2520 2900 2588 quidam
2918 2520 3076 2573 etiam
3094 2520 3576 2576 sanetiﬁcationem

1990 2622 2288 2677 assumunt,
2312 2622 2365 2664 ut
2384 2611 2449 2665 ad
2474 2627 2589 2665 eam
2610 2613 2748 2665 sicut
2766 2614 3023 2679 competit
3053 2613 3368 2678 perveniant
3389 2629 3580 2669 conse-

1990 2702 2254 2769 qucudam
2277 2746 2290 2768 ,
2316 2703 2424 2771 jam
2453 2705 2569 2771 ejus
2597 2719 2692 2771 per
2718 2716 2995 2771 parentem
3032 2704 3243 2759 ﬁdelem
3278 2705 3580 2762 rudimenta

1992 2793 2293 2861 pcrc'piunt
2318 2834 2334 2859 ,
2360 2802 2413 2847 et
2444 2795 2664 2847 odorem
2696 2804 2891 2846 saneta:
2917 2794 3218 2862 adoptionis
3246 2807 3542 2864 agnoscunt
3563 2837 3579 2863 ,

1993 2886 2241 2953 precibus
2270 2884 2557 2939 Christiani
2592 2887 2847 2952 parentis,
2875 2886 3068 2955 quibus
3090 2887 3169 2941 eis
3192 2890 3309 2942 sine
3332 2889 3580 2958 ambiguo

1995 2976 2310 3040 ituploratur
2358 2976 2537 3029 divina
2574 2977 2937 3030 misericordia
2962 3018 2975 3040 ,
3011 2982 3195 3047 utique
3225 2980 3581 3034 sanetiﬁcatio

1990 3067 2098 3134 jam
2135 3068 2433 3135 pra-betur,
2465 3080 2511 3121 et
2549 3068 2863 3137 plerumque
2898 3067 3068 3123 ﬁdelis
3107 3070 3285 3123 studio
3311 3074 3580 3138 parentis,

1996 3160 2081 3213 vel
2105 3160 2170 3211 ad
2195 3162 2515 3214 venerabilia
2548 3161 2661 3213 loca
2692 3162 2892 3229 parvuli
2926 3161 3241 3215 deferuntur
3265 3205 3279 3228 ,
3310 3164 3395 3217 vel
3422 3165 3583 3219 etiam

2000 3251 2358 3303 nescientibus
2411 3252 2613 3305 renatis
2656 3251 2801 3306 fonte
2843 3253 3176 3319 baptismatis
3229 3256 3583 3309 sanctificatio

2001 3342 2154 3412 plena
2187 3343 2478 3397 confertur.
2514 3344 2618 3396 Aut
2651 3344 2737 3397 ubi
2767 3344 2876 3412 jam
2908 3360 3129 3414 capaces
3162 3347 3385 3399 rationis
3413 3349 3585 3402 exsti-

2002 3436 2180 3499 terint,
2214 3432 2518 3486 adhortatio
2536 3444 2589 3487 et
2618 3434 2904 3487 insinuatio
2936 3436 3001 3501 pii
3026 3436 3261 3503 parentis
3295 3437 3582 3505 ing-ritur.

2000 3525 2130 3589 Quae
2175 3524 2354 3577 omnia
2397 3522 2835 3577 sanctiﬁcatiunis
2863 3525 3215 3579 instrumenta
3254 3540 3375 3581 esse
3415 3528 3586 3580 maui-

2003 3615 2190 3668 festum
2238 3623 2360 3679 est,
2420 3616 2612 3680 quibus
2640 3626 2695 3668 ut
2727 3614 2892 3685 {forte
2929 3613 3057 3685 aut}
3086 3615 3151 3669 ad
3208 3617 3323 3685 ejus
3370 3616 3587 3673 veniant

2002 3706 2092 3778 μ’.
2128 3707 2381 3771 veniunt;
2428 3718 2472 3761 ct
2520 3710 2688 3779 infra,
2748 3708 3067 3779 dispoliant]
3118 3708 3463 3773 ﬁrmitatem,
3497 3723 3587 3765 aut

2001 3800 2045 3853 si
2076 3800 2171 3854 ista
2210 3801 2511 3868 despiciunt
2539 3841 2551 3865 ,
2598 3802 2918 3868 semctipsos
2959 3802 3381 3856 sanetiﬁcatione
3408 3802 3588 3871 dispo-

2004 3891 2153 3955 lient,
2180 3897 2233 3944 et
2255 3892 2475 3958 gratiam
2503 3890 2619 3954 Dei,
2652 3906 2770 3957 quae
2801 3892 2881 3943 his
2910 3906 3003 3959 per
3030 3893 3275 3946 affectum
3303 3905 3583 3961 parentum

2004 3983 2263 4051 ingeritur
2290 4022 2304 4048 ,
2341 3982 2623 4035 evidenter
2652 3992 2931 4035 evacuant.
2968 3984 3143 4052 Atque
3174 3986 3241 4037 ita
3289 3986 3354 4039 de
3386 3988 3590 4041 sanctis

2004 4075 2084 4127 vel
2118 4075 2181 4125 de
2209 4072 2597 4127 eruditionibus
2624 4074 2921 4127 s:mctitatis
2951 4074 3195 4137 abscissi,
3223 4076 3271 4128 in
3306 4093 3410 4128 nm
3434 4092 3589 4131 sanc-

2006 4173 2178 4215 tetum
2212 4164 2480 4215 consortia
2510 4162 2727 4231 profana
2764 4165 3094 4233 rediguntur.
3130 4168 3201 4219 De
3226 4168 3416 4234 quibus
3450 4170 3539 4221 nih
3566 4196 3590 4207 -

2006 4254 2238 4305 lominus
2268 4254 2344 4306 sic
2390 4253 2619 4320 dicatur,
2653 4255 2921 4321 quomodo
2953 4254 3019 4308 de
3064 4258 3373 4322 parentibus
3401 4273 3587 4311 eorum

2008 4346 2310 4401 inﬁdelibus
2360 4355 2717 4413 praeceptum;
2774 4345 2833 4400 Si
2886 4348 3110 4413 inﬁdelis
3140 4349 3247 4401 vult
3287 4349 3589 4417 discedere,

2008 4437 2302 4505 discedat”
2333 4438 2451 4491 Cor.
2477 4438 2982 4507 vn).Nunquidnam
3020 4440 3133 4492 hcce
3160 4456 3353 4509 genera
3389 4447 3593 4495 sancti-

2010 4532 2133 4586 tatis
2162 4531 2245 4585 vel
2273 4529 2713 4585 sanctiﬁcationis
2740 4532 2805 4584 de
2848 4541 3073 4600 utroque
3121 4531 3344 4600 profane
3377 4547 3596 4601 parente

2015 4623 2301 4691 jrogenitis
2335 4622 2457 4675 ﬁliis
2490 4622 2847 4675 intimantur?
2890 4622 3027 4677 Ecce
3057 4624 3181 4692 quid
3209 4625 3432 4678 interest
3460 4627 3597 4680 inter

2014 4715 2250 4767 Subo'em
2294 4728 2358 4767 ex
2401 4713 2490 4767 illo
2520 4714 2602 4767 vel
2642 4713 2744 4766 isto
2782 4714 3031 4783 conjugio
3064 4730 3428 4783 procreatam;
3470 4734 3598 4773 ecce

2013 4803 2460 4865 quemadmodum
2519 4804 2605 4856 isti
2664 4804 2954 4860 familiares
3012 4816 3065 4860 et
3138 4807 3419 4876 trupinqni
3476 4822 3599 4864 sunt

2013 4896 2327 4951 sanctiﬁcati
2357 4937 2374 4961 ,
2424 4906 2585 4964 atque
2634 4896 2755 4950 ideo
2797 4912 2901 4951 non
2942 4898 3214 4953 immerito
3262 4902 3429 4955 sancti
3476 4913 3599 4955 sunt

2014 4991 2161 5045 editi.
2190 4999 2243 5043 et
2264 4988 2458 5059 quibus
2481 4988 2658 5042 divina
2685 4990 3049 5044 misericordia
3066 5006 3458 5061 consequenter
3485 4995 3600 5063 ejus

2016 5083 2265 5149 precibus
2292 5081 2628 5149 imploratur,
2662 5082 2856 5151 quique
2883 5096 3003 5136 cum
3038 5084 3239 5137 sanctis
3262 5084 3600 5140 educationi-

2017 5176 2112 5227 bus
2142 5173 2472 5240 imbuuntur,
2503 5183 2555 5227 et
2586 5189 2753 5227 sacra:
2786 5174 3060 5244 religionis
3087 5178 3366 5233 initiantur
3383 5179 3599 5246 afl‘ecm,

2016 5266 2081 5322 ad
2112 5266 2265 5333 cujus
2293 5268 2337 5320 si
2371 5268 2713 5335 pervenerint
2744 5268 3050 5323 ﬁrmitatem
3074 5310 3089 5337 ,
3133 5272 3274 5325 illius
3304 5288 3399 5343 per
3424 5289 3601 5327 sacra.

2020 5371 2255 5415 utentum
2289 5361 2728 5416 sanctiﬁcationis
2762 5364 3148 5431 plenitudinem
3174 5379 3601 5437 consequuntur,

2018 5454 2171 5522 cujus
2203 5469 2297 5523 per
2330 5452 2540 5507 ﬁdelem
2558 5467 2834 5523 parentem
2862 5456 3023 5511 etiam
3051 5467 3177 5514 ante
3207 5468 3603 5515 sacramentum

2017 5548 2319 5602 rudimenta
2369 5558 2761 5617 sumpserunt,
2812 5565 2907 5620 per
2962 5567 3082 5621 qua:
3137 5553 3438 5607 rudimenta
3494 5554 3604 5625 jam

2017 5637 2187 5692 sancti
2216 5678 2232 5705 ,
2278 5638 2366 5707 qui
2414 5649 2597 5693 sancta
2630 5640 2967 5695 institutione
3000 5644 3464 5713 praeparabantur,
3501 5662 3605 5699 non

2022 5730 2072 5783 iu
2098 5743 2314 5799 ongrue
2354 5738 2480 5783 sunt
2527 5731 2720 5785 voeati.
2766 5731 3015 5803 Nunquid
3044 5744 3226 5788 autem
3255 5736 3378 5805 quia
3405 5735 3605 5790 dictum

2021 5832 2102 5878 est
2132 5821 2457 5879 sanctillcnri
2489 5821 2760 5880 infidelem
2791 5825 3072 5893 conjugem
3124 5842 3218 5894 per
3250 5827 3501 5892 ﬁdelem,
3534 5828 3605 5880 ita
