4190 6438
621 419 705 472 151
1955 403 2187 462 CELASI

2291 405 2454 461 ’AP.E
2486 404 2527 458 l.

3773 403 3875 458 132

611 523 809 578 dictum
838 534 956 588 est,
986 530 1042 574 ut
1073 518 1182 589 jam
1218 518 1446 589 propriae
1495 514 1826 570 credulitatis
1877 513 2179 569 sanctiﬁca-
2208 516 2256 574 Α
2287 526 2358 568 est
2393 514 2671 587 (IoanJ'l),
2701 515 2844 585 quod
2859 515 3055 572 diaboli
3085 525 3225 572 esset
3257 515 3552 586 operarius.
3581 516 3760 570 Dictus
3785 526 3872 570 cst

611 613 755 668 tione
799 625 903 666 non
952 617 1141 680 egeat,
1174 624 1237 664 ac
1268 623 1371 662 non
1397 606 1564 676 magis
1595 605 1717 660 ideo
1747 604 1870 675 quia
1902 620 1994 673 per
2032 604 2178 658 illam

612 702 1026 756 familiaritatem
1044 699 1214 755 ﬁdelis
1235 698 1475 768 conjugis
1497 696 1852 767 percipiendae
1873 694 2187 750 sanctiﬁca-

612 792 746 846 tioni
795 792 1065 862 proximus
1094 792 1163 845 sit
1201 798 1254 842 et
1293 788 1621 857 propinquus
1650 785 1924 842 eﬁectus?
1971 785 2101 840 Nam
2135 784 2179 838 si

612 882 721 951 jam
751 883 1109 938 sanctiﬁcatus
1130 880 1417 945 diceretur,
1444 889 1502 934 ut
1530 877 1951 935 sanctiﬁcatione
1970 878 2181 947 penitus

614 988 720 1028 non
747 981 945 1042 egeret,
970 987 1075 1024 non
1099 970 1166 1024 de
1189 969 1379 1025 eodem
1401 971 1453 1023 in
1479 969 1924 1038 consequentibus
1939 967 2140 1022 diceret
2169 982 2181 1017 :

614 1061 852 1157 {nﬁdeli}
894 1063 938 1115 si
980 1063 1083 1116 vult
1123 1061 1381 1115 discedere
1401 1099 1418 1127 ,
1447 1060 1714 1124 discedat;
1745 1059 1825 1113 sic
1850 1074 1976 1129 ergo
2003 1066 2056 1112 et
2087 1056 2182 1110 ﬁlii

611 1148 794 1209 eorum
825 1153 1112 1218 nuncnpati
1134 1163 1255 1207 sunt
1284 1151 1473 1214 sancti,
1497 1151 1617 1217 quia
1643 1163 1736 1218 per
1757 1149 1923 1203 sancti
1949 1148 2184 1216 parentis

610 1243 856 1298 affectum
879 1245 1149 1313 capiendae
1170 1245 1277 1296 sint
1299 1243 1524 1311 proximi
1553 1241 1879 1304 sanctitatis;
1909 1255 2014 1294 non
2041 1238 2185 1308 quod

610 1334 717 1401 jam
751 1336 849 1404 ipsi
906 1335 1114 1403 propria
1167 1331 1587 1386 sanctiﬁcatione
1638 1346 1741 1386 non
1795 1339 2010 1400 egeant,
2060 1343 2180 1398 qua:

613 1427 795 1494 utique
819 1465 833 1489 ,
878 1426 1013 1478 sicut
1045 1423 1218 1477 nullus
1243 1423 1575 1478 Christianus
1604 1422 1898 1487 addubitat,
1931 1423 2049 1476 sine
2087 1434 2182 1476 re-

611 1515 968 1587 generationis
1016 1530 1183 1570 sacra:
1213 1515 1468 1585 mysterio
1496 1530 1594 1569 nec
1629 1515 1856 1569 sumitur
1902 1528 2002 1568 nec
2025 1513 2183 1567 habe-

611 1620 716 1675 tur;
734 1611 936 1665 sicutet
952 1621 1142 1677 parens
1155 1622 1339 1662 eorum
1357 1605 1608 1671 infidelis,
1635 1607 1710 1660 sic
1726 1605 2086 1659 sanctiﬁcatus
2103 1604 2186 1659 di-

612 1700 752 1755 citur
778 1714 874 1768 per
889 1699 1122 1763 ﬁdelem,
1145 1696 1264 1752 utsi
1287 1705 1460 1751 tamen
1484 1697 1702 1765 ingestae
1728 1695 1826 1750 sibi
1854 1709 1949 1764 per
1973 1694 2184 1750 ﬁdelem

610 1789 890 1858 eonjugem
928 1786 1365 1842 sanctiﬁcationis
1401 1787 1513 1855 ipse
1541 1785 1832 1854 legitimum
1866 1799 1971 1837 non
1998 1797 2182 1838 susce-

2297 619 2471 663 tamen
2515 609 2804 677 discipulus
2857 610 3019 664 etiam
3072 625 3192 664 cum
3247 624 3347 664 nec
3393 623 3551 662 verus
3596 618 3771 669 esset.
3815 617 3876 663 et

2291 709 2596 754 cessatores
2627 701 2726 754 hoc
2763 698 2888 754 dici.
2924 699 3020 754 Est
3053 711 3109 756 et
3151 701 3242 756 ille
3281 698 3472 754 modus
3496 739 3510 764 ,
3542 699 3684 768 quod
3724 713 3872 767 erepo

2292 791 2438 845 velut
2484 791 2801 860 generaliter
2832 797 2887 846 et
2918 791 3164 847 absolute
3191 791 3418 859 dicitur,
3439 806 3559 845 cum
3593 802 3770 846 tamen
3801 789 3869 844 ad

2292 897 2479 936 omnes
2503 881 2821 951 generaliter
2850 895 2960 935 non
2992 882 3262 950 pertinere
3303 881 3644 936 manifestum
3676 890 3778 944 est,
3813 887 3871 934 ut

2292 986 2413 1026 cum
2457 971 2650 1027 dicitur
2697 971 2926 1027 Abrahae
2983 989 2996 1025 :
3045 970 3113 1025 In
3149 973 3340 1026 semine
3383 981 3470 1025 tuo
3515 971 3871 1025 benedicentur

2291 1077 2462 1116 omnes
2491 1071 2660 1132 gentes
2689 1058 2894 1132 (Cenes.
2925 1061 3082 1132 uti),
3105 1075 3293 1117 omnes
3317 1061 3535 1132 quidem
3565 1071 3752 1131 gentes
3773 1059 3867 1114 be-

2292 1151 2641 1216 nedicentur;
2690 1165 2791 1206 nec
2841 1151 2945 1207 erit
2975 1153 3080 1207 ulla
3123 1153 3270 1207 natio
3306 1152 3408 1208 sub
3452 1153 3589 1207 cmlo
3627 1150 3716 1207 cui
3761 1165 3868 1206 non

2293 1241 2613 1309 praedicetur
2668 1238 3041 1311 Evangelium,
3088 1250 3144 1296 et
3188 1250 3317 1297 tunc
3366 1242 3544 1297 veniat
3585 1241 3738 1306 linis;
3772 1239 3868 1296 sed

2289 1332 2420 1400 ipse
2462 1340 2648 1400 gentes
2697 1345 2805 1386 non
2847 1346 2918 1386 ex
2970 1332 3176 1402 integro
3227 1347 3413 1389 omnes
3461 1331 3865 1399 benedicentur,

2290 1424 2412 1493 quia
2444 1437 2551 1479 non
2595 1422 2831 1478 omnium
2869 1431 2951 1478 est
2996 1423 3129 1478 ﬁdes
3163 1441 3176 1475 :
3219 1424 3305 1479 vel
3344 1425 3499 1479 sicuti
3551 1432 3653 1486 est,
3703 1424 3868 1477 ontnis

2290 1514 2468 1583 lingua
2510 1514 2812 1582 conﬁteatur
2861 1512 2969 1568 Deo
3013 1513 3236 1586 (Philip.
3284 1517 3408 1584 tt);
3469 1516 3554 1570 cui
3614 1515 3867 1571 locutioni

2291 1618 2482 1658 sensus
2508 1603 2598 1658 ille
2625 1605 2994 1672 connectitur,
3026 1619 3148 1660 cum
3178 1619 3246 1660 ex
3285 1616 3437 1676 parte
3459 1614 3624 1661 totum
3671 1606 3868 1676 saepius

2293 1703 2668 1764 nuncupatur:
2718 1695 2857 1750 sicut
2903 1705 2957 1751 et
3008 1705 3134 1752 tunc
3177 1696 3338 1752 homo
3364 1696 3498 1752 Juda
3545 1711 3667 1752 cum
3700 1705 3866 1754 totam

2289 1796 2502 1856 gentem
2548 1787 2733 1856 procul
2775 1787 2938 1842 dubio
2987 1789 3306 1843 nominaret.
3353 1788 3442 1843 Sic
3481 1797 3536 1844 et
3566 1788 3643 1843 illi
3684 1789 3870 1846 ﬁdeles

611 1879 688 1950 pit
717 1880 963 1934 eﬁ‘eCtutn
989 1920 1003 1944 ,
1035 1879 1262 1932 inﬁdelis
1295 1878 1451 1932 fuerit
1493 1891 1848 1946 nuncupatus.
1878 1877 2030 1932 Sicut
2053 1891 2180 1947 ergo
2212 1877 2258 1937 Β
2286 1876 2460 1931 sancti
2489 1876 2662 1933 videri
2706 1887 2928 1946 possunt
2957 1879 3164 1945 vocati,
3193 1878 3316 1948 quia
3340 1878 3516 1942 multi,
3545 1879 3626 1934 vel
3651 1875 3868 1949 plurimi

609 1985 754 2035 eum,
777 1986 935 2039 quem
958 1984 1050 2039 per
1077 1969 1283 2023 ﬁdelem
1305 1968 1583 2038 conjugem
1609 1967 1996 2023 sanctiﬁcatum
2024 1967 2184 2035 dixit,

611 2073 796 2132 postea
823 2072 1092 2131 nuncupat
1115 2062 1405 2131 inﬁdelem,
1429 2065 1552 2131 quia
1577 2061 1791 2130 proprie
1814 2063 1927 2130 ipse
1959 2063 2039 2118 vel
2073 2063 2184 2131 ipsa

613 2168 719 2207 non
747 2154 991 2218 credilit,
1023 2153 1102 2207 sic
1130 2163 1184 2207 et
1213 2152 1306 2206 ﬁlii
1338 2153 1425 2221 qui
1454 2167 1548 2220 per
1576 2152 1788 2206 lidelem
1816 2164 2089 2220 parentem
2120 2167 2188 2208 eo

611 2242 772 2297 modo
807 2242 1123 2296 sanctiﬁcati
1153 2256 1258 2310 quo
1293 2241 1520 2310 conjux,
1553 2241 1722 2295 sancti
1751 2240 2004 2310 appellati
2035 2249 2182 2310 sunt,

611 2333 716 2387 nisi
760 2333 856 2402 ipsi
907 2347 1120 2402 quoque
1170 2333 1382 2400 proprie
1425 2331 1680 2397 credant,
1723 2330 1968 2387 inﬁdeles
1996 2345 2187 2386 conse-

610 2432 836 2493 quenter
883 2423 1145 2477 existunt.
1193 2420 1334 2477 Satis
1379 2423 1524 2477 enim
1572 2431 1829 2491 apparet,
1886 2422 2184 2477 secundum

611 2515 893 2587 quemdam
942 2515 1156 2570 modum
1217 2514 1693 2570 sanctiﬁcationem
1753 2513 1892 2568 hanc
1945 2515 2188 2584 conjugis

610 2607 950 2676 appellatam,
983 2607 1072 2675 qui
1104 2614 1286 2677 postea
1316 2605 1547 2660 inﬁdelis
1566 2606 1855 2671 asseritur;
1880 2605 1958 2660 sic
1987 2620 2113 2676 ergo
2135 2616 2190 2662 et

610 2697 680 2752 de
707 2697 828 2751 ﬁliis
851 2696 1250 2767 intelligendum
1277 2706 1379 2752 est.
1402 2695 1649 2767 Nunquid
1669 2697 1849 2767 igitur,
1873 2699 2012 2766 quad
2042 2711 2188 2767 saepe

610 2788 958 2858 repetendum
1014 2795 1118 2853 est,
1163 2788 1377 2843 soboles
1421 2787 1763 2858 profanorum
1817 2789 2187 2859 hujuscemodi

610 2880 902 2934 sanctitatis
930 2880 1103 2949 aliqua
1144 2880 1425 2949 cujuslibet
1461 2886 1697 2950 parentis
1729 2884 1972 2950 portione
2003 2890 2188 2936 conte-

609 2973 775 3042 gitur,
801 2974 882 3028 vel
914 2973 983 3026 ali
1007 2973 1179 3040 [uibus
1214 2972 1516 3042 huiusmodi
1555 2972 1878 3043 disciplinis,
1913 2974 2186 3042 precibus,

516 3089 518 3092 ν
611 3065 1078 3120 adhortationibus
1107 3066 1404 3134 cujuspiam
1437 3065 1898 3135 participationem
1929 3105 1944 3131 ,
1975 3066 2061 3120 vel
2092 3079 2190 3118 no-

2289 1984 2354 2022 ex
2383 1968 2485 2034 his,
2513 1984 2608 2037 per
2629 1983 2690 2023 ea
2713 1983 2831 2038 qua:
2853 1968 2994 2024 dicta
3021 1976 3165 2035 sunt,
3197 1969 3465 2039 mysteriis
3495 1968 3680 2024 imbuti
3705 1969 3870 2026 cmle~

2289 2059 2458 2117 stibus
2479 2101 2496 2128 ,
2551 2062 2723 2116 sancti
2765 2061 3065 2117 afﬁcientur
3090 2101 3105 2126 ,
3136 2070 3191 2117 et
3238 2062 3432 2117 mei-ito
3456 2060 3712 2130 jamesse
3737 2061 3869 2116 dicti

2285 2164 2410 2210 sunt
2440 2154 2581 2225 quod
2613 2154 2778 2210 futuri
2809 2163 2972 2218 sunt,
2998 2155 3084 2210 vel
3113 2169 3178 2209 ex
3209 2169 3272 2210 ea
3309 2155 3556 2225 portione
3579 2195 3593 2219 ,
3637 2169 3739 2224 qua
3770 2167 3869 2224 per

2288 2244 2598 2315 religiosum
2650 2251 2925 2314 parentem
2975 2254 3132 2300 erant
3185 2245 3474 2314 participes
3519 2243 3865 2308 sanctitatis,

2287 2344 2536 2408 tanquam
2556 2337 2665 2405 jam
2693 2352 2761 2392 ex
2784 2337 2992 2408 integro
3021 2336 3076 2392 id
3105 2345 3308 2400 essent,
3327 2337 3496 2391 sancti
3519 2346 3644 2390 sunt
3663 2347 3870 2390 nuncu-

2287 2429 2414 2498 patl,
2449 2428 2535 2482 vel
2560 2427 2684 2497 quia
2706 2443 2774 2484 ex
2805 2428 3002 2483 talibus
3028 2427 3153 2484 ﬁliis
3175 2427 3328 2483 multi
3356 2426 3517 2482 futuri
3545 2432 3731 2482 essent
3755 2425 3870 2496 plo-

2289 2533 2372 2574 nte
2397 2518 2835 2575 sanctiﬁcationis
2864 2519 3128 2575 heredes.

2357 2608 2475 2665 Jatu
2513 2617 2569 2665 et
2611 2608 2698 2663 isti
2739 2623 2806 2681 es
2835 2624 2902 2665 eo
2941 2610 3083 2679 quod
3126 2609 3284 2664 futuri
3316 2609 3530 2664 fuerant
3581 2608 3866 2676 nuncupati

2287 2707 2431 2764 sunt,
2457 2707 2512 2753 et
2538 2698 2664 2754 licet
2689 2699 2792 2754 hoc
2816 2707 2998 2754 essent
3025 2699 3242 2769 plurimi
3270 2701 3492 2755 forsitan
3518 2713 3656 2753 nunc
3684 2696 3865 2764 futuri,

2288 2810 2316 2846 ει
2346 2801 2494 2862 parte
2519 2801 2826 2846 sanctorum
2858 2792 2951 2848 tati
2983 2794 3153 2847 sancti
3173 2794 3497 2863 generaliter
3517 2803 3642 2848 sunt
3668 2793 3866 2848 vocati.

2290 2883 2366 2938 De
2396 2884 2808 2938 resurrectionis
2835 2899 2965 2938 vero
2995 2885 3283 2953 qualitate,
3308 2885 3393 2940 vel
3423 2885 3490 2940 de
3515 2900 3575 2940 ea
3601 2901 3720 2955 qua:
3745 2892 3868 2954 post

2291 2973 2739 3029 resurrectionem
2766 2976 2973 3039 species
2993 2974 3063 3028 sit
3094 2973 3300 3040 futura,
3329 2974 3607 3030 audiamus
3635 2975 3868 3041 Aposfo-

2292 3066 2399 3121 lum
2425 3067 2819 3133 praedicantem,
2843 3066 2931 3121 ubi
2955 3067 3060 3121 ait:
3095 3067 3200 3122 Sed
3223 3068 3354 3122 tlicct
3379 3068 3582 3137 aliquis,
3604 3068 3870 3135 Quomodo

611 3157 803 3218 titiam,
829 3157 910 3210 vel
941 3155 1199 3221 auditum,
1226 3155 1309 3210 vel
1338 3155 1689 3210 eruditionem
1711 3155 2010 3210 sanctitatis
2037 3168 2189 3209 assu-
2226 3225 2259 3231 _
2289 3168 2553 3229 resurgent
2583 3159 2817 3213 mortui?
2847 3158 2998 3224 Quali
3023 3169 3190 3212 autem
3215 3175 3425 3228 corpore
3453 3161 3650 3214 uenient
3671 3157 3728 3231 (Ι
3746 3158 3868 3216 Cor.

611 3253 738 3314 mit,
768 3261 887 3316 qua:
928 3257 1010 3301 est
1054 3246 1154 3300 sub
1197 3247 1588 3301 immundorum
1621 3249 1902 3316 spirituum
1945 3248 2188 3301 dumina-
2214 3225 2260 3287 Ο
2291 3225 2520 3321 xv)l'et
2567 3251 2817 3306 humanm
2868 3252 3060 3306 mentis
3105 3225 3458 3307 difﬁdentiam
3515 3225 3866 3322 redarguens,

612 3342 756 3394 tione
781 3342 1077 3394 consistens
1103 3379 1116 3403 ,
1148 3347 1202 3394 et
1232 3338 1511 3394 diabolicis
1541 3340 2088 3409 praevaricatiombus,
2133 3347 2189 3395 et

612 3433 870 3500 contagiis
891 3431 1227 3500 mancipata?
1251 3431 1363 3486 Hoc
1384 3432 1543 3486 modo
1565 3447 1774 3501 semper
1794 3435 2062 3486 immunda
2083 3443 2183 3496 σει,

613 3537 721 3591 quo
754 3537 1022 3589 parentes,
1068 3523 1298 3592 quanditt
1345 3524 1396 3577 itt
1433 3525 1621 3578 eadem
1673 3525 2026 3593 perversitate
2056 3540 2188 3579 con-

615 3613 781 3676 sistit;
819 3615 1127 3684 plerumque
1165 3623 1406 3668 autemet
1437 3631 1528 3682 per
1562 3616 1994 3685 anticipationem
2024 3616 2188 3687 (quod

618 3707 670 3758 in
702 3705 991 3774 Scriptum:
1012 3717 1209 3761 saneta:
1239 3716 1381 3761 textu
1411 3706 1742 3776 frequentius
1771 3709 2059 3774 invenitur)
2078 3709 2188 3776 jam

620 3809 740 3850 esse
772 3795 967 3850 dicitur
1011 3798 1152 3864 quod
1205 3797 1434 3851 futurum
1474 3807 1578 3864 est,
1622 3799 1759 3852 sicut
1790 3799 1841 3852 in
1894 3798 2188 3867 Evangelio

620 3889 861 3958 legimus.
889 3889 1018 3954 Quia
1038 3889 1193 3944 Jesus
1213 3892 1502 3943 moriturus
1531 3898 1647 3943 erat
1673 3906 1766 3958 pio
1796 3901 1976 3959 geme,
2007 3899 2060 3944 et
2081 3905 2188 3943 non

615 3992 817 4033 tintutn
864 3997 958 4048 pro
985 3993 1143 4048 gente
1170 4024 1184 4047 ,
1213 3981 1306 4035 sed
1345 3991 1403 4034 ut
1445 3981 1580 4035 ﬁlios
1609 3983 1700 4036 Dei
1728 4023 1742 4045 ,
1772 3997 1862 4050 qui
1893 3991 2049 4035 erant
2073 3981 2189 4034 dis-

618 4073 776 4139 persi,
822 4084 1168 4140 congregaret
1211 4073 1262 4125 in
1307 4087 1490 4124 unum.
1534 4072 1694 4125 Filius
1753 4073 1844 4125 Dei
1893 4082 2036 4125 certe
2075 4072 2185 4141 jam

619 4177 930 4228 nuncupatis
982 4162 1074 4229 qui
1106 4161 1280 4215 adhuc
1310 4171 1492 4215 essent
1516 4162 1704 4216 diffusa
1754 4162 1937 4230 gratia:
1997 4177 2189 4216 evoca-

618 4256 759 4309 tione
809 4271 900 4322 per
949 4255 1203 4308 mundum
1247 4255 1412 4308 sacris
1466 4254 1753 4307 innovandi
1813 4255 2098 4322 mysteriis,
2135 4256 2188 4309 in

624 4349 713 4401 Ι)θὶ
748 4351 881 4400 filios
911 4348 1194 4416 ad0ptandi
1229 4365 1240 4398 :
1275 4347 1354 4399 vel
1381 4361 1499 4400 cum
1531 4346 1724 4400 dicitur
1754 4364 1766 4400 :
1794 4345 1941 4399 Beati
1974 4349 2059 4417 qui
2087 4364 2188 4400 non

616 4439 842 4493 viderim:
871 4448 915 4491 et
940 4439 1256 4490 crediderunt
1288 4436 1444 4506 (Joan
1474 4439 1565 4505 xx)
1588 4437 1739 4505 ,‘jam
1769 4438 1909 4492 beati
1937 4437 2189 4508 appellati

618 4540 742 4584 sunt
775 4531 860 4596 qui
884 4530 1055 4583 adhuc
1103 4539 1225 4582 tunc
1251 4528 1408 4581 futuri
1439 4527 1644 4581 fuerant
1673 4529 1830 4595 beati,
1861 4546 1980 4584 eum
2012 4539 2191 4586 essent

618 4637 737 4687 «piae
763 4637 866 4674 n-In
912 4622 1152 4674 viderant
1183 4621 1438 4674 credituri
1464 4635 1478 4684 ;
1512 4623 1648 4675 sicut
1673 4633 1725 4677 et
1753 4625 2064 4691 pisi-umque
2092 4640 2189 4692 pro

617 4711 870 4766 faciendis
909 4710 1018 4778 jam
1064 4709 1197 4762 facta
1246 4707 1581 4775 referuntur,
1620 4719 1675 4762 ut
1719 4712 1957 4779 {ederunt
2008 4729 2189 4767 manus

619 4817 757 4854 meas
787 4810 830 4853 et
855 4799 1001 4869 pedes
1031 4816 1165 4853 meos
1201 4797 1387 4872 (Psal.
1419 4800 1560 4871 XXI).
1602 4800 1730 4855 lie"!
1775 4814 2018 4871 tanquam
2067 4819 2192 4873 pro-

621 4893 818 4946 ﬁtendo
857 4891 1107 4944 deﬁnitur
1144 4891 1282 4959 quod
1331 4905 1434 4945 non
1469 4891 1538 4946 sit
1564 4907 1724 4947 causa
1756 4897 1989 4963 qualibet
2019 4896 2187 4951 inter-

623 4982 867 5037 venien'e
897 4981 1195 5036 faciendum
1221 5022 1237 5048 ,
1274 4983 1414 5037 sicut
1439 4982 1621 5038 beatus
1650 4987 1938 5052 Apostolus
1971 5002 2066 5054 pro
2096 4988 2192 5043 de-

619 5075 834 5127 votione
867 5072 1256 5140 praedicationis
1291 5073 1539 5142 injuncta:
1564 5077 1626 5128 ad
1673 5077 1953 5146 Hispanias
1983 5094 2041 5134 se
2069 5094 2191 5147 pro-

621 5165 801 5219 ﬁtetur
831 5165 1023 5216 iturum
1054 5163 1192 5233 quod
1232 5172 1408 5219 tamen
1449 5176 1591 5221 certa
1625 5167 2022 5236 dispensatione
2067 5171 2190 5225 Dei-

619 5257 745 5311 tatis
796 5253 937 5322 quod
963 5251 1115 5308 ﬁeret
1167 5270 1272 5308 non
1305 5256 1584 5323 provenit;
1629 5258 1763 5312 alter
1799 5274 1919 5313 cum
1947 5260 2189 5330 appella-

624 5355 707 5400 tur
756 5344 826 5399 ali
849 5345 954 5412 ,uid
987 5359 1106 5399 esse
1142 5345 1281 5414 quod
1340 5347 1441 5401 hoc
1462 5346 1632 5416 ipsum
1669 5364 1789 5406 esse
1814 5354 2072 5418 cessavit,
2107 5354 2195 5409 vel

623 5445 950 5492 cessaturum
995 5448 1082 5494 est
1128 5439 1228 5493 hoc
1279 5439 1450 5509 ipsum
1488 5456 1611 5497 esse
1663 5443 1802 5512 quod
1845 5443 2080 5510 dicitur,
2132 5453 2191 5501 ut

623 5526 786 5581 ludas
814 5529 1084 5596 apostolus
1111 5530 1198 5598 qui
1222 5532 1651 5601 pravaricando,
1681 5535 1821 5604 quod
1852 5544 1934 5591 est
1953 5539 2192 5607 appella-

625 5625 712 5670 tus
758 5618 952 5685 amisit,
983 5618 1120 5674 sicut
1156 5620 1294 5675 idem
1322 5630 1375 5676 et
1402 5622 1690 5694 discipulus
1717 5626 1891 5682 dictus
1919 5637 2020 5694 est,
2063 5645 2183 5684 cum

623 5706 836 5777 quidem
868 5724 964 5766 nec
990 5710 1182 5764 Christi
1211 5711 1501 5780 discipulus
1528 5727 1700 5782 esset,
1732 5718 1826 5773 sed
1861 5733 1927 5787 po
1954 5719 2034 5774 ius
2066 5720 2188 5775 dia-

625 5797 761 5867 boli,
787 5797 923 5855 sicut
948 5799 1013 5858 de
1041 5815 1106 5860 eo
1133 5801 1330 5860 dictum
1362 5814 1442 5861 est
1477 5821 1488 5857 :
1527 5804 1666 5862 Unus
1689 5824 1754 5864 ex
1781 5809 1916 5865 vobis
1945 5811 2176 5868 diabolus

2291 3357 2446 3412 quam
2479 3343 2671 3398 merito
2697 3343 2914 3398 stultam
2942 3377 2959 3408 ~,
2988 3358 3106 3412 quin
3127 3342 3240 3397 Deo
3287 3343 3576 3413 quidqdam
3606 3344 3869 3413 judicaret

2292 3435 2652 3504 impossibile,
2691 3434 3097 3502 'nuncupando,
3141 3444 3514 3504 competenter
3571 3450 3638 3490 ex
3690 3450 3868 3490 rerum

2291 3525 2452 3579 etiam
2493 3525 2784 3579 visibdinm
2827 3532 2882 3579 et
2909 3524 3157 3580 humanis
3183 3525 3678 3581 conver‘sationibus
3709 3526 3870 3580 usita-

2292 3625 2399 3671 tam
2452 3617 2862 3672 similitudinem
2922 3619 3486 3688 comparationemque
3537 3619 3868 3686 magnificam

2292 3710 2580 3779 praeclarus
2607 3709 2792 3764 doctor
2820 3707 3043 3776 inducit,
3071 3707 3260 3763 dicens
3291 3724 3306 3760 :
3331 3706 3588 3776 Insipiens
3619 3707 3729 3776 (qui
3763 3706 3870 3760 Deo

2290 3803 2405 3856 haec
2427 3800 2778 3871 impossibilia
2798 3801 3056 3865 aestimas,
3074 3800 3171 3856 vel
3191 3799 3416 3870 ambigis
3435 3814 3555 3854 esse
3582 3797 3868 3868 facienda),

2288 3901 2345 3945 tu
2371 3891 2509 3960 quod
2547 3889 2779 3941 seminus
2819 3904 2921 3940 non
2959 3885 3278 3953 viuiﬁcatur,
3305 3884 3404 3938 nisi
3429 3884 3578 3952 prius
3603 3885 3866 3938 moriatur

2289 3981 2509 4052 (Ibid)?
2531 3981 2705 4044 Quam
2735 3977 3157 4033 similitudinem
3174 3975 3242 4030 ad
3260 3975 3722 4030 resurreCtionem
3740 3989 3863 4028 cor-

2289 4075 2440 4143 poris
2476 4081 2598 4143 post
2640 4081 2874 4126 mortem
2916 4069 3156 4122 futuram
3205 4067 3599 4123 convenienter
3635 4065 3862 4137 aptavit.

2289 4169 2501 4223 Deinde
2526 4167 2673 4236 quod
2699 4173 2922 4220 secutus
2942 4164 3172 4233 adjecit:
3197 4165 3263 4215 Et
3302 4161 3441 4232 quod
3481 4162 3732 4226 seminus,
3760 4177 3864 4215 non

2290 4277 2480 4329 corpus
2503 4259 2641 4328 quod
2660 4258 2898 4325 futurum
2921 4264 2998 4308 est
3013 4257 3262 4316 seminus,
3281 4255 3372 4307 sed
3394 4254 3588 4305 nudum
3614 4268 3860 4322 granum,

2289 4359 2347 4404 ut
2373 4359 2498 4419 puta
2524 4348 2684 4400 tritici
2703 4356 2752 4398 et
2764 4353 3096 4399 cwterorum.
3120 4343 3254 4396 Deus
3273 4353 3447 4397 autem
3467 4342 3558 4395 dat
3577 4342 3660 4394 illi
3677 4357 3863 4411 corpus

2293 4448 2445 4511 prout
2465 4438 2630 4492 voluit
2664 4435 2926 4506 (Ibidem).
2949 4434 3029 4488 Ad
3057 4435 3494 4504 qualitatemjam
3518 4440 3576 4487 et
3600 4433 3864 4502 speciem,

2293 4547 2415 4601 qute
2434 4539 2558 4599 post
2580 4526 3041 4581 resurrectionem
3063 4524 3249 4578 futura
3267 4533 3370 4589 est,
3393 4540 3565 4595 genus
3583 4538 3868 4592 compara-

2298 4623 2466 4678 tionis
2509 4620 2771 4674 adhibere
2810 4615 3042 4679 curavit,
3070 4625 3224 4686 prout
3268 4616 3454 4681 soluit,
3484 4616 3680 4685 inquit.
3725 4613 3865 4681 Quid

2299 4716 2481 4770 adhuc
2514 4713 2715 4783 quaeris
2736 4713 2762 4766 ?
2801 4721 2963 4780 prout
2999 4711 3238 4766 voluerit
3264 4712 3426 4776 Deus,
3462 4711 3542 4766 sic
3564 4710 3715 4765 dabit
3749 4709 3869 4764 uni-

2300 4807 2501 4876 cuique
2542 4821 2742 4875 corpus
2784 4805 3050 4859 ineﬁ‘abili
3089 4806 3332 4875 potentia
3378 4805 3700 4860 suscitatum
3729 4819 3743 4856 :
3775 4801 3867 4857 sed

2301 4900 2529 4955 forsitan
2567 4898 2858 4952 arbitreris
2885 4897 3007 4951 ideo
3044 4897 3217 4965 magis
3255 4895 3558 4966 signiﬁcari
3608 4909 3717 4949 non
3747 4892 3871 4948 nni-

2303 4991 2502 5060 cuique
2551 5005 2714 5044 suum
2765 4986 3175 5044 reformandum
3206 4988 3428 5056 proprie
3471 5001 3694 5056 corpus,
3744 4999 3870 5041 cum

2304 5090 2583 5137 astruatur
2615 5088 2781 5152 prout
2802 5080 2947 5136 Deus
2969 5079 3207 5135 voluerit
3228 5095 3350 5136 esse
3374 5077 3765 5148 reparandum.

2365 5171 2656 5241 Diligenter
2685 5183 2812 5238 ergo
2841 5181 3061 5221 sensum
3094 5165 3302 5234 plenius
3333 5162 3452 5217 bare
3481 5168 3758 5215 tractantis
3791 5158 3870 5210 itt-

2299 5261 2484 5326 tende,
2517 5259 2564 5315 si
2600 5259 2739 5328 scire
2767 5256 2979 5314 conaris
3027 5252 3325 5324 cujusmodi
3363 5264 3558 5321 corpus
3589 5248 3873 5318 unicuique

2299 5353 2370 5409 sit
2397 5353 2537 5407 Deus
2553 5351 2653 5405 hoc
2677 5350 2854 5419 ipsum
2883 5355 3041 5416 prout
3066 5345 3295 5401 voluerit
3325 5343 3653 5404 redditurus,
3678 5347 3732 5394 et
3763 5348 3873 5391 tan-

2299 5458 2456 5513 quam
2503 5441 2596 5496 tibi
2631 5441 2740 5510 jam
2785 5447 2912 5494 tunc
2961 5437 3027 5490 ad
3076 5435 3176 5491 ista
3224 5431 3602 5505 respondentis
3635 5427 3874 5498 Apostuli

2295 5538 2456 5594 verba
2486 5533 2775 5606 perpende.
2823 5530 2996 5586 Nosse
3020 5527 3297 5584 desideras
3345 5540 3509 5595 quare
3549 5519 3873 5576 resuscitatis

2298 5628 2602 5685 hominibus
2645 5641 2840 5695 corpus
2887 5631 3046 5694 prout
3076 5621 3217 5677 Dens
3254 5617 3490 5675 voluerit
3525 5618 3597 5671 sit
3634 5615 3875 5678 daturus,

2297 5735 2527 5792 agnosce
2578 5717 2886 5788 prudeter,
2934 5723 2980 5768 et
3033 5715 3307 5784 unicuique
3335 5710 3585 5765 seminum
3613 5707 3874 5777 praprium

2299 5830 2479 5886 corpus
2519 5811 2729 5881 (Ibid),
2761 5811 2899 5882 qiiod
2933 5809 3117 5879 utique
3159 5820 3265 5863 non
3311 5805 3428 5861 sine
3469 5813 3627 5857 causa
3661 5799 3739 5855 vir
3773 5799 3875 5854 Deo
