4190 6410
308 451 410 508 [33

1528 424 1884 485 EPISTOLIE
1927 421 2016 477 ET
2059 420 2405 476 DECRETA.

3515 412 3614 469 154

302 502 501 632 plenus
518 554 787 622 adnectit,
822 553 921 609 nisi
950 559 1006 608 ιιι
1045 551 1254 607 futuras
1276 544 1552 600 hominum
1582 535 1897 632 huiusmodi
1928 534 1982 596 Α
2008 534 2277 591 seminum
2298 532 2601 632 niversitas
2626 529 2910 597 indicaret,
2941 529 3617 632 suppeditaretquenplente

303 629 668 703 dubitationes
695 643 1016 715 expelleret.
1051 638 1209 705 Audi,
1235 637 1472 707 inquam,
1506 633 1650 703 quod
1679 629 1900 697 sapien-

304 752 389 799 ter
407 740 627 811 adjecit,
658 746 714 793 et
742 752 807 792 ex
844 731 1195 791 similitudine
1221 744 1335 783 rem
1368 729 1535 796 ipsam
1568 723 1653 778 cui
1682 733 1910 788 compa-

304 844 457 890 ratur
502 844 779 902 agnosce:
822 834 872 881 et
897 823 1206 893 unicuique,
1256 818 1443 889 inquit,
1490 816 1744 870 sentinam
1776 826 1901 882 pro.

304 924 478 994 prium
517 934 746 987 corpus;
796 917 839 971 si
885 917 938 969 in
978 911 1333 968 similitudine
1374 906 1649 979 proprium
1682 914 1906 971 corpus,

304 1029 439 1081 ergo
466 1021 522 1068 et
552 1014 608 1065 in
639 1025 729 1074 re,
763 1007 917 1077 cujus
938 1004 1235 1061 similitudo
1258 1010 1375 1069 est,
1404 1000 1679 1069 proprium
1709 1008 1909 1062 corpus

306 1115 513 1161 certum
557 1110 641 1157 est
671 1114 792 1154 esse
834 1096 1202 1159 reddendum;
1240 1093 1449 1148 semina
1478 1088 1622 1144 enim
1655 1088 1760 1142 ista
1792 1086 1911 1138 sine

306 1193 679 1249 controversia
722 1188 1027 1245 hominibus
1064 1184 1424 1254 comparavit,
1446 1183 1514 1237 de
1545 1194 1772 1251 quorum
1796 1177 1906 1231 uti-

307 1300 416 1354 que
466 1292 641 1338 morte
685 1290 741 1335 et
769 1277 1167 1335 resurrectione
1198 1272 1564 1345 loquebatur:
1598 1279 1761 1339 atque
1790 1267 1913 1321 ideo

308 1360 522 1443 singula
554 1371 781 1441 singulis
824 1366 1111 1423 conferens
1135 1406 1150 1431 ,
1182 1372 1445 1434 quantum
1493 1360 1560 1416 ad
1593 1356 1915 1414 vivificanda

312 1474 434 1533 post
465 1470 692 1517 mortem
720 1472 948 1527 corpora
983 1456 1279 1525 pertineret
1307 1498 1321 1521 ,
1352 1453 1419 1507 de
1446 1451 1597 1522 grani
1629 1464 1735 1504 non
1766 1448 1915 1519 prius

310 1556 564 1610 vivificati
593 1568 752 1624 quam
784 1551 981 1607 mortui
1010 1547 1417 1618 comparatione
1453 1541 1714 1613 singulari
1743 1541 1911 1595 mira-

312 1647 496 1703 biliter
541 1645 850 1714 explicavit.
884 1642 1089 1697 Dehinc
1117 1639 1260 1710 quali
1292 1646 1416 1707 post
1454 1635 1912 1691 resurrectionem

313 1751 541 1805 corpore
568 1744 887 1792 censeretur
915 1745 1039 1787 esse
1081 1732 1313 1800 quisque
1355 1734 1615 1781 venturus
1642 1765 1658 1791 ,
1704 1722 1757 1777 id
1788 1729 1871 1777 est
1894 1761 1911 1789 ,

314 1839 493 1883 utrum
526 1830 625 1881 hac
651 1824 991 1885 conditione.
1044 1837 1206 1889 quam
1239 1819 1524 1875 moriendo
1565 1822 1909 1887 gestaverat,

2016 624 2406 695 comparationi
2446 622 2689 678 facultas
2743 637 2839 691 per
2894 636 3057 689 quam
3108 620 3175 675 ad
3226 624 3617 691 specialitatem

2015 733 2303 783 corporum
2341 716 2729 786 designandam
2774 714 3298 770 convenientissime
3322 714 3615 785 diceretur,

2016 818 2064 863 et
2085 809 2359 877 unicuique
2379 808 2635 875 seminum
2666 805 2933 876 praprium
2958 822 3145 877 corpus
3174 804 3229 874 (I
3259 802 3381 861 Cor.
3409 806 3536 878 xv),
3562 820 3624 865 ut

2014 898 2159 969 quod
2220 914 2322 953 una
2354 898 2569 967 species
2617 896 2912 966 cujuslibet
2953 897 3127 967 grani,
3175 896 3412 952 discreto
3462 912 3619 965 sexu,

2015 992 2104 1061 qui
2138 991 2186 1044 ei
2217 989 2397 1044 nullus
2438 989 2712 1043 mstimare
2754 1003 2861 1042 non
2896 996 3078 1058 posset
3107 990 3476 1057 exprimendae
3502 1006 3624 1046 cor-

2015 1097 2206 1153 porum
2236 1080 2550 1149 proprietati
2577 1119 2591 1140 .
2626 1080 2767 1134 sicut
2795 1094 2942 1149 saepe
2960 1079 3072 1149 jam
3097 1079 3303 1135 dictum
3329 1092 3433 1149 est,
3458 1082 3625 1138 semi-

2016 1188 2143 1227 num
2183 1172 2472 1227 diversitas
2502 1171 2912 1241 intelligentiam
2938 1172 3299 1227 ministraret.

2086 1263 2305 1333 Triplex
2352 1264 2515 1333 igitur
2573 1263 2624 1317 in
2679 1262 2781 1317 hac
2832 1265 3244 1334 comparatione
3297 1267 3624 1333 propositio,

2008 1355 2329 1426 disputatio,
2359 1354 2606 1411 definitio
2628 1364 2740 1421 est;
2767 1366 2820 1409 et
2842 1364 3103 1425 quantum
3124 1355 3190 1408 ad
3211 1356 3624 1425 intelligendam

2017 1447 2471 1503 resurrectionem
2501 1446 2737 1516 pertinet
2766 1446 3107 1516 corporalem
3152 1462 3216 1501 ex
3268 1448 3626 1506 similitudine

2016 1540 2167 1609 grani
2199 1554 2307 1592 non
2337 1538 2487 1607 prius
2532 1536 2786 1591 vivificati
2836 1552 2997 1607 quam
3061 1538 3262 1592 mortui
3312 1550 3628 1607 competens

2016 1627 2313 1682 similitudo
2368 1626 2755 1697 sufficiensque
2812 1626 3133 1697 deprompta
3192 1637 3294 1682 est.
3357 1629 3627 1693 Quantum

2015 1732 2147 1774 vero
2173 1717 2240 1773 ad
2271 1718 2321 1772 id
2351 1718 2567 1780 attinet.
2591 1718 2717 1787 quia
2743 1734 2845 1771 non
2870 1717 2926 1770 id
2952 1734 3142 1785 corpus
3175 1720 3458 1773 seminatur
3492 1718 3629 1790 quod

2019 1812 2251 1876 futurum
2300 1816 2412 1873 est,
2466 1808 2555 1861 sed
2610 1804 2749 1861 Deus
2802 1808 2894 1859 dat
2952 1808 3029 1861 illi
3081 1824 3268 1877 corpus
3323 1822 3474 1876 prout
3522 1812 3630 1864 vult

314 1934 381 1974 an
411 1919 570 1987 longe
600 1916 849 1981 meliore,
877 1914 1228 1969 nihilominus
1257 1913 1344 1967 illa
1371 1909 1730 1965 similitudine
1760 1918 1911 1977 pate~
1940 1896 2183 1972 B(lbid.)
2202 1942 2217 1968 ,
2256 1900 2313 1956 in
2358 1899 2602 1971 ejusdem
2651 1898 2983 1954 continentia
3028 1899 3278 1955 lectionis
3323 1902 3630 1955 necessario

314 2009 472 2074 fecit,
501 2024 660 2079 quam
690 2018 909 2063 secutus
940 2005 1191 2075 exposuit
1221 2020 1235 2058 :
1268 2002 1333 2057 Et
1360 2014 1413 2056 tu
1438 2004 1524 2073 qui
1544 2002 1791 2068 seminus,
1816 2015 1917 2052 nu-

318 2104 441 2155 dum
470 2116 690 2171 granum
716 2100 937 2153 seminus
959 2139 975 2163 ,
1021 2108 1077 2150 ut
1105 2104 1229 2165 puta
1259 2095 1415 2150 tritici
1443 2103 1533 2147 aut
1560 2093 1787 2163 alicujus
1822 2106 1923 2145 ca-

320 2202 590 2257 terorum;
641 2202 689 2244 et
728 2189 870 2243 Deus
899 2186 992 2240 dat
1035 2186 1115 2240 illi
1163 2202 1351 2255 corpus
1379 2195 1530 2256 prout
1576 2183 1683 2237 stult
1714 2180 1770 2252 (I
1798 2180 1921 2236 Cor.

323 2285 437 2351 xv).
492 2282 548 2336 In
580 2283 680 2336 hac
712 2294 842 2351 ergo
874 2280 1045 2335 forma
1075 2292 1273 2347 corpus
1312 2276 1484 2333 Deum
1514 2274 1667 2341 dare,
1722 2274 1926 2329 decen-

319 2372 428 2425 tius
457 2386 618 2440 quam
649 2369 879 2435 obierat,
904 2366 1187 2423 evidenter
1207 2366 1511 2436 expressit;
1545 2365 1687 2419 sicut
1715 2365 1766 2418 in
1796 2364 1921 2418 sub.

318 2463 673 2532 sequentibus
698 2462 897 2517 dicitur
924 2477 937 2513 :
971 2458 1271 2514 Seminatur
1298 2459 1353 2513 in
1374 2460 1734 2528 corruptione,
1759 2458 1925 2530 surgit

316 2556 373 2608 in
402 2554 880 2622 incorruptionem;
907 2551 1190 2605 seminatur
1216 2552 1269 2604 in
1292 2548 1639 2621 ignobilitate,
1669 2549 1836 2619 surgit
1867 2548 1923 2601 in

318 2648 583 2717 gloriam;
613 2646 894 2701 seminatur
919 2645 975 2699 in
1008 2644 1339 2715 inﬁrmitate,
1367 2644 1531 2715 surgit
1558 2645 1610 2697 in
1640 2644 1880 2696 virtutem
1905 2658 1926 2708 ;

320 2740 604 2792 seminatur
662 2754 847 2809 corpus
887 2736 1145 2801 animale,
1202 2736 1367 2809 surgit
1416 2751 1605 2806 corpus
1654 2734 1928 2803 spirituate

322 2830 545 2899 (Ibid.).
575 2830 711 2884 Ecce
741 2828 1195 2900 quemadmodum
1232 2826 1467 2883 hominis
1500 2826 1783 2882 morientis
1818 2839 1928 2880 non

323 2924 427 2977 hoc
452 2922 754 2975 seminatur
794 2920 941 2990 quod
971 2933 1171 2991 corpus
1198 2928 1282 2975 est
1312 2928 1435 2989 post
1476 2916 1739 2973 futurum.
1784 2912 1929 2972 Ecce

326 3023 492 3081 prout
516 3013 627 3066 vult
653 3012 798 3081 Deus
844 3012 1165 3082 intelligitur
1202 3011 1593 3067 resorrecturis
1620 3024 1819 3080 corpus
1841 3024 1928 3065 re-

332 3103 571 3159 formare
606 3114 729 3175 post
771 3113 1001 3159 mortem
1030 3118 1152 3159 cum
1184 3102 1547 3158 inestimabili
1576 3116 1689 3157 sum
1714 3096 1931 3157 miseri-

322 3195 525 3249 cordia:
554 3195 832 3251 voluntate
864 3212 878 3249 :
910 3194 1052 3264 quod
1097 3194 1275 3249 fuerat
1304 3194 1358 3249 in
1389 3194 1737 3262 corruptione
1766 3192 1927 3247 semi-

323 3295 512 3339 natum
537 3325 553 3349 ,
582 3286 976 3356 incorruptibili
1003 3282 1283 3340 nobilitate
1308 3293 1605 3351 restaurat;
1638 3284 1782 3355 quod
1812 3283 1928 3343 fue-
1952 3270 2001 3334 C

325 3386 410 3429 rat
443 3382 677 3430 terrenae
725 3375 1057 3429 conditionis
1097 3376 1149 3429 in
1195 3356 1532 3446 ignobilitate
1568 3374 1804 3443 sonitum
1831 3413 1847 3439 ,
1873 3374 1930 3431 in

323 3466 500 3535 gloria
556 3468 766 3522 cmlesti
815 3468 1133 3531 resuscitat;
1184 3466 1330 3535 quod
1374 3466 1551 3521 fuerat
1582 3465 1931 3521 mortalitatis

324 3559 643 3613 lutirmitate
676 3560 969 3615 resolutum
991 3598 1007 3625 ,
1043 3558 1371 3628 redintegrat
1413 3559 1465 3611 in
1514 3556 1931 3633 immortalitatis

324 3650 528 3705 decore
558 3650 842 3716 vestitum;
880 3662 1155 3718 postremo
1179 3650 1321 3719 quod
1364 3649 1538 3705 fuerat
1580 3650 1815 3705 animale
1838 3650 1933 3704 de-

325 3746 595 3808 functum,
647 3757 844 3813 corpus
884 3742 1165 3812 spirituale
1216 3744 1493 3813 restituit,
1540 3752 1595 3799 et
1628 3744 1929 3799 reformat:

324 3849 448 3907 qua:
476 3845 667 3891 cuncta
689 3835 756 3889 ad
779 3844 980 3890 statum
1010 3836 1403 3890 meliorationis
1425 3837 1933 3905 sublimationisque

324 3927 648 3997 respiciunt.
678 3927 771 3982 Illa
807 3942 935 3981 vero
980 3942 1100 3998 qua:
1148 3938 1315 3983 restat
1347 3943 1471 3998 pars
1510 3924 1932 3997 comparationis

324 4021 553 4076 adnexae
568 4020 872 4087 specialiter
893 4020 957 4075 ad
983 4025 1370 4091 proprietatem
1383 4021 1631 4092 corporis
1648 4022 1934 4090 unicuique

324 4112 721 4169 redhibendant
770 4116 1042 4179 pertinere
1083 4113 1355 4181 ﬂrmatur,
1400 4129 1505 4183 qua
1536 4124 1933 4183 consequenter

322 4207 526 4261 dicitur
558 4222 573 4258 :
607 4204 674 4259 Et
710 4206 985 4276 unicuique
1010 4206 1262 4260 seminum
1294 4208 1563 4277 proprium
1588 4222 1817 4278 corpus;
1841 4206 1931 4262 ubi

324 4298 463 4351 satis
505 4307 733 4366 apparet
763 4296 818 4352 in
859 4298 1050 4368 quavis
1080 4298 1480 4367 resurgentium
1524 4297 1772 4351 claritate
1802 4310 1932 4366 pro-

327 4394 617 4460 prietatem
676 4390 921 4458 corporis
973 4404 1095 4446 esse
1145 4405 1489 4457 mansuram;
1541 4404 1644 4446 nec
1695 4391 1929 4446 otiosum

325 4482 473 4553 quod
505 4482 696 4538 beatus
716 4483 1010 4552 Apostolus
1045 4498 1167 4539 cum
1197 4486 1267 4540 de
1302 4486 1421 4541 solo
1447 4486 1683 4540 humano
1702 4500 1931 4555 genere,

325 4573 471 4644 quod
501 4575 676 4629 solum
700 4582 783 4630 est
806 4577 990 4646 utique
1011 4575 1403 4642 suscitandum,
1429 4591 1527 4631 nec
1544 4578 1647 4631 alia
1672 4592 1930 4647 quaecun-

325 4679 430 4734 que
483 4665 781 4721 substantia
831 4666 936 4722 hoc
978 4676 1064 4723 est
1112 4682 1337 4723 munere
1381 4668 1709 4735 decoranda,
1763 4678 1929 4739 atque

326 4755 452 4812 ideo
482 4755 755 4812 sufficeret
802 4758 871 4813 ad
909 4774 1071 4814 unum
1116 4774 1285 4829 genus
1315 4760 1592 4815 hominum
1616 4776 1776 4816 unam
1804 4778 1929 4832 spe-

324 4850 467 4905 ciem
490 4850 710 4905 seminis
733 4852 903 4920 gratia
919 4853 1335 4921 comparationis
1352 4852 1632 4919 adhibere,
1653 4870 1747 4923 per
1766 4870 1927 4926 quam

324 4952 377 4998 et
394 4958 509 4999 non
533 4944 683 5013 prius
704 4942 957 5020 vivificari
975 4959 1134 5015 quam
1160 4946 1318 5013 mori,
1339 4956 1395 5001 et
1417 4946 1790 5003 honorabilius
1805 4964 1929 5003 cor-

324 5048 426 5104 pus
455 5048 623 5104 quam
656 5035 1018 5092 seminaretur
1056 5052 1348 5110 exsurgere
1372 5040 1727 5110 perdoceret:
1751 5040 1846 5096 sed
1871 5049 1931 5096 ut

322 5126 526 5183 diversi
561 5139 721 5183 sexus
749 5128 1025 5197 proprium
1053 5145 1252 5200 corpus
1278 5144 1484 5188 asseret
1510 5131 1603 5205 [F.
1629 5134 1923 5209 assereret]

323 5217 694 5275 innovandum
719 5260 735 5285 ,
767 5222 911 5291 quod
950 5222 1003 5277 in
1036 5238 1140 5278 una
1181 5227 1363 5294 specie
1401 5228 1621 5283 seminis
1662 5239 1926 5297 quantum

322 5315 387 5370 ad
409 5314 820 5372 similitudinem
843 5317 1163 5388 respiceret,
1197 5333 1304 5373 non
1329 5320 1581 5387 habebat,
1607 5339 1675 5377 ne
1696 5338 1791 5392 per
1821 5324 1925 5380 hoc

320 5418 373 5463 et
402 5423 569 5464 unam
600 5409 972 5463 tantummodo
1008 5410 1243 5479 speciem
1268 5413 1768 5470 resuscitandorum
1800 5430 1924 5471 cor-

322 5515 514 5570 porum
547 5499 849 5555 futurarum
876 5500 1208 5571 significasse
1228 5513 1507 5574 putaretur
1531 5506 1921 5582 proprietatum

322 5590 669 5649 distinctione
695 5591 977 5659 submota,
1008 5592 1243 5650 discreta
1272 5611 1610 5667 quascunque
1650 5586 1921 5656 seminum

320 5696 516 5752 genera
572 5682 996 5753 comparationis
1039 5698 1154 5739 sua:
1212 5696 1373 5743 caute
1424 5690 1923 5761 convenienterque

322 5772 464 5829 duxit
500 5768 808 5830 adhibenda
836 5814 852 5841 ,
903 5782 961 5830 ut
987 5777 1373 5847 proprietatem
1415 5794 1704 5852 corporum
1732 5822 1749 5849 ,
1781 5785 1924 5840 sicut

322 5864 518 5923 dictum
540 5875 821 5939 est,quam
842 5882 947 5923 una
974 5869 1185 5941 species
1204 5870 1515 5933 discernere
1537 5889 1647 5931 non
1678 5877 1913 5947 valebat,

2023 2012 2185 2053 causa
2216 2006 2511 2064 reseratur,
2540 2009 2661 2050 cum
2692 1994 3049 2062 corruptibile
3075 2008 3270 2063 corpus
3306 1995 3630 2049 seminatum

2026 2088 2340 2160 perhibetur
2361 2086 2771 2157 incorruptibile
2800 2084 3163 2150 redditurum,
3191 2094 3246 2141 et
3270 2095 3487 2152 caetera,
3511 2102 3633 2156 qum

2026 2180 2151 2237 huic
2178 2181 2360 2237 sensui
2388 2178 2688 2249 probantur
2713 2179 3017 2233 adhrerere.

2098 2272 2367 2340 Quantum
2396 2278 2579 2326 autem
2605 2268 2676 2324 ad
2707 2269 3094 2339 proprietatem
3140 2284 3429 2339 corporum
3462 2270 3634 2337 respi-

2028 2361 2102 2417 cit
2137 2360 2494 2425 edocendam,
2539 2359 2853 2430 plenissime
2897 2359 3207 2415 declaratur
3252 2362 3394 2431 quod
3448 2363 3635 2415 beatus

2028 2458 2323 2527 Apostolus
2372 2472 2709 2527 nequaquam
2758 2456 2984 2511 seminis
3030 2458 3190 2512 unius
3230 2460 3635 2529 comparatione

2027 2555 2349 2614 contentus,
2414 2561 2511 2617 per
2555 2546 2701 2616 quod
2754 2548 3141 2616 proprietatem
3189 2562 3481 2617 corporum
3527 2567 3637 2606 non

2031 2649 2215 2713 posset
2245 2640 2556 2705 ostendere,
2607 2654 2729 2693 cum
2767 2638 2818 2693 id
2853 2638 3217 2708 una‘species,
3249 2649 3305 2693 ut
3331 2655 3495 2710 supra
3525 2658 3638 2697 me-

2031 2744 2295 2790 moratum
2327 2743 2432 2803 est,
2463 2733 2687 2789 seminis
2716 2747 2823 2787 non
2855 2732 3100 2799 haberet,
3131 2731 3338 2787 studuit
3365 2748 3434 2789 ex
3470 2736 3638 2789 semi-

2031 2843 2160 2883 num
2208 2827 2522 2883 diversitate
2570 2834 2878 2881 monstrare
2923 2826 3214 2897 unicuique
3278 2831 3635 2897 surgentium,

2032 2921 2125 2993 qui
2153 2928 2281 2975 sunt
2307 2921 2495 2991 utique
2526 2920 2823 2976 seminibus
2852 2921 3172 2989 comparati,
3206 2919 3484 2989 proprium
3510 2935 3639 2975 cor-

2035 3028 2133 3083 pus
2157 3026 2275 3069 esse
2302 3012 2657 3068 reddendum.
2692 3011 2756 3065 Et
2785 3019 3072 3080 resurgant
3100 3025 3230 3081 ergo
3280 3010 3527 3066 homines
3562 3014 3639 3065 vi—

2032 3106 2229 3165 vificati
2264 3116 2387 3176 post
2425 3116 2675 3170 mortem,
2724 3105 2814 3173 qui
2861 3104 3047 3173 utique
3079 3105 3229 3173 prius
3280 3104 3640 3161 morientibus

2032 3206 2089 3252 et
2106 3196 2452 3267 postmodum
2478 3195 2813 3251 viviﬁcandis
2839 3195 3138 3251 seminibus
3160 3198 3457 3264 comparati
3480 3207 3636 3262 sunt;

2033 3298 2214 3344 etnon
2245 3289 2349 3344 hoc
2372 3288 2517 3357 quod
2566 3288 2869 3343 moriuntur
2892 3327 2908 3353 ,
2962 3286 3014 3342 id
3060 3296 3141 3343 est
3173 3296 3424 3359 tanquam
3473 3289 3640 3344 semi-

2034 3389 2251 3447 naotur,
2284 3388 2603 3449 resurgunt,
2652 3379 2743 3434 sed
2774 3377 2913 3433 Deus
2954 3380 3028 3432 eis
3071 3379 3162 3431 dat
3197 3395 3387 3447 corpus
3429 3390 3484 3434 ut
3532 3384 3640 3437 vult

2034 3471 2286 3543 (lbid.),
2348 3480 2407 3527 ut
2452 3474 2523 3527 sit
2567 3472 2637 3527 dc
2681 3470 3020 3540 corruptibili
3068 3472 3515 3541 incorrupzibile,
3568 3474 3639 3529 de

2033 3564 2254 3619 mortali
2305 3564 2641 3625 immortale,
2711 3562 2781 3619 de
2838 3562 3165 3631 inspirituali
3212 3564 3527 3630 spirituale;
3580 3576 3640 3619 ut

2035 3656 2176 3725 quod
2212 3655 2401 3709 mortis
2432 3652 2607 3709 fuerat
2630 3653 2945 3708 conditione
2977 3653 3373 3722 decoloratum,
3408 3655 3638 3711 immor-

2037 3749 2141 3804 tale
2170 3759 2225 3805 et
2270 3749 2524 3804 decorum
2574 3746 3208 3819 integritateireddatur,
3257 3755 3313 3801 et
3358 3750 3635 3817 pr0prium

2036 3855 2234 3908 corpus
2264 3841 2403 3896 sicut
2434 3841 2853 3911 unumquodque
2884 3842 3147 3895 seminum
3187 3841 3303 3898 sine
3329 3841 3495 3899 dubio
3544 3860 3635 3899 re-

2036 3933 2244 4001 cepturi
2272 3940 2399 3987 sunt
2422 3949 2435 3984 :
2459 3930 2602 4001 quod
2633 3932 2756 4000 quia
2780 3930 2997 3985 diverso
3028 3932 3183 3987 sexui
3212 3932 3264 3985 in
3296 3948 3403 3986 uno
3430 3934 3637 3987 semine

2036 4022 2335 4092 comparari
2366 4036 2475 4077 non
2506 4031 2739 4091 poterat,
2786 4035 2857 4075 ex
2885 4022 3156 4076 seminum
3184 4022 3499 4077 diversitate
3524 4023 3639 4080 col-

2036 4115 2202 4170 latum
2231 4123 2335 4183 est,
2368 4122 2426 4169 ut
2456 4129 2521 4169 ex
2554 4112 2868 4169 diversitate
2896 4113 3161 4168 seminum
3191 4128 3476 4183 corporum
3507 4130 3637 4185 pro-

2037 4208 2238 4277 prietas
2268 4207 2591 4276 signaretur.
2624 4203 2683 4259 Si
2713 4219 2841 4260 vero
2875 4206 3149 4273 proprium
3179 4221 3377 4275 corpus
3407 4208 3635 4263 resusci-

2038 4307 2181 4353 tatus
2205 4298 2434 4369 quisque
2460 4296 2740 4366 suscipiet,
2772 4295 3147 4351 indubitanter
3174 4307 3259 4352 est
3298 4314 3639 4369 consequens

2037 4402 2096 4447 ut
2117 4391 2402 4460 unicuique
2420 4390 2573 4445 sexui
2596 4402 2795 4461 corpus
2813 4390 3089 4461 proprium
3104 4388 3456 4457 reformetur;
3486 4394 3637 4462 quia,

2038 4487 2174 4542 sicut
2195 4486 2395 4541 dictum
2418 4492 2521 4550 est,
2544 4491 2599 4540 et
2620 4482 2910 4554 unicuique
2930 4484 3200 4539 seminum
3227 4487 3498 4555 proprium
3519 4504 3640 4541 cor-

2038 4594 2136 4649 pus
2159 4577 2463 4635 restituitur
2503 4576 2842 4632 attributum.
2878 4577 2943 4631 Et
2970 4576 3015 4632 si
3052 4576 3344 4647 unicuique
3372 4580 3639 4635 seminum

2040 4673 2314 4743 proprium
2338 4684 2532 4741 corpus
2558 4670 2879 4735 restituitur,
2898 4685 2991 4739 per
3012 4686 3131 4740 qua:
3153 4673 3337 4741 utique
3355 4673 3563 4727 semina
3589 4674 3642 4730 in

2039 4775 2267 4833 utroque
2296 4778 2428 4818 sexu
2455 4777 2618 4816 omne
2652 4776 2820 4831 genus
2861 4761 3137 4815 hominum
3169 4763 3507 4833 designatum
3534 4774 3638 4829 est,

2037 4858 2282 4928 sequitur
2312 4866 2370 4910 ut
2397 4869 2558 4912 onmc
2580 4868 2749 4925 genus
2778 4853 3097 4920 humanum,
3141 4854 3282 4924 quod
3315 4856 3367 4909 in
3412 4865 3643 4926 utroque

2038 4964 2171 5005 sexu
2191 4948 2308 5003 istis
2326 4958 2410 5002 est
2430 4946 2728 5001 seminibus
2748 4945 3113 5015 designatum,
3131 4946 3408 5016 proprium
3432 4947 3501 5001 sit
3522 4962 3646 5001 cor-

2040 5056 2138 5113 pus
2161 5046 2585 5107 resumpturum.
2614 5036 2726 5091 Hoc
2749 5050 2848 5091 nos
2868 5051 2935 5091 ex
2960 5035 3141 5090 verbis
3162 5038 3409 5105 Apostoli
3433 5035 3515 5092 fas
3557 5047 3646 5093 est

2036 5133 2218 5188 sobria
2249 5130 2685 5187 consideratione
2731 5130 2929 5196 metiri,
2985 5129 3121 5184 ultra
3170 5144 3291 5200 qua:
3336 5132 3638 5186 cavendum

2037 5238 2122 5283 est
2162 5223 2445 5280 temeraria
2473 5222 2787 5277 curiositate
2819 5236 3202 5291 prorumpere;
3246 5233 3468 5292 propter
3494 5223 3642 5291 quod

2037 5316 2202 5372 etiam
2227 5327 2637 5369 commonemur
2684 5329 2698 5367 :
2728 5310 2932 5366 Altiora
2960 5320 3008 5368 te
3035 5328 3098 5374 ne
3138 5313 3425 5381 quesicrt's,
3452 5322 3499 5368 et
3529 5315 3642 5382 {or-

2038 5410 2177 5463 tiora
2206 5416 2253 5461 te
2278 5421 2343 5461 ne
2371 5406 2531 5475 fueris
2554 5413 2811 5460 scrutatus
2850 5404 3043 5476 (Eccli.
3081 5406 3185 5476 ιιι).
3245 5406 3337 5474 Ει,
3379 5406 3504 5462 Non
3533 5409 3643 5464 alta

2036 5501 2317 5568 sapientes,
2344 5496 2437 5553 sed
2464 5497 2739 5553 humilibus
2759 5497 3131 5551 consentientes
3152 5497 3330 5571 (Rom.
3348 5498 3473 5567 xu):
3493 5497 3644 5554 Post-

2027 5608 2179 5651 remo
2206 5591 2543 5648 attendentes
2576 5588 2731 5658 illud,
2754 5589 2900 5661 quod
2929 5590 3225 5660 apostolica
3257 5605 3473 5661 quoque
3499 5607 3641 5663 prae.

2026 5688 2299 5744 dcatione
2330 5684 2598 5741 firmatum
2632 5690 2734 5750 est,
2785 5683 2926 5753 quod
2979 5682 3162 5737 oculus
3204 5701 3307 5738 non
3350 5684 3499 5754 vidit,
3548 5702 3641 5741 nec

2026 5781 2170 5838 auris
2207 5780 2425 5849 audivit,
2455 5793 2547 5833 nec
2572 5778 2628 5831 in
2658 5790 2747 5831 cor
2783 5776 3005 5830 hominis
3030 5776 3261 5831 ascendit
3286 5793 3404 5849 qua
3430 5794 3639 5849 ρωρα.

2026 5876 2160 5933 favit
2190 5871 2331 5929 Deus
2357 5868 2656 5929 timentibus
2682 5884 2737 5925 se
2758 5866 2808 5927 ll
2835 5865 2957 5927 Cor.
2984 5866 3068 5943 tt),
3118 5869 3363 5945 quisquis
3389 5871 3641 5946 superius
