  <div class='ocr_page' id='page_1' title='image "/cluster/home/n/w/nwhite01/storage/ocr_20150623/58-59/uc1.31175013991289/687.png"; bbox 0 0 4190 6480; ppageno 0'>
   <div class='ocr_carea' id='block_1_1' title="bbox 592 475 691 529">
    <p class='ocr_par' dir='ltr' id='par_1_1' title="bbox 592 475 691 529">
     <span class='ocr_line' id='line_1_1' title="bbox 592 475 691 529; baseline 0 -2"><span class='ocrx_word' id='word_1_1' title='bbox 592 475 691 529; x_wconf 63' lang='grc' dir='ltr'><strong>1έὸ</strong></span> 
     </span>
    </p>
   </div>
   <div class='ocr_carea' id='block_1_2' title="bbox 1933 447 2173 510">
    <p class='ocr_par' dir='ltr' id='par_1_2' title="bbox 1933 450 2173 510">
     <span class='ocr_line' id='line_1_2' title="bbox 1933 450 2173 510; baseline -0.017 0"><span class='ocrx_word' id='word_1_2' title='bbox 1933 450 2173 510; x_wconf 70' lang='lat' dir='ltr'><strong>GELASI</strong></span> 
     </span>
    </p>
   </div>
   <div class='ocr_carea' id='block_1_3' title="bbox 2274 447 3853 510">
    <p class='ocr_par' dir='ltr' id='par_1_3' title="bbox 2274 447 3853 507">
     <span class='ocr_line' id='line_1_3' title="bbox 2274 447 3853 507; baseline -0.003 -1"><span class='ocrx_word' id='word_1_3' title='bbox 2274 449 2441 507; x_wconf 68' lang='lat' dir='ltr'><strong>’APJ‘Z</strong></span> <span class='ocrx_word' id='word_1_4' title='bbox 2480 448 2501 506; x_wconf 90' lang='grc' dir='ltr'><strong>ι</strong></span> <span class='ocrx_word' id='word_1_5' title='bbox 3761 447 3853 503; x_wconf 72' lang='grc'><strong>156</strong></span> 
     </span>
    </p>
   </div>
   <div class='ocr_carea' id='block_1_4' title="bbox 592 558 3860 639">
    <p class='ocr_par' dir='ltr' id='par_1_4' title="bbox 592 558 3860 639">
     <span class='ocr_line' id='line_1_4' title="bbox 592 558 3860 639; baseline -0.006 -7"><span class='ocrx_word' id='word_1_6' title='bbox 592 575 873 632; x_wconf 79' lang='lat' dir='ltr'><strong>memorati</strong></span> <span class='ocrx_word' id='word_1_7' title='bbox 905 585 1099 631; x_wconf 82' lang='lat' dir='ltr'><strong>sensus</strong></span> <span class='ocrx_word' id='word_1_8' title='bbox 1141 566 1379 639; x_wconf 82' lang='lat' dir='ltr'><strong>Apostoli</strong></span> <span class='ocrx_word' id='word_1_9' title='bbox 1424 578 1531 621; x_wconf 83' lang='lat' dir='ltr'><strong>non</strong></span> <span class='ocrx_word' id='word_1_10' title='bbox 1576 572 1659 619; x_wconf 68' lang='lat' dir='ltr'><strong>est</strong></span> <span class='ocrx_word' id='word_1_11' title='bbox 1702 562 2054 633; x_wconf 66' lang='lat' dir='ltr'><strong>intelligentia</strong></span> <span class='ocrx_word' id='word_1_12' title='bbox 2088 564 2173 616; x_wconf 83' lang='lat' dir='ltr'><strong>vel</strong></span> <span class='ocrx_word' id='word_1_13' title='bbox 2205 566 2257 623; x_wconf 80' lang='grc' dir='ltr'>Α</span> <span class='ocrx_word' id='word_1_14' title='bbox 2284 562 2401 632; x_wconf 85' lang='lat' dir='ltr'><strong>ejus</strong></span> <span class='ocrx_word' id='word_1_15' title='bbox 2427 561 2663 618; x_wconf 85' lang='lat' dir='ltr'><strong>conditio</strong></span> <span class='ocrx_word' id='word_1_16' title='bbox 2694 560 2746 616; x_wconf 92' lang='lat' dir='ltr'><strong>in</strong></span> <span class='ocrx_word' id='word_1_17' title='bbox 2778 560 2882 615; x_wconf 86' lang='lat' dir='ltr'><strong>illis</strong></span> <span class='ocrx_word' id='word_1_18' title='bbox 2912 575 3120 631; x_wconf 86' lang='lat' dir='ltr'><strong>quoque</strong></span> <span class='ocrx_word' id='word_1_19' title='bbox 3149 559 3409 615; x_wconf 74' lang='lat' dir='ltr'><strong>claritatis</strong></span> <span class='ocrx_word' id='word_1_20' title='bbox 3437 558 3633 615; x_wconf 73' lang='lat' dir='ltr'><strong>decore</strong></span> <span class='ocrx_word' id='word_1_21' title='bbox 3656 573 3860 629; x_wconf 81' lang='lat' dir='ltr'><strong>perina-</strong></span> 
     </span>
    </p>
   </div>
   <div class='ocr_carea' id='block_1_5' title="bbox 588 652 2169 738">
    <p class='ocr_par' dir='ltr' id='par_1_5' title="bbox 588 652 2169 738">
     <span class='ocr_line' id='line_1_5' title="bbox 588 652 2169 738; baseline -0.012 -14"><span class='ocrx_word' id='word_1_22' title='bbox 588 668 987 738; x_wconf 80' lang='lat' dir='ltr'><strong>cotnparatione</strong></span> <span class='ocrx_word' id='word_1_23' title='bbox 1029 668 1332 719; x_wconf 77' lang='lat' dir='ltr'><strong>contentus,</strong></span> <span class='ocrx_word' id='word_1_24' title='bbox 1382 655 1449 711; x_wconf 90' lang='lat' dir='ltr'><strong>ad</strong></span> <span class='ocrx_word' id='word_1_25' title='bbox 1492 652 1596 710; x_wconf 85' lang='lat' dir='ltr'><strong>hoc</strong></span> <span class='ocrx_word' id='word_1_26' title='bbox 1628 663 1801 720; x_wconf 88' lang='lat' dir='ltr'><strong>certe,</strong></span> <span class='ocrx_word' id='word_1_27' title='bbox 1860 654 1985 706; x_wconf 78' lang='lat' dir='ltr'><strong>velit</strong></span> <span class='ocrx_word' id='word_1_28' title='bbox 2016 653 2169 718; x_wconf 82' lang='lat' dir='ltr'><strong>nolit,</strong></span> 
     </span>
    </p>
   </div>
   <div class='ocr_carea' id='block_1_6' title="bbox 587 743 2168 817">
    <p class='ocr_par' dir='ltr' id='par_1_6' title="bbox 587 743 2168 817">
     <span class='ocr_line' id='line_1_6' title="bbox 587 743 2168 817; baseline -0.015 0"><span class='ocrx_word' id='word_1_29' title='bbox 587 765 705 817; x_wconf 86' lang='lat' dir='ltr'><strong>sine</strong></span> <span class='ocrx_word' id='word_1_30' title='bbox 735 757 1068 815; x_wconf 78' lang='lat' dir='ltr'><strong>dubitatione</strong></span> <span class='ocrx_word' id='word_1_31' title='bbox 1105 748 1507 817; x_wconf 77' lang='lat' dir='ltr'><strong>constringitur,</strong></span> <span class='ocrx_word' id='word_1_32' title='bbox 1561 753 1621 799; x_wconf 92' lang='lat' dir='ltr'><strong>ut</strong></span> <span class='ocrx_word' id='word_1_33' title='bbox 1666 756 1787 815; x_wconf 72' lang='lat' dir='ltr'><strong>qua:</strong></span> <span class='ocrx_word' id='word_1_34' title='bbox 1830 743 2019 798; x_wconf 85' lang='lat' dir='ltr'><strong>oculus</strong></span> <span class='ocrx_word' id='word_1_35' title='bbox 2060 755 2168 795; x_wconf 87' lang='lat' dir='ltr'><strong>non</strong></span> 
     </span>
    </p>
   </div>
   <div class='ocr_carea' id='block_1_7' title="bbox 589 831 2168 918">
    <p class='ocr_par' dir='ltr' id='par_1_7' title="bbox 589 831 2168 918">
     <span class='ocr_line' id='line_1_7' title="bbox 589 831 2168 918; baseline -0.015 -11"><span class='ocrx_word' id='word_1_36' title='bbox 589 852 744 918; x_wconf 83' lang='lat' dir='ltr'><strong>vidit,</strong></span> <span class='ocrx_word' id='word_1_37' title='bbox 772 865 873 906; x_wconf 88' lang='lat' dir='ltr'><strong>nec</strong></span> <span class='ocrx_word' id='word_1_38' title='bbox 899 850 1045 903; x_wconf 84' lang='lat' dir='ltr'><strong>auris</strong></span> <span class='ocrx_word' id='word_1_39' title='bbox 1072 841 1293 907; x_wconf 77' lang='lat' dir='ltr'><strong>audivit,</strong></span> <span class='ocrx_word' id='word_1_40' title='bbox 1323 853 1424 894; x_wconf 90' lang='lat' dir='ltr'><strong>nec</strong></span> <span class='ocrx_word' id='word_1_41' title='bbox 1452 838 1506 892; x_wconf 90' lang='lat' dir='ltr'><strong>in</strong></span> <span class='ocrx_word' id='word_1_42' title='bbox 1525 851 1622 892; x_wconf 85' lang='lat' dir='ltr'><strong>cor</strong></span> <span class='ocrx_word' id='word_1_43' title='bbox 1652 834 1886 889; x_wconf 85' lang='lat' dir='ltr'><strong>hominis</strong></span> <span class='ocrx_word' id='word_1_44' title='bbox 1911 831 2168 895; x_wconf 81' lang='lat' dir='ltr'><strong>ascendit,</strong></span> 
     </span>
    </p>
   </div>
   <div class='ocr_carea' id='block_1_8' title="bbox 589 920 2171 1013">
    <p class='ocr_par' dir='ltr' id='par_1_8' title="bbox 589 920 2171 1013">
     <span class='ocr_line' id='line_1_8' title="bbox 589 920 2171 1013; baseline -0.014 -16"><span class='ocrx_word' id='word_1_45' title='bbox 589 942 829 1013; x_wconf 88' lang='lat' dir='ltr'><strong>qualibet</strong></span> <span class='ocrx_word' id='word_1_46' title='bbox 863 937 1056 992; x_wconf 80' lang='lat' dir='ltr'><strong>audeat</strong></span> <span class='ocrx_word' id='word_1_47' title='bbox 1100 931 1199 987; x_wconf 85' lang='lat' dir='ltr'><strong>sibi</strong></span> <span class='ocrx_word' id='word_1_48' title='bbox 1248 928 1575 985; x_wconf 89' lang='lat' dir='ltr'><strong>mediatione</strong></span> <span class='ocrx_word' id='word_1_49' title='bbox 1620 936 1965 995; x_wconf 86' lang='lat' dir='ltr'><strong>componere,</strong></span> <span class='ocrx_word' id='word_1_50' title='bbox 2020 920 2171 989; x_wconf 89' lang='lat' dir='ltr'><strong>quasi</strong></span> 
     </span>
    </p>
   </div>
   <div class='ocr_carea' id='block_1_9' title="bbox 590 1012 2169 1093">
    <p class='ocr_par' dir='ltr' id='par_1_9' title="bbox 590 1012 2169 1093">
     <span class='ocr_line' id='line_1_9' title="bbox 590 1012 2169 1093; baseline -0.012 -8"><span class='ocrx_word' id='word_1_51' title='bbox 590 1012 758 1088; x_wconf 82' lang='lat' dir='ltr'><strong>verbo</strong></span> <span class='ocrx_word' id='word_1_52' title='bbox 784 1026 996 1083; x_wconf 79' lang='lat' dir='ltr'><strong>humani</strong></span> <span class='ocrx_word' id='word_1_53' title='bbox 1026 1021 1267 1093; x_wconf 87' lang='lat' dir='ltr'><strong>corporis</strong></span> <span class='ocrx_word' id='word_1_54' title='bbox 1289 1020 1466 1090; x_wconf 87' lang='lat' dir='ltr'><strong>aliqua</strong></span> <span class='ocrx_word' id='word_1_55' title='bbox 1490 1017 1728 1073; x_wconf 87' lang='lat' dir='ltr'><strong>membra</strong></span> <span class='ocrx_word' id='word_1_56' title='bbox 1754 1014 2062 1084; x_wconf 89' lang='lat' dir='ltr'><strong>culpabilia,</strong></span> <span class='ocrx_word' id='word_1_57' title='bbox 2086 1012 2169 1067; x_wconf 90' lang='lat' dir='ltr'><strong>vel</strong></span> 
     </span>
    </p>
   </div>
   <div class='ocr_carea' id='block_1_10' title="bbox 589 1103 2174 1185">
    <p class='ocr_par' dir='ltr' id='par_1_10' title="bbox 589 1103 2174 1185">
     <span class='ocr_line' id='line_1_10' title="bbox 589 1103 2174 1185; baseline -0.013 -8"><span class='ocrx_word' id='word_1_58' title='bbox 589 1124 805 1185; x_wconf 85' lang='lat' dir='ltr'><strong>decora,</strong></span> <span class='ocrx_word' id='word_1_59' title='bbox 861 1116 946 1173; x_wconf 89' lang='lat' dir='ltr'><strong>vel</strong></span> <span class='ocrx_word' id='word_1_60' title='bbox 991 1110 1433 1185; x_wconf 83' lang='lat' dir='ltr'><strong>reprehensibilia</strong></span> <span class='ocrx_word' id='word_1_61' title='bbox 1480 1109 1590 1163; x_wconf 90' lang='lat' dir='ltr'><strong>sint</strong></span> <span class='ocrx_word' id='word_1_62' title='bbox 1632 1114 1834 1171; x_wconf 91' lang='lat' dir='ltr'><strong>creata,</strong></span> <span class='ocrx_word' id='word_1_63' title='bbox 1881 1120 2002 1159; x_wconf 91' lang='lat' dir='ltr'><strong>cum</strong></span> <span class='ocrx_word' id='word_1_64' title='bbox 2033 1103 2174 1157; x_wconf 82' lang='lat' dir='ltr'><strong>Deus</strong></span> 
     </span>
    </p>
   </div>
   <div class='ocr_carea' id='block_1_11' title="bbox 588 1198 2174 1271">
    <p class='ocr_par' dir='ltr' id='par_1_11' title="bbox 588 1198 2174 1271">
     <span class='ocr_line' id='line_1_11' title="bbox 588 1198 2174 1271; baseline -0.012 -5"><span class='ocrx_word' id='word_1_65' title='bbox 588 1212 777 1267; x_wconf 77' lang='lat' dir='ltr'><strong>fecerit</strong></span> <span class='ocrx_word' id='word_1_66' title='bbox 795 1208 972 1263; x_wconf 87' lang='lat' dir='ltr'><strong>omnia</strong></span> <span class='ocrx_word' id='word_1_67' title='bbox 997 1207 1133 1261; x_wconf 87' lang='lat' dir='ltr'><strong>bona</strong></span> <span class='ocrx_word' id='word_1_68' title='bbox 1154 1202 1309 1257; x_wconf 80' lang='lat' dir='ltr'><strong>valde</strong></span> <span class='ocrx_word' id='word_1_69' title='bbox 1347 1199 1554 1271; x_wconf 81' lang='lat' dir='ltr'><strong>(Cenes.</strong></span> <span class='ocrx_word' id='word_1_70' title='bbox 1581 1198 1644 1267; x_wconf 91' lang='lat' dir='ltr'><strong>l),</strong></span> <span class='ocrx_word' id='word_1_71' title='bbox 1670 1206 1725 1251; x_wconf 86' lang='lat' dir='ltr'><strong>et</strong></span> <span class='ocrx_word' id='word_1_72' title='bbox 1744 1207 2174 1265; x_wconf 83' lang='lat' dir='ltr'><strong>unamquamque</strong></span> 
     </span>
    </p>
   </div>
   <div class='ocr_carea' id='block_1_12' title="bbox 587 1286 2167 1369">
    <p class='ocr_par' dir='ltr' id='par_1_12' title="bbox 587 1286 2167 1369">
     <span class='ocr_line' id='line_1_12' title="bbox 587 1286 2167 1369; baseline -0.011 -13"><span class='ocrx_word' id='word_1_73' title='bbox 587 1300 824 1369; x_wconf 88' lang='lat' dir='ltr'><strong>speciem</strong></span> <span class='ocrx_word' id='word_1_74' title='bbox 851 1300 905 1353; x_wconf 90' lang='lat' dir='ltr'><strong>in</strong></span> <span class='ocrx_word' id='word_1_75' title='bbox 935 1312 1033 1351; x_wconf 86' lang='lat' dir='ltr'><strong>suo</strong></span> <span class='ocrx_word' id='word_1_76' title='bbox 1059 1306 1256 1364; x_wconf 80' lang='lat' dir='ltr'><strong>genere</strong></span> <span class='ocrx_word' id='word_1_77' title='bbox 1280 1291 1600 1358; x_wconf 85' lang='lat' dir='ltr'><strong>competenti</strong></span> <span class='ocrx_word' id='word_1_78' title='bbox 1632 1289 1829 1343; x_wconf 89' lang='lat' dir='ltr'><strong>decore</strong></span> <span class='ocrx_word' id='word_1_79' title='bbox 1857 1286 2167 1348; x_wconf 80' lang='lat' dir='ltr'><strong>subnixam,</strong></span> 
     </span>
    </p>
   </div>
   <div class='ocr_carea' id='block_1_13' title="bbox 587 1378 2172 1462">
    <p class='ocr_par' dir='ltr' id='par_1_13' title="bbox 587 1378 2172 1462">
     <span class='ocr_line' id='line_1_13' title="bbox 587 1378 2172 1462; baseline -0.011 -15"><span class='ocrx_word' id='word_1_80' title='bbox 587 1393 692 1448; x_wconf 86' lang='lat' dir='ltr'><strong>nisi</strong></span> <span class='ocrx_word' id='word_1_81' title='bbox 715 1390 857 1462; x_wconf 92' lang='lat' dir='ltr'><strong>quod</strong></span> <span class='ocrx_word' id='word_1_82' title='bbox 888 1390 1023 1450; x_wconf 69' lang='lat' dir='ltr'><strong>haec.</strong></span> <span class='ocrx_word' id='word_1_83' title='bbox 1053 1399 1173 1455; x_wconf 72' lang='lat' dir='ltr'><strong>quae</strong></span> <span class='ocrx_word' id='word_1_84' title='bbox 1194 1383 1476 1439; x_wconf 88' lang='lat' dir='ltr'><strong>inhonesta</strong></span> <span class='ocrx_word' id='word_1_85' title='bbox 1510 1390 1693 1435; x_wconf 89' lang='lat' dir='ltr'><strong>nostra</strong></span> <span class='ocrx_word' id='word_1_86' title='bbox 1720 1378 2024 1445; x_wconf 88' lang='lat' dir='ltr'><strong>suntdicta,</strong></span> <span class='ocrx_word' id='word_1_87' title='bbox 2050 1391 2172 1431; x_wconf 88' lang='lat' dir='ltr'><strong>con-</strong></span> 
     </span>
    </p>
   </div>
   <div class='ocr_carea' id='block_1_14' title="bbox 589 1472 2172 1554">
    <p class='ocr_par' dir='ltr' id='par_1_14' title="bbox 589 1472 2172 1554">
     <span class='ocr_line' id='line_1_14' title="bbox 589 1472 2172 1554; baseline -0.013 -14"><span class='ocrx_word' id='word_1_88' title='bbox 589 1483 932 1554; x_wconf 84' lang='lat' dir='ltr'><strong>cupiscentiae</strong></span> <span class='ocrx_word' id='word_1_89' title='bbox 955 1474 1312 1550; x_wconf 81' lang='lat' dir='ltr'><strong>primordialis</strong></span> <span class='ocrx_word' id='word_1_90' title='bbox 1334 1472 1704 1530; x_wconf 86' lang='lat' dir='ltr'><strong>decolorasset</strong></span> <span class='ocrx_word' id='word_1_91' title='bbox 1732 1484 1991 1527; x_wconf 77' lang='lat' dir='ltr'><strong>excessus</strong></span> <span class='ocrx_word' id='word_1_92' title='bbox 2016 1486 2028 1522; x_wconf 90' lang='lat'>:</span> <span class='ocrx_word' id='word_1_93' title='bbox 2052 1482 2172 1537; x_wconf 80' lang='lat' dir='ltr'><strong>quae</strong></span> 
     </span>
    </p>
   </div>
   <div class='ocr_carea' id='block_1_15' title="bbox 589 1558 2173 1645">
    <p class='ocr_par' dir='ltr' id='par_1_15' title="bbox 589 1558 2173 1645">
     <span class='ocr_line' id='line_1_15' title="bbox 589 1558 2173 1645; baseline -0.011 -15"><span class='ocrx_word' id='word_1_94' title='bbox 589 1578 773 1645; x_wconf 87' lang='lat' dir='ltr'><strong>utique</strong></span> <span class='ocrx_word' id='word_1_95' title='bbox 802 1572 881 1628; x_wconf 90' lang='lat' dir='ltr'><strong>sic</strong></span> <span class='ocrx_word' id='word_1_96' title='bbox 905 1570 1115 1625; x_wconf 75' lang='lat' dir='ltr'><strong>fuerant</strong></span> <span class='ocrx_word' id='word_1_97' title='bbox 1154 1566 1414 1625; x_wconf 83' lang='lat' dir='ltr'><strong>instituta.</strong></span> <span class='ocrx_word' id='word_1_98' title='bbox 1449 1575 1507 1619; x_wconf 91' lang='lat' dir='ltr'><strong>ut</strong></span> <span class='ocrx_word' id='word_1_99' title='bbox 1538 1563 1603 1617; x_wconf 88' lang='lat' dir='ltr'><strong>ad</strong></span> <span class='ocrx_word' id='word_1_100' title='bbox 1633 1572 1821 1617; x_wconf 90' lang='lat' dir='ltr'><strong>nutum</strong></span> <span class='ocrx_word' id='word_1_101' title='bbox 1851 1559 2045 1616; x_wconf 90' lang='lat' dir='ltr'><strong>mentis</strong></span> <span class='ocrx_word' id='word_1_102' title='bbox 2074 1558 2173 1613; x_wconf 84' lang='lat' dir='ltr'><strong>hu—</strong></span> 
     </span>
    </p>
   </div>
   <div class='ocr_carea' id='block_1_16' title="bbox 588 1650 2173 1726">
    <p class='ocr_par' dir='ltr' id='par_1_16' title="bbox 588 1650 2173 1726">
     <span class='ocr_line' id='line_1_16' title="bbox 588 1650 2173 1726; baseline -0.011 -4"><span class='ocrx_word' id='word_1_103' title='bbox 588 1681 763 1723; x_wconf 65' lang='lat' dir='ltr'><strong>mana:</strong></span> <span class='ocrx_word' id='word_1_104' title='bbox 788 1663 1119 1726; x_wconf 76' lang='lat' dir='ltr'><strong>famulantia,</strong></span> <span class='ocrx_word' id='word_1_105' title='bbox 1165 1656 1533 1713; x_wconf 80' lang='lat' dir='ltr'><strong>tantummodo</strong></span> <span class='ocrx_word' id='word_1_106' title='bbox 1563 1671 1628 1712; x_wconf 82' lang='lat' dir='ltr'><strong>ex</strong></span> <span class='ocrx_word' id='word_1_107' title='bbox 1673 1655 1867 1709; x_wconf 69' lang='lat' dir='ltr'><strong>animae</strong></span> <span class='ocrx_word' id='word_1_108' title='bbox 1898 1650 2173 1708; x_wconf 67' lang='lat' dir='ltr'><strong>rationalis</strong></span> 
     </span>
    </p>
   </div>
   <div class='ocr_carea' id='block_1_17' title="bbox 588 1738 2173 1824">
    <p class='ocr_par' dir='ltr' id='par_1_17' title="bbox 588 1738 2173 1824">
     <span class='ocr_line' id='line_1_17' title="bbox 588 1738 2173 1824; baseline -0.009 -11"><span class='ocrx_word' id='word_1_109' title='bbox 588 1738 814 1813; x_wconf 89' lang='lat' dir='ltr'><strong>arbitrio</strong></span> <span class='ocrx_word' id='word_1_110' title='bbox 842 1756 907 1809; x_wconf 88' lang='lat' dir='ltr'><strong>ad</strong></span> <span class='ocrx_word' id='word_1_111' title='bbox 955 1749 1297 1824; x_wconf 65' lang='lat' dir='ltr'><strong>procreanda:</strong></span> <span class='ocrx_word' id='word_1_112' title='bbox 1327 1748 1531 1805; x_wconf 87' lang='lat' dir='ltr'><strong>sobolis</strong></span> <span class='ocrx_word' id='word_1_113' title='bbox 1577 1761 1794 1803; x_wconf 83' lang='lat' dir='ltr'><strong>causam</strong></span> <span class='ocrx_word' id='word_1_114' title='bbox 1842 1745 1954 1800; x_wconf 85' lang='lat' dir='ltr'><strong>suis</strong></span> <span class='ocrx_word' id='word_1_115' title='bbox 1983 1743 2173 1800; x_wconf 87' lang='lat' dir='ltr'><strong>ofliciis</strong></span> 
     </span>
    </p>
   </div>
   <div class='ocr_carea' id='block_1_18' title="bbox 587 1836 2172 1919">
    <p class='ocr_par' dir='ltr' id='par_1_18' title="bbox 587 1836 2172 1919">
     <span class='ocr_line' id='line_1_18' title="bbox 587 1836 2172 1919; baseline -0.009 -15"><span class='ocrx_word' id='word_1_116' title='bbox 587 1852 961 1919; x_wconf 78' lang='lat' dir='ltr'><strong>fungerentur.</strong></span> <span class='ocrx_word' id='word_1_117' title='bbox 1015 1846 1219 1900; x_wconf 61' lang='lat' dir='ltr'><strong>Praeter</strong></span> <span class='ocrx_word' id='word_1_118' title='bbox 1249 1842 1387 1896; x_wconf 88' lang='lat' dir='ltr'><strong>hanc</strong></span> <span class='ocrx_word' id='word_1_119' title='bbox 1411 1855 1540 1895; x_wconf 86' lang='lat' dir='ltr'><strong>vero</strong></span> <span class='ocrx_word' id='word_1_120' title='bbox 1584 1852 1797 1893; x_wconf 88' lang='lat' dir='ltr'><strong>causam</strong></span> <span class='ocrx_word' id='word_1_121' title='bbox 1829 1836 1961 1891; x_wconf 89' lang='lat' dir='ltr'><strong>nihil</strong></span> <span class='ocrx_word' id='word_1_122' title='bbox 1986 1845 2172 1891; x_wconf 88' lang='lat' dir='ltr'><strong>contra</strong></span> 
     </span>
    </p>
   </div>
   <div class='ocr_carea' id='block_1_19' title="bbox 587 1914 2251 2003">
    <p class='ocr_par' dir='ltr' id='par_1_19' title="bbox 587 1914 2251 2003">
     <span class='ocr_line' id='line_1_19' title="bbox 587 1914 2251 2003; baseline -0.008 -10"><span class='ocrx_word' id='word_1_123' title='bbox 587 1914 785 1995; x_wconf 74' lang='lat' dir='ltr'><strong>mentis</strong></span> <span class='ocrx_word' id='word_1_124' title='bbox 814 1936 1123 2003; x_wconf 88' lang='lat' dir='ltr'><strong>imperium,</strong></span> <span class='ocrx_word' id='word_1_125' title='bbox 1174 1948 1293 2003; x_wconf 69' lang='lat' dir='ltr'><strong>qua:</strong></span> <span class='ocrx_word' id='word_1_126' title='bbox 1330 1929 1705 2000; x_wconf 66' lang='lat' dir='ltr'><strong>Pra&#39;veniendo</strong></span> <span class='ocrx_word' id='word_1_127' title='bbox 1735 1927 2052 1983; x_wconf 88' lang='lat' dir='ltr'><strong>insolentius</strong></span> <span class='ocrx_word' id='word_1_128' title='bbox 2079 1942 2172 1981; x_wconf 69' lang='grc' dir='ltr'><strong>νο-</strong></span> <span class='ocrx_word' id='word_1_129' title='bbox 2202 1914 2251 1980; x_wconf 85' lang='grc' dir='ltr'><strong>Β</strong></span> 
     </span>
    </p>
   </div>
   <div class='ocr_carea' id='block_1_20' title="bbox 587 2018 2168 2090">
    <p class='ocr_par' dir='ltr' id='par_1_20' title="bbox 587 2018 2168 2090">
     <span class='ocr_line' id='line_1_20' title="bbox 587 2018 2168 2090; baseline -0.006 -9"><span class='ocrx_word' id='word_1_130' title='bbox 587 2030 868 2090; x_wconf 81' lang='lat' dir='ltr'><strong>luntatem,</strong></span> <span class='ocrx_word' id='word_1_131' title='bbox 900 2027 978 2079; x_wconf 87' lang='lat' dir='ltr'><strong>vel</strong></span> <span class='ocrx_word' id='word_1_132' title='bbox 1008 2041 1129 2079; x_wconf 83' lang='lat' dir='ltr'><strong>etim</strong></span> <span class='ocrx_word' id='word_1_133' title='bbox 1160 2025 1208 2077; x_wconf 86' lang='lat' dir='ltr'><strong>id</strong></span> <span class='ocrx_word' id='word_1_134' title='bbox 1240 2022 1486 2076; x_wconf 85' lang='lat' dir='ltr'><strong>voluntas</strong></span> <span class='ocrx_word' id='word_1_135' title='bbox 1528 2027 1824 2089; x_wconf 83' lang='lat' dir='ltr'><strong>expeteret,</strong></span> <span class='ocrx_word' id='word_1_136' title='bbox 1882 2018 2168 2089; x_wconf 82' lang='lat' dir='ltr'><strong>quidquam</strong></span> 
     </span>
    </p>
   </div>
   <div class='ocr_carea' id='block_1_21' title="bbox 589 2107 2171 2179">
    <p class='ocr_par' dir='ltr' id='par_1_21' title="bbox 589 2107 2171 2179">
     <span class='ocr_line' id='line_1_21' title="bbox 589 2107 2171 2179; baseline -0.007 -7"><span class='ocrx_word' id='word_1_137' title='bbox 589 2118 897 2173; x_wconf 80' lang='lat' dir='ltr'><strong>rebellionis</strong></span> <span class='ocrx_word' id='word_1_138' title='bbox 945 2114 1189 2169; x_wconf 73' lang='lat' dir='ltr'><strong>afferent.</strong></span> <span class='ocrx_word' id='word_1_139' title='bbox 1240 2112 1344 2166; x_wconf 87' lang='lat' dir='ltr'><strong>Sed</strong></span> <span class='ocrx_word' id='word_1_140' title='bbox 1396 2118 1676 2179; x_wconf 80' lang='lat' dir='ltr'><strong>postquam</strong></span> <span class='ocrx_word' id='word_1_141' title='bbox 1722 2107 1897 2161; x_wconf 91' lang='lat' dir='ltr'><strong>anima</strong></span> <span class='ocrx_word' id='word_1_142' title='bbox 1946 2107 2171 2162; x_wconf 79' lang='lat' dir='ltr'><strong>suminis</strong></span> 
     </span>
    </p>
   </div>
   <div class='ocr_carea' id='block_1_22' title="bbox 588 2198 2173 2277">
    <p class='ocr_par' dir='ltr' id='par_1_22' title="bbox 588 2198 2173 2277">
     <span class='ocr_line' id='line_1_22' title="bbox 588 2198 2173 2277; baseline -0.008 -13"><span class='ocrx_word' id='word_1_143' title='bbox 588 2213 701 2265; x_wconf 87' lang='lat' dir='ltr'><strong>suis</strong></span> <span class='ocrx_word' id='word_1_144' title='bbox 730 2210 966 2277; x_wconf 87' lang='lat' dir='ltr'><strong>subjecta</strong></span> <span class='ocrx_word' id='word_1_145' title='bbox 1018 2221 1121 2259; x_wconf 88' lang='lat' dir='ltr'><strong>tton</strong></span> <span class='ocrx_word' id='word_1_146' title='bbox 1163 2202 1424 2267; x_wconf 76' lang='lat' dir='ltr'><strong>constitit,</strong></span> <span class='ocrx_word' id='word_1_147' title='bbox 1479 2201 1590 2270; x_wconf 90' lang='lat' dir='ltr'><strong>pari</strong></span> <span class='ocrx_word' id='word_1_148' title='bbox 1640 2201 1692 2253; x_wconf 88' lang='lat' dir='ltr'><strong>itt</strong></span> <span class='ocrx_word' id='word_1_149' title='bbox 1741 2198 1919 2267; x_wconf 90' lang='lat' dir='ltr'><strong>seipsa</strong></span> <span class='ocrx_word' id='word_1_150' title='bbox 1968 2208 2173 2252; x_wconf 74' lang='lat' dir='ltr'><strong>natura:</strong></span> 
     </span>
    </p>
   </div>
   <div class='ocr_carea' id='block_1_23' title="bbox 587 2290 2168 2367">
    <p class='ocr_par' dir='ltr' id='par_1_23' title="bbox 587 2290 2168 2367">
     <span class='ocr_line' id='line_1_23' title="bbox 587 2290 2168 2367; baseline -0.008 -11"><span class='ocrx_word' id='word_1_151' title='bbox 587 2302 919 2356; x_wconf 85' lang='lat' dir='ltr'><strong>contumacis</strong></span> <span class='ocrx_word' id='word_1_152' title='bbox 945 2300 1059 2367; x_wconf 82' lang='lat' dir='ltr'><strong>lege</strong></span> <span class='ocrx_word' id='word_1_153' title='bbox 1091 2298 1273 2365; x_wconf 89' lang='lat' dir='ltr'><strong>punita</strong></span> <span class='ocrx_word' id='word_1_154' title='bbox 1303 2292 1549 2361; x_wconf 86' lang='lat' dir='ltr'><strong>superbia</strong></span> <span class='ocrx_word' id='word_1_155' title='bbox 1571 2299 1674 2357; x_wconf 87' lang='lat' dir='ltr'><strong>est,</strong></span> <span class='ocrx_word' id='word_1_156' title='bbox 1708 2300 1766 2345; x_wconf 89' lang='lat' dir='ltr'><strong>ut</strong></span> <span class='ocrx_word' id='word_1_157' title='bbox 1795 2290 1915 2344; x_wconf 87' lang='lat' dir='ltr'><strong>huic</strong></span> <span class='ocrx_word' id='word_1_158' title='bbox 1935 2303 2168 2359; x_wconf 87' lang='lat' dir='ltr'><strong>quoque,</strong></span> 
     </span>
    </p>
   </div>
   <div class='ocr_carea' id='block_1_24' title="bbox 586 2380 2170 2452">
    <p class='ocr_par' dir='ltr' id='par_1_24' title="bbox 586 2380 2170 2452">
     <span class='ocr_line' id='line_1_24' title="bbox 586 2380 2170 2452; baseline -0.008 -5"><span class='ocrx_word' id='word_1_159' title='bbox 586 2393 641 2447; x_wconf 82' lang='lat' dir='ltr'><strong>id</strong></span> <span class='ocrx_word' id='word_1_160' title='bbox 672 2400 756 2446; x_wconf 90' lang='lat' dir='ltr'><strong>est</strong></span> <span class='ocrx_word' id='word_1_161' title='bbox 792 2391 985 2443; x_wconf 83' lang='lat' dir='ltr'><strong>animae</strong></span> <span class='ocrx_word' id='word_1_162' title='bbox 1030 2387 1265 2441; x_wconf 88' lang='lat' dir='ltr'><strong>dominio</strong></span> <span class='ocrx_word' id='word_1_163' title='bbox 1295 2384 1533 2450; x_wconf 66' lang='lat' dir='ltr'><strong>subjecta</strong></span> <span class='ocrx_word' id='word_1_164' title='bbox 1564 2390 1961 2452; x_wconf 79' lang='lat' dir='ltr'><strong>consequenter</strong></span> <span class='ocrx_word' id='word_1_165' title='bbox 2007 2380 2170 2435; x_wconf 88' lang='lat' dir='ltr'><strong>obsc-</strong></span> 
     </span>
    </p>
   </div>
   <div class='ocr_carea' id='block_1_25' title="bbox 587 2472 2173 2553">
    <p class='ocr_par' dir='ltr' id='par_1_25' title="bbox 587 2472 2173 2553">
     <span class='ocr_line' id='line_1_25' title="bbox 587 2472 2173 2553; baseline -0.008 -16"><span class='ocrx_word' id='word_1_166' title='bbox 587 2483 710 2553; x_wconf 85' lang='lat' dir='ltr'><strong>quia</strong></span> <span class='ocrx_word' id='word_1_167' title='bbox 738 2486 1119 2550; x_wconf 74' lang='lat' dir='ltr'><strong>repugnarent,</strong></span> <span class='ocrx_word' id='word_1_168' title='bbox 1160 2483 1216 2532; x_wconf 90' lang='lat' dir='ltr'><strong>et</strong></span> <span class='ocrx_word' id='word_1_169' title='bbox 1250 2474 1390 2544; x_wconf 91' lang='lat' dir='ltr'><strong>quod</strong></span> <span class='ocrx_word' id='word_1_170' title='bbox 1421 2474 1565 2527; x_wconf 78' lang='lat' dir='ltr'><strong>vetiti</strong></span> <span class='ocrx_word' id='word_1_171' title='bbox 1601 2472 2015 2542; x_wconf 71' lang='lat' dir='ltr'><strong>pnesumptione</strong></span> <span class='ocrx_word' id='word_1_172' title='bbox 2042 2486 2173 2525; x_wconf 83' lang='lat' dir='ltr'><strong>oon-</strong></span> 
     </span>
    </p>
   </div>
   <div class='ocr_carea' id='block_1_26' title="bbox 590 2562 2171 2632">
    <p class='ocr_par' dir='ltr' id='par_1_26' title="bbox 590 2562 2171 2632">
     <span class='ocr_line' id='line_1_26' title="bbox 590 2562 2171 2632; baseline -0.006 -6"><span class='ocrx_word' id='word_1_173' title='bbox 590 2571 885 2626; x_wconf 82' lang='lat' dir='ltr'><strong>tradixerat</strong></span> <span class='ocrx_word' id='word_1_174' title='bbox 934 2569 1180 2622; x_wconf 71' lang='lat' dir='ltr'><strong>humana}</strong></span> <span class='ocrx_word' id='word_1_175' title='bbox 1212 2565 1406 2619; x_wconf 90' lang='lat' dir='ltr'><strong>mentis</strong></span> <span class='ocrx_word' id='word_1_176' title='bbox 1440 2562 1754 2618; x_wconf 89' lang='lat' dir='ltr'><strong>inobediens</strong></span> <span class='ocrx_word' id='word_1_177' title='bbox 1782 2562 2070 2632; x_wconf 87' lang='lat' dir='ltr'><strong>appetitus,</strong></span> <span class='ocrx_word' id='word_1_178' title='bbox 2117 2563 2171 2617; x_wconf 92' lang='lat' dir='ltr'><strong>in</strong></span> 
     </span>
    </p>
   </div>
   <div class='ocr_carea' id='block_1_27' title="bbox 588 2652 2173 2732">
    <p class='ocr_par' dir='ltr' id='par_1_27' title="bbox 588 2652 2173 2732">
     <span class='ocr_line' id='line_1_27' title="bbox 588 2652 2173 2732; baseline -0.007 -15"><span class='ocrx_word' id='word_1_179' title='bbox 588 2679 651 2717; x_wconf 88' lang='lat' dir='ltr'><strong>ea</strong></span> <span class='ocrx_word' id='word_1_180' title='bbox 680 2672 828 2732; x_wconf 87' lang='lat' dir='ltr'><strong>parte</strong></span> <span class='ocrx_word' id='word_1_181' title='bbox 857 2658 1096 2728; x_wconf 89' lang='lat' dir='ltr'><strong>corporis</strong></span> <span class='ocrx_word' id='word_1_182' title='bbox 1126 2657 1402 2721; x_wconf 87' lang='lat' dir='ltr'><strong>indicaret,</strong></span> <span class='ocrx_word' id='word_1_183' title='bbox 1453 2668 1558 2721; x_wconf 86' lang='lat' dir='ltr'><strong>qua</strong></span> <span class='ocrx_word' id='word_1_184' title='bbox 1588 2652 1891 2723; x_wconf 82' lang='lat' dir='ltr'><strong>degeneris,</strong></span> <span class='ocrx_word' id='word_1_185' title='bbox 1925 2667 1986 2707; x_wconf 90' lang='lat' dir='ltr'><strong>ac</strong></span> <span class='ocrx_word' id='word_1_186' title='bbox 2013 2652 2173 2708; x_wconf 83' lang='lat' dir='ltr'><strong>deco-</strong></span> 
     </span>
    </p>
   </div>
   <div class='ocr_carea' id='block_1_28' title="bbox 589 2742 2173 2819">
    <p class='ocr_par' dir='ltr' id='par_1_28' title="bbox 589 2742 2173 2819">
     <span class='ocr_line' id='line_1_28' title="bbox 589 2742 2173 2819; baseline -0.005 -13"><span class='ocrx_word' id='word_1_187' title='bbox 589 2752 775 2807; x_wconf 64' lang='lat' dir='ltr'><strong>Ini-atas</strong></span> <span class='ocrx_word' id='word_1_188' title='bbox 804 2750 1152 2819; x_wconf 68' lang='lat' dir='ltr'><strong>supetbieque</strong></span> <span class='ocrx_word' id='word_1_189' title='bbox 1176 2746 1369 2801; x_wconf 85' lang='lat' dir='ltr'><strong>radicis</strong></span> <span class='ocrx_word' id='word_1_190' title='bbox 1396 2744 1579 2815; x_wconf 85' lang='lat' dir='ltr'><strong>procul</strong></span> <span class='ocrx_word' id='word_1_191' title='bbox 1602 2744 1764 2799; x_wconf 89' lang='lat' dir='ltr'><strong>dubio</strong></span> <span class='ocrx_word' id='word_1_192' title='bbox 1785 2744 1974 2799; x_wconf 88' lang='lat' dir='ltr'><strong>vitiosa</strong></span> <span class='ocrx_word' id='word_1_193' title='bbox 1999 2742 2173 2798; x_wconf 79' lang='lat' dir='ltr'><strong>fuerat</strong></span> 
     </span>
    </p>
   </div>
   <div class='ocr_carea' id='block_1_29' title="bbox 586 2833 2173 2912">
    <p class='ocr_par' dir='ltr' id='par_1_29' title="bbox 586 2833 2173 2912">
     <span class='ocr_line' id='line_1_29' title="bbox 586 2833 2173 2912; baseline -0.004 -18"><span class='ocrx_word' id='word_1_194' title='bbox 586 2841 863 2912; x_wconf 72' lang='lat' dir='ltr'><strong>generatio</strong></span> <span class='ocrx_word' id='word_1_195' title='bbox 890 2836 1230 2908; x_wconf 82' lang='lat' dir='ltr'><strong>propaganda</strong></span> <span class='ocrx_word' id='word_1_196' title='bbox 1274 2854 1285 2889; x_wconf 90' lang='lat'><strong>:</strong></span> <span class='ocrx_word' id='word_1_197' title='bbox 1318 2850 1437 2903; x_wconf 68' lang='lat' dir='ltr'><strong>quas</strong></span> <span class='ocrx_word' id='word_1_198' title='bbox 1464 2834 1645 2903; x_wconf 89' lang='lat' dir='ltr'><strong>utique</strong></span> <span class='ocrx_word' id='word_1_199' title='bbox 1670 2834 1714 2888; x_wconf 90' lang='lat' dir='ltr'><strong>si</strong></span> <span class='ocrx_word' id='word_1_200' title='bbox 1746 2833 1831 2887; x_wconf 87' lang='lat' dir='ltr'><strong>hic</strong></span> <span class='ocrx_word' id='word_1_201' title='bbox 1862 2835 1961 2888; x_wconf 90' lang='lat' dir='ltr'><strong>nisi</strong></span> <span class='ocrx_word' id='word_1_202' title='bbox 1990 2841 2173 2888; x_wconf 81' lang='lat' dir='ltr'><strong>essent</strong></span> 
     </span>
    </p>
   </div>
   <div class='ocr_carea' id='block_1_30' title="bbox 587 2925 2169 2997">
    <p class='ocr_par' dir='ltr' id='par_1_30' title="bbox 587 2925 2169 2997">
     <span class='ocr_line' id='line_1_30' title="bbox 587 2925 2169 2997; baseline -0.008 -7"><span class='ocrx_word' id='word_1_203' title='bbox 587 2938 688 2990; x_wconf 80' lang='lat' dir='ltr'><strong>hac</strong></span> <span class='ocrx_word' id='word_1_204' title='bbox 732 2933 1121 2987; x_wconf 75' lang='lat' dir='ltr'><strong>exorbitatioue</strong></span> <span class='ocrx_word' id='word_1_205' title='bbox 1167 2929 1363 2986; x_wconf 58' lang='lat' dir='ltr'><strong>foedata</strong></span> <span class='ocrx_word' id='word_1_206' title='bbox 1409 2936 1690 2997; x_wconf 87' lang='lat' dir='ltr'><strong>potuerant</strong></span> <span class='ocrx_word' id='word_1_207' title='bbox 1723 2925 1915 2980; x_wconf 86' lang='lat' dir='ltr'><strong>decore</strong></span> <span class='ocrx_word' id='word_1_208' title='bbox 1966 2934 2169 2979; x_wconf 87' lang='lat' dir='ltr'><strong>tantum</strong></span> 
     </span>
    </p>
   </div>
   <div class='ocr_carea' id='block_1_31' title="bbox 587 3018 2172 3096">
    <p class='ocr_par' dir='ltr' id='par_1_31' title="bbox 587 3018 2172 3096">
     <span class='ocr_line' id='line_1_31' title="bbox 587 3018 2172 3096; baseline -0.006 -15"><span class='ocrx_word' id='word_1_209' title='bbox 587 3028 822 3081; x_wconf 86' lang='lat' dir='ltr'><strong>humano</strong></span> <span class='ocrx_word' id='word_1_210' title='bbox 850 3026 1034 3096; x_wconf 77' lang='lat' dir='ltr'><strong>generi</strong></span> <span class='ocrx_word' id='word_1_211' title='bbox 1068 3020 1409 3093; x_wconf 86' lang='lat' dir='ltr'><strong>propagando</strong></span> <span class='ocrx_word' id='word_1_212' title='bbox 1446 3033 1552 3074; x_wconf 89' lang='lat' dir='ltr'><strong>tam</strong></span> <span class='ocrx_word' id='word_1_213' title='bbox 1583 3018 1808 3072; x_wconf 66' lang='lat' dir='ltr'><strong>honesta</strong></span> <span class='ocrx_word' id='word_1_214' title='bbox 1853 3034 2010 3087; x_wconf 80' lang='lat' dir='ltr'><strong>quam</strong></span> <span class='ocrx_word' id='word_1_215' title='bbox 2058 3032 2172 3071; x_wconf 86' lang='lat' dir='ltr'><strong>mo—</strong></span> 
     </span>
    </p>
   </div>
   <div class='ocr_carea' id='block_1_32' title="bbox 589 3110 2173 3189">
    <p class='ocr_par' dir='ltr' id='par_1_32' title="bbox 589 3110 2173 3189">
     <span class='ocr_line' id='line_1_32' title="bbox 589 3110 2173 3189; baseline -0.006 -15"><span class='ocrx_word' id='word_1_216' title='bbox 589 3121 772 3175; x_wconf 84' lang='lat' dir='ltr'><strong>derata</strong></span> <span class='ocrx_word' id='word_1_217' title='bbox 810 3119 1096 3189; x_wconf 76' lang='lat' dir='ltr'><strong>persistere</strong></span> <span class='ocrx_word' id='word_1_218' title='bbox 1131 3115 1291 3169; x_wconf 87' lang='lat' dir='ltr'><strong>etiam</strong></span> <span class='ocrx_word' id='word_1_219' title='bbox 1326 3114 1379 3167; x_wconf 91' lang='lat' dir='ltr'><strong>in</strong></span> <span class='ocrx_word' id='word_1_220' title='bbox 1409 3126 1637 3181; x_wconf 86' lang='lat' dir='ltr'><strong>corpore</strong></span> <span class='ocrx_word' id='word_1_221' title='bbox 1669 3112 1784 3164; x_wconf 83' lang='lat' dir='ltr'><strong>sine</strong></span> <span class='ocrx_word' id='word_1_222' title='bbox 1830 3110 2173 3164; x_wconf 85' lang='lat' dir='ltr'><strong>dubitatione</strong></span> 
     </span>
    </p>
   </div>
   <div class='ocr_carea' id='block_1_33' title="bbox 590 3200 2169 3278">
    <p class='ocr_par' dir='ltr' id='par_1_33' title="bbox 590 3200 2169 3278">
     <span class='ocr_line' id='line_1_33' title="bbox 590 3200 2169 3278; baseline -0.008 -11"><span class='ocrx_word' id='word_1_223' title='bbox 590 3222 827 3273; x_wconf 84' lang='lat' dir='ltr'><strong>terreno,</strong></span> <span class='ocrx_word' id='word_1_224' title='bbox 880 3217 1081 3278; x_wconf 88' lang='lat' dir='ltr'><strong>quanto</strong></span> <span class='ocrx_word' id='word_1_225' title='bbox 1123 3206 1289 3275; x_wconf 81' lang='lat' dir='ltr'><strong>magis</strong></span> <span class='ocrx_word' id='word_1_226' title='bbox 1332 3202 1657 3258; x_wconf 87' lang='lat' dir='ltr'><strong>credendum</strong></span> <span class='ocrx_word' id='word_1_227' title='bbox 1699 3202 1860 3256; x_wconf 84' lang='lat' dir='ltr'><strong>estin</strong></span> <span class='ocrx_word' id='word_1_228' title='bbox 1911 3200 2169 3270; x_wconf 83' lang='lat' dir='ltr'><strong>spirituali</strong></span> 
     </span>
    </p>
   </div>
   <div class='ocr_carea' id='block_1_34' title="bbox 2277 651 3861 719">
    <p class='ocr_par' dir='ltr' id='par_1_34' title="bbox 2277 651 3861 719">
     <span class='ocr_line' id='line_1_34' title="bbox 2277 651 3861 719; baseline -0.002 -10"><span class='ocrx_word' id='word_1_229' title='bbox 2277 664 2423 719; x_wconf 78' lang='lat' dir='ltr'><strong>neat,</strong></span> <span class='ocrx_word' id='word_1_230' title='bbox 2461 653 2563 708; x_wconf 87' lang='lat' dir='ltr'><strong>nisi</strong></span> <span class='ocrx_word' id='word_1_231' title='bbox 2595 652 2733 707; x_wconf 87' lang='lat' dir='ltr'><strong>forte</strong></span> <span class='ocrx_word' id='word_1_232' title='bbox 2774 652 2860 705; x_wconf 88' lang='lat' dir='ltr'><strong>isti</strong></span> <span class='ocrx_word' id='word_1_233' title='bbox 2892 655 3051 707; x_wconf 77' lang='lat' dir='ltr'><strong>etiam</strong></span> <span class='ocrx_word' id='word_1_234' title='bbox 3084 654 3190 707; x_wconf 88' lang='lat' dir='ltr'><strong>illic</strong></span> <span class='ocrx_word' id='word_1_235' title='bbox 3214 651 3392 707; x_wconf 85' lang='lat' dir='ltr'><strong>adhuc</strong></span> <span class='ocrx_word' id='word_1_236' title='bbox 3416 651 3723 708; x_wconf 78' lang='lat' dir='ltr'><strong>existiment</strong></span> <span class='ocrx_word' id='word_1_237' title='bbox 3751 666 3861 706; x_wconf 80' lang='lat' dir='ltr'><strong>mo-</strong></span> 
     </span>
    </p>
   </div>
   <div class='ocr_carea' id='block_1_35' title="bbox 2276 741 3860 815">
    <p class='ocr_par' dir='ltr' id='par_1_35' title="bbox 2276 741 3860 815">
     <span class='ocr_line' id='line_1_35' title="bbox 2276 741 3860 815; baseline -0.001 -17"><span class='ocrx_word' id='word_1_238' title='bbox 2276 755 2361 799; x_wconf 88' lang='lat' dir='ltr'><strong>tus</strong></span> <span class='ocrx_word' id='word_1_239' title='bbox 2387 757 2681 815; x_wconf 89' lang='lat' dir='ltr'><strong>corporeos</strong></span> <span class='ocrx_word' id='word_1_240' title='bbox 2710 743 2966 807; x_wconf 90' lang='lat' dir='ltr'><strong>orituros,</strong></span> <span class='ocrx_word' id='word_1_241' title='bbox 3018 743 3105 797; x_wconf 80' lang='lat' dir='ltr'><strong>ubi</strong></span> <span class='ocrx_word' id='word_1_242' title='bbox 3134 744 3297 813; x_wconf 90' lang='lat' dir='ltr'><strong>(sicut</strong></span> <span class='ocrx_word' id='word_1_243' title='bbox 3339 743 3452 813; x_wconf 86' lang='lat' dir='ltr'><strong>ipse</strong></span> <span class='ocrx_word' id='word_1_244' title='bbox 3481 743 3738 797; x_wconf 86' lang='lat' dir='ltr'><strong>Dominus</strong></span> <span class='ocrx_word' id='word_1_245' title='bbox 3766 741 3860 812; x_wconf 87' lang='lat' dir='ltr'><strong>ait)</strong></span> 
     </span>
    </p>
   </div>
   <div class='ocr_carea' id='block_1_36' title="bbox 2274 835 3865 905">
    <p class='ocr_par' dir='ltr' id='par_1_36' title="bbox 2274 835 3865 905">
     <span class='ocr_line' id='line_1_36' title="bbox 2274 835 3865 905; baseline -0.003 -15"><span class='ocrx_word' id='word_1_246' title='bbox 2274 852 2438 904; x_wconf 84' lang='lat' dir='ltr'><strong>neque</strong></span> <span class='ocrx_word' id='word_1_247' title='bbox 2479 836 2664 891; x_wconf 59' lang='lat' dir='ltr'><strong>nubtfd</strong></span> <span class='ocrx_word' id='word_1_248' title='bbox 2709 852 2868 904; x_wconf 84' lang='lat' dir='ltr'><strong>neque</strong></span> <span class='ocrx_word' id='word_1_249' title='bbox 2894 836 3179 903; x_wconf 83' lang='lat' dir='ltr'><strong>nubentur,</strong></span> <span class='ocrx_word' id='word_1_250' title='bbox 3219 835 3310 890; x_wconf 82' lang='lat' dir='ltr'><strong>sed</strong></span> <span class='ocrx_word' id='word_1_251' title='bbox 3353 844 3470 890; x_wconf 86' lang='lat' dir='ltr'><strong>sunt</strong></span> <span class='ocrx_word' id='word_1_252' title='bbox 3518 836 3651 888; x_wconf 81' lang='lat' dir='ltr'><strong>sicut</strong></span> <span class='ocrx_word' id='word_1_253' title='bbox 3696 836 3865 905; x_wconf 83' lang='lat' dir='ltr'><strong>angeli</strong></span> 
     </span>
    </p>
   </div>
   <div class='ocr_carea' id='block_1_37' title="bbox 2278 926 3865 999">
    <p class='ocr_par' dir='ltr' id='par_1_37' title="bbox 2278 926 3865 999">
     <span class='ocr_line' id='line_1_37' title="bbox 2278 926 3865 999; baseline -0.005 -15"><span class='ocrx_word' id='word_1_254' title='bbox 2278 930 2476 999; x_wconf 79' lang='lat' dir='ltr'><strong>(Marc.</strong></span> <span class='ocrx_word' id='word_1_255' title='bbox 2510 930 2627 999; x_wconf 80' lang='lat' dir='ltr'><strong>ut).</strong></span> <span class='ocrx_word' id='word_1_256' title='bbox 2659 929 2811 996; x_wconf 84' lang='lat' dir='ltr'><strong>Quod</strong></span> <span class='ocrx_word' id='word_1_257' title='bbox 2841 930 3022 998; x_wconf 88' lang='lat' dir='ltr'><strong>utiqtte</strong></span> <span class='ocrx_word' id='word_1_258' title='bbox 3052 929 3096 983; x_wconf 85' lang='lat' dir='ltr'><strong>si</strong></span> <span class='ocrx_word' id='word_1_259' title='bbox 3126 930 3177 982; x_wconf 91' lang='lat' dir='ltr'><strong>in</strong></span> <span class='ocrx_word' id='word_1_260' title='bbox 3205 943 3367 984; x_wconf 87' lang='lat' dir='ltr'><strong>unam</strong></span> <span class='ocrx_word' id='word_1_261' title='bbox 3414 926 3647 997; x_wconf 86' lang='lat' dir='ltr'><strong>speciem</strong></span> <span class='ocrx_word' id='word_1_262' title='bbox 3674 941 3865 995; x_wconf 80' lang='lat' dir='ltr'><strong>corpo-</strong></span> 
     </span>
    </p>
   </div>
   <div class='ocr_carea' id='block_1_38' title="bbox 2274 1017 3865 1089">
    <p class='ocr_par' dir='ltr' id='par_1_38' title="bbox 2274 1017 3865 1089">
     <span class='ocr_line' id='line_1_38' title="bbox 2274 1017 3865 1089; baseline -0.003 -15"><span class='ocrx_word' id='word_1_263' title='bbox 2274 1022 2351 1074; x_wconf 89' lang='lat' dir='ltr'><strong>ris</strong></span> <span class='ocrx_word' id='word_1_264' title='bbox 2394 1036 2663 1089; x_wconf 88' lang='lat' dir='ltr'><strong>unumque</strong></span> <span class='ocrx_word' id='word_1_265' title='bbox 2703 1036 2889 1077; x_wconf 81' lang='lat' dir='ltr'><strong>sexum</strong></span> <span class='ocrx_word' id='word_1_266' title='bbox 2933 1033 3123 1074; x_wconf 88' lang='lat' dir='ltr'><strong>omnes</strong></span> <span class='ocrx_word' id='word_1_267' title='bbox 3166 1018 3379 1074; x_wconf 86' lang='lat' dir='ltr'><strong>fuerant</strong></span> <span class='ocrx_word' id='word_1_268' title='bbox 3407 1017 3724 1081; x_wconf 86' lang='lat' dir='ltr'><strong>suscitandi,</strong></span> <span class='ocrx_word' id='word_1_269' title='bbox 3770 1032 3865 1072; x_wconf 91' lang='lat' dir='ltr'><strong>cur</strong></span> 
     </span>
    </p>
   </div>
   <div class='ocr_carea' id='block_1_39' title="bbox 2274 1108 3853 1180">
    <p class='ocr_par' dir='ltr' id='par_1_39' title="bbox 2274 1108 3853 1180">
     <span class='ocr_line' id='line_1_39' title="bbox 2274 1108 3853 1180; baseline -0.004 -16"><span class='ocrx_word' id='word_1_270' title='bbox 2274 1111 2543 1166; x_wconf 85' lang='lat' dir='ltr'><strong>diceretur</strong></span> <span class='ocrx_word' id='word_1_271' title='bbox 2567 1124 2728 1165; x_wconf 88' lang='lat' dir='ltr'><strong>causa</strong></span> <span class='ocrx_word' id='word_1_272' title='bbox 2756 1111 2968 1180; x_wconf 85' lang='lat' dir='ltr'><strong>penitus</strong></span> <span class='ocrx_word' id='word_1_273' title='bbox 2997 1124 3102 1164; x_wconf 92' lang='lat' dir='ltr'><strong>non</strong></span> <span class='ocrx_word' id='word_1_274' title='bbox 3135 1109 3340 1163; x_wconf 86' lang='lat' dir='ltr'><strong>fuisset.</strong></span> <span class='ocrx_word' id='word_1_275' title='bbox 3366 1108 3504 1176; x_wconf 84' lang='lat' dir='ltr'><strong>Quin</strong></span> <span class='ocrx_word' id='word_1_276' title='bbox 3532 1110 3707 1177; x_wconf 83' lang='lat' dir='ltr'><strong>petius</strong></span> <span class='ocrx_word' id='word_1_277' title='bbox 3733 1121 3853 1162; x_wconf 90' lang='lat' dir='ltr'><strong>cum</strong></span> 
     </span>
    </p>
   </div>
   <div class='ocr_carea' id='block_1_40' title="bbox 2275 1200 3861 1273">
    <p class='ocr_par' dir='ltr' id='par_1_40' title="bbox 2275 1200 3861 1273">
     <span class='ocr_line' id='line_1_40' title="bbox 2275 1200 3861 1273; baseline -0.003 -16"><span class='ocrx_word' id='word_1_278' title='bbox 2275 1202 2507 1259; x_wconf 88' lang='lat' dir='ltr'><strong>femineo</strong></span> <span class='ocrx_word' id='word_1_279' title='bbox 2557 1217 2687 1259; x_wconf 80' lang='lat' dir='ltr'><strong>sexu</strong></span> <span class='ocrx_word' id='word_1_280' title='bbox 2740 1203 2910 1273; x_wconf 78' lang='lat' dir='ltr'><strong>magis</strong></span> <span class='ocrx_word' id='word_1_281' title='bbox 2974 1210 3242 1272; x_wconf 86' lang='lat' dir='ltr'><strong>competat</strong></span> <span class='ocrx_word' id='word_1_282' title='bbox 3299 1201 3543 1266; x_wconf 86' lang='lat' dir='ltr'><strong>nubere,</strong></span> <span class='ocrx_word' id='word_1_283' title='bbox 3597 1217 3701 1255; x_wconf 86' lang='lat' dir='ltr'><strong>non</strong></span> <span class='ocrx_word' id='word_1_284' title='bbox 3754 1200 3861 1253; x_wconf 91' lang='lat' dir='ltr'><strong>illic</strong></span> 
     </span>
    </p>
   </div>
   <div class='ocr_carea' id='block_1_41' title="bbox 2274 1290 3859 1361">
    <p class='ocr_par' dir='ltr' id='par_1_41' title="bbox 2274 1290 3859 1361">
     <span class='ocr_line' id='line_1_41' title="bbox 2274 1290 3859 1361; baseline -0.004 -12"><span class='ocrx_word' id='word_1_285' title='bbox 2274 1293 2603 1361; x_wconf 82' lang='lat' dir='ltr'><strong>defuturum,</strong></span> <span class='ocrx_word' id='word_1_286' title='bbox 2650 1293 2745 1349; x_wconf 88' lang='lat' dir='ltr'><strong>sed</strong></span> <span class='ocrx_word' id='word_1_287' title='bbox 2795 1302 3128 1348; x_wconf 88' lang='lat' dir='ltr'><strong>cessaturum</strong></span> <span class='ocrx_word' id='word_1_288' title='bbox 3178 1306 3394 1361; x_wconf 52' lang='lat' dir='ltr'><strong>prorsus</strong></span> <span class='ocrx_word' id='word_1_289' title='bbox 3424 1306 3454 1344; x_wconf 90' lang='lat' dir='ltr'><strong>a</strong></span> <span class='ocrx_word' id='word_1_290' title='bbox 3486 1290 3683 1359; x_wconf 85' lang='lat' dir='ltr'><strong>nuptiis</strong></span> <span class='ocrx_word' id='word_1_291' title='bbox 3716 1290 3859 1344; x_wconf 82' lang='lat' dir='ltr'><strong>indi-</strong></span> 
     </span>
    </p>
   </div>
   <div class='ocr_carea' id='block_1_42' title="bbox 2273 1382 3861 1447">
    <p class='ocr_par' dir='ltr' id='par_1_42' title="bbox 2273 1382 3861 1447">
     <span class='ocr_line' id='line_1_42' title="bbox 2273 1382 3861 1447; baseline -0.003 -9"><span class='ocrx_word' id='word_1_292' title='bbox 2273 1396 2443 1439; x_wconf 85' lang='lat' dir='ltr'><strong>catur.</strong></span> <span class='ocrx_word' id='word_1_293' title='bbox 2494 1384 2625 1440; x_wconf 87' lang='lat' dir='ltr'><strong>Cum</strong></span> <span class='ocrx_word' id='word_1_294' title='bbox 2657 1391 2835 1439; x_wconf 87' lang='lat' dir='ltr'><strong>autem</strong></span> <span class='ocrx_word' id='word_1_295' title='bbox 2865 1382 3217 1437; x_wconf 86' lang='lat' dir='ltr'><strong>nihilominus</strong></span> <span class='ocrx_word' id='word_1_296' title='bbox 3258 1382 3512 1446; x_wconf 81' lang='lat' dir='ltr'><strong>scriptum</strong></span> <span class='ocrx_word' id='word_1_297' title='bbox 3553 1382 3641 1447; x_wconf 90' lang='lat' dir='ltr'><strong>sit,</strong></span> <span class='ocrx_word' id='word_1_298' title='bbox 3693 1390 3746 1433; x_wconf 88' lang='lat' dir='ltr'><strong>ut</strong></span> <span class='ocrx_word' id='word_1_299' title='bbox 3777 1396 3861 1433; x_wconf 86' lang='lat' dir='ltr'><strong>ca-</strong></span> 
     </span>
    </p>
   </div>
   <div class='ocr_carea' id='block_1_43' title="bbox 2272 1471 3862 1546">
    <p class='ocr_par' dir='ltr' id='par_1_43' title="bbox 2272 1471 3862 1546">
     <span class='ocr_line' id='line_1_43' title="bbox 2272 1471 3862 1546; baseline -0.003 -17"><span class='ocrx_word' id='word_1_300' title='bbox 2272 1476 2380 1546; x_wconf 81' lang='lat' dir='ltr'><strong>piat</strong></span> <span class='ocrx_word' id='word_1_301' title='bbox 2429 1477 2778 1546; x_wconf 74' lang='lat' dir='ltr'><strong>unusquisque</strong></span> <span class='ocrx_word' id='word_1_302' title='bbox 2833 1474 3048 1543; x_wconf 83' lang='lat' dir='ltr'><strong>propria</strong></span> <span class='ocrx_word' id='word_1_303' title='bbox 3100 1489 3316 1543; x_wconf 80' lang='lat' dir='ltr'><strong>corpora</strong></span> <span class='ocrx_word' id='word_1_304' title='bbox 3357 1487 3472 1543; x_wconf 67' lang='lat' dir='ltr'><strong>quae</strong></span> <span class='ocrx_word' id='word_1_305' title='bbox 3520 1471 3671 1541; x_wconf 85' lang='lat' dir='ltr'><strong>gessit</strong></span> <span class='ocrx_word' id='word_1_306' title='bbox 3698 1511 3713 1537; x_wconf 90' lang='lat'><strong>,</strong></span> <span class='ocrx_word' id='word_1_307' title='bbox 3761 1471 3862 1524; x_wconf 70' lang='lat' dir='ltr'><strong>sive</strong></span> 
     </span>
    </p>
   </div>
   <div class='ocr_carea' id='block_1_44' title="bbox 2274 1561 3863 1634">
    <p class='ocr_par' dir='ltr' id='par_1_44' title="bbox 2274 1561 3863 1634">
     <span class='ocr_line' id='line_1_44' title="bbox 2274 1561 3863 1634; baseline -0.001 -15"><span class='ocrx_word' id='word_1_308' title='bbox 2274 1566 2424 1631; x_wconf 87' lang='lat' dir='ltr'><strong>bona,</strong></span> <span class='ocrx_word' id='word_1_309' title='bbox 2476 1566 2581 1619; x_wconf 74' lang='lat' dir='ltr'><strong>sive</strong></span> <span class='ocrx_word' id='word_1_310' title='bbox 2628 1564 2765 1619; x_wconf 79' lang='lat' dir='ltr'><strong>mala</strong></span> <span class='ocrx_word' id='word_1_311' title='bbox 2813 1563 2897 1634; x_wconf 85' lang='grc'><strong>(11</strong></span> <span class='ocrx_word' id='word_1_312' title='bbox 2927 1562 3045 1618; x_wconf 85' lang='lat' dir='ltr'><strong>Cor.</strong></span> <span class='ocrx_word' id='word_1_313' title='bbox 3078 1564 3160 1634; x_wconf 88' lang='lat' dir='ltr'><strong>v),</strong></span> <span class='ocrx_word' id='word_1_314' title='bbox 3205 1562 3475 1634; x_wconf 86' lang='lat' dir='ltr'><strong>quomodo</strong></span> <span class='ocrx_word' id='word_1_315' title='bbox 3517 1561 3568 1617; x_wconf 88' lang='lat' dir='ltr'><strong>id</strong></span> <span class='ocrx_word' id='word_1_316' title='bbox 3616 1564 3725 1627; x_wconf 82' lang='lat' dir='ltr'><strong>fiet,</strong></span> <span class='ocrx_word' id='word_1_317' title='bbox 3761 1563 3863 1617; x_wconf 85' lang='lat' dir='ltr'><strong>nisi</strong></span> 
     </span>
    </p>
   </div>
   <div class='ocr_carea' id='block_1_45' title="bbox 2274 1651 3859 1725">
    <p class='ocr_par' dir='ltr' id='par_1_45' title="bbox 2274 1651 3859 1725">
     <span class='ocr_line' id='line_1_45' title="bbox 2274 1651 3859 1725; baseline -0.003 -15"><span class='ocrx_word' id='word_1_318' title='bbox 2274 1666 2501 1725; x_wconf 89' lang='lat' dir='ltr'><strong>uterque</strong></span> <span class='ocrx_word' id='word_1_319' title='bbox 2524 1668 2685 1711; x_wconf 79' lang='lat' dir='ltr'><strong>sexus</strong></span> <span class='ocrx_word' id='word_1_320' title='bbox 2705 1654 2760 1710; x_wconf 91' lang='lat' dir='ltr'><strong>in</strong></span> <span class='ocrx_word' id='word_1_321' title='bbox 2781 1654 2862 1709; x_wconf 89' lang='lat' dir='ltr'><strong>sui</strong></span> <span class='ocrx_word' id='word_1_322' title='bbox 2890 1654 3130 1723; x_wconf 86' lang='lat' dir='ltr'><strong>corporis</strong></span> <span class='ocrx_word' id='word_1_323' title='bbox 3152 1653 3480 1724; x_wconf 84' lang='lat' dir='ltr'><strong>proprietate</strong></span> <span class='ocrx_word' id='word_1_324' title='bbox 3498 1652 3579 1707; x_wconf 85' lang='lat' dir='ltr'><strong>vel</strong></span> <span class='ocrx_word' id='word_1_325' title='bbox 3601 1651 3859 1721; x_wconf 64' lang='lat' dir='ltr'><strong>judicium</strong></span> 
     </span>
    </p>
   </div>
   <div class='ocr_carea' id='block_1_46' title="bbox 2273 1744 3863 1818">
    <p class='ocr_par' dir='ltr' id='par_1_46' title="bbox 2273 1744 3863 1818">
     <span class='ocr_line' id='line_1_46' title="bbox 2273 1744 3863 1818; baseline -0.002 -18"><span class='ocrx_word' id='word_1_326' title='bbox 2273 1747 2481 1815; x_wconf 85' lang='lat' dir='ltr'><strong>subeat,</strong></span> <span class='ocrx_word' id='word_1_327' title='bbox 2515 1748 2601 1804; x_wconf 92' lang='lat' dir='ltr'><strong>vel</strong></span> <span class='ocrx_word' id='word_1_328' title='bbox 2633 1746 2917 1818; x_wconf 63' lang='lat' dir='ltr'><strong>praemium</strong></span> <span class='ocrx_word' id='word_1_329' title='bbox 2948 1746 3120 1800; x_wconf 66' lang='lat' dir='ltr'><strong>beata</strong></span> <span class='ocrx_word' id='word_1_330' title='bbox 3148 1744 3555 1800; x_wconf 74' lang='lat' dir='ltr'><strong>resurrectionis</strong></span> <span class='ocrx_word' id='word_1_331' title='bbox 3587 1745 3813 1808; x_wconf 80' lang='lat' dir='ltr'><strong>accipiat</strong></span> <span class='ocrx_word' id='word_1_332' title='bbox 3839 1744 3863 1797; x_wconf 70' lang='grc' dir='ltr'><strong>’ἒ</strong></span> 
     </span>
    </p>
   </div>
   <div class='ocr_carea' id='block_1_47' title="bbox 2276 1838 3861 1910">
    <p class='ocr_par' dir='ltr' id='par_1_47' title="bbox 2276 1838 3861 1910">
     <span class='ocr_line' id='line_1_47' title="bbox 2276 1838 3861 1910; baseline -0.003 -15"><span class='ocrx_word' id='word_1_333' title='bbox 2276 1839 2557 1896; x_wconf 81' lang='lat' dir='ltr'><strong>Falluntur</strong></span> <span class='ocrx_word' id='word_1_334' title='bbox 2579 1848 2752 1896; x_wconf 81' lang='lat' dir='ltr'><strong>autem</strong></span> <span class='ocrx_word' id='word_1_335' title='bbox 2773 1838 2864 1910; x_wconf 87' lang='lat' dir='ltr'><strong>qui</strong></span> <span class='ocrx_word' id='word_1_336' title='bbox 2880 1847 3066 1909; x_wconf 85' lang='lat' dir='ltr'><strong>putant</strong></span> <span class='ocrx_word' id='word_1_337' title='bbox 3091 1838 3220 1893; x_wconf 92' lang='lat' dir='ltr'><strong>illud</strong></span> <span class='ocrx_word' id='word_1_338' title='bbox 3242 1838 3479 1906; x_wconf 80' lang='lat' dir='ltr'><strong>Apostoli</strong></span> <span class='ocrx_word' id='word_1_339' title='bbox 3499 1838 3861 1891; x_wconf 71' lang='lat' dir='ltr'><strong>testimonium</strong></span> 
     </span>
    </p>
   </div>
   <div class='ocr_carea' id='block_1_48' title="bbox 2276 1926 3863 2001">
    <p class='ocr_par' dir='ltr' id='par_1_48' title="bbox 2276 1926 3863 2001">
     <span class='ocr_line' id='line_1_48' title="bbox 2276 1926 3863 2001; baseline -0.003 -15"><span class='ocrx_word' id='word_1_340' title='bbox 2276 1932 2494 1987; x_wconf 87' lang='lat' dir='ltr'><strong>sibimet</strong></span> <span class='ocrx_word' id='word_1_341' title='bbox 2520 1930 2825 2001; x_wconf 74' lang='lat' dir='ltr'><strong>suffragari,</strong></span> <span class='ocrx_word' id='word_1_342' title='bbox 2853 1945 2959 2000; x_wconf 88' lang='lat' dir='ltr'><strong>quo</strong></span> <span class='ocrx_word' id='word_1_343' title='bbox 2990 1930 3236 1985; x_wconf 89' lang='lat' dir='ltr'><strong>videntur</strong></span> <span class='ocrx_word' id='word_1_344' title='bbox 3265 1942 3508 1983; x_wconf 87' lang='lat' dir='ltr'><strong>asserere</strong></span> <span class='ocrx_word' id='word_1_345' title='bbox 3557 1927 3610 1981; x_wconf 90' lang='lat' dir='ltr'><strong>in</strong></span> <span class='ocrx_word' id='word_1_346' title='bbox 3655 1926 3863 1983; x_wconf 78' lang='lat' dir='ltr'><strong>virilem</strong></span> 
     </span>
    </p>
   </div>
   <div class='ocr_carea' id='block_1_49' title="bbox 2276 2018 3864 2084">
    <p class='ocr_par' dir='ltr' id='par_1_49' title="bbox 2276 2018 3864 2084">
     <span class='ocr_line' id='line_1_49' title="bbox 2276 2018 3864 2084; baseline -0.004 -5"><span class='ocrx_word' id='word_1_347' title='bbox 2276 2026 2503 2080; x_wconf 88' lang='lat' dir='ltr'><strong>formam</strong></span> <span class='ocrx_word' id='word_1_348' title='bbox 2536 2039 2725 2079; x_wconf 74' lang='lat' dir='ltr'><strong>omnes</strong></span> <span class='ocrx_word' id='word_1_349' title='bbox 2754 2022 2999 2078; x_wconf 84' lang='lat' dir='ltr'><strong>homines</strong></span> <span class='ocrx_word' id='word_1_350' title='bbox 3026 2021 3448 2084; x_wconf 76' lang='lat' dir='ltr'><strong>resuscitandos,</strong></span> <span class='ocrx_word' id='word_1_351' title='bbox 3487 2018 3576 2072; x_wconf 89' lang='lat' dir='ltr'><strong>ubi</strong></span> <span class='ocrx_word' id='word_1_352' title='bbox 3610 2019 3682 2073; x_wconf 87' lang='lat' dir='ltr'><strong>ait</strong></span> <span class='ocrx_word' id='word_1_353' title='bbox 3722 2036 3733 2067; x_wconf 76' lang='grc' dir='ltr'><em>τ</em></span> <span class='ocrx_word' id='word_1_354' title='bbox 3761 2018 3864 2072; x_wconf 71' lang='lat' dir='ltr'><strong>Do~</strong></span> 
     </span>
    </p>
   </div>
   <div class='ocr_carea' id='block_1_50' title="bbox 2274 2107 3862 2181">
    <p class='ocr_par' dir='ltr' id='par_1_50' title="bbox 2274 2107 3862 2181">
     <span class='ocr_line' id='line_1_50' title="bbox 2274 2107 3862 2181; baseline -0.003 -14"><span class='ocrx_word' id='word_1_355' title='bbox 2274 2131 2364 2168; x_wconf 84' lang='lat' dir='ltr'><strong>nec</strong></span> <span class='ocrx_word' id='word_1_356' title='bbox 2392 2130 2723 2168; x_wconf 77' lang='lat' dir='ltr'><strong>occurramus</strong></span> <span class='ocrx_word' id='word_1_357' title='bbox 2749 2115 2804 2167; x_wconf 81' lang='lat' dir='ltr'><strong>in</strong></span> <span class='ocrx_word' id='word_1_358' title='bbox 2831 2128 2992 2167; x_wconf 82' lang='lat' dir='ltr'><strong>unum</strong></span> <span class='ocrx_word' id='word_1_359' title='bbox 3016 2112 3181 2165; x_wconf 81' lang='lat' dir='ltr'><strong>virum</strong></span> <span class='ocrx_word' id='word_1_360' title='bbox 3211 2111 3485 2181; x_wconf 77' lang='lat' dir='ltr'><strong>perfectum</strong></span> <span class='ocrx_word' id='word_1_361' title='bbox 3519 2107 3735 2180; x_wconf 78' lang='lat' dir='ltr'><strong>(Ephes.</strong></span> <span class='ocrx_word' id='word_1_362' title='bbox 3768 2108 3862 2178; x_wconf 90' lang='lat' dir='ltr'><strong>tv).</strong></span> 
     </span>
    </p>
   </div>
   <div class='ocr_carea' id='block_1_51' title="bbox 2274 2197 3858 2273">
    <p class='ocr_par' dir='ltr' id='par_1_51' title="bbox 2274 2197 3858 2273">
     <span class='ocr_line' id='line_1_51' title="bbox 2274 2197 3858 2273; baseline -0.005 -14"><span class='ocrx_word' id='word_1_363' title='bbox 2274 2204 2408 2273; x_wconf 87' lang='lat' dir='ltr'><strong>Quid</strong></span> <span class='ocrx_word' id='word_1_364' title='bbox 2439 2219 2567 2273; x_wconf 88' lang='lat' dir='ltr'><strong>ergo</strong></span> <span class='ocrx_word' id='word_1_365' title='bbox 2598 2203 2793 2259; x_wconf 81' lang='lat' dir='ltr'><strong>facient</strong></span> <span class='ocrx_word' id='word_1_366' title='bbox 2820 2217 2939 2257; x_wconf 88' lang='lat' dir='ltr'><strong>cum</strong></span> <span class='ocrx_word' id='word_1_367' title='bbox 2982 2215 3168 2259; x_wconf 86' lang='lat' dir='ltr'><strong>rursus</strong></span> <span class='ocrx_word' id='word_1_368' title='bbox 3210 2200 3350 2255; x_wconf 88' lang='lat' dir='ltr'><strong>idem</strong></span> <span class='ocrx_word' id='word_1_369' title='bbox 3378 2198 3521 2255; x_wconf 79' lang='lat' dir='ltr'><strong>dicat</strong></span> <span class='ocrx_word' id='word_1_370' title='bbox 3548 2211 3565 2254; x_wconf 70' lang='grc' dir='ltr'><strong>ι</strong></span> <span class='ocrx_word' id='word_1_371' title='bbox 3593 2197 3858 2266; x_wconf 71' lang='lat' dir='ltr'><strong>Despondi</strong></span> 
     </span>
    </p>
   </div>
   <div class='ocr_carea' id='block_1_52' title="bbox 2272 2289 3860 2365">
    <p class='ocr_par' dir='ltr' id='par_1_52' title="bbox 2272 2289 3860 2365">
     <span class='ocr_line' id='line_1_52' title="bbox 2272 2289 3860 2365; baseline -0.003 -15"><span class='ocrx_word' id='word_1_372' title='bbox 2272 2311 2359 2350; x_wconf 76' lang='lat' dir='ltr'><strong>vos</strong></span> <span class='ocrx_word' id='word_1_373' title='bbox 2390 2296 2481 2349; x_wconf 84' lang='lat' dir='ltr'><strong>uni</strong></span> <span class='ocrx_word' id='word_1_374' title='bbox 2508 2295 2615 2349; x_wconf 80' lang='lat' dir='ltr'><strong>viro</strong></span> <span class='ocrx_word' id='word_1_375' title='bbox 2638 2295 2885 2365; x_wconf 78' lang='lat' dir='ltr'><strong>virginem</strong></span> <span class='ocrx_word' id='word_1_376' title='bbox 2915 2304 3105 2346; x_wconf 85' lang='lat' dir='ltr'><strong>castam</strong></span> <span class='ocrx_word' id='word_1_377' title='bbox 3132 2292 3365 2346; x_wconf 70' lang='lat' dir='ltr'><strong>exhibere</strong></span> <span class='ocrx_word' id='word_1_378' title='bbox 3397 2290 3600 2345; x_wconf 82' lang='lat' dir='ltr'><strong>Christo</strong></span> <span class='ocrx_word' id='word_1_379' title='bbox 3624 2289 3675 2359; x_wconf 78' lang='lat'><strong>(1</strong></span> <span class='ocrx_word' id='word_1_380' title='bbox 3684 2289 3712 2342; x_wconf 90' lang='grc'><em>1</em></span> <span class='ocrx_word' id='word_1_381' title='bbox 3743 2292 3860 2345; x_wconf 86' lang='lat' dir='ltr'><strong>Cor.</strong></span> 
     </span>
    </p>
   </div>
   <div class='ocr_carea' id='block_1_53' title="bbox 2275 2380 3864 2457">
    <p class='ocr_par' dir='ltr' id='par_1_53' title="bbox 2275 2380 3864 2457">
     <span class='ocr_line' id='line_1_53' title="bbox 2275 2380 3864 2457; baseline -0.004 -16"><span class='ocrx_word' id='word_1_382' title='bbox 2275 2388 2393 2457; x_wconf 71' lang='lat' dir='ltr'><strong>xu)?</strong></span> <span class='ocrx_word' id='word_1_383' title='bbox 2426 2388 2568 2453; x_wconf 90' lang='lat' dir='ltr'><strong>quod</strong></span> <span class='ocrx_word' id='word_1_384' title='bbox 2598 2388 2718 2441; x_wconf 84' lang='lat' dir='ltr'><strong>huic</strong></span> <span class='ocrx_word' id='word_1_385' title='bbox 2744 2387 2926 2456; x_wconf 87' lang='lat' dir='ltr'><strong>utique</strong></span> <span class='ocrx_word' id='word_1_386' title='bbox 2954 2384 3193 2454; x_wconf 87' lang='lat' dir='ltr'><strong>opinioni</strong></span> <span class='ocrx_word' id='word_1_387' title='bbox 3222 2399 3405 2439; x_wconf 71' lang='lat' dir='ltr'><strong>eorum</strong></span> <span class='ocrx_word' id='word_1_388' title='bbox 3436 2382 3537 2437; x_wconf 78' lang='lat' dir='ltr'><strong>erit</strong></span> <span class='ocrx_word' id='word_1_389' title='bbox 3567 2383 3685 2437; x_wconf 89' lang='lat' dir='ltr'><strong>sine</strong></span> <span class='ocrx_word' id='word_1_390' title='bbox 3707 2380 3864 2435; x_wconf 87' lang='lat' dir='ltr'><strong>dubi-</strong></span> 
     </span>
    </p>
   </div>
   <div class='ocr_carea' id='block_1_54' title="bbox 2273 2474 3866 2547">
    <p class='ocr_par' dir='ltr' id='par_1_54' title="bbox 2273 2474 3866 2547">
     <span class='ocr_line' id='line_1_54' title="bbox 2273 2474 3866 2547; baseline -0.006 -14"><span class='ocrx_word' id='word_1_391' title='bbox 2273 2480 2474 2533; x_wconf 89' lang='lat' dir='ltr'><strong>tatione</strong></span> <span class='ocrx_word' id='word_1_392' title='bbox 2514 2480 2863 2544; x_wconf 84' lang='lat' dir='ltr'><strong>contrarium,</strong></span> <span class='ocrx_word' id='word_1_393' title='bbox 2916 2476 3017 2530; x_wconf 83' lang='lat' dir='ltr'><strong>nisi</strong></span> <span class='ocrx_word' id='word_1_394' title='bbox 3064 2474 3321 2547; x_wconf 79' lang='lat' dir='ltr'><strong>mysterio</strong></span> <span class='ocrx_word' id='word_1_395' title='bbox 3367 2480 3737 2543; x_wconf 81' lang='lat' dir='ltr'><strong>competenter</strong></span> <span class='ocrx_word' id='word_1_396' title='bbox 3783 2474 3866 2526; x_wconf 88' lang='lat' dir='ltr'><strong>in-</strong></span> 
     </span>
    </p>
   </div>
   <div class='ocr_carea' id='block_1_55' title="bbox 2274 2566 3862 2640">
    <p class='ocr_par' dir='ltr' id='par_1_55' title="bbox 2274 2566 3862 2640">
     <span class='ocr_line' id='line_1_55' title="bbox 2274 2566 3862 2640; baseline -0.003 -16"><span class='ocrx_word' id='word_1_397' title='bbox 2274 2578 2459 2640; x_wconf 78' lang='lat' dir='ltr'><strong>Specto</strong></span> <span class='ocrx_word' id='word_1_398' title='bbox 2513 2569 2760 2625; x_wconf 85' lang='lat' dir='ltr'><strong>modesta</strong></span> <span class='ocrx_word' id='word_1_399' title='bbox 2815 2578 2996 2624; x_wconf 89' lang='lat' dir='ltr'><strong>mente</strong></span> <span class='ocrx_word' id='word_1_400' title='bbox 3044 2577 3370 2638; x_wconf 80' lang='lat' dir='ltr'><strong>cognoscant</strong></span> <span class='ocrx_word' id='word_1_401' title='bbox 3413 2566 3642 2636; x_wconf 77' lang='lat' dir='ltr'><strong>qualiter</strong></span> <span class='ocrx_word' id='word_1_402' title='bbox 3687 2574 3862 2621; x_wconf 53' lang='lat' dir='ltr'><strong>utinm</strong></span> 
     </span>
    </p>
   </div>
   <div class='ocr_carea' id='block_1_56' title="bbox 2274 2656 3865 2728">
    <p class='ocr_par' dir='ltr' id='par_1_56' title="bbox 2274 2656 3865 2728">
     <span class='ocr_line' id='line_1_56' title="bbox 2274 2656 3865 2728; baseline -0.003 -13"><span class='ocrx_word' id='word_1_403' title='bbox 2274 2662 2579 2725; x_wconf 88' lang='lat' dir='ltr'><strong>conveniat,</strong></span> <span class='ocrx_word' id='word_1_404' title='bbox 2630 2658 2753 2727; x_wconf 88' lang='lat' dir='ltr'><strong>qttid</strong></span> <span class='ocrx_word' id='word_1_405' title='bbox 2806 2660 2985 2728; x_wconf 81' lang='lat' dir='ltr'><strong>itaque</strong></span> <span class='ocrx_word' id='word_1_406' title='bbox 3032 2656 3159 2712; x_wconf 87' lang='lat' dir='ltr'><strong>velit</strong></span> <span class='ocrx_word' id='word_1_407' title='bbox 3200 2656 3324 2721; x_wconf 89' lang='lat' dir='ltr'><strong>sibi,</strong></span> <span class='ocrx_word' id='word_1_408' title='bbox 3370 2656 3512 2726; x_wconf 88' lang='lat' dir='ltr'><strong>quod</strong></span> <span class='ocrx_word' id='word_1_409' title='bbox 3556 2658 3608 2708; x_wconf 93' lang='lat' dir='ltr'><strong>in</strong></span> <span class='ocrx_word' id='word_1_410' title='bbox 3635 2667 3865 2724; x_wconf 78' lang='lat' dir='ltr'><strong>utroque</strong></span> 
     </span>
    </p>
   </div>
   <div class='ocr_carea' id='block_1_57' title="bbox 2274 2750 3865 2820">
    <p class='ocr_par' dir='ltr' id='par_1_57' title="bbox 2274 2750 3865 2820">
     <span class='ocr_line' id='line_1_57' title="bbox 2274 2750 3865 2820; baseline -0.005 -10"><span class='ocrx_word' id='word_1_411' title='bbox 2274 2770 2403 2810; x_wconf 77' lang='lat' dir='ltr'><strong>sexu</strong></span> <span class='ocrx_word' id='word_1_412' title='bbox 2431 2754 2701 2809; x_wconf 83' lang='lat' dir='ltr'><strong>desciibat</strong></span> <span class='ocrx_word' id='word_1_413' title='bbox 2730 2752 2995 2816; x_wconf 79' lang='lat' dir='ltr'><strong>Ecclesia,</strong></span> <span class='ocrx_word' id='word_1_414' title='bbox 3044 2761 3303 2820; x_wconf 70' lang='lat' dir='ltr'><strong>quantum</strong></span> <span class='ocrx_word' id='word_1_415' title='bbox 3334 2750 3560 2803; x_wconf 84' lang='lat' dir='ltr'><strong>Domino</strong></span> <span class='ocrx_word' id='word_1_416' title='bbox 3591 2756 3865 2803; x_wconf 86' lang='lat' dir='ltr'><strong>reserante</strong></span> 
     </span>
    </p>
   </div>
   <div class='ocr_carea' id='block_1_58' title="bbox 2272 2840 3867 2913">
    <p class='ocr_par' dir='ltr' id='par_1_58' title="bbox 2272 2840 3867 2913">
     <span class='ocr_line' id='line_1_58' title="bbox 2272 2840 3867 2913; baseline -0.003 -14"><span class='ocrx_word' id='word_1_417' title='bbox 2272 2845 2555 2912; x_wconf 87' lang='lat' dir='ltr'><strong>sentimus,</strong></span> <span class='ocrx_word' id='word_1_418' title='bbox 2603 2846 2940 2913; x_wconf 79' lang='lat' dir='ltr'><strong>exponimus.</strong></span> <span class='ocrx_word' id='word_1_419' title='bbox 2987 2845 3069 2897; x_wconf 86' lang='lat' dir='ltr'><strong>Ab</strong></span> <span class='ocrx_word' id='word_1_420' title='bbox 3114 2842 3267 2896; x_wconf 86' lang='lat' dir='ltr'><strong>initio</strong></span> <span class='ocrx_word' id='word_1_421' title='bbox 3296 2842 3567 2895; x_wconf 86' lang='lat' dir='ltr'><strong>Clu-istum</strong></span> <span class='ocrx_word' id='word_1_422' title='bbox 3599 2850 3652 2895; x_wconf 86' lang='lat' dir='ltr'><strong>et</strong></span> <span class='ocrx_word' id='word_1_423' title='bbox 3680 2840 3867 2895; x_wconf 78' lang='lat' dir='ltr'><strong>Eccle-</strong></span> 
     </span>
    </p>
   </div>
   <div class='ocr_carea' id='block_1_59' title="bbox 2272 2931 3863 3017">
    <p class='ocr_par' dir='ltr' id='par_1_59' title="bbox 2272 2931 3863 3017">
     <span class='ocr_line' id='line_1_59' title="bbox 2272 2931 3863 3017; baseline -0.004 -26"><span class='ocrx_word' id='word_1_424' title='bbox 2272 2937 2406 2991; x_wconf 88' lang='lat' dir='ltr'><strong>siam</strong></span> <span class='ocrx_word' id='word_1_425' title='bbox 2440 2936 2668 2990; x_wconf 90' lang='lat' dir='ltr'><strong>ltumana</strong></span> <span class='ocrx_word' id='word_1_426' title='bbox 2699 2951 2861 2990; x_wconf 84' lang='lat' dir='ltr'><strong>carne</strong></span> <span class='ocrx_word' id='word_1_427' title='bbox 2885 2933 3238 3017; x_wconf 66' lang='lat' dir='ltr'><strong>similitudine</strong></span> <span class='ocrx_word' id='word_1_428' title='bbox 3267 2932 3500 3000; x_wconf 83' lang='lat' dir='ltr'><strong>conjugii</strong></span> <span class='ocrx_word' id='word_1_429' title='bbox 3531 2931 3863 3000; x_wconf 86' lang='lat' dir='ltr'><strong>designatam</strong></span> 
     </span>
    </p>
   </div>
   <div class='ocr_carea' id='block_1_60' title="bbox 2273 3024 3864 3097">
    <p class='ocr_par' dir='ltr' id='par_1_60' title="bbox 2273 3024 3864 3097">
     <span class='ocr_line' id='line_1_60' title="bbox 2273 3024 3864 3097; baseline -0.004 -14"><span class='ocrx_word' id='word_1_430' title='bbox 2273 3040 2452 3084; x_wconf 88' lang='lat' dir='ltr'><strong>sancta</strong></span> <span class='ocrx_word' id='word_1_431' title='bbox 2484 3029 2763 3097; x_wconf 81' lang='lat' dir='ltr'><strong>Scriptura</strong></span> <span class='ocrx_word' id='word_1_432' title='bbox 2794 3038 3037 3084; x_wconf 84' lang='lat' dir='ltr'><strong>testatur.</strong></span> <span class='ocrx_word' id='word_1_433' title='bbox 3070 3025 3304 3082; x_wconf 86' lang='lat' dir='ltr'><strong>Proinde</strong></span> <span class='ocrx_word' id='word_1_434' title='bbox 3332 3040 3451 3079; x_wconf 91' lang='lat' dir='ltr'><strong>cum</strong></span> <span class='ocrx_word' id='word_1_435' title='bbox 3484 3024 3713 3079; x_wconf 86' lang='lat' dir='ltr'><strong>femineo</strong></span> <span class='ocrx_word' id='word_1_436' title='bbox 3733 3037 3864 3077; x_wconf 73' lang='lat' dir='ltr'><strong>sexu</strong></span> 
     </span>
    </p>
   </div>
   <div class='ocr_carea' id='block_1_61' title="bbox 2274 3116 3867 3189">
    <p class='ocr_par' dir='ltr' id='par_1_61' title="bbox 2274 3116 3867 3189">
     <span class='ocr_line' id='line_1_61' title="bbox 2274 3116 3867 3189; baseline -0.004 -12"><span class='ocrx_word' id='word_1_437' title='bbox 2274 3136 2530 3177; x_wconf 87' lang='lat' dir='ltr'><strong>censetur</strong></span> <span class='ocrx_word' id='word_1_438' title='bbox 2561 3121 2826 3185; x_wconf 86' lang='lat' dir='ltr'><strong>Ecclesia,</strong></span> <span class='ocrx_word' id='word_1_439' title='bbox 2862 3120 3147 3174; x_wconf 84' lang='lat' dir='ltr'><strong>infirmitas</strong></span> <span class='ocrx_word' id='word_1_440' title='bbox 3188 3117 3405 3189; x_wconf 84' lang='lat' dir='ltr'><strong>quidem</strong></span> <span class='ocrx_word' id='word_1_441' title='bbox 3447 3116 3694 3170; x_wconf 75' lang='lat' dir='ltr'><strong>humana:</strong></span> <span class='ocrx_word' id='word_1_442' title='bbox 3736 3130 3867 3170; x_wconf 84' lang='lat' dir='ltr'><strong>con-</strong></span> 
     </span>
    </p>
   </div>
   <div class='ocr_carea' id='block_1_62' title="bbox 2276 3209 3868 3281">
    <p class='ocr_par' dir='ltr' id='par_1_62' title="bbox 2276 3209 3868 3281">
     <span class='ocr_line' id='line_1_62' title="bbox 2276 3209 3868 3281; baseline -0.002 -14"><span class='ocrx_word' id='word_1_443' title='bbox 2276 3214 2494 3268; x_wconf 88' lang='lat' dir='ltr'><strong>ditionis</strong></span> <span class='ocrx_word' id='word_1_444' title='bbox 2524 3212 2846 3277; x_wconf 85' lang='lat' dir='ltr'><strong>ostenditur,</strong></span> <span class='ocrx_word' id='word_1_445' title='bbox 2872 3226 2992 3281; x_wconf 77' lang='lat' dir='ltr'><strong>qua:</strong></span> <span class='ocrx_word' id='word_1_446' title='bbox 3015 3222 3266 3280; x_wconf 85' lang='lat' dir='ltr'><strong>tanquam</strong></span> <span class='ocrx_word' id='word_1_447' title='bbox 3290 3210 3343 3264; x_wconf 90' lang='lat' dir='ltr'><strong>in</strong></span> <span class='ocrx_word' id='word_1_448' title='bbox 3371 3209 3608 3263; x_wconf 77' lang='lat' dir='ltr'><strong>Ecclesia</strong></span> <span class='ocrx_word' id='word_1_449' title='bbox 3635 3209 3868 3279; x_wconf 83' lang='lat' dir='ltr'><strong>conjuge</strong></span> 
     </span>
    </p>
   </div>
   <div class='ocr_carea' id='block_1_63' title="bbox 589 3276 2173 3371">
    <p class='ocr_par' dir='ltr' id='par_1_63' title="bbox 589 3295 2167 3371">
     <span class='ocr_line' id='line_1_63' title="bbox 589 3295 2167 3371; baseline -0.008 -13"><span class='ocrx_word' id='word_1_450' title='bbox 589 3318 818 3371; x_wconf 73' lang='lat' dir='ltr'><strong>corpore</strong></span> <span class='ocrx_word' id='word_1_451' title='bbox 854 3300 1007 3355; x_wconf 79' lang='lat' dir='ltr'><strong>inell‘a</strong></span> <span class='ocrx_word' id='word_1_452' title='bbox 1049 3300 1193 3353; x_wconf 88' lang='lat' dir='ltr'><strong>iliter</strong></span> <span class='ocrx_word' id='word_1_453' title='bbox 1237 3296 1512 3349; x_wconf 89' lang='lat' dir='ltr'><strong>decentius</strong></span> <span class='ocrx_word' id='word_1_454' title='bbox 1546 3295 1658 3349; x_wconf 83' lang='lat' dir='ltr'><strong>haec</strong></span> <span class='ocrx_word' id='word_1_455' title='bbox 1704 3306 1861 3362; x_wconf 88' lang='lat' dir='ltr'><strong>posse</strong></span> <span class='ocrx_word' id='word_1_456' title='bbox 1887 3302 2167 3357; x_wconf 85' lang='lat' dir='ltr'><strong>constare;</strong></span> 
     </span>
    </p>
   </div>
   <div class='ocr_carea' id='block_1_64' title="bbox 2274 3276 3868 3371">
    <p class='ocr_par' dir='ltr' id='par_1_64' title="bbox 2278 3298 3868 3371">
     <span class='ocr_line' id='line_1_64' title="bbox 2278 3298 3868 3371; baseline -0.003 -14"><span class='ocrx_word' id='word_1_457' title='bbox 2278 3303 2475 3357; x_wconf 78' lang='lat' dir='ltr'><strong>Christi</strong></span> <span class='ocrx_word' id='word_1_458' title='bbox 2503 3306 2882 3356; x_wconf 62' lang='lat' dir='ltr'><strong>convenienter</strong></span> <span class='ocrx_word' id='word_1_459' title='bbox 2902 3300 3251 3371; x_wconf 79' lang='lat' dir='ltr'><strong>expiimitur;</strong></span> <span class='ocrx_word' id='word_1_460' title='bbox 3280 3299 3371 3353; x_wconf 85' lang='lat' dir='ltr'><strong>sed</strong></span> <span class='ocrx_word' id='word_1_461' title='bbox 3403 3300 3618 3353; x_wconf 89' lang='lat' dir='ltr'><strong>nomine</strong></span> <span class='ocrx_word' id='word_1_462' title='bbox 3644 3298 3868 3369; x_wconf 67' lang='lat' dir='ltr'><strong>virgini-</strong></span> 
     </span>
    </p>
   </div>
   <div class='ocr_carea' id='block_1_65' title="bbox 590 3382 2169 3465">
    <p class='ocr_par' dir='ltr' id='par_1_65' title="bbox 590 3382 2169 3465">
     <span class='ocr_line' id='line_1_65' title="bbox 590 3382 2169 3465; baseline -0.009 -15"><span class='ocrx_word' id='word_1_463' title='bbox 590 3395 857 3465; x_wconf 69' lang='lat' dir='ltr'><strong>praecipue</strong></span> <span class='ocrx_word' id='word_1_464' title='bbox 877 3408 998 3447; x_wconf 88' lang='lat' dir='ltr'><strong>cum</strong></span> <span class='ocrx_word' id='word_1_465' title='bbox 1030 3389 1157 3445; x_wconf 83' lang='lat' dir='ltr'><strong>nihil</strong></span> <span class='ocrx_word' id='word_1_466' title='bbox 1188 3386 1298 3456; x_wconf 90' lang='lat' dir='ltr'><strong>jam</strong></span> <span class='ocrx_word' id='word_1_467' title='bbox 1329 3384 1575 3455; x_wconf 84' lang='lat' dir='ltr'><strong>genitalis</strong></span> <span class='ocrx_word' id='word_1_468' title='bbox 1592 3382 1751 3438; x_wconf 80' lang='lat' dir='ltr'><strong>officii</strong></span> <span class='ocrx_word' id='word_1_469' title='bbox 1785 3382 1836 3437; x_wconf 91' lang='lat' dir='ltr'><strong>in</strong></span> <span class='ocrx_word' id='word_1_470' title='bbox 1867 3382 1955 3438; x_wconf 91' lang='lat' dir='ltr'><strong>illa</strong></span> <span class='ocrx_word' id='word_1_471' title='bbox 1986 3398 2169 3452; x_wconf 74' lang='lat' dir='ltr'><strong>perpe~</strong></span> 
     </span>
    </p>
   </div>
   <div class='ocr_carea' id='block_1_66' title="bbox 591 3475 2171 3550">
    <p class='ocr_par' dir='ltr' id='par_1_66' title="bbox 591 3475 2171 3550">
     <span class='ocr_line' id='line_1_66' title="bbox 591 3475 2171 3550; baseline -0.008 -10"><span class='ocrx_word' id='word_1_472' title='bbox 591 3500 679 3539; x_wconf 87' lang='lat' dir='ltr'><strong>tua</strong></span> <span class='ocrx_word' id='word_1_473' title='bbox 709 3484 951 3539; x_wconf 89' lang='lat' dir='ltr'><strong>claritate</strong></span> <span class='ocrx_word' id='word_1_474' title='bbox 999 3494 1213 3550; x_wconf 72' lang='lat' dir='ltr'><strong>gesmra</strong></span> <span class='ocrx_word' id='word_1_475' title='bbox 1258 3475 1394 3531; x_wconf 69' lang='lat' dir='ltr'><strong>sintl</strong></span> <span class='ocrx_word' id='word_1_476' title='bbox 1438 3476 1533 3531; x_wconf 87' lang='lat' dir='ltr'><strong>sed</strong></span> <span class='ocrx_word' id='word_1_477' title='bbox 1583 3475 1647 3530; x_wconf 90' lang='lat' dir='ltr'><strong>ad</strong></span> <span class='ocrx_word' id='word_1_478' title='bbox 1680 3475 1781 3530; x_wconf 88' lang='lat' dir='ltr'><strong>hoc</strong></span> <span class='ocrx_word' id='word_1_479' title='bbox 1828 3485 2031 3529; x_wconf 84' lang='lat' dir='ltr'><strong>tantum</strong></span> <span class='ocrx_word' id='word_1_480' title='bbox 2060 3490 2171 3530; x_wconf 68' lang='lat' dir='ltr'><strong>suae</strong></span> 
     </span>
    </p>
   </div>
   <div class='ocr_carea' id='block_1_67' title="bbox 588 3568 2171 3646">
    <p class='ocr_par' dir='ltr' id='par_1_67' title="bbox 588 3568 2171 3646">
     <span class='ocr_line' id='line_1_67' title="bbox 588 3568 2171 3646; baseline -0.008 -13"><span class='ocrx_word' id='word_1_481' title='bbox 588 3579 787 3646; x_wconf 74' lang='lat' dir='ltr'><strong>speciei</strong></span> <span class='ocrx_word' id='word_1_482' title='bbox 821 3578 1115 3641; x_wconf 68' lang='lat' dir='ltr'><strong>formaeque</strong></span> <span class='ocrx_word' id='word_1_483' title='bbox 1165 3586 1269 3624; x_wconf 90' lang='lat' dir='ltr'><strong>non</strong></span> <span class='ocrx_word' id='word_1_484' title='bbox 1300 3569 1573 3633; x_wconf 72' lang='lat' dir='ltr'><strong>deerunt,</strong></span> <span class='ocrx_word' id='word_1_485' title='bbox 1600 3578 1660 3623; x_wconf 91' lang='lat' dir='ltr'><strong>ut</strong></span> <span class='ocrx_word' id='word_1_486' title='bbox 1708 3582 1813 3622; x_wconf 91' lang='lat' dir='ltr'><strong>non</strong></span> <span class='ocrx_word' id='word_1_487' title='bbox 1845 3570 2021 3637; x_wconf 88' lang='lat' dir='ltr'><strong>aliqua</strong></span> <span class='ocrx_word' id='word_1_488' title='bbox 2066 3568 2171 3622; x_wconf 89' lang='lat' dir='ltr'><strong>alia</strong></span> 
     </span>
    </p>
   </div>
   <div class='ocr_carea' id='block_1_68' title="bbox 589 3658 2169 3738">
    <p class='ocr_par' dir='ltr' id='par_1_68' title="bbox 589 3658 2169 3738">
     <span class='ocr_line' id='line_1_68' title="bbox 589 3658 2169 3738; baseline -0.008 -13"><span class='ocrx_word' id='word_1_489' title='bbox 589 3670 759 3725; x_wconf 89' lang='lat' dir='ltr'><strong>forma</strong></span> <span class='ocrx_word' id='word_1_490' title='bbox 791 3682 949 3738; x_wconf 83' lang='lat' dir='ltr'><strong>quam</strong></span> <span class='ocrx_word' id='word_1_491' title='bbox 980 3665 1231 3727; x_wconf 88' lang='lat' dir='ltr'><strong>luunana,</strong></span> <span class='ocrx_word' id='word_1_492' title='bbox 1283 3662 1367 3717; x_wconf 91' lang='lat' dir='ltr'><strong>cui</strong></span> <span class='ocrx_word' id='word_1_493' title='bbox 1420 3659 1683 3730; x_wconf 87' lang='lat' dir='ltr'><strong>promissa</strong></span> <span class='ocrx_word' id='word_1_494' title='bbox 1718 3658 2039 3714; x_wconf 89' lang='lat' dir='ltr'><strong>resurrectio</strong></span> <span class='ocrx_word' id='word_1_495' title='bbox 2067 3667 2169 3727; x_wconf 88' lang='lat' dir='ltr'><strong>est,</strong></span> 
     </span>
    </p>
   </div>
   <div class='ocr_carea' id='block_1_69' title="bbox 588 3752 2172 3824">
    <p class='ocr_par' dir='ltr' id='par_1_69' title="bbox 588 3752 2172 3824">
     <span class='ocr_line' id='line_1_69' title="bbox 588 3752 2172 3824; baseline -0.008 -7"><span class='ocrx_word' id='word_1_496' title='bbox 588 3761 904 3817; x_wconf 85' lang='lat' dir='ltr'><strong>resuscitata</strong></span> <span class='ocrx_word' id='word_1_497' title='bbox 935 3755 1225 3824; x_wconf 76' lang='lat' dir='ltr'><strong>iudicetur,</strong></span> <span class='ocrx_word' id='word_1_498' title='bbox 1257 3768 1356 3807; x_wconf 86' lang='lat' dir='ltr'><strong>nec</strong></span> <span class='ocrx_word' id='word_1_499' title='bbox 1381 3752 1577 3820; x_wconf 81' lang='lat' dir='ltr'><strong>aliquid</strong></span> <span class='ocrx_word' id='word_1_500' title='bbox 1622 3754 1689 3805; x_wconf 66' lang='lat' dir='ltr'><strong>s‘rt</strong></span> <span class='ocrx_word' id='word_1_501' title='bbox 1719 3752 1859 3821; x_wconf 92' lang='lat' dir='ltr'><strong>quod</strong></span> <span class='ocrx_word' id='word_1_502' title='bbox 1891 3752 1965 3805; x_wconf 87' lang='lat' dir='ltr'><strong>&#39;in</strong></span> <span class='ocrx_word' id='word_1_503' title='bbox 1996 3754 2172 3806; x_wconf 75' lang='lat' dir='ltr'><strong>carnis</strong></span> 
     </span>
    </p>
   </div>
   <div class='ocr_carea' id='block_1_70' title="bbox 589 3841 2167 3920">
    <p class='ocr_par' dir='ltr' id='par_1_70' title="bbox 589 3841 2167 3920">
     <span class='ocr_line' id='line_1_70' title="bbox 589 3841 2167 3920; baseline -0.008 -16"><span class='ocrx_word' id='word_1_504' title='bbox 589 3860 866 3920; x_wconf 82' lang='lat' dir='ltr'><strong>perspecta</strong></span> <span class='ocrx_word' id='word_1_505' title='bbox 903 3844 1293 3900; x_wconf 64' lang='lat' dir='ltr'><strong>resurrectioov</strong></span> <span class='ocrx_word' id='word_1_506' title='bbox 1322 3858 1428 3896; x_wconf 86' lang='lat' dir='ltr'><strong>non</strong></span> <span class='ocrx_word' id='word_1_507' title='bbox 1462 3852 1691 3905; x_wconf 86' lang='lat' dir='ltr'><strong>maneat,</strong></span> <span class='ocrx_word' id='word_1_508' title='bbox 1718 3852 1772 3896; x_wconf 87' lang='lat' dir='ltr'><strong>et</strong></span> <span class='ocrx_word' id='word_1_509' title='bbox 1799 3841 2041 3895; x_wconf 88' lang='lat' dir='ltr'><strong>videatur</strong></span> <span class='ocrx_word' id='word_1_510' title='bbox 2066 3842 2167 3895; x_wconf 88' lang='lat' dir='ltr'><strong>alia</strong></span> 
     </span>
    </p>
   </div>
   <div class='ocr_carea' id='block_1_71' title="bbox 584 3933 2173 4009">
    <p class='ocr_par' dir='ltr' id='par_1_71' title="bbox 584 3933 2173 4009">
     <span class='ocr_line' id='line_1_71' title="bbox 584 3933 2173 4009; baseline -0.006 -12"><span class='ocrx_word' id='word_1_511' title='bbox 584 3940 796 4009; x_wconf 86' lang='lat' dir='ltr'><strong>species</strong></span> <span class='ocrx_word' id='word_1_512' title='bbox 835 3937 1085 3992; x_wconf 89' lang='lat' dir='ltr'><strong>suscitata</strong></span> <span class='ocrx_word' id='word_1_513' title='bbox 1134 3950 1293 4005; x_wconf 81' lang='lat' dir='ltr'><strong>quant</strong></span> <span class='ocrx_word' id='word_1_514' title='bbox 1340 3938 1558 4000; x_wconf 78' lang='lat' dir='ltr'><strong>integra:</strong></span> <span class='ocrx_word' id='word_1_515' title='bbox 1602 3935 1781 3987; x_wconf 79' lang='lat' dir='ltr'><strong>cat-nis</strong></span> <span class='ocrx_word' id='word_1_516' title='bbox 1812 3933 2057 3988; x_wconf 72' lang='lat' dir='ltr'><strong>humana:</strong></span> <span class='ocrx_word' id='word_1_517' title='bbox 2109 3935 2173 3988; x_wconf 91' lang='lat' dir='ltr'><strong>li-</strong></span> 
     </span>
    </p>
   </div>
   <div class='ocr_carea' id='block_1_72' title="bbox 591 4016 2171 4096">
    <p class='ocr_par' dir='ltr' id='par_1_72' title="bbox 591 4016 2171 4096">
     <span class='ocr_line' id='line_1_72' title="bbox 591 4016 2171 4096; baseline -0.006 -8"><span class='ocrx_word' id='word_1_518' title='bbox 591 4040 875 4088; x_wconf 77' lang='lat' dir='ltr'><strong>neamenta</strong></span> <span class='ocrx_word' id='word_1_519' title='bbox 905 4016 1183 4096; x_wconf 81' lang='lat' dir='ltr'><strong>designant</strong></span> <span class='ocrx_word' id='word_1_520' title='bbox 1213 4043 1227 4080; x_wconf 89' lang='lat'><strong>:</strong></span> <span class='ocrx_word' id='word_1_521' title='bbox 1252 4041 1371 4095; x_wconf 81' lang='lat' dir='ltr'><strong>quae</strong></span> <span class='ocrx_word' id='word_1_522' title='bbox 1402 4025 1627 4094; x_wconf 88' lang='lat' dir='ltr'><strong>quisque</strong></span> <span class='ocrx_word' id='word_1_523' title='bbox 1666 4040 1769 4078; x_wconf 90' lang='lat' dir='ltr'><strong>non</strong></span> <span class='ocrx_word' id='word_1_524' title='bbox 1802 4026 1916 4078; x_wconf 90' lang='lat' dir='ltr'><strong>vult</strong></span> <span class='ocrx_word' id='word_1_525' title='bbox 1946 4024 2171 4079; x_wconf 80' lang='lat' dir='ltr'><strong>fortasse</strong></span> 
     </span>
    </p>
   </div>
   <div class='ocr_carea' id='block_1_73' title="bbox 588 4122 2170 4187">
    <p class='ocr_par' dir='ltr' id='par_1_73' title="bbox 588 4122 2170 4187">
     <span class='ocr_line' id='line_1_73' title="bbox 588 4122 2170 4187; baseline -0.004 -8"><span class='ocrx_word' id='word_1_526' title='bbox 588 4126 863 4180; x_wconf 63' lang='lat' dir='ltr'><strong>utoilemta</strong></span> <span class='ocrx_word' id='word_1_527' title='bbox 912 4126 1119 4179; x_wconf 88' lang='lat' dir='ltr'><strong>ratione</strong></span> <span class='ocrx_word' id='word_1_528' title='bbox 1149 4124 1369 4184; x_wconf 88' lang='lat' dir='ltr'><strong>librare.</strong></span> <span class='ocrx_word' id='word_1_529' title='bbox 1417 4122 1545 4176; x_wconf 83' lang='lat' dir='ltr'><strong>velit</strong></span> <span class='ocrx_word' id='word_1_530' title='bbox 1570 4122 1722 4187; x_wconf 91' lang='lat' dir='ltr'><strong>nolit,</strong></span> <span class='ocrx_word' id='word_1_531' title='bbox 1749 4130 1807 4175; x_wconf 90' lang='lat' dir='ltr'><strong>ut</strong></span> <span class='ocrx_word' id='word_1_532' title='bbox 1834 4122 2033 4175; x_wconf 80' lang='lat' dir='ltr'><strong>dictum</strong></span> <span class='ocrx_word' id='word_1_533' title='bbox 2068 4132 2170 4187; x_wconf 87' lang='lat' dir='ltr'><strong>est,</strong></span> 
     </span>
    </p>
   </div>
   <div class='ocr_carea' id='block_1_74' title="bbox 582 4212 2169 4284">
    <p class='ocr_par' dir='ltr' id='par_1_74' title="bbox 582 4212 2169 4284">
     <span class='ocr_line' id='line_1_74' title="bbox 582 4212 2169 4284; baseline -0.004 -13"><span class='ocrx_word' id='word_1_534' title='bbox 582 4229 682 4271; x_wconf 76' lang='lat' dir='ltr'><strong>aut</strong></span> <span class='ocrx_word' id='word_1_535' title='bbox 706 4218 768 4271; x_wconf 85' lang='lat' dir='ltr'><strong>ad</strong></span> <span class='ocrx_word' id='word_1_536' title='bbox 803 4220 815 4271; x_wconf 94' lang='lat' dir='ltr'><strong>i</strong></span> <span class='ocrx_word' id='word_1_537' title='bbox 845 4217 931 4271; x_wconf 91' lang='lat' dir='ltr'><strong>Iud</strong></span> <span class='ocrx_word' id='word_1_538' title='bbox 964 4218 1207 4284; x_wconf 85' lang='lat' dir='ltr'><strong>superius</strong></span> <span class='ocrx_word' id='word_1_539' title='bbox 1236 4222 1556 4279; x_wconf 78' lang='lat' dir='ltr'><strong>revertetur,</strong></span> <span class='ocrx_word' id='word_1_540' title='bbox 1601 4222 1653 4266; x_wconf 90' lang='lat' dir='ltr'><strong>ut</strong></span> <span class='ocrx_word' id='word_1_541' title='bbox 1692 4212 1827 4282; x_wconf 84' lang='lat' dir='ltr'><strong>quod</strong></span> <span class='ocrx_word' id='word_1_542' title='bbox 1861 4213 2037 4265; x_wconf 83' lang='lat' dir='ltr'><strong>oculus</strong></span> <span class='ocrx_word' id='word_1_543' title='bbox 2066 4228 2169 4266; x_wconf 75' lang='lat' dir='ltr'><strong>non</strong></span> 
     </span>
    </p>
   </div>
   <div class='ocr_carea' id='block_1_75' title="bbox 586 4301 2172 4369">
    <p class='ocr_par' dir='ltr' id='par_1_75' title="bbox 586 4301 2172 4369">
     <span class='ocr_line' id='line_1_75' title="bbox 586 4301 2172 4369; baseline -0.004 -9"><span class='ocrx_word' id='word_1_544' title='bbox 586 4308 736 4369; x_wconf 82' lang='lat' dir='ltr'><strong>vidit,</strong></span> <span class='ocrx_word' id='word_1_545' title='bbox 786 4322 876 4359; x_wconf 82' lang='lat' dir='ltr'><strong>nec</strong></span> <span class='ocrx_word' id='word_1_546' title='bbox 904 4308 1045 4359; x_wconf 84' lang='lat' dir='ltr'><strong>auris</strong></span> <span class='ocrx_word' id='word_1_547' title='bbox 1085 4304 1295 4364; x_wconf 84' lang='lat' dir='ltr'><strong>audivit,</strong></span> <span class='ocrx_word' id='word_1_548' title='bbox 1347 4319 1440 4356; x_wconf 83' lang='lat' dir='ltr'><strong>nec</strong></span> <span class='ocrx_word' id='word_1_549' title='bbox 1481 4304 1533 4355; x_wconf 84' lang='lat' dir='ltr'><strong>in</strong></span> <span class='ocrx_word' id='word_1_550' title='bbox 1580 4318 1667 4355; x_wconf 88' lang='lat' dir='ltr'><strong>cor</strong></span> <span class='ocrx_word' id='word_1_551' title='bbox 1702 4301 1917 4355; x_wconf 77' lang='lat' dir='ltr'><strong>hominis</strong></span> <span class='ocrx_word' id='word_1_552' title='bbox 1944 4303 2172 4355; x_wconf 79' lang='lat' dir='ltr'><strong>ascendit</strong></span> 
     </span>
    </p>
   </div>
   <div class='ocr_carea' id='block_1_76' title="bbox 584 4391 2170 4467">
    <p class='ocr_par' dir='ltr' id='par_1_76' title="bbox 584 4391 2170 4467">
     <span class='ocr_line' id='line_1_76' title="bbox 584 4391 2170 4467; baseline -0.002 -17"><span class='ocrx_word' id='word_1_553' title='bbox 584 4395 643 4467; x_wconf 86' lang='grc' dir='ltr'><strong>(Ι</strong></span> <span class='ocrx_word' id='word_1_554' title='bbox 674 4396 791 4450; x_wconf 82' lang='lat' dir='ltr'><strong>Cor.</strong></span> <span class='ocrx_word' id='word_1_555' title='bbox 830 4396 911 4466; x_wconf 84' lang='lat' dir='ltr'><strong>tt),</strong></span> <span class='ocrx_word' id='word_1_556' title='bbox 942 4411 1048 4450; x_wconf 89' lang='lat' dir='ltr'><strong>non</strong></span> <span class='ocrx_word' id='word_1_557' title='bbox 1079 4395 1308 4448; x_wconf 60' lang='lat' dir='ltr'><strong>a&#39;stimet</strong></span> <span class='ocrx_word' id='word_1_558' title='bbox 1337 4391 1800 4462; x_wconf 83' lang='lat' dir='ltr'><strong>perscrutandum,</strong></span> <span class='ocrx_word' id='word_1_559' title='bbox 1826 4400 1920 4446; x_wconf 74' lang='lat' dir='ltr'><strong>aut</strong></span> <span class='ocrx_word' id='word_1_560' title='bbox 1946 4394 1988 4446; x_wconf 83' lang='lat' dir='ltr'><strong>si</strong></span> <span class='ocrx_word' id='word_1_561' title='bbox 2032 4396 2170 4447; x_wconf 83' lang='lat' dir='ltr'><strong>ultra</strong></span> 
     </span>
    </p>
   </div>
   <div class='ocr_carea' id='block_1_77' title="bbox 584 4483 2171 4557">
    <p class='ocr_par' dir='ltr' id='par_1_77' title="bbox 584 4483 2171 4557">
     <span class='ocr_line' id='line_1_77' title="bbox 584 4483 2171 4557; baseline -0.002 -16"><span class='ocrx_word' id='word_1_562' title='bbox 584 4501 813 4542; x_wconf 84' lang='lat' dir='ltr'><strong>conatur</strong></span> <span class='ocrx_word' id='word_1_563' title='bbox 858 4500 1163 4557; x_wconf 88' lang='lat' dir='ltr'><strong>erumpere,</strong></span> <span class='ocrx_word' id='word_1_564' title='bbox 1207 4485 1323 4555; x_wconf 88' lang='lat' dir='ltr'><strong>ipse</strong></span> <span class='ocrx_word' id='word_1_565' title='bbox 1366 4483 1548 4539; x_wconf 86' lang='lat' dir='ltr'><strong>videat</strong></span> <span class='ocrx_word' id='word_1_566' title='bbox 1591 4499 1699 4538; x_wconf 69' lang='lat' dir='ltr'><strong>sure</strong></span> <span class='ocrx_word' id='word_1_567' title='bbox 1732 4485 2048 4539; x_wconf 89' lang='lat' dir='ltr'><strong>temeritatis</strong></span> <span class='ocrx_word' id='word_1_568' title='bbox 2077 4484 2171 4538; x_wconf 87' lang='lat' dir='ltr'><strong>ab—</strong></span> 
     </span>
    </p>
   </div>
   <div class='ocr_carea' id='block_1_78' title="bbox 592 4573 2168 4649">
    <p class='ocr_par' dir='ltr' id='par_1_78' title="bbox 592 4573 2168 4649">
     <span class='ocr_line' id='line_1_78' title="bbox 592 4573 2168 4649; baseline -0.003 -15"><span class='ocrx_word' id='word_1_569' title='bbox 592 4591 828 4649; x_wconf 88' lang='lat' dir='ltr'><strong>ruptum.</strong></span> <span class='ocrx_word' id='word_1_570' title='bbox 860 4580 1029 4645; x_wconf 85' lang='lat' dir='ltr'><strong>Quam</strong></span> <span class='ocrx_word' id='word_1_571' title='bbox 1055 4584 1232 4632; x_wconf 87' lang='lat' dir='ltr'><strong>autem</strong></span> <span class='ocrx_word' id='word_1_572' title='bbox 1260 4575 1474 4631; x_wconf 87' lang='lat' dir='ltr'><strong>condita</strong></span> <span class='ocrx_word' id='word_1_573' title='bbox 1504 4584 1628 4629; x_wconf 90' lang='lat' dir='ltr'><strong>sunt</strong></span> <span class='ocrx_word' id='word_1_574' title='bbox 1656 4573 1882 4630; x_wconf 84' lang='lat' dir='ltr'><strong>honesta</strong></span> <span class='ocrx_word' id='word_1_575' title='bbox 1920 4575 2168 4630; x_wconf 77' lang='lat' dir='ltr'><strong>humana:</strong></span> 
     </span>
    </p>
   </div>
   <div class='ocr_carea' id='block_1_79' title="bbox 594 4647 2251 4734">
    <p class='ocr_par' dir='ltr' id='par_1_79' title="bbox 594 4647 2251 4734">
     <span class='ocr_line' id='line_1_79' title="bbox 594 4647 2251 4734; baseline -0.002 -9"><span class='ocrx_word' id='word_1_576' title='bbox 594 4647 834 4726; x_wconf 79' lang='lat' dir='ltr'><strong>membra</strong></span> <span class='ocrx_word' id='word_1_577' title='bbox 884 4667 1225 4732; x_wconf 63' lang='lat' dir='ltr'><strong>substantiae,</strong></span> <span class='ocrx_word' id='word_1_578' title='bbox 1273 4666 1435 4720; x_wconf 89' lang='lat' dir='ltr'><strong>etiam</strong></span> <span class='ocrx_word' id='word_1_579' title='bbox 1481 4680 1569 4721; x_wconf 90' lang='lat' dir='ltr'><strong>res</strong></span> <span class='ocrx_word' id='word_1_580' title='bbox 1615 4665 1706 4719; x_wconf 90' lang='lat' dir='ltr'><strong>illa</strong></span> <span class='ocrx_word' id='word_1_581' title='bbox 1755 4680 1851 4722; x_wconf 91' lang='lat' dir='ltr'><strong>nos</strong></span> <span class='ocrx_word' id='word_1_582' title='bbox 1895 4666 2165 4734; x_wconf 82' lang='lat' dir='ltr'><strong>admonet,</strong></span> <span class='ocrx_word' id='word_1_583' title='bbox 2198 4647 2251 4709; x_wconf 76' lang='grc' dir='ltr'><strong>Ῐ)</strong></span> 
     </span>
    </p>
   </div>
   <div class='ocr_carea' id='block_1_80' title="bbox 592 4758 2166 4831">
    <p class='ocr_par' dir='ltr' id='par_1_80' title="bbox 592 4758 2166 4831">
     <span class='ocr_line' id='line_1_80' title="bbox 592 4758 2166 4831; baseline -0.003 -16"><span class='ocrx_word' id='word_1_584' title='bbox 592 4762 875 4831; x_wconf 85' lang='lat' dir='ltr'><strong>quodcum</strong></span> <span class='ocrx_word' id='word_1_585' title='bbox 908 4762 958 4815; x_wconf 91' lang='lat' dir='ltr'><strong>in</strong></span> <span class='ocrx_word' id='word_1_586' title='bbox 1002 4758 1249 4829; x_wconf 81' lang='lat' dir='ltr'><strong>paradiso</strong></span> <span class='ocrx_word' id='word_1_587' title='bbox 1294 4758 1419 4812; x_wconf 86' lang='lat' dir='ltr'><strong>nudi</strong></span> <span class='ocrx_word' id='word_1_588' title='bbox 1464 4767 1646 4813; x_wconf 85' lang='lat' dir='ltr'><strong>essent</strong></span> <span class='ocrx_word' id='word_1_589' title='bbox 1687 4758 1846 4828; x_wconf 84' lang='lat' dir='ltr'><strong>primi</strong></span> <span class='ocrx_word' id='word_1_590' title='bbox 1894 4766 2166 4829; x_wconf 86' lang='lat' dir='ltr'><strong>parentes,</strong></span> 
     </span>
    </p>
   </div>
   <div class='ocr_carea' id='block_1_81' title="bbox 591 4848 2168 4920">
    <p class='ocr_par' dir='ltr' id='par_1_81' title="bbox 591 4848 2168 4920">
     <span class='ocr_line' id='line_1_81' title="bbox 591 4848 2168 4920; baseline -0.002 -11"><span class='ocrx_word' id='word_1_591' title='bbox 591 4854 726 4909; x_wconf 90' lang='lat' dir='ltr'><strong>nihil</strong></span> <span class='ocrx_word' id='word_1_592' title='bbox 756 4855 808 4908; x_wconf 91' lang='lat' dir='ltr'><strong>in</strong></span> <span class='ocrx_word' id='word_1_593' title='bbox 854 4852 935 4909; x_wconf 89' lang='lat' dir='ltr'><strong>his</strong></span> <span class='ocrx_word' id='word_1_594' title='bbox 962 4850 1290 4907; x_wconf 85' lang='lat' dir='ltr'><strong>confusionis</strong></span> <span class='ocrx_word' id='word_1_595' title='bbox 1332 4848 1651 4905; x_wconf 84' lang='lat' dir='ltr'><strong>habuerunt.</strong></span> <span class='ocrx_word' id='word_1_596' title='bbox 1689 4850 1836 4906; x_wconf 86' lang='lat' dir='ltr'><strong>Unde</strong></span> <span class='ocrx_word' id='word_1_597' title='bbox 1881 4859 2001 4920; x_wconf 90' lang='lat' dir='ltr'><strong>post</strong></span> <span class='ocrx_word' id='word_1_598' title='bbox 2045 4866 2168 4920; x_wconf 90' lang='lat' dir='ltr'><strong>pec-</strong></span> 
     </span>
    </p>
   </div>
   <div class='ocr_carea' id='block_1_82' title="bbox 589 4941 2169 5011">
    <p class='ocr_par' dir='ltr' id='par_1_82' title="bbox 589 4941 2169 5011">
     <span class='ocr_line' id='line_1_82' title="bbox 589 4941 2169 5011; baseline -0.001 -12"><span class='ocrx_word' id='word_1_599' title='bbox 589 4954 770 4999; x_wconf 87' lang='lat' dir='ltr'><strong>catum</strong></span> <span class='ocrx_word' id='word_1_600' title='bbox 794 4952 851 4999; x_wconf 91' lang='lat' dir='ltr'><strong>et</strong></span> <span class='ocrx_word' id='word_1_601' title='bbox 873 4942 1318 5011; x_wconf 67' lang='lat' dir='ltr'><strong>concupiscentia:</strong></span> <span class='ocrx_word' id='word_1_602' title='bbox 1343 4942 1489 4996; x_wconf 89' lang='lat' dir='ltr'><strong>virus</strong></span> <span class='ocrx_word' id='word_1_603' title='bbox 1520 4941 1843 5010; x_wconf 81' lang='lat' dir='ltr'><strong>ingressum,</strong></span> <span class='ocrx_word' id='word_1_604' title='bbox 1884 4956 2169 5011; x_wconf 85' lang='lat' dir='ltr'><strong>corporum</strong></span> 
     </span>
    </p>
   </div>
   <div class='ocr_carea' id='block_1_83' title="bbox 592 5020 2170 5103">
    <p class='ocr_par' dir='ltr' id='par_1_83' title="bbox 592 5020 2170 5103">
     <span class='ocr_line' id='line_1_83' title="bbox 592 5020 2170 5103; baseline -0.001 -13"><span class='ocrx_word' id='word_1_605' title='bbox 592 5050 815 5091; x_wconf 86' lang='lat' dir='ltr'><strong>suorum</strong></span> <span class='ocrx_word' id='word_1_606' title='bbox 848 5034 1145 5089; x_wconf 89' lang='lat' dir='ltr'><strong>inordinata</strong></span> <span class='ocrx_word' id='word_1_607' title='bbox 1177 5033 1577 5103; x_wconf 85' lang='lat' dir='ltr'><strong>perturbatione</strong></span> <span class='ocrx_word' id='word_1_608' title='bbox 1598 5020 1803 5088; x_wconf 82' lang='lat' dir='ltr'><strong>confusi</strong></span> <span class='ocrx_word' id='word_1_609' title='bbox 1826 5043 1971 5087; x_wconf 88' lang='lat' dir='ltr'><strong>sunt.</strong></span> <span class='ocrx_word' id='word_1_610' title='bbox 1995 5034 2170 5103; x_wconf 79' lang='lat' dir='ltr'><strong>Atque</strong></span> 
     </span>
    </p>
   </div>
   <div class='ocr_carea' id='block_1_84' title="bbox 592 5124 2169 5195">
    <p class='ocr_par' dir='ltr' id='par_1_84' title="bbox 592 5124 2169 5195">
     <span class='ocr_line' id='line_1_84' title="bbox 592 5124 2169 5195; baseline -0.001 -12"><span class='ocrx_word' id='word_1_611' title='bbox 592 5129 715 5184; x_wconf 87' lang='lat' dir='ltr'><strong>ideo</strong></span> <span class='ocrx_word' id='word_1_612' title='bbox 741 5127 871 5183; x_wconf 74' lang='lat' dir='ltr'><strong>Satis</strong></span> <span class='ocrx_word' id='word_1_613' title='bbox 899 5134 1140 5195; x_wconf 82' lang='lat' dir='ltr'><strong>apparet,</strong></span> <span class='ocrx_word' id='word_1_614' title='bbox 1187 5124 1329 5195; x_wconf 79' lang='lat' dir='ltr'><strong>quod</strong></span> <span class='ocrx_word' id='word_1_615' title='bbox 1377 5127 1421 5179; x_wconf 91' lang='lat' dir='ltr'><strong>si</strong></span> <span class='ocrx_word' id='word_1_616' title='bbox 1454 5127 1504 5178; x_wconf 89' lang='lat' dir='ltr'><strong>in</strong></span> <span class='ocrx_word' id='word_1_617' title='bbox 1551 5125 1639 5180; x_wconf 87' lang='lat' dir='ltr'><strong>illa</strong></span> <span class='ocrx_word' id='word_1_618' title='bbox 1688 5126 1875 5194; x_wconf 84' lang='lat' dir='ltr'><strong>quavis</strong></span> <span class='ocrx_word' id='word_1_619' title='bbox 1919 5124 2169 5182; x_wconf 68' lang='lat' dir='ltr'><strong>felicitate</strong></span> 
     </span>
    </p>
   </div>
   <div class='ocr_carea' id='block_1_85' title="bbox 592 5216 2166 5289">
    <p class='ocr_par' dir='ltr' id='par_1_85' title="bbox 592 5216 2166 5289">
     <span class='ocr_line' id='line_1_85' title="bbox 592 5216 2166 5289; baseline 0.001 -20"><span class='ocrx_word' id='word_1_620' title='bbox 592 5216 827 5289; x_wconf 80' lang='lat' dir='ltr'><strong>paradisi</strong></span> <span class='ocrx_word' id='word_1_621' title='bbox 872 5217 1051 5285; x_wconf 89' lang='lat' dir='ltr'><strong>positi,</strong></span> <span class='ocrx_word' id='word_1_622' title='bbox 1103 5224 1321 5271; x_wconf 87' lang='lat' dir='ltr'><strong>terreno</strong></span> <span class='ocrx_word' id='word_1_623' title='bbox 1367 5223 1544 5271; x_wconf 86' lang='lat' dir='ltr'><strong>tamen</strong></span> <span class='ocrx_word' id='word_1_624' title='bbox 1594 5230 1821 5286; x_wconf 83' lang='lat' dir='ltr'><strong>corpore</strong></span> <span class='ocrx_word' id='word_1_625' title='bbox 1868 5218 2166 5285; x_wconf 90' lang='lat' dir='ltr'><strong>constituti,</strong></span> 
     </span>
    </p>
   </div>
   <div class='ocr_carea' id='block_1_86' title="bbox 592 5307 2169 5379">
    <p class='ocr_par' dir='ltr' id='par_1_86' title="bbox 592 5307 2169 5379">
     <span class='ocr_line' id='line_1_86' title="bbox 592 5307 2169 5379; baseline -0.001 -14"><span class='ocrx_word' id='word_1_626' title='bbox 592 5307 1280 5379; x_wconf 82' lang='lat' dir='ltr'><strong>censpicislnecoufusione</strong></span> <span class='ocrx_word' id='word_1_627' title='bbox 1297 5316 1599 5377; x_wconf 91' lang='lat' dir='ltr'><strong>potuerunt,</strong></span> <span class='ocrx_word' id='word_1_628' title='bbox 1618 5311 1785 5363; x_wconf 90' lang='lat' dir='ltr'><strong>multo</strong></span> <span class='ocrx_word' id='word_1_629' title='bbox 1810 5309 1977 5379; x_wconf 80' lang='lat' dir='ltr'><strong>magis</strong></span> <span class='ocrx_word' id='word_1_630' title='bbox 2002 5309 2057 5362; x_wconf 92' lang='lat' dir='ltr'><strong>in</strong></span> <span class='ocrx_word' id='word_1_631' title='bbox 2080 5311 2169 5364; x_wconf 92' lang='lat' dir='ltr'><strong>illo</strong></span> 
     </span>
    </p>
   </div>
   <div class='ocr_carea' id='block_1_87' title="bbox 591 5396 2168 5469">
    <p class='ocr_par' dir='ltr' id='par_1_87' title="bbox 591 5396 2168 5469">
     <span class='ocr_line' id='line_1_87' title="bbox 591 5396 2168 5469; baseline -0.001 -15"><span class='ocrx_word' id='word_1_632' title='bbox 591 5399 855 5469; x_wconf 75' lang='lat' dir='ltr'><strong>splrituali</strong></span> <span class='ocrx_word' id='word_1_633' title='bbox 882 5412 1126 5466; x_wconf 87' lang='lat' dir='ltr'><strong>corpore,</strong></span> <span class='ocrx_word' id='word_1_634' title='bbox 1177 5407 1335 5466; x_wconf 90' lang='lat' dir='ltr'><strong>atque</strong></span> <span class='ocrx_word' id='word_1_635' title='bbox 1368 5400 1422 5453; x_wconf 89' lang='lat' dir='ltr'><strong>in</strong></span> <span class='ocrx_word' id='word_1_636' title='bbox 1453 5396 1543 5452; x_wconf 90' lang='lat' dir='ltr'><strong>illa</strong></span> <span class='ocrx_word' id='word_1_637' title='bbox 1573 5400 1786 5453; x_wconf 88' lang='lat' dir='ltr'><strong>sublimi</strong></span> <span class='ocrx_word' id='word_1_638' title='bbox 1820 5402 2168 5469; x_wconf 81' lang='lat' dir='ltr'><strong>beatitudine,</strong></span> 
     </span>
    </p>
   </div>
   <div class='ocr_carea' id='block_1_88' title="bbox 590 5490 2169 5560">
    <p class='ocr_par' dir='ltr' id='par_1_88' title="bbox 590 5490 2169 5560">
     <span class='ocr_line' id='line_1_88' title="bbox 590 5490 2169 5560; baseline 0.003 -16"><span class='ocrx_word' id='word_1_639' title='bbox 590 5506 709 5560; x_wconf 73' lang='lat' dir='ltr'><strong>quas</strong></span> <span class='ocrx_word' id='word_1_640' title='bbox 736 5490 1135 5544; x_wconf 87' lang='lat' dir='ltr'><strong>similitudinem</strong></span> <span class='ocrx_word' id='word_1_641' title='bbox 1166 5499 1377 5558; x_wconf 88' lang='lat' dir='ltr'><strong>gestura</strong></span> <span class='ocrx_word' id='word_1_642' title='bbox 1406 5498 1491 5545; x_wconf 88' lang='lat' dir='ltr'><strong>est</strong></span> <span class='ocrx_word' id='word_1_643' title='bbox 1531 5490 1863 5559; x_wconf 83' lang='lat' dir='ltr'><strong>angelorum,</strong></span> <span class='ocrx_word' id='word_1_644' title='bbox 1911 5502 1966 5548; x_wconf 87' lang='lat' dir='ltr'><strong>et</strong></span> <span class='ocrx_word' id='word_1_645' title='bbox 1995 5501 2055 5547; x_wconf 91' lang='lat' dir='ltr'><strong>ut</strong></span> <span class='ocrx_word' id='word_1_646' title='bbox 2076 5494 2169 5548; x_wconf 90' lang='lat' dir='ltr'><strong>ho-</strong></span> 
     </span>
    </p>
   </div>
   <div class='ocr_carea' id='block_1_89' title="bbox 596 5582 2170 5657">
    <p class='ocr_par' dir='ltr' id='par_1_89' title="bbox 596 5582 2170 5657">
     <span class='ocr_line' id='line_1_89' title="bbox 596 5582 2170 5657; baseline 0.006 -24"><span class='ocrx_word' id='word_1_647' title='bbox 596 5582 721 5635; x_wconf 87' lang='lat' dir='ltr'><strong>mini</strong></span> <span class='ocrx_word' id='word_1_648' title='bbox 751 5584 802 5635; x_wconf 89' lang='lat' dir='ltr'><strong>iu</strong></span> <span class='ocrx_word' id='word_1_649' title='bbox 830 5582 1010 5636; x_wconf 84' lang='lat' dir='ltr'><strong>carnis</strong></span> <span class='ocrx_word' id='word_1_650' title='bbox 1038 5583 1426 5635; x_wconf 83' lang='lat' dir='ltr'><strong>resurrectione</strong></span> <span class='ocrx_word' id='word_1_651' title='bbox 1458 5582 1585 5636; x_wconf 89' lang='lat' dir='ltr'><strong>nihil</strong></span> <span class='ocrx_word' id='word_1_652' title='bbox 1637 5582 1796 5652; x_wconf 81' lang='lat' dir='ltr'><strong>desit,</strong></span> <span class='ocrx_word' id='word_1_653' title='bbox 1846 5585 2055 5657; x_wconf 61' lang='lat' dir='ltr'><strong>integer</strong></span> <span class='ocrx_word' id='word_1_654' title='bbox 2084 5601 2170 5642; x_wconf 84' lang='lat' dir='ltr'><strong>re-</strong></span> 
     </span>
    </p>
   </div>
   <div class='ocr_carea' id='block_1_90' title="bbox 596 5672 2169 5744">
    <p class='ocr_par' dir='ltr' id='par_1_90' title="bbox 596 5672 2169 5744">
     <span class='ocr_line' id='line_1_90' title="bbox 596 5672 2169 5744; baseline 0.004 -16"><span class='ocrx_word' id='word_1_655' title='bbox 596 5672 872 5729; x_wconf 90' lang='lat' dir='ltr'><strong>formetur.</strong></span> <span class='ocrx_word' id='word_1_656' title='bbox 908 5675 971 5729; x_wconf 86' lang='lat' dir='ltr'><strong>Et</strong></span> <span class='ocrx_word' id='word_1_657' title='bbox 1018 5688 1086 5730; x_wconf 89' lang='lat' dir='ltr'><strong>ne</strong></span> <span class='ocrx_word' id='word_1_658' title='bbox 1125 5674 1323 5744; x_wconf 88' lang='lat' dir='ltr'><strong>aliquid</strong></span> <span class='ocrx_word' id='word_1_659' title='bbox 1367 5673 1611 5731; x_wconf 81' lang='lat' dir='ltr'><strong>deforme</strong></span> <span class='ocrx_word' id='word_1_660' title='bbox 1651 5676 1908 5733; x_wconf 86' lang='lat' dir='ltr'><strong>Conditor</strong></span> <span class='ocrx_word' id='word_1_661' title='bbox 1956 5694 2169 5735; x_wconf 87' lang='lat' dir='ltr'><strong>creasse</strong></span> 
     </span>
    </p>
   </div>
   <div class='ocr_carea' id='block_1_91' title="bbox 596 5766 2169 5839">
    <p class='ocr_par' dir='ltr' id='par_1_91' title="bbox 596 5766 2169 5839">
     <span class='ocr_line' id='line_1_91' title="bbox 596 5766 2169 5839; baseline 0.003 -17"><span class='ocrx_word' id='word_1_662' title='bbox 596 5767 855 5833; x_wconf 86' lang='lat' dir='ltr'><strong>videatur,</strong></span> <span class='ocrx_word' id='word_1_663' title='bbox 884 5767 930 5823; x_wconf 89' lang='lat' dir='ltr'><strong>si</strong></span> <span class='ocrx_word' id='word_1_664' title='bbox 957 5766 1082 5837; x_wconf 91' lang='lat' dir='ltr'><strong>quid</strong></span> <span class='ocrx_word' id='word_1_665' title='bbox 1113 5768 1179 5823; x_wconf 88' lang='lat' dir='ltr'><strong>de</strong></span> <span class='ocrx_word' id='word_1_666' title='bbox 1208 5768 1526 5823; x_wconf 87' lang='lat' dir='ltr'><strong>resuscitato</strong></span> <span class='ocrx_word' id='word_1_667' title='bbox 1553 5784 1781 5839; x_wconf 89' lang='lat' dir='ltr'><strong>corpore</strong></span> <span class='ocrx_word' id='word_1_668' title='bbox 1823 5773 2169 5828; x_wconf 81' lang='lat' dir='ltr'><strong>subtrahatur</strong></span> 
     </span>
    </p>
   </div>
   <div class='ocr_carea' id='block_1_92' title="bbox 595 5857 2161 5934">
    <p class='ocr_par' dir='ltr' id='par_1_92' title="bbox 595 5857 2161 5934">
     <span class='ocr_line' id='line_1_92' title="bbox 595 5857 2161 5934; baseline 0.003 -18"><span class='ocrx_word' id='word_1_669' title='bbox 595 5860 817 5928; x_wconf 84' lang='lat' dir='ltr'><strong>bonum,</strong></span> <span class='ocrx_word' id='word_1_670' title='bbox 846 5860 1019 5933; x_wconf 85' lang='lat' dir='ltr'><strong>potius</strong></span> <span class='ocrx_word' id='word_1_671' title='bbox 1037 5860 1154 5928; x_wconf 85' lang='lat' dir='ltr'><strong>ejus</strong></span> <span class='ocrx_word' id='word_1_672' title='bbox 1184 5874 1317 5929; x_wconf 88' lang='lat' dir='ltr'><strong>opus</strong></span> <span class='ocrx_word' id='word_1_673' title='bbox 1346 5857 1468 5918; x_wconf 84' lang='lat' dir='ltr'><strong>inde</strong></span> <span class='ocrx_word' id='word_1_674' title='bbox 1486 5860 1646 5916; x_wconf 86' lang='lat' dir='ltr'><strong>etiam</strong></span> <span class='ocrx_word' id='word_1_675' title='bbox 1670 5863 2069 5934; x_wconf 88' lang='lat' dir='ltr'><strong>comprobetur,</strong></span> <span class='ocrx_word' id='word_1_676' title='bbox 2104 5875 2161 5921; x_wconf 91' lang='lat' dir='ltr'><strong>ut</strong></span> 
     </span>
    </p>
   </div>
   <div class='ocr_carea' id='block_1_93' title="bbox 2282 3390 3867 3461">
    <p class='ocr_par' dir='ltr' id='par_1_93' title="bbox 2282 3390 3867 3461">
     <span class='ocr_line' id='line_1_93' title="bbox 2282 3390 3867 3461; baseline -0.001 -14"><span class='ocrx_word' id='word_1_677' title='bbox 2282 3395 2426 3460; x_wconf 88' lang='lat' dir='ltr'><strong>tatis,</strong></span> <span class='ocrx_word' id='word_1_678' title='bbox 2462 3393 2543 3448; x_wconf 68' lang='lat' dir='ltr'><strong>vel</strong></span> <span class='ocrx_word' id='word_1_679' title='bbox 2576 3394 2919 3447; x_wconf 78' lang='lat' dir='ltr'><strong>continentia:</strong></span> <span class='ocrx_word' id='word_1_680' title='bbox 2950 3392 3067 3461; x_wconf 80' lang='lat' dir='ltr'><strong>ejus</strong></span> <span class='ocrx_word' id='word_1_681' title='bbox 3099 3390 3428 3461; x_wconf 84' lang='lat' dir='ltr'><strong>propositum</strong></span> <span class='ocrx_word' id='word_1_682' title='bbox 3459 3391 3542 3444; x_wconf 90' lang='lat' dir='ltr'><strong>vel</strong></span> <span class='ocrx_word' id='word_1_683' title='bbox 3588 3392 3867 3459; x_wconf 78' lang='lat' dir='ltr'><strong>integritas</strong></span> 
     </span>
    </p>
   </div>
   <div class='ocr_carea' id='block_1_94' title="bbox 2278 3482 3861 3556">
    <p class='ocr_par' dir='ltr' id='par_1_94' title="bbox 2278 3482 3861 3556">
     <span class='ocr_line' id='line_1_94' title="bbox 2278 3482 3861 3556; baseline -0.003 -16"><span class='ocrx_word' id='word_1_684' title='bbox 2278 3487 2423 3552; x_wconf 87' lang='lat' dir='ltr'><strong>fidei,</strong></span> <span class='ocrx_word' id='word_1_685' title='bbox 2457 3486 2524 3541; x_wconf 89' lang='lat' dir='ltr'><strong>de</strong></span> <span class='ocrx_word' id='word_1_686' title='bbox 2551 3501 2652 3556; x_wconf 87' lang='lat' dir='ltr'><strong>qua</strong></span> <span class='ocrx_word' id='word_1_687' title='bbox 2676 3495 2732 3539; x_wconf 88' lang='lat' dir='ltr'><strong>et</strong></span> <span class='ocrx_word' id='word_1_688' title='bbox 2760 3484 2876 3555; x_wconf 86' lang='lat' dir='ltr'><strong>ipse</strong></span> <span class='ocrx_word' id='word_1_689' title='bbox 2900 3485 2959 3537; x_wconf 83' lang='grc' dir='ltr'><strong>Β.</strong></span> <span class='ocrx_word' id='word_1_690' title='bbox 2986 3483 3275 3552; x_wconf 81' lang='lat' dir='ltr'><strong>Apostolus</strong></span> <span class='ocrx_word' id='word_1_691' title='bbox 3302 3482 3538 3543; x_wconf 77' lang='lat' dir='ltr'><strong>disSi-rit,</strong></span> <span class='ocrx_word' id='word_1_692' title='bbox 3564 3483 3861 3535; x_wconf 83' lang='lat' dir='ltr'><strong>intimatur.</strong></span> 
     </span>
    </p>
   </div>
   <div class='ocr_carea' id='block_1_95' title="bbox 2276 3573 3867 3638">
    <p class='ocr_par' dir='ltr' id='par_1_95' title="bbox 2276 3573 3867 3638">
     <span class='ocr_line' id='line_1_95' title="bbox 2276 3573 3867 3638; baseline -0.003 -7"><span class='ocrx_word' id='word_1_693' title='bbox 2276 3576 2409 3632; x_wconf 88' lang='lat' dir='ltr'><strong>Cum</strong></span> <span class='ocrx_word' id='word_1_694' title='bbox 2444 3594 2571 3632; x_wconf 78' lang='lat' dir='ltr'><strong>vero</strong></span> <span class='ocrx_word' id='word_1_695' title='bbox 2599 3576 2814 3638; x_wconf 88' lang='lat' dir='ltr'><strong>dicitur,</strong></span> <span class='ocrx_word' id='word_1_696' title='bbox 2859 3573 3035 3628; x_wconf 82' lang='lat' dir='ltr'><strong>Donec</strong></span> <span class='ocrx_word' id='word_1_697' title='bbox 3062 3590 3389 3627; x_wconf 77' lang='lat' dir='ltr'><strong>occurramus</strong></span> <span class='ocrx_word' id='word_1_698' title='bbox 3420 3589 3589 3626; x_wconf 76' lang='lat' dir='ltr'><strong>omnes</strong></span> <span class='ocrx_word' id='word_1_699' title='bbox 3622 3573 3670 3625; x_wconf 78' lang='lat' dir='ltr'><strong>in</strong></span> <span class='ocrx_word' id='word_1_700' title='bbox 3698 3573 3867 3626; x_wconf 74' lang='lat' dir='ltr'><strong>virum</strong></span> 
     </span>
    </p>
   </div>
   <div class='ocr_carea' id='block_1_96' title="bbox 2275 3660 3865 3738">
    <p class='ocr_par' dir='ltr' id='par_1_96' title="bbox 2275 3660 3865 3738">
     <span class='ocr_line' id='line_1_96' title="bbox 2275 3660 3865 3738; baseline -0.003 -18"><span class='ocrx_word' id='word_1_701' title='bbox 2275 3668 2573 3738; x_wconf 70' lang='lat' dir='ltr'><strong>perfectum,</strong></span> <span class='ocrx_word' id='word_1_702' title='bbox 2590 3682 2686 3721; x_wconf 88' lang='lat' dir='ltr'><strong>nec</strong></span> <span class='ocrx_word' id='word_1_703' title='bbox 2702 3666 2970 3721; x_wconf 89' lang='lat' dir='ltr'><strong>diversum</strong></span> <span class='ocrx_word' id='word_1_704' title='bbox 2990 3675 3090 3731; x_wconf 87' lang='lat' dir='ltr'><strong>est,</strong></span> <span class='ocrx_word' id='word_1_705' title='bbox 3109 3679 3207 3719; x_wconf 90' lang='lat' dir='ltr'><strong>nec</strong></span> <span class='ocrx_word' id='word_1_706' title='bbox 3223 3664 3461 3718; x_wconf 88' lang='lat' dir='ltr'><strong>divinum</strong></span> <span class='ocrx_word' id='word_1_707' title='bbox 3476 3660 3566 3733; x_wconf 43' lang='lat' dir='ltr'><strong>LF.</strong></span> <span class='ocrx_word' id='word_1_708' title='bbox 3584 3663 3865 3733; x_wconf 62' lang='lat' dir='ltr'><strong>divisum];</strong></span> 
     </span>
    </p>
   </div>
   <div class='ocr_carea' id='block_1_97' title="bbox 2276 3755 3868 3828">
    <p class='ocr_par' dir='ltr' id='par_1_97' title="bbox 2276 3755 3868 3828">
     <span class='ocr_line' id='line_1_97' title="bbox 2276 3755 3868 3828; baseline -0.001 -17"><span class='ocrx_word' id='word_1_709' title='bbox 2276 3762 2529 3828; x_wconf 88' lang='lat' dir='ltr'><strong>quoniam</strong></span> <span class='ocrx_word' id='word_1_710' title='bbox 2547 3758 2799 3827; x_wconf 87' lang='lat' dir='ltr'><strong>quidquid</strong></span> <span class='ocrx_word' id='word_1_711' title='bbox 2820 3756 2872 3810; x_wconf 91' lang='lat' dir='ltr'><strong>in</strong></span> <span class='ocrx_word' id='word_1_712' title='bbox 2890 3755 3145 3810; x_wconf 75' lang='lat' dir='ltr'><strong>Ecclesia:</strong></span> <span class='ocrx_word' id='word_1_713' title='bbox 3163 3771 3388 3823; x_wconf 82' lang='lat' dir='ltr'><strong>corpore</strong></span> <span class='ocrx_word' id='word_1_714' title='bbox 3408 3756 3730 3823; x_wconf 87' lang='lat' dir='ltr'><strong>continetur,</strong></span> <span class='ocrx_word' id='word_1_715' title='bbox 3746 3771 3868 3825; x_wconf 58' lang='lat' dir='ltr'><strong>quin</strong></span> 
     </span>
    </p>
   </div>
   <div class='ocr_carea' id='block_1_98' title="bbox 2275 3845 3865 3915">
    <p class='ocr_par' dir='ltr' id='par_1_98' title="bbox 2275 3845 3865 3915">
     <span class='ocr_line' id='line_1_98' title="bbox 2275 3845 3865 3915; baseline -0.003 -11"><span class='ocrx_word' id='word_1_716' title='bbox 2275 3866 2397 3904; x_wconf 89' lang='lat' dir='ltr'><strong>cum</strong></span> <span class='ocrx_word' id='word_1_717' title='bbox 2430 3851 2645 3903; x_wconf 86' lang='lat' dir='ltr'><strong>Christo</strong></span> <span class='ocrx_word' id='word_1_718' title='bbox 2672 3865 2772 3902; x_wconf 89' lang='lat' dir='ltr'><strong>una</strong></span> <span class='ocrx_word' id='word_1_719' title='bbox 2802 3862 2929 3903; x_wconf 88' lang='lat' dir='ltr'><strong>caro</strong></span> <span class='ocrx_word' id='word_1_720' title='bbox 2972 3859 3054 3901; x_wconf 82' lang='lat' dir='ltr'><strong>est</strong></span> <span class='ocrx_word' id='word_1_721' title='bbox 3093 3847 3229 3901; x_wconf 77' lang='lat' dir='ltr'><strong>sacri</strong></span> <span class='ocrx_word' id='word_1_722' title='bbox 3274 3846 3387 3915; x_wconf 80' lang='lat' dir='ltr'><strong>lege</strong></span> <span class='ocrx_word' id='word_1_723' title='bbox 3415 3845 3669 3915; x_wconf 78' lang='lat' dir='ltr'><strong>conjugii,</strong></span> <span class='ocrx_word' id='word_1_724' title='bbox 3702 3849 3865 3899; x_wconf 80' lang='lat' dir='ltr'><strong>etiam</strong></span> 
     </span>
    </p>
   </div>
   <div class='ocr_carea' id='block_1_99' title="bbox 2274 3936 3865 4009">
    <p class='ocr_par' dir='ltr' id='par_1_99' title="bbox 2274 3936 3865 4009">
     <span class='ocr_line' id='line_1_99' title="bbox 2274 3936 3865 4009; baseline -0.002 -15"><span class='ocrx_word' id='word_1_725' title='bbox 2274 3941 2439 4009; x_wconf 88' lang='lat' dir='ltr'><strong>ipsius</strong></span> <span class='ocrx_word' id='word_1_726' title='bbox 2464 3954 2590 3993; x_wconf 89' lang='lat' dir='ltr'><strong>caro</strong></span> <span class='ocrx_word' id='word_1_727' title='bbox 2615 3939 2787 3993; x_wconf 68' lang='lat' dir='ltr'><strong>mollis</strong></span> <span class='ocrx_word' id='word_1_728' title='bbox 2816 3939 3062 3991; x_wconf 83' lang='lat' dir='ltr'><strong>omnibus</strong></span> <span class='ocrx_word' id='word_1_729' title='bbox 3089 3938 3141 3990; x_wconf 89' lang='lat' dir='ltr'><strong>itt</strong></span> <span class='ocrx_word' id='word_1_730' title='bbox 3170 3952 3296 3990; x_wconf 74' lang='lat' dir='ltr'><strong>sexu</strong></span> <span class='ocrx_word' id='word_1_731' title='bbox 3326 3937 3441 3990; x_wconf 87' lang='lat' dir='ltr'><strong>fieri</strong></span> <span class='ocrx_word' id='word_1_732' title='bbox 3474 3946 3697 4005; x_wconf 88' lang='lat' dir='ltr'><strong>utroque</strong></span> <span class='ocrx_word' id='word_1_733' title='bbox 3722 3936 3865 4004; x_wconf 86' lang='lat' dir='ltr'><strong>quod</strong></span> 
     </span>
    </p>
   </div>
   <div class='ocr_carea' id='block_1_100' title="bbox 2274 4027 3865 4099">
    <p class='ocr_par' dir='ltr' id='par_1_100' title="bbox 2274 4027 3865 4099">
     <span class='ocr_line' id='line_1_100' title="bbox 2274 4027 3865 4099; baseline -0.002 -14"><span class='ocrx_word' id='word_1_734' title='bbox 2274 4031 2475 4085; x_wconf 88' lang='lat' dir='ltr'><strong>dictum</strong></span> <span class='ocrx_word' id='word_1_735' title='bbox 2506 4041 2589 4086; x_wconf 88' lang='lat' dir='ltr'><strong>est</strong></span> <span class='ocrx_word' id='word_1_736' title='bbox 2614 4033 2728 4085; x_wconf 79' lang='lat' dir='ltr'><strong>sive</strong></span> <span class='ocrx_word' id='word_1_737' title='bbox 2757 4031 2859 4084; x_wconf 75' lang='lat' dir='ltr'><strong>illic</strong></span> <span class='ocrx_word' id='word_1_738' title='bbox 2881 4030 3136 4099; x_wconf 78' lang='lat' dir='ltr'><strong>virginem</strong></span> <span class='ocrx_word' id='word_1_739' title='bbox 3166 4040 3385 4093; x_wconf 85' lang='lat' dir='ltr'><strong>castam,</strong></span> <span class='ocrx_word' id='word_1_740' title='bbox 3404 4030 3517 4081; x_wconf 71' lang='lat' dir='ltr'><strong>site</strong></span> <span class='ocrx_word' id='word_1_741' title='bbox 3543 4028 3665 4081; x_wconf 88' lang='lat' dir='ltr'><strong>huic</strong></span> <span class='ocrx_word' id='word_1_742' title='bbox 3692 4027 3865 4082; x_wconf 84' lang='lat' dir='ltr'><strong>virum</strong></span> 
     </span>
    </p>
   </div>
   <div class='ocr_carea' id='block_1_101' title="bbox 2275 4120 3867 4191">
    <p class='ocr_par' dir='ltr' id='par_1_101' title="bbox 2275 4120 3867 4191">
     <span class='ocr_line' id='line_1_101' title="bbox 2275 4120 3867 4191; baseline -0.001 -15"><span class='ocrx_word' id='word_1_743' title='bbox 2275 4124 2593 4191; x_wconf 85' lang='lat' dir='ltr'><strong>perfectum,</strong></span> <span class='ocrx_word' id='word_1_744' title='bbox 2639 4134 2692 4176; x_wconf 92' lang='lat' dir='ltr'><strong>ut</strong></span> <span class='ocrx_word' id='word_1_745' title='bbox 2724 4124 2795 4176; x_wconf 86' lang='lat' dir='ltr'><strong>ita</strong></span> <span class='ocrx_word' id='word_1_746' title='bbox 2827 4124 2933 4177; x_wconf 90' lang='lat' dir='ltr'><strong>sint</strong></span> <span class='ocrx_word' id='word_1_747' title='bbox 2965 4123 3019 4175; x_wconf 90' lang='lat' dir='ltr'><strong>in</strong></span> <span class='ocrx_word' id='word_1_748' title='bbox 3056 4122 3296 4175; x_wconf 75' lang='lat' dir='ltr'><strong>Ecclesia</strong></span> <span class='ocrx_word' id='word_1_749' title='bbox 3336 4120 3595 4174; x_wconf 75' lang='lat' dir='ltr'><strong>catholica</strong></span> <span class='ocrx_word' id='word_1_750' title='bbox 3638 4121 3867 4175; x_wconf 75' lang='lat' dir='ltr'><strong>intento-</strong></span> 
     </span>
    </p>
   </div>
   <div class='ocr_carea' id='block_1_102' title="bbox 2279 4213 3862 4281">
    <p class='ocr_par' dir='ltr' id='par_1_102' title="bbox 2279 4213 3862 4281">
     <span class='ocr_line' id='line_1_102' title="bbox 2279 4213 3862 4281; baseline 0.002 -16"><span class='ocrx_word' id='word_1_751' title='bbox 2279 4225 2389 4268; x_wconf 83' lang='lat' dir='ltr'><strong>t-ata</strong></span> <span class='ocrx_word' id='word_1_752' title='bbox 2423 4215 2527 4269; x_wconf 77' lang='lat' dir='ltr'><strong>fide</strong></span> <span class='ocrx_word' id='word_1_753' title='bbox 2559 4215 2818 4278; x_wconf 67' lang='lat' dir='ltr'><strong>tiveutes,</strong></span> <span class='ocrx_word' id='word_1_754' title='bbox 2867 4224 2922 4268; x_wconf 89' lang='lat' dir='ltr'><strong>et</strong></span> <span class='ocrx_word' id='word_1_755' title='bbox 2965 4221 3151 4267; x_wconf 79' lang='lat' dir='ltr'><strong>sancto</strong></span> <span class='ocrx_word' id='word_1_756' title='bbox 3183 4213 3457 4281; x_wconf 82' lang='lat' dir='ltr'><strong>proposito</strong></span> <span class='ocrx_word' id='word_1_757' title='bbox 3502 4221 3862 4268; x_wconf 82' lang='lat' dir='ltr'><strong>eonttnentes.</strong></span> 
     </span>
    </p>
   </div>
   <div class='ocr_carea' id='block_1_103' title="bbox 2275 4302 3863 4373">
    <p class='ocr_par' dir='ltr' id='par_1_103' title="bbox 2275 4302 3863 4373">
     <span class='ocr_line' id='line_1_103' title="bbox 2275 4302 3863 4373; baseline 0 -16"><span class='ocrx_word' id='word_1_758' title='bbox 2275 4304 2423 4359; x_wconf 84' lang='lat' dir='ltr'><strong>Licet</strong></span> <span class='ocrx_word' id='word_1_759' title='bbox 2442 4304 2616 4359; x_wconf 89' lang='lat' dir='ltr'><strong>adhuc</strong></span> <span class='ocrx_word' id='word_1_760' title='bbox 2643 4305 2807 4373; x_wconf 89' lang='lat' dir='ltr'><strong>possit</strong></span> <span class='ocrx_word' id='word_1_761' title='bbox 2834 4304 2884 4356; x_wconf 92' lang='lat' dir='ltr'><strong>in</strong></span> <span class='ocrx_word' id='word_1_762' title='bbox 2910 4302 3219 4358; x_wconf 82' lang='lat' dir='ltr'><strong>infirmitate</strong></span> <span class='ocrx_word' id='word_1_763' title='bbox 3247 4304 3568 4358; x_wconf 79' lang='lat' dir='ltr'><strong>conditionis</strong></span> <span class='ocrx_word' id='word_1_764' title='bbox 3591 4302 3863 4370; x_wconf 82' lang='lat' dir='ltr'><strong>lumtana-,</strong></span> 
     </span>
    </p>
   </div>
   <div class='ocr_carea' id='block_1_104' title="bbox 2274 4393 3862 4463">
    <p class='ocr_par' dir='ltr' id='par_1_104' title="bbox 2274 4393 3862 4463">
     <span class='ocr_line' id='line_1_104' title="bbox 2274 4393 3862 4463; baseline -0.001 -13"><span class='ocrx_word' id='word_1_765' title='bbox 2274 4408 2331 4450; x_wconf 89' lang='lat' dir='ltr'><strong>ut</strong></span> <span class='ocrx_word' id='word_1_766' title='bbox 2359 4406 2537 4449; x_wconf 89' lang='lat' dir='ltr'><strong>tamen</strong></span> <span class='ocrx_word' id='word_1_767' title='bbox 2591 4411 2685 4463; x_wconf 85' lang='lat' dir='ltr'><strong>per</strong></span> <span class='ocrx_word' id='word_1_768' title='bbox 2727 4410 2883 4449; x_wconf 89' lang='lat' dir='ltr'><strong>unam</strong></span> <span class='ocrx_word' id='word_1_769' title='bbox 2925 4409 3141 4449; x_wconf 79' lang='lat' dir='ltr'><strong>carnem</strong></span> <span class='ocrx_word' id='word_1_770' title='bbox 3179 4396 3431 4449; x_wconf 72' lang='lat' dir='ltr'><strong>Ecelesiue</strong></span> <span class='ocrx_word' id='word_1_771' title='bbox 3463 4405 3517 4450; x_wconf 87' lang='lat' dir='ltr'><strong>et</strong></span> <span class='ocrx_word' id='word_1_772' title='bbox 3555 4393 3778 4460; x_wconf 82' lang='lat' dir='ltr'><strong>Christi,</strong></span> <span class='ocrx_word' id='word_1_773' title='bbox 3808 4396 3862 4449; x_wconf 92' lang='lat' dir='ltr'><strong>id</strong></span> 
     </span>
    </p>
   </div>
   <div class='ocr_carea' id='block_1_105' title="bbox 2273 4485 3867 4556">
    <p class='ocr_par' dir='ltr' id='par_1_105' title="bbox 2273 4485 3867 4556">
     <span class='ocr_line' id='line_1_105' title="bbox 2273 4485 3867 4556; baseline -0.002 -14"><span class='ocrx_word' id='word_1_774' title='bbox 2273 4498 2355 4542; x_wconf 87' lang='lat' dir='ltr'><strong>est</strong></span> <span class='ocrx_word' id='word_1_775' title='bbox 2391 4486 2632 4556; x_wconf 78' lang='lat' dir='ltr'><strong>conjugis</strong></span> <span class='ocrx_word' id='word_1_776' title='bbox 2659 4498 2711 4542; x_wconf 88' lang='lat' dir='ltr'><strong>et</strong></span> <span class='ocrx_word' id='word_1_777' title='bbox 2743 4486 2860 4551; x_wconf 79' lang='lat' dir='ltr'><strong>viri,</strong></span> <span class='ocrx_word' id='word_1_778' title='bbox 2916 4485 2966 4539; x_wconf 89' lang='lat' dir='ltr'><strong>itt</strong></span> <span class='ocrx_word' id='word_1_779' title='bbox 3000 4487 3115 4553; x_wconf 86' lang='lat' dir='ltr'><strong>ipso</strong></span> <span class='ocrx_word' id='word_1_780' title='bbox 3148 4502 3361 4555; x_wconf 82' lang='lat' dir='ltr'><strong>quoque</strong></span> <span class='ocrx_word' id='word_1_781' title='bbox 3399 4486 3604 4539; x_wconf 80' lang='lat' dir='ltr'><strong>virilem</strong></span> <span class='ocrx_word' id='word_1_782' title='bbox 3638 4486 3867 4555; x_wconf 80' lang='lat' dir='ltr'><strong>accipiat</strong></span> 
     </span>
    </p>
   </div>
   <div class='ocr_carea' id='block_1_106' title="bbox 2277 4578 3866 4651">
    <p class='ocr_par' dir='ltr' id='par_1_106' title="bbox 2277 4578 3866 4651">
     <span class='ocr_line' id='line_1_106' title="bbox 2277 4578 3866 4651; baseline 0 -18"><span class='ocrx_word' id='word_1_783' title='bbox 2277 4581 2578 4636; x_wconf 80' lang='lat' dir='ltr'><strong>firmitatem</strong></span> <span class='ocrx_word' id='word_1_784' title='bbox 2612 4581 2954 4651; x_wconf 79' lang='lat' dir='ltr'><strong>vigoremque</strong></span> <span class='ocrx_word' id='word_1_785' title='bbox 2988 4583 3148 4648; x_wconf 65' lang='lat' dir='ltr'><strong>pet-let</strong></span> <span class='ocrx_word' id='word_1_786' title='bbox 3171 4590 3302 4644; x_wconf 89' lang='lat' dir='ltr'><strong>tum,</strong></span> <span class='ocrx_word' id='word_1_787' title='bbox 3352 4580 3505 4648; x_wconf 83' lang='lat' dir='ltr'><strong>cujus</strong></span> <span class='ocrx_word' id='word_1_788' title='bbox 3557 4594 3649 4649; x_wconf 90' lang='lat' dir='ltr'><strong>per</strong></span> <span class='ocrx_word' id='word_1_789' title='bbox 3680 4578 3866 4633; x_wconf 86' lang='lat' dir='ltr'><strong>Eccle-</strong></span> 
     </span>
    </p>
   </div>
   <div class='ocr_carea' id='block_1_107' title="bbox 2273 4671 3865 4740">
    <p class='ocr_par' dir='ltr' id='par_1_107' title="bbox 2273 4671 3865 4740">
     <span class='ocr_line' id='line_1_107' title="bbox 2273 4671 3865 4740; baseline 0 -15"><span class='ocrx_word' id='word_1_790' title='bbox 2273 4672 2365 4725; x_wconf 75' lang='lat' dir='ltr'><strong>sia:</strong></span> <span class='ocrx_word' id='word_1_791' title='bbox 2395 4672 2687 4740; x_wconf 77' lang='lat' dir='ltr'><strong>virgineam</strong></span> <span class='ocrx_word' id='word_1_792' title='bbox 2714 4671 2835 4725; x_wconf 85' lang='lat' dir='ltr'><strong>fidei</strong></span> <span class='ocrx_word' id='word_1_793' title='bbox 2861 4672 3049 4724; x_wconf 87' lang='lat' dir='ltr'><strong>castita</strong></span> <span class='ocrx_word' id='word_1_794' title='bbox 3077 4685 3185 4733; x_wconf 83' lang='lat' dir='ltr'><strong>ent,</strong></span> <span class='ocrx_word' id='word_1_795' title='bbox 3216 4684 3375 4738; x_wconf 88' lang='lat' dir='ltr'><strong>quam</strong></span> <span class='ocrx_word' id='word_1_796' title='bbox 3399 4684 3518 4724; x_wconf 88' lang='lat' dir='ltr'><strong>cum</strong></span> <span class='ocrx_word' id='word_1_797' title='bbox 3546 4671 3733 4723; x_wconf 75' lang='lat' dir='ltr'><strong>eodem</strong></span> <span class='ocrx_word' id='word_1_798' title='bbox 3759 4683 3865 4725; x_wconf 77' lang='lat' dir='ltr'><strong>una</strong></span> 
     </span>
    </p>
   </div>
   <div class='ocr_carea' id='block_1_108' title="bbox 2272 4760 3865 4830">
    <p class='ocr_par' dir='ltr' id='par_1_108' title="bbox 2272 4760 3865 4830">
     <span class='ocr_line' id='line_1_108' title="bbox 2272 4760 3865 4830; baseline -0.005 -12"><span class='ocrx_word' id='word_1_799' title='bbox 2272 4778 2399 4818; x_wconf 88' lang='lat' dir='ltr'><strong>caro</strong></span> <span class='ocrx_word' id='word_1_800' title='bbox 2430 4766 2583 4829; x_wconf 86' lang='lat' dir='ltr'><strong>fiunt,</strong></span> <span class='ocrx_word' id='word_1_801' title='bbox 2614 4772 2669 4817; x_wconf 86' lang='lat' dir='ltr'><strong>et</strong></span> <span class='ocrx_word' id='word_1_802' title='bbox 2698 4762 2795 4816; x_wconf 77' lang='lat' dir='ltr'><strong>viri</strong></span> <span class='ocrx_word' id='word_1_803' title='bbox 2829 4762 3068 4821; x_wconf 80' lang='lat' dir='ltr'><strong>membra</strong></span> <span class='ocrx_word' id='word_1_804' title='bbox 3104 4762 3368 4829; x_wconf 74' lang='lat' dir='ltr'><strong>perfecta;</strong></span> <span class='ocrx_word' id='word_1_805' title='bbox 3412 4762 3498 4815; x_wconf 88' lang='lat' dir='ltr'><strong>ubi</strong></span> <span class='ocrx_word' id='word_1_806' title='bbox 3531 4760 3619 4814; x_wconf 89' lang='lat' dir='ltr'><strong>illa</strong></span> <span class='ocrx_word' id='word_1_807' title='bbox 3651 4775 3865 4830; x_wconf 84' lang='lat' dir='ltr'><strong>quoque</strong></span> 
     </span>
    </p>
   </div>
   <div class='ocr_carea' id='block_1_109' title="bbox 2273 4850 3861 4923">
    <p class='ocr_par' dir='ltr' id='par_1_109' title="bbox 2273 4850 3861 4923">
     <span class='ocr_line' id='line_1_109' title="bbox 2273 4850 3861 4923; baseline -0.003 -13"><span class='ocrx_word' id='word_1_808' title='bbox 2273 4855 2414 4910; x_wconf 73' lang='lat' dir='ltr'><strong>beati</strong></span> <span class='ocrx_word' id='word_1_809' title='bbox 2441 4856 2666 4923; x_wconf 90' lang='lat' dir='ltr'><strong>apostoli</strong></span> <span class='ocrx_word' id='word_1_810' title='bbox 2694 4852 2842 4907; x_wconf 90' lang='lat' dir='ltr'><strong>Pauli</strong></span> <span class='ocrx_word' id='word_1_811' title='bbox 2873 4854 3031 4908; x_wconf 88' lang='lat' dir='ltr'><strong>verba</strong></span> <span class='ocrx_word' id='word_1_812' title='bbox 3066 4852 3340 4906; x_wconf 79' lang='lat' dir='ltr'><strong>tractanda</strong></span> <span class='ocrx_word' id='word_1_813' title='bbox 3368 4864 3513 4917; x_wconf 86' lang='lat' dir='ltr'><strong>sunt,</strong></span> <span class='ocrx_word' id='word_1_814' title='bbox 3538 4852 3727 4919; x_wconf 79' lang='lat' dir='ltr'><strong>quibus</strong></span> <span class='ocrx_word' id='word_1_815' title='bbox 3752 4850 3861 4905; x_wconf 86' lang='lat' dir='ltr'><strong>ait:</strong></span> 
     </span>
    </p>
   </div>
   <div class='ocr_carea' id='block_1_110' title="bbox 2276 4939 3863 5013">
    <p class='ocr_par' dir='ltr' id='par_1_110' title="bbox 2276 4939 3863 5013">
     <span class='ocr_line' id='line_1_110' title="bbox 2276 4939 3863 5013; baseline -0.004 -12"><span class='ocrx_word' id='word_1_816' title='bbox 2276 4948 2464 5002; x_wconf 82' lang='lat' dir='ltr'><strong>Omnes</strong></span> <span class='ocrx_word' id='word_1_817' title='bbox 2488 4962 2578 5001; x_wconf 84' lang='lat' dir='ltr'><strong>nos</strong></span> <span class='ocrx_word' id='word_1_818' title='bbox 2604 4946 2655 4998; x_wconf 84' lang='lat' dir='ltr'><strong>in</strong></span> <span class='ocrx_word' id='word_1_819' title='bbox 2688 4961 2845 4999; x_wconf 85' lang='lat' dir='ltr'><strong>unum</strong></span> <span class='ocrx_word' id='word_1_820' title='bbox 2872 4960 3055 5012; x_wconf 83' lang='lat' dir='ltr'><strong>corpus</strong></span> <span class='ocrx_word' id='word_1_821' title='bbox 3086 4944 3328 5013; x_wconf 78' lang='lat' dir='ltr'><strong>baptizati</strong></span> <span class='ocrx_word' id='word_1_822' title='bbox 3358 4959 3537 4996; x_wconf 83' lang='lat' dir='ltr'><strong>sumus</strong></span> <span class='ocrx_word' id='word_1_823' title='bbox 3576 4942 3630 4996; x_wconf 86' lang='lat' dir='ltr'><strong>in</strong></span> <span class='ocrx_word' id='word_1_824' title='bbox 3658 4939 3863 4995; x_wconf 81' lang='lat' dir='ltr'><strong>Christo</strong></span> 
     </span>
    </p>
   </div>
   <div class='ocr_carea' id='block_1_111' title="bbox 2275 5034 3865 5109">
    <p class='ocr_par' dir='ltr' id='par_1_111' title="bbox 2275 5034 3865 5109">
     <span class='ocr_line' id='line_1_111' title="bbox 2275 5034 3865 5109; baseline -0.002 -17"><span class='ocrx_word' id='word_1_825' title='bbox 2275 5038 2329 5109; x_wconf 89' lang='lat' dir='ltr'><strong>(I</strong></span> <span class='ocrx_word' id='word_1_826' title='bbox 2354 5038 2471 5093; x_wconf 83' lang='lat' dir='ltr'><strong>Cor.</strong></span> <span class='ocrx_word' id='word_1_827' title='bbox 2502 5041 2623 5106; x_wconf 82' lang='lat' dir='ltr'><strong>xu).</strong></span> <span class='ocrx_word' id='word_1_828' title='bbox 2672 5038 2937 5104; x_wconf 82' lang='lat' dir='ltr'><strong>Quantum</strong></span> <span class='ocrx_word' id='word_1_829' title='bbox 2987 5034 3050 5089; x_wconf 88' lang='lat' dir='ltr'><strong>ad</strong></span> <span class='ocrx_word' id='word_1_830' title='bbox 3101 5036 3357 5089; x_wconf 81' lang='lat' dir='ltr'><strong>unitatem</strong></span> <span class='ocrx_word' id='word_1_831' title='bbox 3402 5035 3583 5103; x_wconf 80' lang='lat' dir='ltr'><strong>utique</strong></span> <span class='ocrx_word' id='word_1_832' title='bbox 3634 5034 3865 5102; x_wconf 85' lang='lat' dir='ltr'><strong>pertinet</strong></span> 
     </span>
    </p>
   </div>
   <div class='ocr_carea' id='block_1_112' title="bbox 2274 5125 3864 5195">
    <p class='ocr_par' dir='ltr' id='par_1_112' title="bbox 2274 5125 3864 5195">
     <span class='ocr_line' id='line_1_112' title="bbox 2274 5125 3864 5195; baseline -0.005 -9"><span class='ocrx_word' id='word_1_833' title='bbox 2274 5130 2597 5186; x_wconf 87' lang='lat' dir='ltr'><strong>sacramenti</strong></span> <span class='ocrx_word' id='word_1_834' title='bbox 2630 5144 2792 5183; x_wconf 90' lang='lat' dir='ltr'><strong>unum</strong></span> <span class='ocrx_word' id='word_1_835' title='bbox 2835 5141 3031 5195; x_wconf 83' lang='lat' dir='ltr'><strong>corpus</strong></span> <span class='ocrx_word' id='word_1_836' title='bbox 3073 5140 3258 5180; x_wconf 86' lang='lat' dir='ltr'><strong>sumus</strong></span> <span class='ocrx_word' id='word_1_837' title='bbox 3302 5126 3356 5180; x_wconf 88' lang='lat' dir='ltr'><strong>in</strong></span> <span class='ocrx_word' id='word_1_838' title='bbox 3395 5125 3636 5190; x_wconf 78' lang='lat' dir='ltr'><strong>Christo;</strong></span> <span class='ocrx_word' id='word_1_839' title='bbox 3696 5140 3864 5193; x_wconf 88' lang='lat' dir='ltr'><strong>quan-</strong></span> 
     </span>
    </p>
   </div>
   <div class='ocr_carea' id='block_1_113' title="bbox 2275 5215 3865 5288">
    <p class='ocr_par' dir='ltr' id='par_1_113' title="bbox 2275 5215 3865 5288">
     <span class='ocr_line' id='line_1_113' title="bbox 2275 5215 3865 5288; baseline -0.004 -12"><span class='ocrx_word' id='word_1_840' title='bbox 2275 5231 2384 5277; x_wconf 91' lang='lat' dir='ltr'><strong>tum</strong></span> <span class='ocrx_word' id='word_1_841' title='bbox 2421 5222 2489 5275; x_wconf 85' lang='lat' dir='ltr'><strong>ad</strong></span> <span class='ocrx_word' id='word_1_842' title='bbox 2528 5236 2757 5276; x_wconf 84' lang='lat' dir='ltr'><strong>sexuum</strong></span> <span class='ocrx_word' id='word_1_843' title='bbox 2804 5218 3168 5274; x_wconf 84' lang='lat' dir='ltr'><strong>diversitatem</strong></span> <span class='ocrx_word' id='word_1_844' title='bbox 3217 5218 3331 5288; x_wconf 90' lang='lat' dir='ltr'><strong>ipse</strong></span> <span class='ocrx_word' id='word_1_845' title='bbox 3381 5218 3506 5273; x_wconf 88' lang='lat' dir='ltr'><strong>alibi</strong></span> <span class='ocrx_word' id='word_1_846' title='bbox 3551 5215 3865 5272; x_wconf 78' lang='lat' dir='ltr'><strong>dieit:Sive</strong></span> 
     </span>
    </p>
   </div>
   <div class='ocr_carea' id='block_1_114' title="bbox 2273 5306 3864 5378">
    <p class='ocr_par' dir='ltr' id='par_1_114' title="bbox 2273 5306 3864 5378">
     <span class='ocr_line' id='line_1_114' title="bbox 2273 5306 3864 5378; baseline -0.003 -14"><span class='ocrx_word' id='word_1_847' title='bbox 2273 5314 2368 5378; x_wconf 68' lang='lat' dir='ltr'><strong>vir,</strong></span> <span class='ocrx_word' id='word_1_848' title='bbox 2396 5314 2498 5366; x_wconf 81' lang='lat' dir='ltr'><strong>sive</strong></span> <span class='ocrx_word' id='word_1_849' title='bbox 2545 5311 2750 5376; x_wconf 86' lang='lat' dir='ltr'><strong>mulier,</strong></span> <span class='ocrx_word' id='word_1_850' title='bbox 2800 5326 2973 5363; x_wconf 77' lang='lat' dir='ltr'><strong>omnes</strong></span> <span class='ocrx_word' id='word_1_851' title='bbox 3004 5326 3163 5363; x_wconf 80' lang='lat' dir='ltr'><strong>unum</strong></span> <span class='ocrx_word' id='word_1_852' title='bbox 3216 5326 3392 5364; x_wconf 83' lang='lat' dir='ltr'><strong>sumus</strong></span> <span class='ocrx_word' id='word_1_853' title='bbox 3418 5310 3470 5364; x_wconf 85' lang='lat' dir='ltr'><strong>in</strong></span> <span class='ocrx_word' id='word_1_854' title='bbox 3502 5309 3703 5363; x_wconf 83' lang='lat' dir='ltr'><strong>Christo</strong></span> <span class='ocrx_word' id='word_1_855' title='bbox 3737 5306 3864 5378; x_wconf 75' lang='lat' dir='ltr'><strong>(Ga-</strong></span> 
     </span>
    </p>
   </div>
   <div class='ocr_carea' id='block_1_115' title="bbox 2273 5398 3861 5473">
    <p class='ocr_par' dir='ltr' id='par_1_115' title="bbox 2273 5398 3861 5473">
     <span class='ocr_line' id='line_1_115' title="bbox 2273 5398 3861 5473; baseline -0.003 -16"><span class='ocrx_word' id='word_1_856' title='bbox 2273 5402 2368 5457; x_wconf 84' lang='lat' dir='ltr'><strong>lat.</strong></span> <span class='ocrx_word' id='word_1_857' title='bbox 2399 5406 2480 5473; x_wconf 90' lang='lat' dir='ltr'><strong>nt)</strong></span> <span class='ocrx_word' id='word_1_858' title='bbox 2518 5421 2532 5457; x_wconf 89' lang='lat'><strong>:</strong></span> <span class='ocrx_word' id='word_1_859' title='bbox 2573 5418 2699 5458; x_wconf 90' lang='lat' dir='ltr'><strong>cum</strong></span> <span class='ocrx_word' id='word_1_860' title='bbox 2743 5418 2843 5458; x_wconf 88' lang='lat' dir='ltr'><strong>suo</strong></span> <span class='ocrx_word' id='word_1_861' title='bbox 2894 5402 3035 5456; x_wconf 87' lang='lat' dir='ltr'><strong>enim</strong></span> <span class='ocrx_word' id='word_1_862' title='bbox 3085 5412 3197 5456; x_wconf 90' lang='lat' dir='ltr'><strong>toto</strong></span> <span class='ocrx_word' id='word_1_863' title='bbox 3241 5415 3497 5471; x_wconf 87' lang='lat' dir='ltr'><strong>corpore,</strong></span> <span class='ocrx_word' id='word_1_864' title='bbox 3556 5398 3699 5471; x_wconf 90' lang='lat' dir='ltr'><strong>quod</strong></span> <span class='ocrx_word' id='word_1_865' title='bbox 3747 5399 3861 5468; x_wconf 78' lang='lat' dir='ltr'><strong>ejus</strong></span> 
     </span>
    </p>
   </div>
   <div class='ocr_carea' id='block_1_116' title="bbox 2274 5490 3861 5566">
    <p class='ocr_par' dir='ltr' id='par_1_116' title="bbox 2274 5490 3861 5566">
     <span class='ocr_line' id='line_1_116' title="bbox 2274 5490 3861 5566; baseline -0.004 -16"><span class='ocrx_word' id='word_1_866' title='bbox 2274 5505 2356 5550; x_wconf 89' lang='lat' dir='ltr'><strong>est</strong></span> <span class='ocrx_word' id='word_1_867' title='bbox 2385 5496 2679 5566; x_wconf 88' lang='lat' dir='ltr'><strong>plenitudo,</strong></span> <span class='ocrx_word' id='word_1_868' title='bbox 2727 5493 2993 5564; x_wconf 85' lang='lat' dir='ltr'><strong>perfectus</strong></span> <span class='ocrx_word' id='word_1_869' title='bbox 3019 5502 3102 5547; x_wconf 89' lang='lat' dir='ltr'><strong>est</strong></span> <span class='ocrx_word' id='word_1_870' title='bbox 3145 5492 3424 5557; x_wconf 88' lang='lat' dir='ltr'><strong>Christus;</strong></span> <span class='ocrx_word' id='word_1_871' title='bbox 3475 5504 3529 5545; x_wconf 88' lang='lat' dir='ltr'><strong>et</strong></span> <span class='ocrx_word' id='word_1_872' title='bbox 3577 5490 3699 5545; x_wconf 77' lang='lat' dir='ltr'><strong>ideo</strong></span> <span class='ocrx_word' id='word_1_873' title='bbox 3738 5491 3861 5560; x_wconf 90' lang='lat' dir='ltr'><strong>quia</strong></span> 
     </span>
    </p>
   </div>
   <div class='ocr_carea' id='block_1_117' title="bbox 2275 5582 3864 5659">
    <p class='ocr_par' dir='ltr' id='par_1_117' title="bbox 2275 5582 3864 5659">
     <span class='ocr_line' id='line_1_117' title="bbox 2275 5582 3864 5659; baseline -0.006 -15"><span class='ocrx_word' id='word_1_874' title='bbox 2275 5582 2371 5659; x_wconf 80' lang='lat' dir='ltr'><strong>per</strong></span> <span class='ocrx_word' id='word_1_875' title='bbox 2401 5603 2564 5644; x_wconf 88' lang='lat' dir='ltr'><strong>unum</strong></span> <span class='ocrx_word' id='word_1_876' title='bbox 2611 5588 2859 5656; x_wconf 89' lang='lat' dir='ltr'><strong>idemque</strong></span> <span class='ocrx_word' id='word_1_877' title='bbox 2902 5584 3239 5656; x_wconf 82' lang='lat' dir='ltr'><strong>mysterium,</strong></span> <span class='ocrx_word' id='word_1_878' title='bbox 3288 5585 3415 5639; x_wconf 77' lang='lat' dir='ltr'><strong>licet</strong></span> <span class='ocrx_word' id='word_1_879' title='bbox 3456 5583 3651 5638; x_wconf 70' lang='lat' dir='ltr'><strong>diversi</strong></span> <span class='ocrx_word' id='word_1_880' title='bbox 3678 5596 3864 5646; x_wconf 79' lang='lat' dir='ltr'><strong>sexus,</strong></span> 
     </span>
    </p>
   </div>
   <div class='ocr_carea' id='block_1_118' title="bbox 2274 5674 3865 5749">
    <p class='ocr_par' dir='ltr' id='par_1_118' title="bbox 2274 5674 3865 5749">
     <span class='ocr_line' id='line_1_118' title="bbox 2274 5674 3865 5749; baseline -0.006 -11"><span class='ocrx_word' id='word_1_881' title='bbox 2274 5700 2435 5738; x_wconf 88' lang='lat' dir='ltr'><strong>unum</strong></span> <span class='ocrx_word' id='word_1_882' title='bbox 2481 5692 2659 5738; x_wconf 86' lang='lat' dir='ltr'><strong>tamen</strong></span> <span class='ocrx_word' id='word_1_883' title='bbox 2696 5694 2895 5749; x_wconf 88' lang='lat' dir='ltr'><strong>corpus</strong></span> <span class='ocrx_word' id='word_1_884' title='bbox 2938 5679 3218 5748; x_wconf 88' lang='lat' dir='ltr'><strong>accipitur,</strong></span> <span class='ocrx_word' id='word_1_885' title='bbox 3278 5691 3376 5747; x_wconf 90' lang='lat' dir='ltr'><strong>per</strong></span> <span class='ocrx_word' id='word_1_886' title='bbox 3418 5676 3569 5746; x_wconf 78' lang='lat' dir='ltr'><strong>cujus</strong></span> <span class='ocrx_word' id='word_1_887' title='bbox 3620 5674 3865 5745; x_wconf 88' lang='lat' dir='ltr'><strong>corporis</strong></span> 
     </span>
    </p>
   </div>
   <div class='ocr_carea' id='block_1_119' title="bbox 2276 5765 3863 5845">
    <p class='ocr_par' dir='ltr' id='par_1_119' title="bbox 2276 5765 3863 5845">
     <span class='ocr_line' id='line_1_119' title="bbox 2276 5765 3863 5845; baseline -0.007 -15"><span class='ocrx_word' id='word_1_888' title='bbox 2276 5774 2662 5845; x_wconf 87' lang='lat' dir='ltr'><strong>plenitudinem</strong></span> <span class='ocrx_word' id='word_1_889' title='bbox 2710 5770 2985 5840; x_wconf 83' lang='lat' dir='ltr'><strong>perfectus</strong></span> <span class='ocrx_word' id='word_1_890' title='bbox 3013 5778 3097 5823; x_wconf 90' lang='lat' dir='ltr'><strong>cst</strong></span> <span class='ocrx_word' id='word_1_891' title='bbox 3124 5767 3394 5825; x_wconf 83' lang='lat' dir='ltr'><strong>Christus.</strong></span> <span class='ocrx_word' id='word_1_892' title='bbox 3442 5765 3576 5823; x_wconf 87' lang='lat' dir='ltr'><strong>Cutu</strong></span> <span class='ocrx_word' id='word_1_893' title='bbox 3627 5780 3756 5835; x_wconf 81' lang='lat' dir='ltr'><strong>ergo</strong></span> <span class='ocrx_word' id='word_1_894' title='bbox 3784 5766 3863 5819; x_wconf 84' lang='lat' dir='ltr'><strong>vir</strong></span> 
     </span>
    </p>
   </div>
   <div class='ocr_carea' id='block_1_120' title="bbox 2276 5849 3859 5931">
    <p class='ocr_par' dir='ltr' id='par_1_120' title="bbox 2276 5849 3859 5931">
     <span class='ocr_line' id='line_1_120' title="bbox 2276 5849 3859 5931; baseline -0.006 -9"><span class='ocrx_word' id='word_1_895' title='bbox 2276 5866 2520 5923; x_wconf 71' lang='lat' dir='ltr'><strong>Christus</strong></span> <span class='ocrx_word' id='word_1_896' title='bbox 2551 5864 2803 5921; x_wconf 75' lang='lat' dir='ltr'><strong>Ecclesia:</strong></span> <span class='ocrx_word' id='word_1_897' title='bbox 2850 5849 3108 5931; x_wconf 82' lang='lat' dir='ltr'><strong>tanquam</strong></span> <span class='ocrx_word' id='word_1_898' title='bbox 3160 5858 3405 5931; x_wconf 86' lang='lat' dir='ltr'><strong>conjugis</strong></span> <span class='ocrx_word' id='word_1_899' title='bbox 3445 5872 3554 5914; x_wconf 71' lang='lat' dir='ltr'><strong>sua:</strong></span> <span class='ocrx_word' id='word_1_900' title='bbox 3601 5866 3657 5914; x_wconf 89' lang='lat' dir='ltr'><strong>et</strong></span> <span class='ocrx_word' id='word_1_901' title='bbox 3704 5869 3859 5923; x_wconf 84' lang='lat' dir='ltr'><strong>caput</strong></span> 
     </span>
    </p>
   </div>
  </div>
