4190 6406
336 422 439 479 “9

1058 416 1407 474 APPENDIX
1445 416 1786 474 SECUNDA.
1826 414 2142 472 CANONES
2179 415 2477 471 GELASIO
2518 416 2851 472 ASClilPTl.

3532 416 3633 473 150

330 542 684 610 respicientes
710 540 832 609 quia
864 548 1066 610 aterno
1111 537 1281 591 iudici
1317 537 1588 610 rationem
1609 546 1714 591 tam
1742 534 1809 589 de
1834 546 1927 589 ca-
1953 524 2482 610 A’daturuentltcc's
2536 546 2612 610 ut
2642 538 2684 588 si
2734 536 2906 610 major
2955 537 3241 610 emerserit
3294 535 3524 610 fabrica,
3558 539 3627 610 sit

333 606 543 666 tbolica:
559 606 883 668 sinceritatis
906 607 1120 677 injuria,
1146 622 1305 673 quam
1322 607 1391 661 de
1414 606 1758 677 tratlitionum
1782 620 1920 673 prae-

330 681 545 751 iudiciis
572 692 915 751 paternarum
948 675 1053 751 non
1083 678 1204 751 sine
1246 684 1542 751 perpetua
1562 676 1671 751 sint
1699 675 1920 729 damna-

330 746 495 806 iionis
524 746 739 807 interitu
770 748 1052 813 reddituri,
1100 747 1144 802 si
1179 746 1231 801 in
1264 746 1365 801 bac
1406 746 1765 800 obstinatione
1793 760 1915 813 per-

329 822 649 884 manserint,
680 822 958 875 caritatem
992 828 1222 874 vestram
1254 815 1503 869 duximus
1527 816 1920 881 instruendam,

330 900 391 944 ut
415 905 511 946 vos
538 903 727 945 omnes
757 890 809 944 in
835 902 1123 944 commune
1150 888 1345 943 fratres
1375 888 1418 938 si
1452 900 1548 954 per
1578 886 1917 952 Dardaniam,

327 962 444 1030 sive
472 974 567 1026 per
594 974 861 1030 quamque
887 960 1191 1030 contiguam
1240 955 1570 1030 provinciam
1623 956 1918 1030 constituti,

329 1029 423 1098 qui
448 1042 542 1099 vos
568 1026 672 1085 sub
708 1026 1139 1099 metropolitanis
1182 1026 1379 1081 vestris
1406 1040 1528 1099 esse
1575 1026 1917 1089 meministis,

329 1096 387 1154 et
411 1098 483 1154 ab
507 1099 712 1155 eisdem
738 1096 1011 1155 substituti
1038 1098 1417 1158 decernentes.
1450 1096 1589 1150 sicut
1617 1104 1770 1149 vetus
1791 1109 1920 1149 con-

328 1170 561 1225 suetudo
608 1170 879 1239 deposcit,
912 1166 1240 1239 unanimiter
1268 1168 1519 1219 statuatis
1547 1164 1836 1239 a_ti_tistites,
1866 1172 1923 1219 et

328 1238 570 1293 vicissim
594 1239 640 1293 si
671 1234 1119 1305 inetropolitanus
1150 1238 1398 1305 humana:
1427 1234 1754 1289 conditionis
1785 1235 1922 1305 forte

328 1306 647 1376 decesserit,
677 1322 704 1361 a
732 1304 1276 1377 com’provincialibus
1299 1304 1596 1377 episcopis,
1626 1305 1768 1377 sicut
1808 1304 1919 1359 for-

328 1391 418 1433 ma
446 1374 742 1434 transmisit
762 1374 963 1433 sacrari
993 1376 1169 1431 modis
1197 1375 1446 1430 omnibus
1473 1374 1740 1429 censeatis
1766 1393 1780 1430 :
1822 1389 1922 1429 nec

328 1463 653 1516 quamquam
679 1448 804 1512 sibi,
826 1463 986 1517 quam
1010 1445 1395 1517 vobisantiqua
1419 1444 1771 1511 dispositione
1791 1458 1924 1497 con-

328 1531 564 1588 cessum
587 1526 690 1588 est,
722 1516 997 1588 patiamini
1029 1516 1343 1571 vindicum:
1376 1523 1641 1588 quatenus
1683 1523 1737 1569 et
1780 1518 1920 1569 inter

329 1587 476 1657 ipsas
512 1584 914 1643 adversantium
958 1587 1295 1657 voluntatum
1342 1584 1645 1657 procellas,
1679 1594 1923 1639 veterum

329 1654 544 1726 regulas
584 1659 894 1713 nullatenus
919 1656 1196 1712 custodire
1224 1654 1473 1718 cessatis,
1500 1654 1639 1707 sicut
1671 1668 1923 1722 persecu-

330 1727 537 1781 tionum
558 1736 798 1794 tempore
818 1727 1152 1783 diversarum
1173 1731 1356 1795 patres
1374 1731 1591 1780 nostros
1614 1733 1926 1780 constanter

330 1795 525 1854 fecisse
545 1812 652 1853 non
684 1797 904 1853 dubium
934 1805 1039 1853 est.

684 1904 937 1947 GBLASIUS
969 1902 1257 1951 Αιιλετηιο
1297 1900 1566 1944 ΒΝΒΩΟΡΟ.

407 1975 749 2048 Defensiouis
777 1978 1010 2048 proprie
1051 1978 1306 2048 desolatis
1350 1978 1571 2042 auxilio,
1603 1984 1659 2032 et
1692 1976 1783 2045 qui
1814 1976 1928 2034 suis

327 2047 537 2108 Ictibus
560 2048 751 2105 adesse
778 2047 890 2119 pro
920 2049 1094 2119 anatis
1143 2047 1457 2119 infirmitate
1500 2062 1607 2103 non
1629 2055 1922 2119 possunt,

328 2125 611 2188 exoratum
635 2116 970 2188 pontificem
996 2118 1154 2174 decet
1198 2117 1488 2188 subvenire
1506 2157 1521 2181 ,
1550 2117 1675 2184 quia
1693 2116 1927 2188 pupillis

330 2187 612 2257 tuitionem
660 2186 824 2244 etiam
871 2189 1126 2244 divinitas
1177 2187 1337 2257 jussit
1376 2188 1635 2257 impendi.
1691 2186 1757 2242 Et
1803 2187 1927 2257 ideo

330 2256 562 2313 ιιιιίωο
589 2267 646 2315 et
687 2257 946 2315 Januario
974 2258 1241 2315 clericalis
1282 2256 1594 2329 officii’(qui
1631 2272 1692 2313 se
1732 2256 1928 2329 solatio

330 2336 614 2450 arentum
626 2330 710 2385 vel
734 2329 1158 2450 propinquorum
1177 2336 1429 2383 asserunt
1442 2327 1755 2410 destitutos)
1771 2328 1928 2382 auxi-

388 2412 458 2449 tm
502 2412 569 2450 ex
598 2408 781 2450 nostra
858 2400 1163 2450 eleaatrone
1203 2397 1514 2450 nmtabts.
1565 2407 1625 2450 ut
1663 2397 1926 2450 adversus

347 2395 458 2450 inm
502 2395 781 2454 estnostra
821 2395 1163 2469 delegatione
1203 2397 1514 2467 prtestabis,
1565 2407 1625 2452 ut
1663 2395 1926 2469 adversus

330 2466 706 2537 improbitates
754 2466 1216 2525 adversariorum
1242 2482 1467 2522 suorum
1518 2468 1775 2535 protecti,
1821 2477 1927 2522 tua:

330 2538 699 2594 exsecutionis
726 2539 954 2604 aunixu,
984 2541 1145 2593 noxia
1168 2547 1473 2593 commenta
1497 2540 1601 2592 nOn
1628 2538 1885 2593 sentiant.

669 2644 923 2686 GRLASIUI
964 2644 1280 2685 FOBTUNATO
1320 2643 1587 2685 BP|“0PO.

417 2719 650 2776 Tueatur
676 2720 910 2778 Ecclesia
937 2736 1065 2791 quos
1094 2722 1148 2774 in
1174 2720 1255 2774 sui
1282 2704 1583 2791 defensione
1608 2721 1851 2791 suscepit.

400 2812 763 2883 lrrrliglosum
799 2826 1019 2882 prorsus
1058 2822 1113 2867 et
1140 2810 1476 2883 excecrabile
1517 2811 1851 2881 iudicamus,
1877 2811 1925 2867 si

326 2882 611 2954 quisquam
634 2884 720 2939 vel
745 2896 1036 2938 extraneos
1060 2882 1480 2954 insui‘tuitionp
1505 2889 1787 2954 susceptos
1817 2896 1923 2936 non

327 2936 485 3009 διὶέιῖ
509 2936 613 3009 fide
633 2936 693 3010 et
710 2936 1027 3009 totaﬁanimi
1047 2952 1131 3008 sui
1178 2936 1491 3008 educaveris
1518 2936 1821 3009 sanctitate.
1854 2954 1927 3007 At

326 3038 450 3079 cum
496 3024 778 3094 Olympius
824 3024 1083 3078 diaconus
1124 3022 1434 3094 dilectionis
1479 3032 1585 3076 tute
1634 3021 1831 3094 Felicis
1870 3029 1925 3077 et

325 3095 542 3165 Olympi
565 3091 890 3165 suggeratur
925 3093 1244 3165 avunculus,
1271 3105 1475 3165 eosque
1506 3091 1760 3165 parvulos
1785 3100 1924 3147 tnte-

325 3161 533 3220 iae'vice
554 3161 853 3234 suscl-perit
884 3162 1222 3234 nutriendos,
1244 3161 1393 3234 ultra
1430 3161 1770 3216 latrocinium
1801 3176 1923 3217 esse

325 3234 651 3303 indicamus,
682 3231 823 3303 quod
869 3249 963 3288 eos
993 3231 1288 3286 bonisculis
1318 3240 1646 3303 parentum,
1658 3234 1796 3303 sicut
1832 3248 1921 3286 as-

325 3300 537 3368 serunt,
567 3300 782 3372 reliquit
810 3312 1076 3367 extorres,
1110 3304 1217 3356 alia
1263 3300 1570 3368 retinendo,
1601 3301 1704 3357 alia
1734 3310 1925 3358 contra

323 3374 473 3441 leges
501 3384 555 3427 et
580 3374 701 3441 jura
734 3374 1038 3427 vendendo.

452 3479 709 3522 σιιλειυε
745 3480 962 3520 δυδτικο
1001 3477 1391 3520 ABCUIDMCONO
1430 3479 1499 3518 B‘I'
1539 3477 1801 3520 FAUSTINO

970 3550 1281 3590 DEFENSOBI.

435 3622 515 3678 De
553 3625 701 3678 rebus
738 3625 966 3679 ecclesia:
999 3642 1099 3678 non
1123 3634 1197 3679 est
1225 3626 1423 3695 aliquid
1462 3626 1817 3681 alienandum.

400 3714 566 3769 Vobis
592 3719 736 3768 enim
765 3724 819 3767 et
840 3713 998 3770 iamut
1020 3723 1215 3769 vestras
1236 3716 1545 3770 consultum
1572 3714 1843 3781 duximus,
1870 3726 1929 3771 ut

324 3784 602 3854 pontificis
652 3784 817 3856 vestri
870 3787 1021 3848 loco,
1052 3785 1330 3856 vobiscum
1381 3785 1469 3856 ab,
1497 3785 1688 3839 eodem
1734 3788 1928 3849 aliquis

323 3857 672 3925 subrogetur.
699 3854 791 3924 qni
831 3857 949 3922 ejus
970 3855 1191 3910 nomine
1222 3857 1424 3924 pariter
1458 3854 1706 3911 universa
1741 3857 1927 3925 dispo-

321 3935 458 3979 nat:
504 3934 772 3995 quatenus
821 3926 1001 3996 omnia
1048 3927 1249 3996 prmdia
1279 3927 1346 3980 ad
1380 3935 1636 3981 vestrum.
1664 3929 1930 3982 revocetis

321 3996 587 4056 studium.
642 4010 741 4050 nec
767 3995 1015 4064 cuiquam
1053 3995 1265 4051 clerico
1291 4012 1390 4066 pro
1422 3996 1670 4066 portione
1684 4010 1788 4066 sua
1826 3996 1927 4049 ali-

321 4066 470 4138 quod
522 4067 697 4138 solum
753 4066 997 4138 ecclesia:
1026 4067 1222 4135 putetis
1260 4064 1382 4138 esse
1424 4064 1824 4138 deputandum:
1860 4081 1929 4122 ne

324 4150 428 4203 per
454 4136 717 4206 incuriam
746 4145 801 4190 et
842 4135 1223 4206 negligentiam
1267 4135 1573 4206 minuatur;
1625 4137 1719 4189 sed
1750 4139 1929 4191 omnis

322 4204 607 4329 pensionis
632 4220 899 4260 summam
918 4204 1000 4261 'ex
1028 4206 1280 4289 omnibus
1330 4205 1549 4276 praediis
1572 4208 1809 4288 rusticis,
1839 4222 1929 4261 ur-

359 4288 592 4329 antsaue
641 4276 927 4329 collectam
959 4276 1028 4329 ad
1055 4276 1348 4329 antistitem
1391 4275 1665 4329 deferatts.
1700 4275 1779 4329 Ex
1825 4292 1926 4329 una

359 4275 927 4347 anisqueﬂcollectam
959 4276 1028 4347 ad
1055 4275 1348 4332 antistitem
1391 4275 1665 4347 deieratis.
1700 4275 1779 4330 Ex
1825 4292 1926 4345 qua

326 4345 516 4401 tamen
536 4346 860 4402 collectione
890 4345 1149 4402 habeatur
1170 4348 1331 4413 ratio,
1357 4346 1483 4415 quid
1520 4351 1587 4401 ad
1620 4355 1809 4401 causas
1844 4347 1929 4402 vel

322 4429 592 4486 expensas
616 4416 975 4486 accidentium
1004 4418 1387 4473 necessitatum
1416 4430 1553 4486 opus
1576 4430 1698 4472 esse
1723 4418 1931 4483 perspi-

322 4485 488 4558 cit_ur_,
518 4495 576 4540 ut
596 4485 666 4558 de
692 4487 869 4558 medio
894 4496 1298 4558 sequestrctur;
1320 4495 1376 4542 et
1397 4485 1629 4557 quatuor
1650 4488 1927 4558 portiones

322 4555 411 4610 vel
442 4550 513 4611 de
539 4557 774 4611 fidelium
801 4550 1094 4621 oblatione,
1119 4558 1202 4612 vel
1224 4550 1294 4612 de
1325 4550 1428 4613 hac
1453 4558 1583 4611 fiant
1608 4550 1784 4613 modis
1811 4572 1927 4612 om-
1956 4559 2007 4621 Β
2034 4550 2171 4610 siam
2205 4550 2501 4623 pertinere,
2532 4550 2731 4609 audeat
2771 4550 2825 4623 in
2877 4554 3107 4623 alterum

327 4625 493 4679 nibus
516 4626 806 4691 pensione:
830 4626 903 4681 ita
926 4636 986 4682 ut
1006 4642 1166 4683 unam
1195 4627 1295 4682 sibi
1324 4627 1477 4682 tollat
1499 4629 1745 4692 antistes,
1766 4626 1926 4683 aliam

321 4694 538 4768 clericis
568 4710 667 4767 pro
713 4712 813 4768 suo
839 4697 1040 4768 judicio
1084 4705 1140 4753 et
1169 4697 1441 4754 electione
1487 4698 1790 4768 dispertiat,
1819 4708 1928 4753 ter-

324 4766 459 4838 tiam
489 4766 812 4838 pauperibus
839 4766 941 4823 sub
969 4769 1114 4823 omni
1137 4769 1471 4824 conscientia
1499 4767 1659 4824 iaciat
1680 4770 1921 4838 erogari:

324 4835 549 4891 fabricis
575 4851 708 4892 vero
746 4846 1029 4907 quartam,
1060 4853 1180 4907 qua:
1211 4839 1503 4907 competit,
1534 4838 1600 4893 ad
1633 4835 1927 4893 ordinatio-

322 4919 452 4960 nem
504 4907 807 4973 pontiﬁcis,
859 4908 1171 4974 erogatione
1220 4918 1402 4964 vestra
1433 4908 1775 4964 decernimus
1804 4922 1927 4965 esse

322 4975 682 5047 pensandam.
718 4976 935 5047 Siquid
970 4977 1111 5034 forte
1140 4978 1245 5033 sub
1283 4993 1462 5033 annua
1490 4980 1794 5035 remanebit
1820 4995 1923 5034 ex—

322 5059 519 5116 pensa,
548 5046 725 5104 electo
752 5046 951 5105 ideneo
979 5049 1048 5105 ab
1074 5057 1301 5120 utraque
1330 5058 1485 5120 parte
1520 5049 1779 5117 custode,
1816 5060 1923 5105 tra-

394 5211 424 5241 ι
458 5199 687 5255 Exstant
714 5201 828 5258 hac
851 5202 1012 5259 verba
1041 5204 1096 5259 in
1115 5212 1349 5259 .tractatu
1379 5204 1576 5260 Felicis
1602 5204 1668 5260 ill
1692 5204 1760 5261 de
1786 5205 1924 5261 Aca-

321 5273 407 5326 cio
431 5270 540 5325 rite
568 5270 845 5334 damnato.
880 5273 967 5327 hic
995 5273 1123 5328 dato
1149 5288 1217 5329 ex
1245 5273 1475 5330 Mall‘eio.
1518 5274 1706 5330 Mansr.

394 5344 421 5380 δ
446 5338 727 5414 integram
765 5342 899 5398 Itane
937 5344 1210 5414 epistolam
1246 5343 1532 5400 Gratianus
1570 5346 1624 5398 in
1662 5348 1794 5399 duas
1824 5346 1930 5400 dis-

323 5412 501 5484 tinxit,
529 5411 732 5465 diverso
769 5416 935 5483 etiam,
961 5411 1114 5468 titulo
1154 5415 1405 5484 prwﬁzo;
1433 5431 1554 5468 nam
1580 5415 1645 5469 ab
1671 5417 1777 5469 illis
1819 5434 1929 5470 eer-

323 5484 443 5555 oi's,_
464 5483 920 5555 tioncessovobis
941 5501 1101 5555 usque
1117 5486 1187 5537 ad
1210 5483 1303 5540 ista
1328 5486 1641 5555 redditurus
1669 5488 1927 5553 examini,

324 5553 533 5628 titulum
559 5552 787 5628 praeﬁcit
811 5553 969 5628 clero,
1008 5552 1276 5628 etordini,
1304 5566 1351 5610 et
1376 5557 1511 5628 plebi
1551 5554 1839 5628 Brundusii
1860 5552 1931 5612 ita

325 5621 409 5683 l2,
437 5632 634 5691 quzest.
657 5623 713 5685 Si,
740 5638 861 5677 can.
886 5623 992 5678 ‘26:
1018 5626 1093 5678 Ab
1114 5626 1218 5679 illis
1238 5621 1399 5682 verbis
1422 5626 1747 5683 venerabilis
1767 5628 1927 5682 etiam

328 5692 579 5759 baptismi
624 5708 781 5762 usque
822 5693 874 5748 in
906 5695 1060 5759 linem
1103 5695 1278 5752 relatis
1319 5698 1386 5756 de
1413 5710 1660 5756 consecr.
1713 5698 1843 5755 dist.
1873 5699 1926 5767 ι,

400 5833 412 5861 ¹
450 5829 615 5888 Forte
646 5827 881 5886 Leontio.

1952 3268 1999 3330 C

2030 606 2273 676 subsidio
2304 606 2445 675 quod
2469 624 2530 659 ex
2562 607 2762 660 diversi
2793 606 3052 673 temporis
3080 606 3356 676 diligentia
3392 608 3623 673 potuerit

2025 675 2309 758 custodiri,
2342 687 2431 729 aut
2463 686 2610 729 certe
2637 684 2848 731 ematur
2878 675 3332 747 possessio,’qnat
3370 675 3624 733 utilitates

2027 756 2286 813 respiciat
2314 761 2655 801 communes.

2096 853 2350 895 θειειθιυε
2399 854 2573 894 ειεκο
2612 856 2679 893 ΕΤ
2718 854 2897 894 οιωιμι
2937 854 3005 893 ET
3046 854 3197 894 Ριειι
3255 851 3553 897 ιιῐῖυκῐιυειιο

2175 934 2455 987 Redituum
2474 942 2521 989 et
2544 932 2855 1014 oblationurn
2877 933 2995 1014 dure
3022 932 3283 1002 portiones
3302 930 3502 985 clericis

2623 1010 3023 1056 committantur.

2096 1096 2371 1152 Concesso
2422 1096 2605 1157 vobis,
2653 1109 2815 1163 quem
2864 1093 3105 1163 petistis,
3165 1093 3410 1149 antistite
3457 1092 3625 1163 fratre

2020 1166 2136 1235 jam
2180 1176 2233 1220 et
2276 1166 2599 1235 coepiscopo
2650 1162 2771 1219 meo
2819 1164 3066 1226 luliano.
3113 1164 3475 1235 necessarium
3526 1162 3627 1218 fuit

2026 1232 2239 1307 (eodem
2272 1235 2336 1307 ad
2361 1232 2646 1307 ecclesiam
2688 1248 2840 1307 suam
2870 1249 2996 1307 mox
3026 1236 3276 1307 remisso)
3304 1232 3371 1287 ad
3401 1248 3496 1287 vos
3529 1248 3625 1307 no.

2025 1302 2137 1362 stra
2178 1306 2380 1374 scripta
2436 1304 2638 1374 pariter
2681 1304 2978 1360 destinari:
3027 1302 3221 1371 quibus
3259 1304 3627 1374 agnosceretis

2025 1378 2203 1432 eidem
2256 1372 2827 1456 biisse’prtcceptutn,
2868 1388 2944 1456 ne
2982 1389 3218 1456 unquam
3257 1372 3625 1456 ordinationes

2026 1454 2316 1515 praesumat
2347 1443 2579 1503 illicitas.
2616 1454 2666 1499 et
2693 1444 2857 1515 infra.
2906 1444 3131 1515 Reditus
3159 1454 3215 1498 et
3248 1443 3630 1515 oblatiuuesfig-

2026 1513 2225 1571 delium
2269 1515 2321 1569 in
2363 1525 2593 1581 quatuor
2622 1524 2802 1583 partes
2829 1514 3033 1569 dividat
3062 1528 3290 1584 quarum
3334 1528 3491 1567 unam
3522 1513 3626 1567 sibi

2032 1587 2147 1655 ipse
2177 1586 2426 1645 retineat.
2452 1582 2678 1639 alteram
2712 1584 2927 1655 clericis
2952 1599 3060 1655 pro
3077 1582 3377 1638 officiorum
3404 1597 3626 1636 suorum

2028 1654 2316 1711 sedulitate
2344 1654 2672 1710 distribuat:
2705 1654 2922 1724 fabricis
2944 1654 3192 1716 tertiam;
3224 1662 3631 1724 quartamipau-

2027 1728 2245 1795 peribus
2293 1733 2348 1780 et
2395 1725 2694 1795 peregrinis
2740 1723 2936 1778 habeat
2973 1724 3214 1795 Alldeliter
3247 1723 3625 1795 erogandam:

2029 1793 2255 1868 quarum
2287 1796 2547 1851 rationem
2574 1794 2758 1849 divino
2786 1803 2870 1849 est
2892 1793 3203 1849 redditurus
3223 1793 3481 1848 examini.

1962 1894 2010 1956 Β
2108 1901 2360 1948 ςεωιυε
2398 1900 2660 1943 episcorts
2697 1898 3078 1941 οιιιειιτιιιιυε
3113 1900 3183 1941 na
3219 1898 3558 1940 nsuxtt'rtorts

2705 1971 2965 2013 ιιιοεοοιιι.

2177 2050 2300 2106 Non
2330 2050 2551 2117 petenda
2579 2056 2651 2105 est
2679 2049 2953 2173 abﬁlut‘ip,
2995 2063 3113 2102 cum
3139 2046 3312 2118 inique
3347 2049 3503 2121 fertur

2698 2135 2752 2173 se
2812 2135 2873 2173 en
2898 2134 2971 2173 ta.

2698 2134 2971 2175 sententia.

2103 2219 2130 2250 ι
2160 2209 2255 2266 Cui
2288 2220 2373 2265 est
2400 2210 2542 2265 illata
2570 2210 2836 2265 sententia
2883 2208 3120 2273 deponat
3156 2221 3421 2271 errorem,
3454 2215 3507 2261 et
3531 2220 3624 2259 va.

2029 2295 2127 2337 cna
2150 2291 2268 2346 est;
2301 2280 2394 2334 sed
2422 2284 2466 2334 si
2497 2280 2695 2347 iniusta
2722 2289 2836 2345 est,
2871 2286 3020 2333 tanto
3046 2292 3165 2332 eam
3190 2292 3383 2331 curare
3404 2292 3511 2331 non
3534 2275 3624 2331 de-

2030 2352 2142 2416 bet,
2171 2360 2372 2420 quanto
2398 2350 2541 2419 apud
2590 2351 2760 2404 Deum
2790 2358 2845 2403 et
2874 2350 3169 2420 Ecclesium
3210 2348 3329 2415 eius
3359 2348 3629 2420 neminem

2030 2416 2212 2491 potest
2244 2416 2447 2489 iniqua'
2468 2434 2694 2487 gravare
2725 2420 3013 2491 sententia.
3048 2419 3120 2471 Ita
3156 2432 3288 2487 ergo
3315 2431 3375 2491 se
3396 2430 3504 2491 non
3530 2416 3637 2491 ah—

2029 2486 2165 2545 soivi
2218 2486 2523 2557 desideret,
2566 2503 2670 2560 qua
2724 2503 2783 2543 se
2836 2490 3142 2544 nullatenus
3192 2486 3451 2558 perspicit
3493 2486 3632 2542 obli-

2029 2570 2232 2633 gntum.

2212 2669 2463 2710 usustus
2495 2653 2511 2685 '
2542 2666 2809 2709 csaotmo
2844 2667 2910 2707 ur
2946 2665 3118 2706 ιιετιιο
3155 2662 3439 2705 srtscorts.

2102 2743 2503 2815 [inplorantibus
2524 2744 2871 2812 patrocinium
2899 2743 3123 2812 episcopi
3148 2742 3326 2796 debent
3349 2741 3549 2796 adetse.

2103 2834 2250 2891 Licet
2280 2836 2532 2891 omnibus
2554 2835 2621 2889 de
2640 2834 2793 2888 nobis
2816 2832 3160 2901 sperantibus
3183 2848 3288 2886 non
3311 2831 3629 2901 debeamus,

2029 2906 2084 2959 in
2113 2916 2372 2976 quantum
2426 2919 2749 2973 possumus,
2781 2920 2879 2959 nos
2910 2919 3149 2973 negare;
3178 2902 3299 2976 plus
3343 2911 3520 2976 tamen
3552 2902 3632 2953 vi—

2028 2972 2255 3030 duarum
2280 2987 2333 3031 et
2365 2972 2733 3046 orphanurutn
2756 2989 2970 3046 causas,
2988 2972 3044 3029 et
3069 2973 3365 3046 impensius
3380 2972 3630 3046 ducimus

2028 3041 2598 3116 exsequendas,'quas
2619 3046 2756 3099 tueri
2783 3060 2813 3100 a
2844 3045 3022 3114 nobis,
3062 3045 3150 3099 vel
3179 3044 3247 3099 ab
3268 3041 3518 3097 omnibus
3546 3044 3631 3097 di-

2028 3118 2151 3172 vina
2182 3115 2497 3174 manifestat
2522 3118 2771 3171 assertio.
3156 3154 3159 3157 -

2263 3244 2517 3285 GELASIUS
2548 3242 2774 3283 ιεοιιτιο
2802 3244 2869 3283 ΕΤ
2903 3242 3074 3282 Ρετιιο
3102 3240 3391 3281 EPISCOPIS.

2104 3319 2358 3388 Quisquis
2383 3320 2435 3372 in
2460 3319 2687 3389 negotiis
2727 3318 2839 3372 suis
2885 3319 3053 3371 nostri
3086 3317 3322 3389 nominis
3370 3316 3632 3370 interces-

2032 3391 2189 3444 sione
2212 3387 2394 3456 sperat
2424 3387 2793 3442 silii‘remctlia
2828 3402 2988 3455 posse
3028 3387 3285 3453 conferri,
3321 3402 3487 3456 prona
3532 3402 3633 3440 nos

2033 3466 2289 3516 convenit
2315 3460 2659 3513 animositate
2684 3460 2945 3525 prtestari.

2160 3564 2415 3606 GELABIUS
2446 3564 2641 3609 CLEBO.
2674 3564 2873 3614 onblNi,
2904 3563 2970 3602 ET
2993 3563 3147 3602 PLEBI
3177 3549 3198 3578 ³
3223 3562 3521 3602 BRENDESH.

2105 3640 2134 3681 δ
2165 3644 2439 3696 Concessa
2468 3640 2620 3696 vobis
2643 3655 2801 3709 quem
2831 3638 3039 3710 petistis
3059 3639 3297 3693 antistite
3325 3638 3492 3701 fratre
3516 3638 3629 3710 jam

2032 3726 2089 3771 et
2118 3714 2443 3781 coepiscopo
2489 3726 2609 3764 meo
2636 3710 2874 3773 luliauo,
2910 3711 3273 3781 necessarium
3314 3710 3413 3763 fuit
3439 3710 3630 3781 eodem

2034 3786 2100 3838 ad
2136 3779 2430 3838 Ecclesiam
2454 3796 2604 3835 suam
2639 3797 2762 3836 mox
2795 3781 3046 3844 remisso,
3072 3780 3135 3833 ad
3159 3795 3254 3833 vos
3283 3789 3467 3841 nostra
3499 3779 3633 3833 scri-

2034 3865 2122 3922 pta
2171 3855 2377 3921 pariter
2422 3851 2731 3911 destinare.
2787 3852 2982 3919 quibus
3021 3851 3426 3922 Aagnosccretis,
3459 3850 3633 3903 eidem

2036 3920 2201 3978 fuisse
2224 3931 2551 3990 praaceptum
2575 3937 2641 3975 ne
2672 3935 2907 3991 unquam
2935 3920 3306 3991 ordinationes
3339 3928 3635 3986 praesumat

2038 3995 2271 4048 illicitas.
2302 3991 2381 4048 Ne
2412 3992 2704 4059 bigamum,
2734 3990 2789 4045 et
2828 3992 2919 4057 qui
2965 3990 3225 4059 virginem
3276 4005 3378 4043 nou
3406 3998 3489 4059 est
3518 4004 3635 4042 sor-

2036 4068 2164 4119 titus
2216 4076 2437 4117 uxorem
2460 4058 2481 4129 ,7
2508 4070 2669 4130 atque
2700 4058 3067 4122 illitteratum,
3108 4061 3192 4115 vel
3236 4058 3551 4124 obnoxium,
3581 4060 3635 4113 in

2036 4136 2213 4203 aliqua
2266 4140 2418 4203 parte
2467 4131 2729 4203 corporis
2761 4130 3412 4203 debilemmotatutnque
3460 4130 3636 4203 modis

2035 4199 2288 4259 omnibus
2313 4202 2379 4257 ad
2406 4199 2591 4257 sacros
2613 4201 2833 4257 ordines
2858 4199 3137 4266 permittat
3163 4199 3447 4255 accedere.
3479 4199 3637 4265 Quod

2034 4276 2198 4330 etiam
2222 4272 2287 4329 de
2312 4272 2612 4342 peregrinis
2644 4280 2807 4342 atque
2836 4270 3123 4342 incognitis
3146 4271 3235 4325 vel
3257 4269 3636 4342 espetentibus

2036 4358 2229 4399 cavere
2255 4340 2496 4406 debebit,
2528 4343 2652 4411 quia
2684 4341 2990 4408 huiusmodi
3016 4356 3045 4395 a
3072 4340 3474 4396 veneraliilibus
3503 4355 3637 4409 pro-

2038 4415 2295 4471 hibentur
2315 4412 2528 4476 olliciis,
2560 4426 2624 4468 ac
2656 4412 2788 4466 nihil
2815 4426 2881 4466 ex
2911 4412 3224 4466 ministeriis
3248 4420 3411 4481 atque
3440 4421 3637 4465 ornatu

2036 4494 2309 4555 postremo
2340 4482 2409 4538 de
2435 4496 2757 4555 quacunque
2771 4496 2843 4555 _re
2871 4496 3034 4555 quam
3088 4492 3304 4555 constat
3349 4481 3417 4534 ad
3462 4481 3638 4555 eccle-

3181 4552 3381 4607 ualibet
3425 4552 3638 4607 ratione

2036 4620 2355 4681 transferre.
2390 4623 2615 4679 Reditus
2638 4632 2694 4678 et
2719 4620 3022 4677 oblationes
3049 4620 3286 4677 fidelium
3321 4622 3373 4676 in
3405 4630 3638 4689 quatuor

2039 4707 2218 4765 partes
2246 4693 2470 4759 dividat,
2502 4707 2730 4765 quarum
2760 4693 2865 4748 sibi
2892 4707 3057 4748 unam
3085 4692 3188 4763 ipsi
3222 4693 3483 4765 retineat,
3497 4695 3637 4765 alte-

2036 4762 2151 4821 ram
2178 4766 2390 4822 clericis
2422 4778 2520 4832 pro
2546 4762 2851 4819 officiorum
2896 4762 3115 4818 suorum
3149 4762 3433 4832 sedulitate
3453 4763 3638 4817 distri-

2036 4837 2184 4901 buat,
2242 4831 2459 4890 fabricis
2490 4833 2735 4895 tertiam,
2765 4849 2991 4898 quarum
3035 4832 3299 4888 rationem
3344 4831 3529 4888 divino
3552 4841 3638 4887 est

2036 4907 2345 4961 redditurus
2388 4904 2647 4959 examini.
2693 4903 2879 4960 Sacris
2906 4918 3124 4973 quoque
3152 4902 3434 4973 ordinibus
3457 4902 3635 4971 applio

2032 4979 2257 5042 candos,
2284 4978 2384 5030 hac
2399 4975 2779 5030 observatione
2797 4972 3136 5043 promoveat,
3165 4981 3223 5028 ut
3238 4972 3449 5042 jejunio
3475 4987 3636 5043 quar-

2034 5051 2098 5114 ti,
2128 5048 2343 5118 septimi
2368 5055 2422 5101 et
2446 5043 2645 5101 decimi
2676 5046 2881 5101 mensis
2910 5058 3139 5113 vespere
3170 5045 3379 5099 sabbati
3411 5042 3637 5114 presby-

2031 5219 2158 5259 cau.
2191 5205 2281 5267 i7,
2306 5203 2487 5271 incipit
2510 5219 2667 5256 novus
2692 5218 2859 5256 conon
2888 5218 3007 5255 cum
3029 5202 3179 5256 titulo
3200 5200 3476 5258 :Gelasius
3498 5216 3636 5270 papa

2036 5277 2188 5330 cleto
2212 5288 2258 5329 et
2293 5274 2431 5341 plebi
2462 5271 2794 5328 Tarentinte.
2828 5272 3073 5344 Profecto
3093 5272 3202 5327 [nec
3232 5274 3470 5344 leguntur
3496 5274 3547 5325 in
3571 5274 3637 5327 Ii-

2038 5348 2126 5398 bro
2178 5346 2379 5399 Diurtto
2423 5345 2790 5397 liontanorum
2827 5343 3160 5409 pontificum,
3206 5355 3252 5395 et
3302 5353 3379 5409 est
3406 5345 3637 5411 formula

2036 5418 2322 5469 litterarum
2349 5430 2464 5485 qua!
2500 5415 2834 5468 tradebantur
2861 5414 3115 5482 episcopis
3145 5430 3317 5467 recens
3351 5413 3634 5485 ordinatis.

2038 5488 2101 5540 At
2128 5486 2261 5538 hanc
2285 5487 2563 5555 formulam
2585 5494 2847 5552 acceptam
2869 5500 2977 5539 esse
3004 5501 3068 5539 ex
3094 5486 3301 5552 scriptis
3323 5484 3517 5539 Gelasii
3543 5504 3636 5540 sa-

2038 5558 2102 5610 tis
2139 5556 2336 5610 indicat
2361 5565 2589 5616 vetustus
2634 5554 2880 5611 Lucensis
2928 5556 3095 5610 codex
3138 5555 3538 5622 manuscriptus,
3583 5558 3639 5612 in

2035 5644 2136 5696 quo
2177 5628 2283 5679 Ita'c
2314 5626 2428 5692 ipsa
2456 5626 2682 5696 formula
2720 5627 2813 5689 sub
2842 5624 3035 5681 Gelasii
3056 5627 3262 5679 nomine
3305 5626 3509 5695 legitur.
3548 5628 3637 5684 litt

2036 5695 2207 5751 autem
2228 5697 2392 5751 codex
2422 5698 2510 5750 ille
2528 5695 2716 5751 sat-nlo
2739 5706 2952 5753 exeunte
2977 5701 3071 5755 νιῖι
3091 5699 3336 5768 scriptus.
3370 5697 3560 5753 sisset.

2103 5838 2121 5869 ³
2156 5836 2238 5891 ΑΙ.
2279 5834 2583 5893 Brundustt.
