4190 6438
682 402 773 456 {Si

1599 399 1691 455 AD
1728 396 1955 455 OPEliA
1996 394 2267 461 GELASII,
2301 393 2500 450 ΡΑΡᾸΞ
2538 393 2981 453 APPENDICES.

3820 394 3915 453 IS!

678 526 822 570 teres
868 521 1027 582 atque
1080 513 1334 571 diaconos
1380 513 1708 575 ordfuandos
1758 526 1881 567 esse
1929 516 2236 582 cognoscat.
2268 509 2315 566 Α
2345 505 2594 582 ecclesia:
2634 506 2752 575 jura
2809 504 3175 582 qua:_vetus_ti_
3216 502 3488 582 principes
3530 502 3745 562 assidua
3788 518 3913 560 san-

678 579 1005 641 Veuerabiits
1032 583 1195 640 etiam
1224 582 1473 651 baptismi
1513 592 1905 651 sacramentum
1950 581 2049 633 nisi
2083 579 2134 632 in
2165 579 2241 633 feo

676 654 907 710 stivltate
932 654 1167 708 Paschali
1185 663 1237 709 et
1257 652 1571 708 Pentecoste
1597 650 1809 708 tradere
1830 666 1933 705 non
1956 656 2242 719 praesumat

675 724 915 795 exceptis
943 723 1255 795 egritudine
1283 722 1671 778 laborantibus.

1024 829 1271 870 σειιιιω
1295 828 1603 870 οαιειτικο
1627 824 1891 869 ερικορο.

678 907 757 960 Ad
782 905 1111 961 ministerium
1134 902 1614 1028 alicujgsﬂggﬁif
1653 901 1823 957 clerici
1861 901 2085 969 ejusdem
2122 915 2240 970 pro-

746 1077 771 1105 ο
804 1065 1127 1136 Pre-byteri,
1150 1064 1383 1136 diaconi,
1405 1074 1459 1136 et
1481 1061 1915 1136 universiclerici
1943 1063 2239 1119 Stomensis

672 1131 1072 1206 (llistoniensis)
1094 1134 1325 1206 civitatis
1343 1131 1763 1206 petitorionolxis
1782 1147 2095 1206 suggessere
2117 1149 2239 1206 pore

674 1201 841 1270 recto,
887 1205 942 1260 in
967 1201 1190 1261 ecclesia
1223 1204 1358 1258 beati
1389 1201 1637 1273 martyris
1670 1201 1959 1273 Eleutherii
1998 1201 2234 1273 episcopi

672 1277 814 1343 (qua:
857 1276 909 1330 in
939 1274 1239 1344 supradicta
1276 1272 1506 1344 civitatis
1530 1271 1805 1344 ‘parocltia
1834 1271 2238 1344 probaturssse

670 1340 1392 1416 constructalpresbyterum
1419 1340 1507 1416 qn_i
1537 1340 1862 1416 constitutus
1890 1340 2237 1416 fuerat_de_fe-

670 1414 843 1481 cisse;
874 1409 1044 1482 atque
1061 1413 1112 1467 in
1139 1409 1253 1482 ejus
1278 1409 1450 1482 locum
1473 1409 1740 1482 lulianum
1768 1412 2235 1482 diaconumipsius

672 1429 843 1481 (1588;
874 1429 1033 1482 atque
1061 1429 1112 1467 ιη
1139 1429 1170 1467 e
1195 1429 1253 1465 UB
1278 1429 1450 1466 IOL’ulll
1473 1429 1740 1465 Jllllanum
1768 1429 2047 1467 utaconutn
2072 1429 2235 1479 IpSllJS

672 1484 917 1539 ecclesiae
939 1497 1034 1552 pro
1053 1429 1360 1537 celebritate
1380 1481 1546 1545 ipsius
1571 1481 1672 1552 loci
1700 1482 2014 1552 quantocius
2036 1481 2236 1536 debere

670 1548 1035 1607 ordinariJEt
1082 1552 1220 1613 ideo,
1260 1552 1429 1605 frater
1473 1548 1769 1615 carissime,
1815 1550 1862 1605 si
1889 1548 1958 1607 de
1986 1552 2100 1619 ejus
2127 1554 2232 1606 vita

670 1624 753 1677 vel
785 1622 1021 1677 moribus
1068 1621 1198 1676 nihil
1236 1632 1321 1675 est
1355 1620 1496 1688 quod
1543 1629 1726 1674 contra
1757 1634 2023 1675 canonum
2055 1622 2233 1676 veniat

668 1700 888 1766 statuta,
912 1692 1328 1766 suprascriptum
1360 1689 1673 1766 presbyterii
1702 1690 1904 1745 honore
1927 1690 2227 1766 decorabis,

666 1759 899 1815 sciturus
947 1775 1069 1815 eum
1114 1760 1404 1815 visitaturis
1445 1770 1494 1811 te
1533 1760 1749 1812 nomine
1793 1773 1898 1813 non
1942 1759 2229 1814 cardinalis

666 1844 877 1885 creasse
905 1830 1190 1912 pontificis.
1217 1830 1419 1920 Pariter
1435 1829 1593 1910 etiam
1622 1836 1677 1883 et
1703 1827 2090 1909 [felicissimum
2115 1830 2226 1909 dia-
2260 1861 2304 1920 Β

666 1913 862 1954 conum
912 1898 961 1953 in
1015 1900 1128 1969 ejus
1182 1898 1422 1969 neclesize
1470 1899 1763 1969 ministerio
1806 1899 1848 1952 si
1893 1902 2228 1969 conversatio

665 1969 1022 2049 ejuspatitur,
1048 1968 1400 2049 subrogabis,
1445 1976 1499 2020 ut
1528 1968 1676 2021 locus
1700 1968 2061 2049 processionis
2090 1968 2233 2023 cele-

667 2037 930 2090 berritntts
949 2038 1013 2090 ad
1037 2037 1410 2107 mysteriorum
1441 2038 1895 2092 consecrationem
1925 2052 2025 2093 nec
2053 2053 2231 2093 sacer-

667 2107 789 2163 dote
820 2108 1053 2178 indigeat.
1082 2122 1179 2162 nec
1207 2108 1474 2162 ministro.

992 2210 1243 2253 GELASIUS
1274 2212 1402 2251 ΡΛΡΔ
1432 2208 1668 2251 ΕΖΕΟΒΙΒ
1697 2209 1897 2251 COIITI.

812 2291 850 2342 Α
873 2290 1108 2344 aazculari
1117 2289 1294 2359 judice
1313 2288 1523 2343 clericus
1546 2304 1645 2341 non
1674 2297 1750 2342 est
1777 2289 2085 2343 audiendus.

735 2378 1049 2433 Christianis
1096 2385 1302 2446 gratum
1344 2391 1557 2446 semper
1596 2375 1756 2430 debet
1795 2392 1937 2441 esse,
1981 2377 2119 2446 quod
2163 2378 2230 2432 ab

662 2463 846 2503 eorum
906 2448 1140 2513 poscitur
1192 2448 1449 2516 d‘gnitate
1490 2446 1849 2514 prmatandttm
1890 2465 1903 2498 :
1943 2448 2062 2516 quia
2120 2447 2231 2502 Deo

665 2516 1017 2573 servientibus
1049 2517 1363 2571 beneficium
1397 2530 1589 2584 negare
1619 2530 1723 2569 non
1763 2519 2033 2571 convenit.
2061 2516 2230 2571 Silve-

665 2598 777 2641 ster
805 2587 981 2656 itaque
1021 2597 1179 2656 atque
1209 2586 1602 2656 Fatrstjnianus,
1641 2586 1730 2653 qui
1773 2600 1833 2639 se
1878 2600 1907 2639 a
1948 2587 2228 2641 cunabulis

665 2653 1254 2719 clericos'confitentur,
1282 2670 1311 2708 a
1342 2654 1623 2710 Theodora
1647 2670 1705 2709 se
1734 2656 1959 2721 opprimi
1992 2670 2087 2723 per
2118 2658 2228 2709 υἱο-

663 2726 881 2779 lentiam
903 2734 1318 2794 conqueruutur,
1346 2726 1468 2795 quia
1482 2725 1673 2795 dicunt
1699 2739 1759 2779 se
1786 2726 2041 2795 ingenuos
2067 2733 2227 2793 atque

662 2797 774 2849 Deo
798 2793 1035 2860 auctore,
1071 2795 1311 2862 pristina:
1337 2793 1657 2847 conditionis
1680 2794 1901 2849 nexibus
1926 2794 2221 2862 absolutos,

660 2866 714 2920 in
740 2874 937 2919 sortem
971 2864 1275 2919 deterrima:
1301 2864 1493 2918 iterum
1526 2864 1797 2917 servitutis
1818 2863 2012 2930 addici,
2048 2872 2101 2919 et
2132 2879 2226 2932 per

659 2936 1038 2989 auctoritatem
1070 2936 1269 3003 regiam
1295 2942 1479 2988 contra
1509 2934 1653 3002 leges
1679 2935 1936 3003 publicas.
1969 2949 2089 2988 cum
2113 2939 2221 2991 cleo

661 3005 809 3059 ricali
838 3005 1049 3072 cingulo
1076 3015 1385 3059 tenerentur
1410 3004 1636 3071 astricti,
1672 3018 1765 3073 per
1789 3004 2221 3061 archidiaconum

660 3075 807 3128 urbis
837 3074 1201 3137 Grumentinre
1225 3089 1344 3129 esse
1372 3083 1683 3138 conventos,
1716 3088 1834 3128 cum
1866 3082 2074 3128 constet
2101 3089 2223 3131 eum

662 3145 750 3211 qui
782 3144 1054 3198 etelestem
1087 3145 1307 3199 militem
1339 3144 1532 3210 pulsat.
1556 3144 1761 3197 nonnisi
1794 3145 1910 3210 ejus
1935 3142 2104 3197 forum
2128 3146 2221 3199 de-

658 3213 788 3269 bere
816 3214 1029 3268 scctari.
1057 3214 1121 3269 Et
1150 3214 1287 3275 ideo.
1320 3213 1514 3268 dilecte
1550 3213 1651 3277 fili,
1683 3214 1920 3282 depenso
1944 3213 2221 3268 salutatio-
2251 3218 2295 3279 C

659 3285 742 3337 nis
779 3283 938 3337 aifatu
968 3283 1300 3352 supradictas
1343 3282 1568 3337 clericos
1597 3283 1692 3337 tibi
1720 3284 2060 3349 commendo,
2097 3296 2151 3338 nt
2177 3286 2222 3339 si

656 3353 724 3406 ad
772 3351 1135 3422 delegatorum
1176 3351 1434 3421 judicium
1480 3367 1665 3407 eorum
1711 3353 2001 3408 adversarii
2043 3357 2225 3411 venire

659 3425 1077 3490 contempserint
1124 3424 1463 3476 sublimitatis
1513 3430 1616 3477 tum
1657 3422 1879 3477 tuitione
1927 3424 2221 3490 vallentur;

658 3508 727 3545 ne
756 3493 879 3561 quid
912 3492 1016 3546 illis
1053 3501 1145 3546 aut
1180 3491 1474 3559 subreptio,
1518 3498 1610 3545 aut
1645 3492 1837 3561 nimica
1878 3492 2087 3561 legibus
2115 3495 2227 3547 vin-

660 3560 802 3617 lenta
832 3563 1124 3633 necessitas
1152 3562 1577 3633 Aitnponat,_guia
1616 3560 1706 3632 qui
1723 3560 1982 3631 judicium
2010 3562 2225 3633 refugit,

657 3641 876 3701 apparet
905 3646 1025 3687 eum
1050 3631 1118 3686 de
1141 3631 1343 3700 justitia
1365 3630 1614 3703 diffisum.

873 3736 1122 3778 GELASIUS
1151 3735 1386 3776 CRISPINO
1422 3734 1489 3776 ET
1521 3734 1705 3775 SABINO
1736 3736 2013 3777 EPISCOPIS.

715 3814 937 3869 Nonnisi
964 3814 1031 3866 ad
1055 3814 1407 3882 episcoporum
1426 3812 1686 3884 judicium
1707 3812 1921 3866 clericus
1947 3824 2165 3869 tacetur.

727 3910 751 3947 ι)
776 3908 1033 3963 Silvester
1074 3917 1130 3960 et
1156 3905 1535 3962 Faustinianus
1572 3902 1824 3958 Ecclesiae
1855 3901 2225 3961 Grumentiure

656 3979 833 4033 clerici
868 3979 1179 4045 Iacrymosa
1202 3976 1356 4029 nobis
1384 3975 1738 4045 insinuatione
1774 3977 2053 4041 conquesti
2078 3987 2222 4041 sunt,

658 4051 954 4101 libertatem
983 4043 1097 4097 sibi
1152 4044 1353 4099 domini
1408 4043 1488 4096 sui
1537 4043 1859 4107 benignitate
1914 4059 2225 4099 concessam

658 4118 929 4172 lncrcdum
959 4116 1074 4180 ejus
1100 4116 1453 4182 oppressione
1485 4111 1700 4179 pulsari,
1733 4112 1943 4182 sibique
1984 4113 2034 4165 iu
2064 4115 2223 4168 cleri-

657 4199 805 4242 catus
858 4186 1035 4238 oflicio
1078 4181 1213 4252 pene
1265 4200 1293 4236 a
1333 4182 1609 4237 cunabulis
1656 4181 2031 4252 servientibus,
2064 4185 2224 4237 etiam

658 4256 1047 4311 manumissum:
1082 4251 1315 4318 ’viveitte,
1370 4256 1422 4305 tn
1478 4252 1666 4304 eodem
1711 4259 1831 4304 actu
1876 4251 2225 4308 nihilominus

657 4326 980 4389 constitutis,
1027 4324 1222 4378 divinis
1274 4320 1545 4392 mysteriis
1591 4321 1920 4392 impendere
1947 4324 2221 4376 servitium

658 4412 764 4451 non
799 4397 980 4461 licere,
1018 4410 1136 4448 cum
1156 4395 1220 4464 (si
1267 4390 1574 4464 petitionem
1616 4391 1813 4445 veritas
1844 4390 2221 4464 subsequatur)

656 4478 839 4519 contra
872 4460 1037 4535 patris
1065 4473 1131 4535 ct
1157 4460 1387 4535 auctoris
1426 4462 1507 4515 sui
1554 4460 1749 4535 factum
1776 4462 2131 4523 venientibus,
2166 4460 2223 4517 ut

658 4531 909 4605 indignis,
941 4533 1223 4605 luereditas
1255 4533 1459 4605 legibus
1493 4531 1783 4596 auferatur,
1801 4545 1915 4605 _nec
1940 4546 2033 4605 es
2065 4535 2221 4605 liceat

658 4601 1019 4661 ltwreditatem
1042 4603 1375 4670 capientibus
1397 4611 1584 4655 contra
1611 4601 1845 4654 auctoris
1871 4603 1951 4655 sui
1980 4603 2227 4669 prosilire

656 4677 929 4744 judicium.
988 4674 1053 4729 Et
1106 4673 1247 4738 ideo,
1296 4676 1488 4744 fratres
1536 4671 1820 4744 carissimi,
1864 4672 2113 4738 quoniam
2167 4688 2227 4729 se

656 4741 815 4800 etiam
843 4747 910 4800 ab
937 4744 1313 4798 archidiacono
1336 4742 1491 4796 dicite
1535 4741 1783 4794 Ecclesia;
1813 4753 2105 4808 queruntur
2131 4758 2226 4809 ep-

657 4829 893 4883 pressos,
926 4815 1013 4881 qui
1038 4829 1131 4883 per
1157 4828 1340 4868 eorum
1376 4810 1671 4866 absentiam
1712 4810 2066 4883 moderatoris
2087 4812 2228 4880 judi-

658 4880 796 4938 cium
848 4880 1088 4953 promisit
1125 4898 1216 4938 eos
1246 4897 1366 4937 esse
1395 4892 1692 4953 secuturos,
1721 4880 1941 4953 calcatis
1982 4885 2227 4938 omnibus

658 4950 970 5017 rationibus,
1002 4964 1052 5007 et
1084 4961 1268 5008 contra
1295 4956 1437 5018 leges
1459 4950 1664 5003 divinas
1693 4960 1746 5003 et
1783 4951 2024 5018 publicas
2053 4955 2229 5018 pulsa-

660 5028 746 5085 tis,
782 5026 953 5079 forum
1005 5040 1157 5077 suum
1207 5026 1411 5088 putavit
1450 5020 1647 5074 auferri
1693 5022 1743 5074 in
1787 5029 1968 5075 vestro
2002 5020 2225 5089 judicio,

660 5095 900 5163 quisquis
938 5094 1025 5149 ille
1071 5106 1151 5148 est
1178 5093 1267 5162 qui
1302 5094 1554 5147 clericum
1595 5092 1808 5145 lacessit
1859 5092 2135 5157 adveniat,
2173 5103 2232 5147 ut

730 5236 757 5265 ι
782 5227 964 5281 Canou
988 5222 1084 5278 iste
1109 5224 1263 5290 plane
1283 5222 1520 5292 cohaeret
1544 5236 1664 5277 cum
1688 5222 1979 5292 fragmento
2003 5225 2069 5279 ab
2098 5224 2224 5280 [iol-

663 5299 834 5351 steuio
878 5312 945 5349 es
984 5292 1295 5348 collectione
1338 5291 1539 5348 cardiu.
1587 5291 1878 5349 Deusdedit
1920 5294 2130 5364 vulgato
2175 5306 2230 5351 et

664 5367 749 5421 hic
777 5380 995 5421 excuso.
1023 5365 1067 5417 Μ
1088 5379 1206 5416 last.

736 5436 761 5473 ιν
786 5436 982 5489 Ambos
1015 5434 1110 5487 bos
1134 5446 1361 5486 canones
1386 5432 1515 5486 falso
1540 5432 1755 5486 inscribi
1778 5432 1989 5489 Gelasio
2006 5434 2227 5500 judicat,

665 5520 765 5558 nec
801 5506 1091 5569 immerito,
1144 5503 1426 5575 Berardus,
1458 5519 1579 5575 cum
1624 5503 2118 5575 arcltidiaconorum
2146 5508 2227 5575 ju-

661 5576 898 5629 t'isdictio
928 5576 1239 5629 recentioris
1273 5572 1564 5639 disciplima
1596 5574 1877 5628 exstiterit.
1909 5574 2095 5629 Manet.

737 5654 758 5681 ε
780 5642 1078 5711 Suspiciosi
1109 5654 1191 5699 est
1222 5644 1333 5698 haec
1371 5644 1593 5711 cpistola
1624 5644 1877 5713 Berardu,
1926 5645 2053 5713 imo,
2086 5662 2150 5716 qu
2190 5647 2220 5701 d

739 5779 751 5807 ¹
780 5776 847 5831 Al
904 5777 1116 5833 Sabina-

2259 4577 2306 4637 D

2343 576 2522 633 ctione
2548 577 2917 641 firmaverunt,
2951 574 3459 647 itnpetitis’cleriCis
3497 590 3603 633 non
3636 583 3910 647 negentur.

2631 686 2883 745 GELASiUS
2912 701 3045 741 PAPA
3068 687 3082 719 ⁸
3109 700 3334 743 FABIAIO
3362 699 3626 741 ενιεεοιιο.

2344 775 2671 847 Baptisamlis
2694 792 2931 831 numerus
2958 793 3057 830 non
3082 777 3376 847 imponatur
3403 793 3495 832 nec
3518 775 3912 831 catlicdraticuut

2673 847 2808 902 ultra
2829 856 3076 902 vetustum
3106 863 3296 901 morem
3322 848 3578 917 exigatur.

2412 940 2521 995 Nec
2550 952 2801 994 numerus
2836 936 3169 1005 baptizandis
3190 937 3337 1007 justo
3377 937 3615 992 creditur
3638 936 3910 1005 imponen-

2339 1009 2460 1073 dus,
2489 1022 2609 1064 cum
2634 1008 2813 1078 quanti
2836 1007 3107 1075 petierint,
3137 1006 3223 1063 vel
3249 1007 3318 1062 ad
3346 1006 3807 1078 regenerationem
3835 1008 3911 1061 fe-

2340 1077 2980 1147 stinaverittt,'nott_sint
3017 1093 3114 1147 pro
3166 1078 3383 1133 alterius
3427 1077 3700 1147 voluntate
3739 1078 3911 1145 repel-

2341 1148 2506 1203 lendi.
2536 1149 2601 1202 Et
2646 1145 2787 1211 ideo,
2831 1145 2997 1203 frater
3021 1145 3330 1212 carissime,
3380 1145 3682 1215 huiusmodi
3721 1160 3910 1215 super-

2339 1219 2498 1273 fluam
2522 1217 2957 1273 constitutionem
2995 1217 3170 1272 modis
3210 1214 3461 1272 omnibus
3500 1214 3818 1281 removebis,
3850 1224 3909 1267 ut

2339 1286 2699 1358 unusquisque
2740 1295 2835 1358 aut
2854 1287 2907 1358 in
2928 1286 3100 1358 vicina
3127 1286 3229 1344 sibi
3257 1287 3515 1358 eccle-ia1
3538 1293 3629 1339 aut
3658 1286 3708 1358 in
3737 1285 3907 1358 electa

2340 1374 2435 1426 pro
2479 1354 2591 1413 sua:
2616 1354 2837 1412 Vmeutis
2872 1356 3171 1424 baptizatur
3210 1358 3450 1412 arb-trio.
3479 1354 3905 1426 Cathedraticum

2336 1425 2495 1482 etiam
2522 1442 2630 1481 non
2657 1427 2883 1495 amplius
2911 1441 3069 1495 quam
3097 1428 3291 1482 vetusti
3320 1429 3483 1481 moris
3508 1439 3626 1479 esse
3652 1425 3907 1495 constite-

2338 1508 2425 1562 rit,
2455 1496 2524 1551 ab
2545 1497 2662 1565 ejus
2692 1494 2793 1553 loci
2817 1494 3129 1566 presbytero
3159 1495 3373 1551 noveris
3393 1495 3731 1566 exigendum,
3756 1505 3812 1566 et
3838 1494 3906 1547 de

2338 1566 2422 1621 his
2467 1563 2588 1637 (ιιιερ
2616 1567 2702 1622 die
2741 1563 3088 1637 dedicationis
3131 1566 3328 1620 fuerint
3368 1563 3705 1637 offerentium
3735 1564 3903 1637 devo-

2337 1632 2726 1703 tione'collata,
2752 1636 3215 1699 consuetudinem,
3245 1649 3365 1703 qua:
3387 1633 3706 1703 generaliter
3730 1632 3898 1689 omni-

2334 1707 2432 1761 bus
2460 1706 2703 1762 ecclcsiis
2731 1717 2815 1762 eet
2845 1706 3154 1776 prtescripta
3182 1705 3443 1761 servabis.

2394 1813 2639 1855 GELASIUS
2670 1814 2801 1853 ΡΑΡΑ
2826 1814 3063 1854 Pili].le
3091 1813 3158 1853 ΒΤ
3189 1799 3210 1829 ³
3231 1812 3529 1853 ῦειιυκτικο
3555 1808 3833 1855 ενιεςοιιιβ.

2496 1887 2563 1942 In
2589 1886 2827 1943 electione
2846 1888 3070 1959 episcOpi
3093 1888 3347 1958 parochtts
3369 1888 3508 1943 debet
3535 1889 3731 1955 adesse.

2410 1989 2433 2018 ε
2463 1977 2618 2033 Plebs
2644 1978 2942 2032 Diotrensis
2962 1976 3083 2032 data
3116 1978 3271 2033 nobis
3300 1981 3554 2047 petitione
3580 1978 3793 2033 deflevit
3814 1977 3904 2032 diu

2333 2062 2392 2101 se
2437 2048 2556 2102 sine
2601 2046 2826 2102 rectoris
2861 2048 3058 2116 proprii
3085 2046 3468 2117 gubernatione
3503 2049 3756 2117 dispergi.
3803 2047 3899 2112 Ac,

2336 2118 2474 2172 sicut
2501 2119 2782 2182 asseritur,
2818 2114 2877 2185 isi
2892 2114 2979 2184 qui
3029 2132 3055 2167 a
3090 2114 3256 2170 'vobis
3278 2119 3386 2185 jam
3432 2114 3904 2184 proba'tus'dicitur

2335 2201 2361 2240 a
2393 2187 2595 2256 paucis,
2641 2195 2695 2242 et
2722 2184 2969 2241 tenuibus
3007 2186 3117 2256 jam
3162 2184 3376 2256 putatur
3402 2191 3626 2253 electus,
3669 2203 3789 2242 cum
3833 2186 3900 2241 ad

2332 2271 2429 2310 vos
2473 2256 2566 2328 (al.
2614 2257 2733 2328 nos)
2780 2257 3043 2322 pertineat
3079 2260 3357 2328 universos
3403 2259 3612 2313 aSsidua
3658 2257 3905 2311 admoni-

2334 2325 2491 2381 tione
2518 2326 2861 2396 compellere,
2894 2336 2953 2379 ut
2990 2341 3178 2382 omnes
3207 2325 3259 2380 in
3291 2344 3452 2383 unum
3484 2343 3638 2396 quem
3679 2328 3900 2395 dignum

2330 2394 2653 2451 sacerdotio
2681 2394 2946 2467 viderint,
2988 2406 3045 2451 et
3096 2398 3213 2451 sine
3261 2398 3435 2467 aliqua
3485 2394 3905 2466 reprelien’simze

2331 2468 2685 2520 consentiant.
2734 2465 2800 2519 Et
2826 2464 2963 2531 ideo,
3013 2466 3204 2521 fratres
3237 2464 3521 2527 carissimi,
3551 2464 3804 2521 diversos
3831 2479 3898 2518 ex

2332 2537 2579 2591 cronibus
2616 2550 2760 2604 stepe
2797 2534 2920 2589 dicti
2952 2536 3050 2591 loci
3095 2539 3358 2605 parochiis
3392 2537 3756 2606 presbyteros,
3784 2536 3904 2588 dia-

2329 2618 2518 2668 conos,
2544 2616 2600 2660 et
2628 2606 2928 2659 universam
2962 2608 3168 2661 turbant
3203 2622 3294 2660 vos
3322 2616 3533 2673 Oportet
3560 2606 3753 2673 smpins
3774 2619 3903 2658 con-

2330 2689 2542 2739 vocare,
2567 2684 2829 2744 quatenus
2855 2690 2960 2728 non
2987 2685 3142 2744 prout
3161 2677 3379 2730 cuilibet
3402 2673 3632 2739 libuerit,
3658 2674 3750 2729 sed
3773 2688 3902 2728 con-

2328 2745 2676 2799 curdantibus
2715 2744 2905 2798 animis
2937 2748 3097 2799 talem
3142 2747 3294 2799 vob's
3323 2746 3752 2806 admonentibus,
3798 2744 3901 2797 sibi
3946 2792 3949 2793 ν

2324 2823 2566 2881 quaerant
2592 2815 2705 2868 sola
2746 2814 3046 2869 Divinitatis
3080 2816 3375 2871 attentione
3405 2829 3709 2883 personam,
3739 2828 3897 2868 uuam

2327 2884 2467 2965 nulla
2494 2884 2847 2965 contrarietas
2888 2897 2919 2938 a
2948 2885 3250 2940 constitutis
3282 2890 3450 2956 possit
3478 2899 3731 2940 revocare
3759 2898 3897 2951 pne-

2323 2955 2557 3022 scriptis.

2678 3082 2929 3124 GELASIUS
2968 3082 3245 3123 BONIFACIO
3276 3081 3541 3123 EPISCOPO.

2333 3180 2483 3247 Quod
2502 3181 2631 3234 servi
2661 3181 2906 3251 fugientes
2930 3181 3169 3251 dominos
3196 3198 3314 3235 suos
3338 3183 3405 3233 ad
3432 3180 3712 3251 ecclesiam,
3743 3179 3898 3231 intrr—

2559 3250 2836 3304 cessionem
2856 3250 3033 3304 debent
3061 3266 3285 3320 querere
3305 3268 3405 3304 non
3428 3250 3665 3329 latebras.

2398 3339 2691 3394 Metuentes
2731 3340 2914 3395 famuli
2963 3339 3212 3396 dominos
3255 3340 3303 3395 si
3354 3340 3421 3394 ad
3464 3340 3708 3395 ecclesia:
3750 3348 3898 3405 septa

2325 3410 2676 3479 confugerint,
2707 3410 3146 3466 intercessionem
3175 3412 3370 3465 debent
3392 3424 3652 3477 quaerere,
3682 3424 3786 3461 non
3807 3411 3898 3479 Ala-

2328 3477 2526 3546 tcbras,
2560 3495 2626 3534 ne
2652 3480 2764 3535 lucc
2796 3481 2908 3549 ipsa
2952 3482 3293 3550 praesumptio
3338 3480 3600 3534 tarditatis
3631 3477 3902 3532 temerita-

2329 3559 2433 3603 tem
2462 3558 2653 3617 augeat
2676 3550 2959 3605 renitendi.
2994 3550 3159 3606 Filius
3194 3550 3333 3605 enim
3368 3559 3550 3604 noster
3576 3550 3656 3602 vir
3687 3560 3899 3617 specta-

2331 3618 2450 3672 bilis
2499 3615 2687 3673 Petrus
2726 3622 2967 3688 queritur
3012 3635 3223 3673 servum
3265 3635 3419 3674 suum
3469 3621 3521 3673 in
3567 3618 3789 3673 ecclesia
3834 3615 3897 3671 S.

2327 3688 2615 3743 Clementis
2654 3689 2855 3743 diutius
2903 3690 3249 3756 commorari,
3298 3691 3380 3744 cui
3421 3704 3539 3743 cum
3589 3690 3899 3753 deputasset

2327 3768 2659 3813 sacramenta
2692 3760 2954 3826 praestari,
2990 3761 3135 3813 illum
3181 3761 3360 3828 egredi
3405 3758 3544 3812 nulla
3575 3761 3781 3828 ratione
3804 3770 3900 3807 vo-

2327 3829 2516 3882 luisse.
2551 3828 2615 3881 Et
2647 3828 2770 3883 ideo
2804 3829 3033 3884 dilectos
3080 3827 3370 3897 supradicti
3410 3828 3636 3881 hominis
3665 3827 3742 3897 de
3764 3840 3900 3892 prrc-

2326 3897 2464 3950 senti
2494 3912 2613 3950 cum
2644 3913 2710 3953 eo
2738 3913 2897 3965 quem
2920 3895 3292 3966 elegerit—esse
3318 3898 3623 3961 mittendus,
3658 3895 3747 3964 qui
3776 3909 3898 3947 cunt

2326 3967 2395 4038 de
2426 3967 2739 4038 impunitate
2761 3970 2877 4031 ejus
2908 3978 3237 4023 sacramenta
3271 3969 3614 4038 praebuerint,
3640 3982 3763 4018 eum
3793 3974 3903 4017 sta-

2328 4037 2422 4088 tim
2474 4035 2636 4090 facies
2679 4036 2744 4089 ad
2786 4038 3057 4092 dominum
3108 4035 3478 4091 suum'modis
3524 4037 3770 4089 onmibus
3815 4049 3905 4087 re-

2330 4120 2541 4169 meare;
2568 4116 2658 4159 aut
2679 4106 2721 4159 si
2752 4107 2801 4159 in
2830 4108 2927 4161 bac
2955 4108 3244 4174 pertinacia
3276 4106 3412 4161 forte
3444 4106 3757 4174 perstiterit,
3782 4112 3904 4173 post

2328 4186 2715 4230 sacramentum
2736 4174 2838 4232 sibi
2859 4178 3208 4245 praestitutum
3233 4178 3486 4231 reddatur
3508 4176 3723 4231 invitus.

2582 4302 2830 4344 GELtSlUS
2858 4304 3045 4343 ncrtno
3072 4306 3137 4343 [τ
3167 4305 3340 4344 APRIL!
3368 4292 3645 4344 episcopis.

2402 4398 2540 4475 Quis
2558 4408 2647 4475 aut
2680 4400 2822 4467 leges
2850 4399 3169 4475 principum,
3196 4412 3285 4475 aut
3310 4401 3523 4475 Patrum
3558 4399 3784 4475 regulas,
3814 4409 3906 4475 aut

2332 4467 2723 4523 admonitiones
2766 4467 3051 4523 moderans
3078 4471 3217 4522 dicat
3256 4470 3454 4525 debere
3485 4467 3771 4533 conténmi,
3803 4470 3904 4522 nisi

2332 4540 2422 4606 qui
2449 4539 2765 4607 impunitum
2793 4541 2895 4593 sibi
2927 4548 3129 4594 tantum
3151 4540 3381 4596 testimet
3404 4544 3631 4595 transire
3656 4542 3906 4595 commis-

2333 4623 2473 4662 sum.
2518 4618 2737 4663 Artores
2766 4609 3029 4677 siquidem
3073 4611 3194 4662 filiae
3226 4624 3423 4665 uosme
3454 4611 3672 4666 illustris
3698 4619 3749 4665 et
3790 4624 3908 4663 ma-

2332 4679 2542 4747 gnifica:
2569 4678 2779 4733 femina:
2810 4680 3049 4734 Maxima:
3092 4680 3324 4746 pctitorii
3362 4681 3515 4749 nobis
3551 4681 3908 4748 insinuatione

2334 4749 2611 4816 conquesti
2628 4763 2751 4803 sunt
2776 4750 3089 4805 Silvestrum
3108 4759 3267 4817 atque
3280 4752 3571 4805 Candidum
3592 4750 3908 4817 originarios

2335 4832 2466 4873 suos
2492 4829 2674 4872 contra
2710 4820 3119 4874 constitutiones
3166 4836 3282 4887 quae
3329 4822 3648 4890 supradicta:
3687 4831 3828 4881 sunt,
3857 4828 3909 4871 et

2338 4890 2763 4945 contradictione
2791 4901 3069 4959 praeeunte
3107 4905 3136 4941 a
3162 4890 3426 4945 Luecrino
3461 4893 3708 4959 νοηιίίιοε
3737 4892 3910 4945 diaco-

2338 4972 2437 5012 nos
2465 4960 2761 5014 ordinatos.
2796 4960 2939 5025 ldeu,
2972 4959 3160 5013 fratres
3197 4962 3483 5026 carissimi,
3514 4971 3673 5016 tantas
3715 4976 3911 5028 praeva-

2338 5029 2613 5101 ricationis
2634 5045 2888 5085 excessus
2918 5030 3173 5084 noveritis
3199 5032 3440 5101 sagacius
3464 5030 3834 5101 inquirendos;
3861 5039 3911 5101 et

2336 5099 2381 5154 si
2404 5099 2705 5155 constiterit
2732 5101 3010 5169 querelam
3040 5099 3279 5157 veritate
3300 5102 3495 5168 fulciri,
3538 5099 3791 5157 continuo
3821 5099 3915 5170 qui

2335 5232 2571 5296 mireris,
2621 5234 2931 5303 imposturte
2964 5244 3233 5291 auctorem
3263 5237 3575 5292 Anselmum
3617 5235 3912 5291 Lueeusem

2336 5304 2635 5377 suspicatur
2677 5319 2849 5377 aquo
2891 5322 2997 5360 uno
3042 5307 3322 5361 Gratianus
3367 5308 3593 5377 arcepit.
3632 5376 3639 5377 ί
3681 5307 3912 5361 Cttrmnn

2337 5374 2559 5440 quaeso?
2593 5375 2734 5441 quod
2769 5378 2836 5429 de
2873 5377 3168 5431 antistitum
3209 5374 3559 5432 electionibits
3592 5376 3677 5430 hic
3706 5384 3909 5441 agatur.

2336 5457 2559 5511 quarum
2588 5444 2885 5500 libertatem
2916 5460 3157 5501 asserere
3194 5463 3223 5502 e
3253 5464 3311 5503 re
3347 5447 3580 5502 Ansclmi
3612 5458 3749 5507 erat,
3782 5461 3911 5496 llllll-

2338 5512 2463 5592 quid
2494 5524 2774 5592 propterea
2816 5516 2956 5592 quod
2984 5516 3069 5571 hic
3098 5518 3411 5592 decernitur
3437 5518 3730 5588 disciplina:
3760 5514 3912 5571 Gela-

2338 5585 2503 5637 sianae
2532 5585 2675 5638 tetati
2705 5587 3069 5643 aversabatur.
3097 5588 3280 5645 MASSI.

2416 5773 2620 5835 ’_Forte
2649 5773 2905 5832 (Ieremia.
