4154 6412
649 402 736 455 171

1006 520 1301 566 ιυαικει.

711 627 974 710 quscula
1004 625 1140 680 beati
1169 618 1404 689 Gregorii
1422 616 1667 670 Namnam

642 699 890 766 seuiepi.
1021 763 1048 766 ,ί
1124 761 1156 766 _
1322 755 1356 766 ,.
1516 753 1528 766 .
1603 752 1617 766 .

711 753 977 849 Dpu'scula
1019 763 1076 817 Β.
1124 759 1282 815 Basili
1316 753 1667 825 Cappadocis:

642 852 899 906 episcopi.
1635 893 1646 904 ο

711 903 972 974 Opuscula
1003 901 1061 954 Β.
1087 897 1340 953 Athanasi
1370 894 1432 947 Αι
1461 894 1671 947 παηανιο

643 977 697 1028 ni
725 974 976 1043 episcopi.

708 1165 972 1236 Opuscula
1021 1160 1301 1231 Theophili
1331 1157 1669 1212 Alexandrini

639 1235 896 1306 episcopi.

716 1296 980 1374 Ops-acula
1018 1301 1081 1356 Β.
1113 1298 1296 1371 Cyrilli
1331 1296 1668 1350 Alexandrini

641 1375 886 1448 episcopi.
928 1443 940 1448 Α
1033 1441 1068 1448 _
1150 1439 1191 1448 __
1229 1438 1241 1448 _
1307 1435 1320 1448 Ο
1353 1437 1366 1448 ⁸
1411 1433 1466 1448 Ν

713 1433 978 1512 Opusculs
1033 1441 1092 1494 Β.
1149 1435 1322 1492 Helari
1353 1437 1369 1466 ¹
1402 1433 1674 1488 Pictaben-

647 1515 717 1568 sis
738 1511 994 1578 episcopi.

658 1577 668 1598 '
714 1572 1103 1649 'Opusc'nlaB.
1149 1576 1369 1649 Joannis
1408 1572 1669 1627 Constan-

646 1647 978 1719 tinopblitani
1005 1647 1262 1719 episcopi.

713 1708 978 1780 opuscula
1007 1708 1076 1769 -Β,
1115 1708 1380 1767 Ambrosii
1419 1708 1670 1764 Mediola-

641 1788 810 1844 uensis
834 1786 1088 1855 episcopi.

711 1847 974 1925 Opuscula
1020 1847 1086 1906 Β.
1141 1850 1418 1925 Augustini
1457 1848 1477 1879 ⁸
1518 1847 1679 1917 Ipone

649 1923 926 1990 Regiensis
951 1923 1205 1990 episcopi.

765 1942 926 1979 lenm
951 1942 1205 1990 episcopi.

695 1942 976 2063 muscum
1021 1996 1078 2046 Β.
1123 1989 1412 2043 Ilieronimi
1453 1987 1676 2056 presby-

647 2065 768 2120 teri.

717 2131 982 2201 Opuscula
1015 2129 1154 2182 Beati
1189 2127 1436 2195 Prosperi
1466 2125 1562 2179 viri
1591 2141 1667 2177 re—

651 2203 1003 2276 ligiosissimi,
1082 2267 1116 2276 κ
1195 2267 1213 2276 _
1341 2265 1351 2276 .

718 2272 740 2301 ⁸
774 2267 1140 2338 Opusculamll.
1193 2265 1384 2338 Leonis
1424 2276 1568 2338 papa:
1606 2262 1670 2314 ad

651 2331 956 2393 Flavianum
1025 2331 1665 2400 Constantinopolitanum

647 2413 952 2475 episcOpum
989 2405 1272 2468 destinata,
1295 2404 1445 2475 cujus
1477 2411 1676 2475 textum

649 2472 910 2548 quispiam
967 2476 1008 2528 si
1055 2490 1210 2542 usque
1265 2473 1330 2524 ad
1362 2487 1519 2548 unum
1575 2472 1679 2548 iota

649 2539 1248 2616 disputaverit,‘_et'non
1283 2556 1392 2594 eam
1427 2541 1478 2616 in
1507 2539 1679 2591 omni-

653 2611 751 2670 bus
792 2613 1163 2669 venerabiliter
1209 2611 1504 2679 receperit,
1555 2623 1683 2660 ana-

651 2686 828 2741 thema
861 2685 948 2736 sit.

717 2753 1006 2822 Opuscula,
1046 2752 1081 2822 '_
1115 2757 1374 2803 tractatus
1440 2751 1678 2822 omnium

650 2817 864 2878 Patrum
896 2819 1334 2877 orthodosorum.
1365 2818 1452 2884 qui
1482 2818 1533 2869 in
1562 2817 1677 2868 nul.

649 2894 700 2948 lo
723 2909 753 2947 a
782 2901 978 2946 sancire
1007 2889 1244 2945 ecclesiae
1275 2887 1526 2948 Romanas
1549 2901 1677 2939 con-

648 2963 819 3018 sortio
844 2960 1149 3020 deviarunt,
1177 2972 1274 3010 nec
1319 2957 1385 3022 ab
1433 2955 1548 3022 ejus
1579 2957 1680 3008 Iide

650 3035 730 3086 vel
761 3029 1133 3098 przedicatione
1163 3027 1385 3098 sejuncti
1409 3034 1563 3084 sunt;
1586 3025 1678 3078 sed

652 3095 814 3170 ipsius
837 3111 888 3152 Ill
923 3095 1394 3170 communicationis
1435 3109 1528 3158 per
1558 3107 1679 3170 gra-

652 3163 779 3223 tiam
826 3169 916 3220 Dei
963 3179 1131 3234 usque
1173 3165 1225 3218 in
1275 3163 1519 3234 ultimum
1547 3163 1680 3214 diem

653 3240 753 3292 vize
780 3252 889 3289 sua:
921 3231 1068 3289 fuere
1096 3235 1398 3304 participes,
1433 3231 1677 3300 legendos

649 3309 1003 3362 deseruimus.

723 3377 848 3430 Item
902 3374 1194 3427 decretaies
1240 3371 1494 3439 epistolas
1545 3385 1677 3439 quas

654 3446 944 3499 beatissimi
983 3455 1134 3510 papa:
1169 3441 1395 3510 diversis
1427 3441 1679 3508 tempori-

656 3517 752 3567 bus
781 3516 847 3565 ab
879 3509 1011 3565 urbe
1043 3509 1206 3564 Roma
1233 3525 1326 3574 pro
1349 3509 1677 3562 diversorum

651 3586 874 3637 Patrum
894 3582 1260 3636 consolatione
1285 3578 1562 3645 dederunt,
1589 3594 1680 3633 ve-

653 3654 956 3706 iierubiiiter
987 3651 1006 3680 ⁸
1035 3648 1391 3716 suscipienda.

722 3722 846 3774 Item
876 3728 1021 3788 gesta
1061 3727 1361 3772 sanctorum
1398 3718 1672 3788 martirum

648 3793 736 3861 qui
773 3787 1077 3861 multiplicis
1107 3789 1119 3858 [
1130 3803 1280 3839 manu
1303 3788 1510 3854 antiqua
1537 3787 1673 3861 inul-

649 3856 938 3927 IIpIICIbUS]
988 3856 1369 3913 tormentorum
1391 3924 1403 3927 _
1429 3856 1674 3927 cruciati-

650 3924 748 3982 bus
785 3938 840 3980 et
875 3924 1228 3987 iiiirubilibtis,
1268 3924 1673 3976 confessionum

649 3997 931 4064 triumphis
961 3995 1241 4048 inradiant.
1267 3993 1430 4064 Quis'
1460 3995 1558 4045 ista
1590 4008 1676 4044 ca-

649 4062 964 4120 tholicorum
1015 4064 1220 4116 dubitet
1267 4062 1441 4133 [manu
1470 4064 1678 4133 antiqua

647 4135 721 4206 et]
761 4137 958 4202 majora
1005 4149 1098 4187 eos
1143 4133 1194 4206 in
1225 4131 1482 4206 agonibus
1515 4132 1676 4206 fuisse

649 4200 952 4272 perpessos,
979 4216 1077 4256 nec
1091 4204 1201 4255 suis
1219 4201 1438 4272 viribus.
1456 4200 1548 4272 sed
1584 4200 1673 4272 Dei

645 4270 807 4340 gratio
827 4271 1152 4339 etadjutorio
1165 4271 1396 4322 universa
1411 4270 1677 4322 tolerasse?

649 4343 880 4396 Sedirleo
901 4342 1177 4394 secundum
1195 4340 1453 4408 antiquam
1470 4355 1679 4390 conme-

645 4413 867 4464 iudinem
897 4410 1149 4476 singulari
1177 4410 1382 4461 cautela
1419 4412 1466 4458 in
1495 4419 1673 4461 sancta

644 4482 882 4534 Itomana
932 4480 1165 4532 Ecclesia
1237 4493 1341 4530 non
1407 4479 1671 4544 leguntur,

643 4554 764 4616 quia
811 4562 864 4603 et
914 4563 1098 4601 eorum
1145 4549 1231 4615 qui
1270 4557 1672 4613 conscripserunt

644 4621 857 4673 nomina
898 4618 1106 4686 penitus
1137 4619 1473 4684 ignorantur;
1516 4627 1568 4668 et
1607 4617 1671 4667 ab

646 4685 946 4742 inﬁdelibus
973 4689 993 4718 ⁸
1023 4691 1099 4741 vel
1146 4687 1322 4740 idiotis
1378 4685 1666 4752 superﬂua,

645 4768 734 4810 aut
757 4758 928 4810 minus
957 4770 1079 4824 apta
1109 4773 1264 4823 quam
1291 4756 1365 4809 rei
1401 4757 1532 4808 ordo
1563 4756 1671 4807 lue-

647 4828 716 4880 rit
758 4840 877 4880 esse
923 4834 1157 4893 putatur.
1195 4825 1344 4880 Sicut
1389 4826 1664 4892 cujusdam

647 4897 840 4962 Quirict'
896 4904 948 4950 et
1013 4894 1230 4958 Julitaa,
1285 4896 1422 4948 sicut
1467 4893 1671 4962 Georgii

643 4967 972 5033 aliorumque
1043 4964 1301 5032 ejusmodi
1374 4967 1665 5031 passiones,

643 5052 759 5102 qua:
788 5035 856 5088 ab
882 5034 1140 5088 haereticis
1166 5033 1507 5100 perhibentur
1526 5047 1671 5088 com-

645 5105 847 5167 positae.
907 5105 1127 5169 Propter
1177 5105 1340 5170 quod,
1385 5114 1441 5156 ut
1469 5103 1666 5157 dictum

640 5185 742 5239 est,
770 5189 835 5228 ne
859 5173 938 5226 vel
971 5172 1099 5226 levis
1125 5171 1669 5227 subsannandiorire-

645 5251 728 5296 tur
753 5241 966 5297 occasio
1010 5243 1062 5296 in
1093 5245 1112 5276 ⁸
1142 5241 1380 5297 Romana
1431 5243 1664 5297 Ecclesia

715 5479 732 5510 ¹
761 5479 904 5534 Idem
927 5478 1073 5542 cod.,
1109 5477 1436 5532 Pictaeensis.

712 5549 733 5580 '
767 5549 818 5602 In
845 5547 1146 5616 Florentino
1175 5547 1262 5603 hic
1290 5551 1502 5616 ponitur
1531 5559 1646 5616 post
1670 5553 1727 5605 S.
1752 5551 2128 5610 Athanasium.

713 5615 736 5688 ξ
763 5618 902 5688 Idem
932 5617 1074 5688 cod.,
1107 5615 1388 5688 Yponeregi
1410 5615 1756 5688 Regionemia.

714 5685 736 5757 ξ
760 5687 901 5757 Idem
921 5687 1063 5752 cod.,
1093 5685 1340 5757 epistolis.

709 5754 733 5789 ⁸⁵
757 5755 904 5814 Idem
923 5757 1068 5824 cod.,
1095 5754 1242 5826 atque
1268 5764 1532 5811 tractatus.

1560 385 1650 440 AD
1685 383 1913 439 OPERA
1953 379 2220 438 GELASII
2263 378 2458 434 I‘APrE
2497 372 2936 434 APPENDICES.

1868 508 2227 570 VAJ‘ICANUI
2267 506 2634 550 ronnmm.

1810 611 2072 693 Opuscula
2091 610 2228 666 beati
2253 610 2478 679 Gregori
2496 607 2736 662 Nazazen
2751 633 2769 646 ο

1741 685 1816 740 sis
1837 685 1945 748 epi.

1811 743 1940 806 Item
1969 747 2220 818 opuscula
2246 747 2392 803 beati
2421 746 2579 801 Basili
2602 743 2774 812 Capa-

1741 822 2040 893 docize'epi.
2215 886 2228 893 ἑ
2329 887 2342 893 _
2453 889 2466 893 _
2761 881 2774 893 ο

1813 890 1942 943 Item
1969 883 1982 888 ’
2010 886 2263 957 opuscula
2328 887 2468 942 beati
2520 883 2776 939 Athanasi

1745 959 2084 1014 Alexandria:
2104 958 2211 1026 epi.

1814 1029 1944 1083 Item
1972 1042 2059 1095 op.
2089 1023 2226 1095 beati
2247 1023 2472 1080 Joannis
2517 1023 2777 1078 Constan-

1744 1093 2106 1166 tinopolitanae
2143 1093 2252 1166 cpi.

1812 1160 1939 1220 Item
1966 1181 2052 1233 op.
2071 1165 2208 1220 beati
2231 1161 2516 1230 Thesph'ili
2540 1160 2776 1215 Alexan-

1740 1237 1908 1290 drina:
1935 1237 2040 1304 cpi.

1781 1434 1948 1516 .Item.
1972 1448 2062 1504 op.
2114 1431 2254 1488 beati
2297 1429 2475 1486 Helori
2516 1427 2779 1484 Pictavino

1749 1519 1824 1558 sis
1864 1519 1973 1574 epi.

1820 1699 1947 1754 Item
1977 1713 2065 1767 op.
2090 1697 2228 1754 beati
2257 1695 2507 1751 Ambrosi
2531 1693 2788 1750 Mediola-

1751 1783 1943 1823 neuses
1969 1770 2074 1834 epi.

1823 1839 1950 1891 Item
1981 1833 2067 1903 op.
2110 1837 2170 1891 Β.
2201 1834 2480 1904 Augustini
2502 1833 2786 1902 Ipponere-

1751 1908 1912 1978 ginsis
1944 1910 2047 1976 cpi.

1824 1977 1950 2030 Item
1979 1974 2068 2044 op.
2092 1974 2232 2030 beati
2273 1974 2564 2028 Hieronimi
2596 1974 2733 2042 prbi.

1835 2120 1962 2172 Item
1991 2134 2080 2187 op.
2111 2116 2355 2186 Prosperi
2387 2117 2484 2170 viri
2507 2117 2791 2185 religiosis-

1752 2205 1895 2242 bIIIlI.

1832 2259 1956 2310 Item
1987 2256 2209 2322 epistola
2243 2254 2312 2307 bi.
2341 2255 2533 2308 Leonis
2559 2269 2677 2322 pop.
2713 2255 2779 2309 ad

1754 2327 2065 2382 Flavianum
2135 2325 2781 2389 ConstantinopnlitattuIn

1753 2397 2058 2465 episcobum
2087 2393 2332 2465 distinam
2358 2405 2387 2445 t.
2416 2395 2566 2465 cujus
2587 2402 2786 2465 textum

1755 2463 2013 2530 qiiis‘piam
2049 2464 2181 2530 suis,
2206 2478 2324 2531 quae
2363 2463 2426 2514 ad
2467 2479 2627 2515 unum
2683 2464 2786 2516 iota

1755 2534 2121 2602 dispotaverit.
2163 2543 2216 2585 et
2247 2549 2348 2584 non
2381 2547 2496 2583 cam
2532 2535 2582 2584 in
2614 2537 2786 2585 omni-

1756 2607 1852 2658 bus
1876 2602 2537 2670 venerabiliterreceperit,
2563 2602 2786 2655 anathe-

1756 2689 1838 2726 ma
1857 2682 1947 2725 Sil.

1823 2743 1950 2797 Item
1981 2755 2068 2807 op.
2120 2747 2372 2792 tractatus
2414 2737 2646 2792 omnium
2689 2739 2788 2793 Pu-

1755 2821 1895 2865 trum
1941 2809 2358 2864 ortliodoxorum
2402 2812 2490 2876 qui
2537 2809 2588 2860 in
2639 2811 2786 2865 nullo

1753 2898 1779 2932 ιι
1808 2895 1910 2933 sete
1941 2880 2194 2932 Ecclesia:
2223 2877 2462 2932 Romane
2512 2880 2783 2933 consortio

1753 2951 2035 3002 deviarunt
2065 2963 2165 3001 nec
2187 2957 2250 3000 ab
2271 2948 2384 3014 ejus
2409 2949 2511 3001 Iide
2540 2949 2618 2999 vel
2652 2963 2787 3015 prte-

1754 3020 2019 3072 dicatione
2047 3018 2271 3081 Sejuncti
2304 3027 2425 3070 sunt
2451 3032 2464 3079 ;
2491 3016 2582 3070 sed
2619 3017 2788 3085 ipsius

1753 3087 2234 3141 communicatione
2285 3099 2378 3153 per
2417 3087 2638 3152 gratiam
2695 3087 2788 3142 Dei

1753 3165 1920 3225 usque
1945 3159 1994 3208 in
2042 3156 2282 3225 ultimum
2328 3158 2585 3214 vitiosum
2635 3155 2782 3210 luere

1752 3224 2055 3294 participes,
2100 3224 2320 3293 legende
2348 3225 2704 3278 decernimus.

1822 3370 1951 3422 Item
1984 3367 2275 3422 decretales
2321 3368 2592 3434 epistolas,
2648 3385 2780 3438 quas

1753 3439 2046 3491 beatissimi
2067 3452 2184 3506 pop.
2202 3438 2425 3490 diversis
2451 3439 2780 3504 temporibus

1750 3508 1969 3560 ab‘urbe
2001 3507 2184 3569 Roma,
2203 3521 2299 3574 pro
2322 3509 2658 3560 diversorum
2679 3507 2779 3559 Pa-

1752 3588 1888 3631 trum
1947 3577 2329 3640 consolatione,
2385 3577 2665 3641 dederunt,
2694 3592 2782 3630 ve-

1755 3647 2060 3701 uerabiliter
2091 3647 2475 3712 suscipiendas.

1820 3718 1948 3770 Item
1992 3725 2139 3783 gesta
2170 3727 2471 3768 sanctorum
2506 3717 2780 3770 martirum

1752 3786 1843 3854 qui
1918 3785 2300 3851 multiplicibus
2391 3795 2775 3838 tormentorum

1747 3856 2086 3915 cruciatibus,
2115 3864 2168 3907 et
2213 3855 2542 3908 mirabilibus
2563 3856 2775 3908 confes-

1749 3925 1960 3977 sionum
1997 3923 2280 3987 triumphis
2312 3923 2600 3976 inradiant.
2652 3925 2782 3989 Quis

1753 3994 1850 4046 ista
1897 3990 2291 4044 Catliolicoi-uui
2334 3993 2538 4044 dubitet
2582 3996 2781 4059 majora

1750 4076 1844 4116 eos
1885 4061 1935 4114 in
1968 4061 2222 4128 agonibus
2269 4059 2429 4114 fuisse
2476 4075 2778 4129 perpessos,

1751 4146 1848 4184 nec
1873 4129 1986 4182 suis
2017 4129 2238 4193 viribus,
2264 4131 2355 4182 sed
2387 4131 2478 4184 Dei
2509 4131 2697 4195 gratia,
2727 4140 2784 4186 et

1749 4199 2052 4267 adjutorio?
2076 4198 2337 4265 Singulari
2361 4214 2390 4253 c
2409 4199 2585 4253 iuiella
2615 4201 2665 4254 in
2691 4217 2777 4254 sca

1752 4271 1987 4322 ltomana
2057 4269 2289 4323 Ecclesia
2351 4285 2454 4322 non
2516 4271 2779 4337 leguntur,

1751 4339 1870 4407 quia
1903 4347 1956 4391 ct
1983 4353 2167 4391 eorum
2190 4341 2275 4404 qui
2306 4340 2646 4393 conscribere
2683 4355 2780 4394 no-

1750 4409 1891 4461 mina
1923 4410 2132 4475 penitus
2174 4409 2470 4474 ignoratur,
2509 4419 2562 4462 et
2602 4410 2670 4462 ab
2702 4411 2781 4462 in-

1750 4477 1992 4529 Iidelibus
2041 4487 2092 4531 et
2151 4478 2330 4532 idiotis
2380 4479 2666 4545 superﬂua,
2691 4490 2777 4532 aut

1749 4548 1921 4598 minus
1949 4557 2092 4614 apta,
2118 4562 2274 4616 quam
2324 4550 2395 4600 rei
2428 4548 2560 4601 ordo
2599 4547 2775 4617 fuerit,

1743 4630 1862 4670 esse
1881 4627 2153 4684 putantur.
2178 4618 2323 4672 Sicut
2349 4618 2623 4683 cujusdam
2645 4617 2782 4672 Ciri-

1743 4686 1789 4736 ci
1815 4695 1869 4738 et
1903 4686 2100 4746 Julitae.
2134 4686 2270 4741 sicut
2297 4684 2498 4754 Ginrgi,
2528 4689 2780 4742 aliorum-

1742 4769 1845 4822 que
1905 4754 2211 4825 bujusmodi
2256 4759 2552 4825 passiones,
2612 4773 2663 4824 q.
2716 4759 2780 4812 ad

1745 4823 1998 4895 bereticis
2043 4823 2385 4892 perhibentur
2441 4823 2775 4895 compositio.

1748 4893 1970 4963 Propter
2021 4895 2186 4963 quod,
2225 4904 2282 4948 ut
2334 4897 2538 4950 dictum
2569 4893 2684 4962 est,
2717 4914 2783 4952 ne

1744 4964 1826 5018 vel
1855 4964 1990 5018 levis
2031 4966 2351 5018 subsanandi
2385 4979 2657 5020 orreretur
2692 4982 2776 5021 oc-

1741 5035 1908 5099 casio,
1935 5034 1990 5087 in
2017 5048 2110 5088 sca
2135 5035 2371 5089 Romana
2406 5037 2640 5091 Ecclesia
2671 5047 2778 5092 nun

1745 5105 2007 5175 teguntur.
2032 5103 2142 5158 Nos
2165 5113 2339 5160 tamen
2371 5121 2489 5160 cum
2525 5107 2775 5175 pradicta

1743 5173 1976 5227 Ecclesia
2007 5189 2194 5228 omnes
2226 5176 2492 5241 niartires,
2525 5173 2775 5231 eteorum

1739 5244 2003 5311 gloriosos
2026 5258 2249 5315 agones,
2281 5246 2370 5314 qui
2401 5245 2626 5301 Domino
2657 5262 2775 5302 ina-

3781 365 3895 433 ΠΞ

2999 504 3025 545 J
3039 503 3277 546 UBBNSE
3320 502 3714 547 CBIFFLETII.

2916 605 3046 661 Item
3069 608 3321 676 opuscula
3346 606 3486 661 beati
3519 607 3766 678 Gregorii
3795 609 3891 666 Na-

2846 676 3086 730 sianzeni
3115 678 3371 746 episcopi.

2921 748 3050 800 Item
3081 745 3338 812 opuscula
3368 746 3510 801 beati
3537 745 3714 800 Basilii
3742 746 3883 817 Cap-

2853 817 3370 886 padociaepisc0pi.
3420 885 3423 886 ν
3542 884 3551 886 _
3628 883 3636 886 Α
3685 885 3688 886 ν

2921 887 3048 939 Item
3104 883 3357 947 opuscula
3414 884 3554 940 beati
3610 883 3888 940 Athanasii

2851 954 3194 1009 Alexandrini
3211 955 3466 1022 episcopi.

2924 1026 3051 1078 Item
3126 1023 3377 1090 opuscula
3455 1023 3593 1078 beati
3664 1023 3887 1078 Joannis

2849 1091 3423 1158 ConstantinOpolitani
3451 1092 3708 1160 episcopi.

2925 1162 3054 1216 Item
3102 1165 3354 1232 opuscu'a
3416 1161 3554 1216 beati
3600 1161 3886 1232 Theophili

2854 1231 3196 1285 Alexandrini
3237 1233 3493 1297 episcopi.

2925 1299 3057 1354 Item
3081 1303 3326 1369 opuscula
3357 1302 3487 1355 beati
3511 1298 3695 1370 Cyrilli
3731 1301 3892 1356 Alex-

2853 1372 3054 1422 andrini
3082 1371 3318 1439 episcopi.

2927 1440 3053 1493 Item
3094 1437 3346 1507 opuscula
3397 1439 3538 1493 beati
3583 1438 3765 1492 IIilarii
3797 1437 3885 1493 Pi-

2855 1508 3140 1563 ctaviensis
3164 1508 3426 1578 episcopi.

2928 1702 3056 1756 Item
3104 1700 3355 1770 opuscula
3415 1699 3555 1754 beati
3620 1699 3888 1754 Ambrosii

2860 1771 3272 1827 Mediolanensis
3299 1770 3465 1836 episc.

2935 1842 3062 1894 Item
3117 1841 3375 1906 opuscula
3420 1837 3557 1892 beati
3613 1838 3897 1907 Augustini

2862 1910 3364 1977 IlippOueregiensis
3386 1923 3471 1974 ep.

2935 1975 3062 2033 Item
3118 1975 3370 2046 opuscula
3419 1977 3557 2031 beati
3589 1975 3897 2047 llieronyuii

2863 2049 3175 2117 presbyteri.

2933 2113 3062 2170 lieni
3094 2116 3345 2184 opuscula
3371 2116 3500 2169 beati
3529 2113 3777 2183 Prosperi
3819 2116 3905 2168 vi-

2866 2187 2908 2240 ri
2939 2187 3346 2252 religiOst’ssimi.

2939 2257 3066 2308 Item
3089 2256 3294 2323 epistol.
3316 2272 3366 2308 ni
3385 2255 3520 2308 benti
3541 2267 3689 2321 papae
3708 2252 3901 2307 Leonis

2867 2326 2932 2376 ad
2988 2325 3298 2378 Flavianum
3351 2323 3897 2391 Constantinopolita-

2867 2411 2990 2447 num
3015 2397 3321 2463 episcopum
3353 2393 3669 2463 destinatam
3693 2393 3781 2446 :de
3808 2407 3906 2463 cu;

2862 2468 2948 2529 jus
3011 2457 3157 2518 textu
3202 2457 3477 2531 quispiam
3534 2461 3577 2514 si
3625 2475 3792 2530 usque
3831 2457 3900 2516 aii

2867 2550 3026 2588 unum
3093 2536 3196 2586 iota
3241 2531 3608 2599 disputaverit,
3676 2538 3733 2584 et
3789 2545 3899 2585 non

2861 2619 2980 2656 eam
3015 2603 3065 2655 in
3104 2605 3351 2665 omnibus
3398 2600 3775 2656 venerabiliter
3815 2616 3901 2653 rc-

2861 2675 3082 2739 cepcrit,
3109 2681 3251 2726 auat.
3286 2671 3375 2724 sit.

2935 2744 3062 2796 lieni
3118 2743 3370 2808 opuscqu
3435 2749 3586 2808 atque
3638 2748 3896 2794 tractatus

2861 2813 3100 2865 omnium
3179 2811 3391 2864 Patrum
3476 2809 3900 2863 orthodoxornm

2860 2883 2948 2950 qui
2975 2883 3025 2934 in
3055 2881 3199 2934 nullo
3227 2895 3255 2932 a
3280 2888 3482 2950 sancta}
3512 2879 3764 2933 Romana!
3792 2877 3898 2950 Ec-

2860 2948 3035 3005 clesiae
3061 2952 3332 3004 consortio
3358 2949 3660 3011 deviarunt,
3693 2961 3793 3001 nec
3828 2948 3896 3001 ab

2861 3021 2975 3087 ejus
3006 3022 3107 3073 Iide
3138 3020 3216 3073 vel
3258 3019 3638 3087 pra'dicatione
3680 3018 3900 3085 sejunc-

2863 3094 2896 3142 li
2928 3100 3081 3155 sont;
3113 3090 3204 3142 sed
3231 3088 3395 3154 ipsius
3424 3087 3896 3140 communicationi

2861 3176 2954 3225 per
2976 3159 3198 3226 gratiam
3231 3158 3320 3211 Dei
3355 3171 3523 3224 usque
3571 3159 3621 3226 in
3649 3157 3897 3209 ultimum

2852 3225 2994 3281 diem
3014 3229 3135 3283 vita:
3156 3241 3265 3280 sum
3287 3226 3432 3279 luere
3481 3225 3790 3295 participes,
3821 3225 3900 3280 Ie-

2849 3299 3050 3367 gendos
3071 3298 3428 3367 decerulmus.

2924 3368 3052 3421 Item
3099 3366 3398 3420 decretales
3459 3365 3716 3432 epistolas
3762 3379 3900 3433 quas

2856 3437 3148 3490 beatissimi
3184 3449 3356 3503 papae.
3389 3433 3614 3488 diversis
3642 3438 3900 3502 tempori-

2859 3508 2955 3558 Iius
2983 3505 3050 3558 ab
3079 3506 3212 3558 urbe
3240 3503 3534 3572 Roma'pro
3557 3503 3896 3557 diversorum

2856 3575 3069 3629 Patrum
3131 3573 3526 3628 consultatione
3603 3575 3890 3636 dederunt,

2857 3645 3228 3700 venerabiliter
3264 3643 3654 3710 suscipiendas.

2928 3716 3052 3768 Item
3085 3723 3231 3782 gesta
3254 3722 3556 3766 sanctorum
3574 3725 3889 3782 martyrum,

2852 3799 2969 3850 qua:
3041 3783 3422 3852 multiplicibus
3505 3792 3894 3838 tormentorum

2849 3854 3176 3908 cruciatibus
3197 3892 3212 3918 ,
3243 3863 3293 3906 et
3326 3853 3655 3906 mirabilibus
3681 3853 3892 3906 confes-

2855 3924 3063 3977 sionum
3121 3922 3401 3989 triumphis
3442 3921 3730 3975 inradiant.
3763 3923 3899 3988 Quis

2857 3993 2956 4046 ista
2980 3993 3361 4046 catholicarum
3387 3992 3614 4056 dubitet,
3647 4003 3693 4045 ct
3728 3997 3894 4060 majo-

2858 4078 2913 4114 ra
2951 4076 3044 4116 eos
3101 4064 3154 4116 in
3196 4062 3449 4130 agonibus
3479 4062 3641 4115 fuisse
3674 4077 3896 4128 perpes-

2854 4133 2987 4185 sos?
3012 4131 3118 4185 Nec
3147 4135 3256 4185 suis
3289 4132 3512 4193 viribus.
3536 4132 3625 4184 sed
3647 4130 3740 4184 Dei
3767 4146 3893 4200 gra-

2855 4203 2924 4254 tia
2955 4210 3010 4256 et
3054 4201 3319 4269 adjutorio
3342 4205 3573 4256 universa
3611 4205 3850 4254 tolerasse
3871 4203 3897 4255 ?

2858 4271 2964 4324 Sed
2999 4272 3130 4335 ideo,
3165 4270 3441 4325 secundum
3480 4271 3744 4334 antiquam
3774 4288 3893 4325 con-

2853 4342 3194 4402 suetudinem,
3247 4340 3506 4410 singulari
3583 4341 3786 4394 cautela
3841 4341 3891 4395 in

2854 4421 3035 4464 sancta
3090 4411 3325 4464 Romana
3373 4410 3610 4464 Ecclesia
3669 4425 3773 4464 non
3821 4413 3898 4465 le-

2853 4491 3067 4548 guntur,
3096 4481 3214 4548 quia
3246 4489 3301 4534 et
3323 4495 3506 4533 eorum
3540 4481 3627 4546 qui
3657 4482 3892 4534 conscri-

2857 4565 3011 4618 psere
3053 4552 3263 4604 nomina
3307 4552 3516 4618 penitus
3557 4551 3893 4618 ignorantur,

2854 4628 2908 4674 et
2929 4619 2997 4674 ab
3020 4619 3322 4674 inﬁdelibus
3333 4630 3386 4675 et
3405 4620 3584 4674 idiotis
3607 4621 3893 4686 superﬂua,

2861 4699 2952 4744 aut
2976 4691 3151 4745 minus
3172 4701 3314 4754 apta,
3338 4705 3496 4760 quam
3530 4690 3604 4744 rei
3632 4691 3764 4760 ordo
3784 4693 3893 4744 lue-

2858 4761 2945 4824 rit,
3003 4774 3124 4813 esse
3165 4759 3436 4828 putantur.
3493 4761 3644 4813 Sicut
3694 4759 3892 4824 Quirici

2857 4829 3134 4898 enjusdam
3175 4842 3228 4884 et
3257 4829 3472 4892 Julitze;
3505 4830 3637 4883 sicut
3662 4828 3892 4896 GcOi-gii,

2859 4900 3195 4967 aliorumque
3257 4899 3518 4968 ejusmodi
3596 4901 3892 4967 passiones,

2857 4985 2979 5037 quin
2999 4969 3066 5022 ab
3097 4969 3360 5024 haereticis
3381 4970 3730 5038 perhibentur
3747 4984 3894 5023 com-

2857 5039 3066 5107 posita.
3115 5039 3341 5108 Propter
3385 5039 3549 5110 quod,
3599 5039 3893 5110 utdieiuui

2853 5118 2958 5174 est,
2989 5123 3056 5163 ne
3083 5110 3162 5164 vel
3192 5109 3324 5166 levis
3344 5109 3706 5164 subsannandi
3734 5110 3896 5163 orire-

2856 5189 2940 5232 tur
2962 5179 3193 5246 occasio,
3221 5184 3271 5234 in
3304 5190 3487 5234 sancta
3516 5179 3761 5234 Romana
3789 5180 3891 5234 Ec-

2853 5249 3016 5305 clesia
3073 5263 3178 5305 non
3229 5251 3498 5321 leguntur.
3551 5248 3660 5308 Nos
3692 5260 3889 5314 tamen,

2397 5484 2416 5559 ξ
2445 5483 2589 5559 Idem
2607 5484 2763 5559 cod.,
2789 5489 3133 5559 suscipiendas
3153 5508 3276 5549 esse.

2397 5555 2416 5583 ⁷
2444 5556 2494 5608 In
2524 5554 2644 5607 cod.
2672 5554 2813 5610 Flor.
2843 5554 2993 5614 deest
3021 5561 3118 5615 ista

2394 5626 2415 5657 ⁸
2442 5624 2583 5678 Idem
2612 5625 2754 5692 cod.,
2787 5636 2854 5682 el.

2393 5697 2414 5728 ⁸
2443 5694 2584 5750 Idem
2613 5693 2733 5752 cod.
2762 5698 2905 5754 addit
2935 5709 3129 5755 sancta.
