4154 6456
424 510 525 570 135

870 508 1206 567 ΔΡΡΕΝΟΙΧ
1243 507 1517 563 TERTIA.
1558 506 1871 562 CONCILIA
1911 504 2225 574 QUIEDAM
2266 504 2311 559 Α
2348 502 2645 562 GELASIO
2685 501 3123 559 CELEBRATA.

1726 74 2701 102 Μ

3598 498 3700 562 lli}

420 624 664 677 conferre
695 618 1015 675 volentibus.
1052 634 1156 673 non
1184 618 1353 687 petuit
1378 616 1647 684 indipisci.
1684 614 1746 669 Et
1780 630 1865 669 me
1897 630 1992 683 per
2024 620 2078 678 Α
2105 612 2192 684 ne]
2218 628 2460 682 voceque
2506 612 2839 677 condemno,
2886 612 3147 671 detestor.
3176 610 3464 677 exhorreo,
3496 612 3550 665 in
3581 613 3694 665 sola

426 714 745 781 imperitiam
787 712 888 766 hac
932 713 1083 768 clade
1123 711 1300 779 potius
1346 709 1674 779 implicatum
1704 710 1843 761 ‘hoc
1886 707 2002 775 ipso

421 805 704 874 dignanter
732 802 1001 857 ostendite
1035 801 1179 868 quod
1208 801 1229 831 '
1260 800 1328 854 ad
1374 797 1698 867 receptionis
1743 796 2000 851 Ecclesiae

420 905 692 962 superstes
718 896 939 959 gratiam
964 890 1104 944 valui
1129 891 1428 960 pervenire.

491 984 606 1049 Quo
651 982 809 1047 lecto,
869 980 1115 1036 Gelasius
1158 963 1639 1050 episcopus‘dixit:
1677 977 1994 1033 Petitorium

418 1080 565 1140 gesta
595 1070 916 1124 retinebunt.
945 1069 1009 1123 Et
1037 1068 1232 1138 adjecit
1259 1085 1272 1120 :
1298 1069 1418 1136 Ipse
1447 1082 1588 1122 nunc
1637 1067 1874 1121 Misenus
1898 1066 1998 1121 ad-

418 1163 614 1226 veniat,
648 1170 705 1217 et
757 1161 1063 1230 petitorinm
1107 1158 1250 1228 quod
1296 1158 1510 1226 obtulit,
1550 1160 1665 1225 ipso
1712 1165 1997 1225 praesente,

417 1253 701 1308 recitetur.
750 1250 1002 1321 Cumque
1044 1252 1316 1321 ingressus
1366 1251 1549 1304 fuisset
1580 1249 1839 1313 Misenus,
1880 1262 2001 1319 pro-

414 1351 616 1396 stratus
643 1343 694 1396 in
732 1352 927 1397 terram
957 1341 1102 1396 aliud
1130 1341 1435 1412 petitoriunt
1467 1340 1679 1405 obtulit,
1709 1351 1760 1395 et
1792 1338 1999 1408 rogat-it

414 1439 476 1483 ut
504 1432 886 1501 susciperetur.
919 1430 1159 1501 Cumque
1187 1440 1495 1500 susceptum
1516 1431 1721 1493 fuisset,
1747 1429 1997 1485 Gelasius

414 1520 698 1591 episcopus
725 1521 885 1575 dixit:
916 1519 1150 1590 Utraque
1182 1520 1427 1591 petitoria
1462 1535 1580 1587 qua:
1613 1520 1856 1589 protulit,
1882 1520 1997 1587 ipso

413 1626 628 1681 quoque
660 1623 944 1682 prtesente,
980 1613 1247 1683 legantur.
1283 1612 1479 1668 lterum
1526 1613 1843 1667 Anastasius
1883 1613 1999 1666 dia-

415 1717 584 1756 conus
617 1703 878 1757 recitavit.
912 1704 1102 1757 Datum
1135 1717 1165 1756 a
1210 1703 1409 1757 famulo
1438 1712 1615 1757 vestro
1646 1703 1869 1767 Miseno,
1902 1717 1995 1757 vtu

413 1794 532 1847 idus
568 1793 800 1861 Martias,
830 1793 1011 1848 Flavio
1043 1794 1256 1848 Viatore
1284 1794 1396 1847 viro
1412 1792 1717 1847 clarissimo
1751 1792 1994 1847 consule.

483 1883 751 1949 Quantum
780 1883 845 1936 ad
879 1897 1013 1937 mea:
1042 1884 1273 1953 pertinet
1324 1882 1652 1937 infelicitatis
1708 1882 1993 1951 abruptum

2107 719 2196 759 me
2227 704 2832 774 lidecommunioneque
2861 703 3124 757 catholica
3152 711 3206 757 ιιι
3230 704 3525 771 apostolica
3554 719 3697 758 sem-

2106 810 2201 864 per
2227 794 2535 847 dnraturum
2567 807 2689 848 esse
2726 792 3075 848 conﬁrmans.
3114 792 3211 849 Cui
3262 792 3507 861 petitioni
3558 808 3692 847 mea:

2103 897 2262 936 manu
2294 897 2411 936 mea
2451 882 2749 950 sub~cripsi
2800 882 2890 937 die
2935 882 3095 937 tertio
3137 881 3319 935 iduum
3355 881 3690 945 Martiarum,

2107 970 2321 1025 Viatore
2346 972 2459 1024 tiro
2483 969 2815 1026 clarisssimo
2840 970 3083 1027 consule.
3118 972 3243 1025 Haec
3287 980 3484 1026 vestrae
3525 970 3698 1025 beati-

2104 1062 2272 1116 tudini
2304 1062 2354 1116 in
2384 1071 2653 1117 conventu
2700 1062 3127 1117 venerandorum
3166 1061 3263 1134 [αι.
3301 1062 3446 1115 addit
3476 1062 3693 1131 episeo-

2101 1154 2314 1224 porum]
2330 1153 2533 1209 credidi
2558 1154 2692 1208 meis
2711 1154 2960 1208 manibus
2974 1153 3269 1208 offerenda.
3289 1153 3352 1207 Et
3370 1153 3473 1206 alia
3496 1168 3655 1207 manu
3676 1171 3687 1205 :

2100 1244 2212 1313 Ego
2239 1244 2473 1299 Misenus
2495 1243 2620 1299 huic
2651 1245 2893 1313 petitioni
2928 1259 3062 1299 mea:
3092 1252 3148 1300 et
3175 1259 3205 1297 a
3233 1260 3321 1300 me
3350 1244 3546 1299 oblata:
3563 1244 3691 1299 sub-

2099 1334 2312 1403 scripsi,
2338 1333 2427 1389 die
2453 1342 2510 1388 et
2534 1335 2754 1389 consule
2784 1338 3176 1403 suprascripto.

2170 1422 2414 1478 Gelasius
2440 1422 2727 1492 episcopus
2744 1423 2915 1479 dixit:
2944 1424 3077 1490 Quae
3102 1424 3243 1478 lecta
3274 1431 3398 1477 sunt
3423 1422 3684 1478 transcri-

2100 1514 2315 1570 bantur.
2348 1517 2409 1570 Et
2438 1516 2636 1585 adjecit
2662 1534 2675 1571 :
2706 1516 2844 1584 Quid
2886 1516 3101 1571 videtur
3130 1515 3452 1571 fraternitati
3494 1527 3691 1570 vestrae

2099 1605 2438 1660 statuendum
2467 1648 2484 1675 ,
2529 1606 2693 1661 veStri
2742 1621 2954 1677 quoque
3009 1607 3220 1661 consilii
3272 1606 3687 1676 participatione

2098 1696 2470 1753 desideramus
2498 1713 2807 1769 agnoscere.
2860 1699 3199 1755 Levaverunt
3232 1715 3291 1756 se
3337 1715 3527 1755 omnes
3572 1702 3688 1768 epi—

2099 1787 2250 1858 scopi
2276 1796 2330 1843 et
2355 1787 2682 1858 presbyteri,
2730 1802 2985 1858 rogantes
3031 1801 3085 1844 et
3129 1790 3411 1845 dicentes:
3477 1791 3684 1845 Exaudi

2099 1876 2341 1932 Christe:
2371 1877 2585 1933 Gelasio
2615 1879 2750 1933 vita:
2778 1879 2977 1933 dictum
2995 1879 3183 1936 vicies.
3203 1879 3353 1946 Quod
3379 1882 3530 1935 vobis
3548 1881 3689 1936 Deus

412 1976 507 2046 [αι.
542 1972 829 2044 obtutum],
863 1974 1035 2029 errori
1070 1989 1188 2028 meo
1215 1973 1450 2043 qualibet
1476 1974 1683 2026 ratione
1714 1979 1995 2027 contracto
2028 1979 2074 2037 Β
2098 1969 2243 2023 dedit
2280 1969 2331 2022 in
2365 1979 2651 2038 poteState,
2688 1978 2977 2033 praestate:
3009 1970 3209 2024 dictum
3237 1970 3545 2026 duodecies.
3576 1972 3691 2026 lloc

410 2066 614 2119 deﬁnio
642 2081 744 2122 non
778 2080 897 2119 esse
914 2064 1239 2135 parcendum
1269 2080 1283 2117 :
1309 2066 1559 2132 quoniam
1586 2065 1685 2118 hoc
1706 2064 1823 2133 ipso
1838 2078 1994 2132 poena

409 2171 601 2210 carere
630 2169 733 2207 non
770 2155 961 2219 debeo,
994 2155 1245 2224 quoniam
1280 2154 1449 2209 merui
1480 2152 1544 2207 ad
1577 2155 1840 2222 poenalem
1872 2168 1997 2206 cau-

409 2259 525 2298 sam
554 2260 871 2313 quacunque
899 2252 1043 2298 sorte
1074 2244 1319 2311 perduci.
1342 2243 1610 2309 Quantum
1641 2259 1768 2297 vero
1815 2245 1993 2313 respi-

408 2335 485 2389 cit
513 2337 579 2389 ad
608 2336 895 2390 retnediale
918 2335 1236 2396 subsidium.
1265 2335 1371 2389 duo
1395 2344 1519 2389 sunt
1543 2350 1661 2404 qum
1686 2349 1770 2388 me
1798 2335 1863 2388 ad
1898 2334 1997 2388 hoc

408 2426 725 2494 suppliciter
754 2425 1147 2495 implorandum
1177 2426 1363 2481 venire
1388 2426 1787 2495 constringunt:
1822 2440 1888 2480 ne
1913 2424 1996 2479 vel

408 2530 509 2583 ego
550 2515 924 2585 desperatiooe
975 2515 1141 2585 magis
1193 2517 1463 2585 perpetuis
1521 2516 1846 2570 cruciatibus
1893 2516 1993 2569 sim

411 2607 607 2673 dignus
639 2605 809 2659 addici
833 2604 983 2659 Judte
1023 2606 1449 2675 przevaricatoris
1472 2606 1753 2673 exemplo;
1794 2614 1848 2659 ει
1892 2619 1998 2656 om-

409 2708 523 2752 tera
554 2714 671 2766 quae
718 2701 963 2767 superius
1009 2699 1373 2753 continentur.
1429 2699 1557 2752 item
1606 2697 1749 2750 aliud
1806 2698 1996 2766 petito-

409 2790 548 2844 riutn
576 2791 777 2844 t'eciL'tt.
819 2790 1008 2843 Datum
1039 2806 1068 2843 a
1103 2790 1301 2843 l'atnulo
1336 2798 1517 2843 vestro
1544 2790 1751 2843 Miseno
1788 2788 1886 2841 sub
1909 2787 1997 2841 die

410 2884 568 2936 tertio
593 2880 687 2954 [αι.
718 2879 931 2951 quat-to]
976 2882 1094 2936 idus
1130 2881 1366 2948 Martias,
1399 2881 1581 2936 Flavio
1617 2876 1834 2935 Viatore
1879 2879 1995 2935 viro

409 2973 712 3027 clarissimo
732 2971 975 3026 consule.

485 3063 676 3117 Ublato
706 3063 952 3130 primitus
978 3062 1228 3131 petitorio
1260 3077 1402 3127 meo,
1428 3063 1559 3115 nihil
1600 3061 1743 3115 aliud
1788 3062 1995 3131 suppli-

409 3164 547 3209 ctter
577 3151 794 3208 exoravi
826 3167 988 3222 quam
1012 3162 1069 3205 ut
1121 3152 1487 3207 misericordia
1520 3150 1648 3204 mibi
1702 3151 1846 3207 sedis
1875 3166 1997 3221 apo-

410 3244 616 3299 stolica:
643 3256 746 3297 non
769 3244 821 3296 in
847 3250 1166 3310 perpetuum
1190 3249 1506 3311 negaretur:
1529 3241 1680 3309 cujus
1700 3241 1826 3294 mihi
1843 3255 1993 3310 spem

2100 2061 2181 2115 fac
2205 2060 2346 2130 quod
2371 2059 2496 2113 facit
2524 2060 2755 2115 domnus
2784 2060 3006 2127 Petrus;
3042 2061 3242 2116 dictum
3271 2062 3477 2117 decies.
3514 2062 3581 2119 Ut
3610 2066 3691 2117 in-

2097 2152 2341 2221 dulgeas,
2374 2166 2625 2221 rogamus
2649 2170 2661 2206 :
2696 2152 2897 2206 dictum
2923 2153 3130 2208 novies.
3158 2154 3292 2208 Cum
3318 2154 3497 2209 denuo
3518 2155 3691 2210 sedis-

2099 2251 2236 2307 sent,
2269 2244 2511 2298 Gelasius
2534 2244 2822 2313 episcopus
2844 2244 2978 2298 dixit
3002 2261 3017 2299 :
3052 2244 3221 2300 Sedes
3252 2245 3544 2313 apostolica
3572 2245 3691 2315 qui-

2098 2332 2244 2397 dem,
2275 2348 2395 2401 quae
2416 2324 2636 2386 Christo
2670 2332 2897 2386 Domino
2938 2333 3225 2402 delegante
3248 2334 3409 2389 totius
3433 2334 3689 2389 Ecclesiae

2100 2425 2296 2478 retinet
2327 2425 2705 2493 principatum,
2739 2438 2835 2487 pro
2874 2424 3281 2492 dispensatione
3329 2440 3565 2495 curaque
3599 2441 3691 2495 ge-

2100 2517 2290 2580 nerali,
2320 2531 2480 2583 quam
2509 2516 2590 2569 vel
2626 2531 2720 2583 pro
2745 2514 2846 2569 fide
2876 2515 3161 2580 catholica,
3200 2516 3285 2569 vel
3330 2532 3429 2585 pro
3452 2518 3691 2587 paternis

2099 2609 2393 2663 eanouihns
2420 2607 2723 2676 regulisque
2758 2607 3022 2673 majorum
3057 2607 3360 2661 necessaria
3410 2606 3429 2636 ³
3474 2620 3691 2676 semper

2098 2700 2577 2769 circumspemionc
2607 2700 2913 2768 dependet,
2944 2700 3207 2754 Misenum
3241 2710 3401 2768 atque
3432 2699 3686 2763 Vitalem,

2099 2810 2233 2864 quos
2262 2802 2447 2847 contra
2481 2787 2827 2862 Eut'ychian'e
2870 2792 3191 2862 pestilentia:
3245 2800 3560 2853 sectatores,
3604 2792 3688 2845 vel

2099 2894 2287 2941 contra
2317 2900 2411 2941 eos
2432 2886 2519 2953 qui
2542 2884 2723 2938 talium
2751 2899 2810 2939 se
2832 2885 3213 2938 communione
3230 2883 3554 2953 polluerant,
3574 2896 3687 2937 sua:

2099 2976 2381 3048 potestatis
2423 2975 2691 3045 legatione
2741 2974 2988 3029 suﬂ‘ultos
3041 2974 3107 3029 ad
3156 2974 3431 3029 Orientem
3483 2973 3686 3027 dudum

2098 3069 2199 3125 sub
2228 3078 2428 3123 sanette
2454 3068 2729 3121 memoria:
2762 3067 3050 3122 decessore
3084 3079 3203 3120 meo
3255 3065 3486 3133 pressule
3517 3062 3549 3116 d
3586 3064 3685 3116 sti-

2100 3170 2274 3227 narat,
2303 3158 2445 3227 quod
2476 3158 2769 3228 apostolica
2797 3166 3063 3227 prmcepta
3086 3156 3421 3211 declinantes
3450 3153 3691 3224 quolibet

2102 3252 2261 3307 modo
2289 3251 2341 3304 iu
2364 3264 2549 3305 eorum
2573 3251 2857 3304 adversum
2887 3263 3021 3317 quos
3046 3247 3197 3302 missi
3226 3247 3439 3302 fuerant
3465 3259 3684 3300 consor-

410 3332 661 3403 quoniam
696 3346 791 3401 pro
816 3332 1077 3386 immensa
1105 3331 1195 3384 Dei
1218 3331 1436 3399 pietate,
1459 3345 1560 3400 qua
1592 3332 1817 3399 regitur,
1851 3331 1993 3384 relu-

2102 3343 2169 3396 tia
2206 3341 2543 3405 recidissent,
2577 3340 2741 3409 gestis
2762 3340 3111 3410 synodalibus
3144 3353 3325 3393 rerum
3352 3337 3687 3391 discussione

410 3439 535 3479 cere
561 3423 669 3491 jam
699 3420 890 3487 sentio,
924 3420 1093 3491 magis
1122 3419 1395 3489 magisque
1441 3420 1773 3473 consentiam
1819 3436 1991 3474 meam

413 3512 674 3581 contagiis
729 3509 1076 3579 perﬁdorum,
1124 3524 1243 3578 quze
1296 3508 1580 3563 infeliciter
1619 3509 1795 3577 potius
1834 3522 1994 3577 quant

412 3604 612 3667 studio,
646 3604 1040 3657 circumventus
1066 3600 1383 3665 incideram,
1429 3602 1655 3655 liberam
1688 3610 1992 3669 purgatam-

410 3709 518 3763 que
545 3706 662 3747 esse
694 3692 1062 3762 pronuntians,
1090 3700 1202 3745 toto
1227 3691 1390 3746 corde
1413 3702 1575 3761 atque
1602 3705 1696 3746 ore
1727 3701 1995 3761 protestor

409 3790 514 3840 sub
541 3788 736 3841 divinae
765 3784 1233 3854 contemplationis
1265 3785 1483 3852 intuitu,
1523 3800 1608 3840 me
1646 3800 1836 3840 omnes
1876 3786 1994 3856 qui-

408 3878 534 3930 dem
573 3877 807 3931 haereses
836 3884 888 3930 et
917 3874 1170 3945 quidquid
1198 3874 1475 3929 inimicum
1515 3883 1600 3929 est
1634 3874 1913 3931 catholicas
1938 3886 1994 3931 et

408 3969 717 4039 apostelicre
766 3967 913 4033 ﬁdei,
965 3968 1467 4038 communionisque
1515 3970 1771 4033 sinceras,
1822 3984 1991 4039 prona

410 4067 591 4114 mente
619 4057 875 4124 refutare,
891 4068 1001 4112 tum
1030 4057 1301 4129 praecipue
1327 4058 1713 4129 Eutychiaoam
1746 4061 1990 4115 haeresim

407 4165 532 4203 cum
557 4163 653 4203 suo
685 4148 886 4202 scilicet
914 4156 1132 4203 auctore
1172 4148 1473 4218 Eutychete
1495 4158 1549 4203 et
1576 4149 1693 4218 ejus
1722 4158 1993 4207 sectatore

412 4240 691 4305 Dioscoro,
722 4239 803 4293 vel
830 4239 1233 4294 successoribus
1260 4240 1377 4308 ejus
1419 4251 1578 4309 atque
1627 4242 1991 4297 communica-

409 4332 620 4387 toribus
645 4331 931 4386 Timotheo
958 4330 1172 4396 Adiuro,
1197 4331 1355 4385 Petro
1376 4331 1763 4399 Alexandrino,
1796 4333 1994 4389 Acacio

406 4421 1024 4493 Constantinopolitano,
1062 4422 1224 4479 Petro
1265 4424 1629 4492 Antiocheno,
1679 4428 1994 4497 cunctisque

408 4527 596 4567 eorum
624 4513 975 4583 complicibus
1023 4522 1077 4569 et
1124 4517 1673 4572 communicatoribus
1713 4533 1990 4588 respuere,

408 4604 688 4669 damnare,
701 4614 756 4659 et
782 4605 1233 4661 anathematizare
1254 4616 1532 4676 perpetuo,
1551 4624 1845 4679 omnesque
1862 4611 1994 4666 istos

2102 3432 2385 3501 patefacta,
2418 3435 2794 3485 communione
2826 3430 3029 3499 pariter
3058 3437 3113 3483 et
3138 3429 3345 3483 honore
3378 3428 3573 3483 merito
3597 3427 3689 3494 ju-

2098 3538 2156 3577 re
2178 3536 2263 3587 pte
2290 3520 2583 3575 submovit.

2169 3612 2374 3679 Quibus
2399 3620 2573 3666 tamen
2608 3609 2992 3665 misericordia:
3026 3610 3200 3664 locum
3246 3624 3456 3664 meumr
3497 3622 3689 3676 super-

2096 3718 2178 3757 nae
2212 3703 2423 3770 pietatis
2453 3716 2550 3771 pro
2575 3715 2672 3756 suo
2703 3700 3073 3755 moderamine
3104 3700 3407 3754 reservavit
3436 3715 3449 3750 :
3485 3707 3539 3752 et
3560 3698 3686 3752 dum

2097 3793 2462 3850 coitditionem
2499 3794 2677 3861 posuit
2721 3792 2960 3858 ultionis,
3011 3807 3164 3861 spem
3214 3790 3385 3846 noluit
3432 3792 3688 3860 prepitia-

2098 3886 2259 3939 tionis
2285 3883 2525 3937 abscindi
2563 3899 2578 3936 ε
2612 3883 2796 3951 sicque
2818 3896 2969 3936 suam
2997 3882 3318 3937 sententiam
3346 3882 3686 3947 temperavit,

2095 3985 2155 4030 ut
2183 3975 2405 4029 istorum
2439 3974 2648 4028 veniam
2679 3987 2800 4026 cunt
2826 3972 3041 4027 illorum
3067 3972 3251 4026 mallet
3286 3971 3458 4025 salute
3499 3985 3687 4037 prove-

2096 4068 2235 4131 nire,
2268 4080 2493 4135 quorum
2518 4064 2727 4118 fuerant
2760 4064 3168 4133 participatione
3193 4062 3403 4131 decepti
3438 4080 3451 4114 :
3486 4076 3549 4115 ac
3586 4074 3686 4130 po-

2096 4158 2202 4214 tius
2233 4158 2535 4227 praeberent
2554 4154 2653 4218 eis,
2679 4167 2816 4223 quos
2839 4167 2936 4208 suo
2965 4154 3315 4207 ﬁrmaverant
3345 4154 3398 4206 itt
3424 4150 3685 4220 pravitate

2094 4264 2380 4312 consensu,
2405 4256 2458 4303 et
2482 4247 2749 4302 salubrem
2779 4246 3131 4303 correctionis
3160 4254 3386 4309 metum,
3417 4252 3473 4297 et
3499 4258 3686 4297 emen-

2093 4342 2327 4398 dationis
2370 4340 2645 4394 imitanda
2707 4340 3062 4395 consortium.
3125 4337 3366 4406 Denique
3429 4336 3508 4391 sic
3571 4336 3688 4403 ipsa

2095 4429 2579 4487 animadversionis
2609 4428 2772 4483 verba
2802 4428 2993 4483 librata
3016 4437 3165 4494 sunt,
3193 4436 3247 4480 ut
3278 4440 3341 4482 se
3378 4426 3452 4480 illi
3483 4435 3537 4480 et
3564 4440 3686 4480 cum

2096 4522 2213 4578 istis
2240 4520 2260 4552 ⁸
2291 4520 2565 4589 perculsos
2587 4520 2952 4584 adverterent,
2986 4528 3041 4573 et
3069 4534 3137 4573 ex
3162 4531 3349 4573 eorum
3381 4518 3689 4573 conditione

2096 4626 2203 4665 non
2233 4610 2541 4665 difﬁderent
2580 4624 2739 4679 posse
2780 4610 2996 4664 salvari.
3044 4613 3096 4663 ln
3139 4624 3248 4680 quo
3293 4609 3476 4679 utique
3505 4616 3561 4663 ct
3606 4608 3690 4664 his

408 4703 467 4748 et
489 4693 788 4762 bujusmodi
823 4694 1155 4749 horribiliter
1183 4698 1475 4763 exsecrari,
1505 4713 1606 4755 nec
1637 4715 1868 4769 unquam
1906 4716 1992 4755 me
2022 4707 2071 4767 1)
2098 4718 2203 4756 non
2226 4702 2386 4755 estin
2419 4709 2588 4755 totum
2616 4702 2702 4755 via
2734 4702 2995 4770 prazclusa
3023 4699 3329 4763 remeandi;
3381 4710 3437 4755 et
3481 4700 3609 4764 illis,
3641 4699 3687 4754 si

406 4798 532 4839 cum
561 4784 753 4838 talibus
784 4786 949 4838 ullum
979 4785 1219 4854 quolibet
1258 4786 1419 4842 modo
1467 4789 1722 4857 proﬁteor
1774 4790 1989 4844 habitu-

412 4889 531 4927 rum
561 4888 681 4929 esse
722 4877 1073 4941 consortium,
1106 4876 1199 4930 sed
1228 4876 1407 4931 abhis
1450 4878 1701 4932 omnibus
1754 4878 1989 4935 futurum

412 4976 632 5031 prorsus
662 4965 913 5019 alienum.
943 4967 1181 5030 Quorum
1212 4968 1530 5034 pravitatem
1574 4970 1697 5025 licet
1720 4987 1989 5042 nunquam

408 5054 686 5109 voluntate
711 5058 1028 5124 receperim,
1064 5066 1238 5113 tamen
1269 5075 1355 5115 me
1378 5064 1497 5130 quia
1527 5063 1851 5120 calamitatis
1888 5068 1991 5121 im-

412 5146 568 5212 pulsu
598 5146 772 5199 minus
797 5158 984 5201 cautus
1011 5148 1197 5202 videor
1235 5150 1503 5217 incidisse,
1550 5153 1650 5208 sub
1696 5168 1991 5225 conSpeetu

412 5237 509 5290 Det
550 5244 604 5289 et
631 5236 773 5291 beati
798 5238 937 5292 Petri
964 5240 1190 5308 apostoli
1222 5240 1444 5311 ejusque
1474 5245 1677 5307 vicarii,
1721 5261 1783 5302 ac
1825 5251 1990 5304 totius

409 5325 691 5388 Ecclesiae,
712 5340 826 5379 mea
847 5326 1008 5395 (sicut
1032 5326 1163 5397 dixi)
1187 5327 1521 5397 professione
1558 5332 1655 5403 [αι.
1689 5335 1989 5393 confessio~

487 5463 503 5493 ¹
538 5461 652 5517 Hoc
704 5462 872 5532 ipsum
916 5464 1241 5534 indignanter
1284 5469 1521 5526 ostendit.
1575 5472 1731 5536 quod.
1784 5472 1984 5527 Fuozvr.

414 5534 661 5601 Dt'catfs.

482 5606 502 5634 ⁵
528 5604 651 5681 .Moc
670 5606 857 5669 ipsum,
883 5603 1064 5672 inquit,
1091 5621 1169 5681 nte
1203 5608 1693 5681 ostenditimmerito
1717 5614 1873 5681 fuisse
1905 5630 1992 5666 ca-

410 5673 642 5726 lamitate
666 5688 979 5743 oppressum.
1007 5677 1141 5740 quod
1166 5694 1266 5729 non
1307 5689 1361 5729 ut
1412 5678 1450 5730 ιτ
1458 5682 1593 5731 italis
1634 5673 1834 5733 cx'lmc
1884 5686 1986 5735 rita

411 5745 693 5797 sttbdurtus
715 5760 826 5797 sum
862 5746 1005 5809 prius
1028 5761 1178 5813 quam
1214 5750 1553 5801 communioni
1581 5752 1844 5804 catho‘icw
1870 5769 1991 5813 pos-

409 5830 518 5867 sem
546 5814 758 5866 restitui.
788 5814 937 5867 Unde
966 5815 1179 5886 subjicit
1207 5820 1365 5885 paulo
1398 5828 1518 5886 post
1538 5818 1780 5874 Gelasius
1807 5840 1817 5871 :
1849 5814 1989 5874 Hor-

410 5898 549 5939 tatur
588 5902 677 5939 nos
726 5885 989 5947 intcrcepti
1024 5888 1309 5949 periculum
1357 5885 1409 5942 in
1448 5893 1715 5955 superstite
1760 5894 1986 5945 subsidia

2102 4793 2346 4855 mallent,
2382 4806 2477 4861 per
2516 4792 2649 4847 istos
2689 4800 2772 4847 est
2804 4793 2979 4847 oblata
3018 4792 3305 4857 correctio,
3347 4792 3690 4859 studiumque

2101 4893 2434 4955 porrectum,
2475 4900 2581 4955 quo
2628 4885 2837 4955 possint
2882 4885 3103 4940 meliore
3149 4894 3342 4939 conatu
3393 4884 3692 4952 prseteritos

2098 4992 2451 5048 compensare
2481 4978 2779 5047 prolapsus,
2806 4978 2850 5031 si
2884 4982 3144 5042 favorem,
3178 4992 3334 5046 quem
3367 4976 3691 5047 praevarica-

2102 5068 2309 5123 toribus
2340 5067 2481 5123 facili
2514 5069 2788 5122 voluntate
2811 5067 3123 5122 detulerunt
3149 5068 3201 5121 in
3244 5064 3687 5121 reformationem

2102 5160 2488 5214 catholicorum
2523 5161 2697 5226 potius
2728 5168 3107 5214 converterent
3131 5158 3493 5213 sacerdotum.

2174 5250 2381 5304 Dictum
2410 5260 2491 5304 est
2519 5253 2683 5310 enim.
2719 5251 2901 5305 tandiu
2929 5250 3063 5305 istos
3094 5251 3207 5305 fore
3245 5264 3561 5320 suspensos,
3590 5248 3689 5303 do-

2102 5356 2199 5397 nec
2231 5350 2450 5397 auctore
2480 5342 2612 5408 Deo,
2645 5352 2699 5396 et
2729 5341 2919 5396 adnisu
2944 5342 3331 5396 catholicorum
3366 5341 3687 5409 principum,

2100 5493 2199 5529 non
2223 5477 2507 5543 di/ferentta
2530 5478 2771 5543 sanandi,
2796 5478 2882 5545 qui
2904 5478 2954 5531 in
2982 5478 3076 5531 ltoc
3100 5477 3426 5544 recipiendus
3448 5476 3689 5528 divinitus

2099 5548 2379 5601 indicatur.
2408 5546 2606 5601 Fnos'r.
2642 5552 2883 5602 Duc/sus.

2171 5616 2429 5685 aSemper
2477 5620 2931 5683 circumspectione
2996 5617 3259 5688 dependit.
3319 5618 3521 5673 Faonr.
3576 5616 3685 5670 Du-

2098 5700 2265 5741 οιευε.

2171 5756 2193 5787 ⁸
2224 5756 2504 5813 Percussa:
2525 5759 2868 5818 adverterent.
2918 5774 2981 5812 ea:
3027 5772 3206 5813 eorum
3250 5759 3543 5812 conditione
3588 5774 3689 5811 non

2100 5826 2393 5895 diffiderent
2416 5846 2564 5898 posse
2584 5834 2798 5887 salvari.
2830 5832 3031 5885 Fnosr.
3068 5830 3319 5885 DUCLUS.
