4154 6410
746 384 846 436 187

1657 383 1745 438 AD
1783 384 2007 440 OPERA
2048 383 2311 440 CELASII
2355 384 2550 442 ΡΑΡᾹΞ
2588 393 3027 456 APPENDICES.

3869 417 3963 470 l83

739 495 819 546 vel
846 493 1022 563 populi
1053 493 1358 562 Christiani,
1399 497 1411 526 ¹
1457 496 1804 551 Alexandrina
1852 499 2169 554 catholicmn
2203 514 2288 551 sa-
2317 496 2370 555 Α
2399 515 2553 569 posse
2580 523 2956 580 prmsumptum
2985 526 3096 585 est;
3127 522 3194 575 ita
3219 522 3597 583 desistentibus
3624 531 3820 596 causis,
3870 550 3960 600 per

735 583 1003 636 cerdotem
1031 588 1315 652 recepisset
1360 585 1614 641 Ecclesia.
1654 587 2037 643 Gratulandum
2084 591 2291 644 scilicet

733 672 1060 732 crederetur,
1094 675 1236 728 nullo
1266 674 1420 727 modo
1463 676 1677 730 Grmcos
1720 694 1822 730 non
1869 695 2025 747 posse
2065 696 2287 734 renuere

733 764 871 831 quod
903 763 1138 818 viderent
1166 765 1232 816 ab
1266 766 1556 830 apostolica
1607 769 1731 822 sede
1765 768 1926 823 fuisse
1962 771 2288 836 damnatum,

734 855 987 921 facileque
1007 868 1096 908 eos
1128 868 1280 920 posse
1306 855 1372 909 de
1402 855 1622 911 istorum
1653 860 1913 926 supplicio
1937 863 2278 928 commoveri,

731 952 786 994 ut
815 941 1028 995 nossent
1055 942 1177 1010 quid
1205 944 1447 1011 vitarent,
1479 957 1531 999 et
1571 947 1694 1016 quid
1736 957 2120 1016 consequenter
2166 965 2279 1004 am-

727 1030 928 1094 birent,
958 1032 978 1061 ⁸
1006 1045 1068 1084 ac
1095 1032 1232 1087 velle
1273 1043 1516 1101 putarent
1555 1037 1912 1104 resipiscendo
1953 1041 2117 1108 magis
2165 1056 2288 1094 sen-

726 1118 826 1174 tire
853 1133 970 1173 cum
1007 1122 1188 1185 rectis,
1226 1137 1385 1190 quam
1431 1124 1627 1193 jugiter
1666 1140 1843 1178 errare
1879 1141 1998 1181 cum
2044 1130 2282 1198 perfidis.

727 1209 1204 1278 Exspectatumque
1247 1211 1336 1266 diu
1367 1221 1467 1279 est,
1514 1223 1570 1268 ut
1611 1215 1691 1268 his
1741 1216 2033 1272 rationibus
2080 1219 2280 1274 incitati

721 1303 961 1368 contag'a
993 1302 1217 1354 nefanda
1254 1301 1608 1371 deponerent,
1637 1305 1658 1335 ³
1690 1320 1791 1360 una
1836 1322 1954 1359 cum
1995 1309 2278 1375 apostolica

723 1389 854 1442 sede
881 1390 1286 1458 consentiendo,
1322 1394 1457 1446 sicut
1494 1393 1561 1446 de
1593 1409 1778 1448 eorum
1813 1408 2084 1468 speratum
2111 1399 2278 1453 fuerat

727 1477 1034 1544 voluntate;
1084 1480 1106 1511 ⁵
1165 1481 1496 1549 nitentesque
1557 1483 1835 1539 catholicis
1910 1488 2275 1542 sacerdotibus

719 1569 999 1622 revocandi
1043 1570 1273 1624 studium
1318 1571 1491 1639 potius
1536 1576 1937 1631 commodarent
1977 1594 1991 1632 :
2035 1594 2138 1647 quo
2178 1580 2276 1648 ipsi

717 1656 783 1709 ad
812 1657 1160 1713 orthodoxam
1187 1661 1208 1692 ⁸
1229 1673 1565 1719 recurrerent
1593 1667 1885 1732 unitatem;
1935 1679 1989 1723 et
2031 1670 2147 1725 istis
2185 1672 2273 1740 qui

716 1743 924 1798 illorum
966 1749 1250 1816 participes
1296 1752 1495 1807 erroris
1539 1756 1870 1823 exstiterant,
1912 1760 2274 1817 miniStrarent

2395 608 2526 662 quas
2558 597 2643 653 hic
2672 603 2919 658 articulus
2952 610 3160 666 veniret
3187 612 3251 667 ad
3279 615 3581 685 terminum,
3608 621 3956 677 insolabiliter

2395 698 2499 738 non
2529 688 2718 743 retinet
2746 691 3037 761 obligatum

2463 776 2795 846 Quapropter
2840 783 2944 837 lata
2991 790 3256 843 sententia
3306 807 3409 845 non
3460 795 3810 853 existentibus
3866 815 3955 864 per

2391 879 2508 933 qua:
2535 873 2702 952 possit
2740 887 2906 941 usque
2950 877 3015 929 ad
3060 880 3138 931 sui
3180 882 3380 935 exitum
3430 885 3734 952 deputatam
3776 897 3953 943 tenere

2393 945 2717 1026 mensuram,
2751 963 2832 1015 his
2854 968 3184 1038 consulendi,
3212 980 3265 1026 et
3309 973 3390 1028 his
3433 977 3521 1042 qui
3569 981 3757 1034 arctati
3813 991 3954 1036 tene-

2391 1046 2601 1115 bantur,
2635 1051 2826 1105 tribuet
2857 1055 3174 1113 libertatcm.
3205 1062 3268 1115 Et
3297 1068 3585 1133 apostolica
3616 1071 3828 1139 quidem
3871 1089 3953 1129 se-

2389 1133 2481 1189 des
2512 1137 2593 1205 (ut
2636 1153 2779 1206 smpe
2820 1146 3164 1211 repetendum
3205 1150 3308 1220 est)
3348 1133 3952 1217 :rstimans-Orientales

2387 1225 2530 1277 nullo
2549 1227 2706 1281 modo
2729 1244 2833 1284 non
2860 1247 3014 1300 posse
3042 1251 3292 1306 respuere
3309 1243 3448 1310 quod
3478 1244 3634 1299 sedes
3658 1250 3946 1315 apostolica

2385 1314 2690 1382 refutasset,
2718 1334 2918 1389 eosque
2951 1327 3108 1380 saluti
3140 1334 3370 1400 propria:
3390 1343 3445 1388 et
3464 1314 3771 1404 apostolica
3802 1356 3947 1396 com-

2385 1405 2620 1459 munioni
2652 1410 2847 1464 nullius
2893 1414 3146 1478 praeferre
3192 1435 3348 1486 posse
3379 1438 3681 1491 personam,
3730 1429 3846 1485 ltmc
3884 1432 3948 1488 de

2381 1508 2564 1550 eorum
2597 1502 2858 1556 mentibus
2880 1504 3065 1558 melius
3087 1511 3397 1566 mstimarat.
3441 1515 3546 1570 Sed
3575 1520 3714 1584 quod
3760 1521 3946 1576 iterum

2383 1599 2485 1636 non
2519 1589 2795 1644 tacendum
2831 1601 2931 1655 est.
2962 1595 3188 1653 dolenda
3220 1604 3483 1666 pernicies
3508 1622 3614 1661 non
3655 1610 3802 1664 velut
3849 1613 3948 1667 im-

2380 1674 2650 1738 providam
2695 1678 2828 1734 bene
2875 1681 2941 1736 de
2988 1683 3347 1748 Orientalibus
3393 1695 3712 1752 sentientem
3772 1709 3948 1768 potest

2377 1766 2679 1831 opinionem
2738 1772 2902 1838 magis
2947 1777 3255 1842 apostolica:
3294 1781 3437 1836 sedis
3477 1798 3729 1854 arguere,
3777 1766 3946 1858 quam

715 1832 1021 1899 praestituta:
1058 1839 1376 1907 receptionis
1405 1841 1669 1902 effectum.
1700 1846 1805 1902 Nec
1835 1864 1934 1918 qua
1966 1852 2076 1905 fieri
2109 1856 2266 1921 potuit

2377 1867 2488 1905 suae
2510 1832 3018 1928 pervicacitn-potin's
3045 1832 3514 1939 deputare—,uquod
3540 1832 3820 1931 ooblatum‘
3846 1880 3946 1936 sibi

715 1922 994 1978 occasione
1019 1936 1278 1982 cessatum
1306 1939 1407 1996 est,
1453 1947 1560 2002 quo
1603 1946 1968 2004 competenter
2015 1942 2268 1998 admoniti

713 2013 769 2062 et
814 2009 1141 2068 sufﬁcienter
1176 2016 1460 2085 instructi,
1522 2025 1722 2091 pariter
1765 2029 2000 2094 pericula
2057 2032 2268 2108 vitanda

715 2112 1116 2176 cognoscerent,
1141 2120 1215 2183 ac
1229 2117 1410 2175 patere
1429 2111 1527 2165 sibi
1546 2113 1784 2184 januam,
1806 2117 1850 2170 si
1873 2118 2096 2175 sinceris
2123 2138 2272 2178 men-

715 2173 856 2244 tibus
883 2191 1018 2268 hanc
1044 2173 1337 2262 petiissent,
1390 2173 1691 2268 apostolicae
1737 2173 2130 2264 communionis
2176 2214 2272 2268 ad-

713 2266 1004 2350 verterent.

777 2360 883 2428 Sed
905 2369 1026 2437 quia
1054 2386 1119 2427 eo
1148 2384 1453 2442 perventum
1485 2389 1584 2443 est,
1614 2389 1673 2435 ut
1695 2381 2041 2443 hortamentis
2060 2405 2269 2461 quoque

708 2459 1134 2529 medicinalibus,
1165 2465 1290 2518 dum
1337 2471 1493 2522 etiam
1539 2488 1657 2538 qnzc
1695 2475 1956 2532 referrent
2001 2459 2268 2538 contra—ria

708 2561 812 2602 non
845 2547 1134 2618 baberent,
1195 2553 1468 2612 differrent
1509 2568 1682 2614 tamen
1727 2565 1978 2621 hactenus
2018 2571 2270 2626 adhibere

705 2649 1056 2702 consensum;
1090 2641 1295 2696 illorum
1323 2647 1533 2712 quidem
1563 2649 1964 2710 difficultatibus
1993 2668 2265 2724 paternum

703 2727 986 2794 quemdam
1015 2731 1266 2787 debemus
1299 2735 1365 2804 pii
1388 2737 1586 2793 doloris
1607 2740 1874 2810 affectum,
1917 2747 2266 2816 deprecantes

702 2817 1139 2888 omnipotentiam
1168 2821 1259 2877 Dei
1291 2827 1478 2893 nostri,
1509 2843 1627 2898 quae
1665 2832 1772 2886 sola
1803 2839 2042 2904 quamvis
2085 2842 2267 2898 devias

705 2906 761 2962 in
804 2911 1044 2966 veritatis
1078 2915 1216 2968 viam
1266 2927 1440 2985 potest
1487 2932 1799 2980 convertere
1842 2932 2161 2996 voluntates.
2211 2947 2268 2990 ut

704 2998 916 3054 eisdem
943 3017 1053 3057 suae
1077 3007 1463 3075 propitiationis
1491 3017 1799 3080 operatione
1846 3022 2071 3078 mirabili
2111 3027 2267 3095 spiri-

705 3098 815 3143 tum
847 3093 1216 3161 resipiscentim
1257 3107 1308 3153 et
1346 3101 1634 3159 efficaciam
1675 3113 2012 3166 correctionie
2043 3116 2261 3186 dignan-

710 3189 789 3231 ter
822 3180 1079 3237 infundat.
1108 3185 1236 3252 Quzc
1257 3189 1426 3245 donec
1455 3192 1612 3263 (sicut
1643 3197 1710 3252 de
1734 3199 1848 3267 ejus
1875 3207 2064 3259 virtnte
2096 3180 2230 3263 conf
2253 3244 2260 3251 -

702 3269 897 3338 dimus)
923 3272 1098 3328 divina
1138 3278 1435 3346 placatione
1465 3287 1800 3358 proveniant,
1856 3291 1998 3350 hunc
2046 3298 2256 3356 interim

703 3360 793 3429 qui
812 3363 1072 3433 supplicat
1107 3367 1531 3429 desiderabiliter
1572 3389 1907 3448 expetentem
1958 3389 2260 3448 nullatenus

705 3452 878 3542 perire
905 3456 1169 3521 patiamur
1199 3477 1213 3512 :
1244 3470 1301 3514 ut
1339 3465 1488 3533 cujus
1517 3482 1622 3524 non
1666 3482 1790 3527 sunt
1832 3475 2129 3538 Orientales
2167 3486 2261 3542 de-

701 3539 930 3609 jectione
957 3548 1244 3614 perterriti,
1270 3566 1336 3606 ne
1364 3554 1416 3608 in
1439 3569 1623 3615 errore
1663 3567 2028 3635 persisterent,
2069 3574 2257 3630 saltem

701 3633 972 3690 curatione
1001 3651 1376 3709 provocentur,
1404 3655 1460 3700 ut
1497 3649 1717 3709 redeant
1743 3655 1809 3709 ad
1836 3633 2088 3726 salutem;
2121 3681 2257 3732 prte-

699 3719 852 3788 ‘eipue
872 3735 990 3777 cum
1020 3726 1380 3793 dispositionis
1399 3735 1541 3792 sedis
1571 3743 1879 3808 apostolica:
1920 3719 2254 3810 clemen'tiam

700 3813 852 3866 tener
882 3815 1166 3868 comitetur
1206 3817 1322 3887 ipse
1363 3822 1649 3896 dictorum,
1699 3848 1870 3900 neque
1909 3841 2109 3906 prolata
2157 3847 2255 3902 sibi

699 3910 991 3969 repugnare
1034 3910 1342 3965 constitutio
1381 3914 1669 3982 judicetur.
1731 3923 2013 3984 Definitum
2062 3938 2257 4005 quippe

699 3998 782 4089 est
807 3991 889 4061 (ut
912 3998 1154 4062 superius
1178 4000 1287 4068 jam
1321 4005 1626 4072 praedictum
1657 4013 1762 4086 est)
1812 4032 1906 4072 eos
1951 4021 2018 4076 de
2064 3991 2258 4094 quibus

697 4079 902 4146 agimus
945 4093 1169 4142 eatenus
1232 4089 1430 4147 debere
1474 4079 1760 4167 suspendi,
1809 4105 1981 4162 donec
2040 4079 2258 4171 auctore

701 4167 838 4235 Deo,
869 4179 922 4224 et
965 4174 1196 4240 praefatis
1241 4179 1622 4255 adnitentibus,
1647 4192 2002 4253 Alexandrina
2034 4167 2260 4260 catholi;

695 4271 813 4312 cum
841 4266 1106 4332 receperit
1124 4267 1354 4325 Ecclesia
1381 4279 1711 4339 sacerdotem
1747 4302 1759 4338 :
1800 4301 1906 4342 non
1935 4291 2159 4362 abrupte
2203 4306 2259 4353 et

694 4349 808 4405 sine
837 4357 1150 4423 exceptione
1175 4364 1498 4430 prepositum
1527 4378 1628 4436 est,
1660 4375 1754 4428 sed
1802 4392 1862 4432 ea
1909 4349 2118 4439 ratione
2164 4387 2258 4443 de-

693 4451 993 4509 promptum
1033 4458 1132 4513 est,
1163 4464 1266 4519 qua
1309 4468 1413 4508 non
1451 4458 1563 4513 sive
1596 4460 1702 4516 illis
1735 4466 2116 4543 adnitentibus,
2139 4481 2252 4533 sive

695 4547 799 4587 non
829 4534 1207 4605 adnitentibus,
1233 4543 1594 4606 indifferenter
1621 4555 1890 4615 videretur
1930 4534 2250 4626 infixa'sen-

693 4621 853 4676 tentia
880 4640 893 4676 :
927 4625 1148 4698 ideoque
1173 4629 1274 4687 sub
1294 4649 1400 4704 quo
1429 4645 1611 4695 tenore
1636 4643 1818 4700 librata
1861 4654 2099 4711 conditio
2142 4671 2244 4727 est,

692 4713 876 4769 eodem
906 4733 1007 4771 non
1035 4721 1316 4791 existente,
1351 4732 1720 4790 necessitatem
1765 4755 1876 4796 suae
1906 4747 2248 4809 professionis

693 4803 935 4861 absolvit.
967 4808 1115 4876 Quod
1145 4813 1284 4868 enim
1328 4833 1447 4873 cum
1493 4821 1682 4880 adnisu
1727 4803 2248 4908 prmdictorum

692 4895 986 4949 nuntiatum
1014 4907 1234 4957 estesse
1275 4903 1592 4978 faciendum,
1616 4913 1716 4970 hoc
1741 4920 1929 4976 eodem
1972 4939 2073 4981 non
2121 4895 2244 4988 suc-

755 5569 1428 5666 1'd'lexnrtdirinqrcatholico
1462 5589 1716 5666 sacerdote
1752 5599 1974 5666 cmpisset
2010 5605 2232 5665 Ecclesia

685 5639 1039 5730 gragttt‘larimut
1065 5647 1251 5730 scilicet
1290 5639 2098 5730 crederetur.

762 5709 780 5735 ³
814 5708 883 5759 Ac
903 5713 1020 5763 velle
1037 5724 1335 5779 putarentur
1359 5708 2223 5805 νεείρὶέσέηξίὀΓᾙιιοζΐῗῖιῖευε.

2377 1945 2641 1999 tramitem
2675 1950 2898 2018 propria:
2927 1953 3394 2024 rcdintegrationis
3414 1972 3591 2017 secuta
3617 1982 3722 2018 non
3752 1968 3945 2024 fuerit:

2376 2051 2473 2090 nec
2507 2039 2627 2093 ideo
2657 2049 2832 2096 tamen
2862 2045 2977 2098 aliis
3009 2047 3165 2102 debet
3199 2052 3567 2109 medicinalem
3595 2056 3946 2117 desideranti~

2374 2127 2472 2181 bus
2521 2130 2780 2198 impedire
2829 2149 2926 2203 per
2983 2152 3133 2191 suam
3198 2142 3546 2210 pervicaciam
3607 2147 3940 2207 facultatem.

2373 2220 2521 2276 Tunc
2570 2224 2710 2277 enim
2758 2226 2896 2280 dicta
2938 2240 3062 2284 sunt
3113 2231 3179 2287 de
3224 2233 3532 2291 Graecorum
3587 2243 3946 2300 consensione

2374 2311 2618 2376 fidenter,
2649 2315 2767 2385 quia
2797 2327 2848 2372 et
2874 2320 3029 2373 simul
3057 2323 3193 2377 beati
3220 2324 3364 2380 Petri
3392 2330 3706 2386 societatem
3727 2333 3942 2402 quibus-

2373 2404 2505 2458 libet
2528 2406 2846 2462 videbantur
2873 2425 3182 2480 praeponere
3225 2430 3385 2486 posse
3433 2423 3700 2487 personis,
3751 2431 3806 2476 et
3853 2427 3942 2491 qui

2372 2497 2688 2552 exstiterunt
2723 2509 2847 2557 ante
2888 2504 3160 2570 catholici,
3201 2508 3600 2566 aestimabantur
3623 2517 3941 2572 consensuri

2371 2584 2524 2640 facile
2546 2589 2776 2656 veritati,
2801 2599 2960 2660 atque
2995 2595 3114 2650 ideo
3141 2599 3423 2666 cujuslibet
3445 2601 3676 2659 hominis
3692 2605 3940 2662 affectum

2370 2675 2421 2728 in
2452 2676 2733 2733 desideriis
2752 2684 3057 2750 apostolica:
3079 2690 3469 2744 communionis
3494 2706 3598 2746 non
3623 2708 3782 2762 posse
3804 2710 3938 2765 prae-

2367 2769 2599 2833 ponere?
2626 2784 2744 2837 qua:
2773 2787 2892 2826 cum
2924 2775 3158 2837 nondum
3184 2782 3515 2849 susceperint
3544 2798 3640 2853 per
3669 2801 3804 2857 quas
3853 2789 3939 2844 hic

2365 2855 2498 2908 ordo
2530 2855 2840 2915 decurreret
2882 2864 3182 2921 voluntates
3207 2908 3222 2932 ,
3275 2869 3326 2923 id
3368 2871 3508 2940 quod
3553 2889 3649 2943 per
3686 2855 3782 2931 eas
3826 2877 3936 2933 fieri

2366 2958 2522 3011 posse
2568 2959 2944 3019 prmsumptum
2988 2965 3091 3020 est,
3140 2958 3379 3013 cernitur
3425 2961 3760 3030 absolutum;
3806 2982 3937 3035 quo.

2368 3034 2505 3088 niam
2532 3051 2652 3090 cum
2695 3039 2889 3096 desunt
2935 3046 3024 3112 qui
3075 3048 3353 3113 perficiant
3393 3051 3498 3124 [ΑΙ.
3529 3053 3575 3106 si
3621 3053 3800 3113 desint
3829 3034 3938 3123 per

2367 3140 2501 3192 quos
2525 3127 2574 3180 id
2605 3127 2882 3201 efﬁciant],
2925 3135 3106 3189 nullus
3137 3141 3413 3204 provenire
3461 3143 3634 3211 possit
3679 3146 3940 3216 eiectus;

2366 3217 2472 3270 imo
2492 3232 2614 3272 cum
2642 3220 2798 3275 iidem
2827 3222 2926 3289 ipsi
2951 3239 3046 3292 per
3071 3241 3207 3296 quos
3227 3227 3567 3296 judicabatur
3587 3249 3709 3292 esse
3738 3236 3943 3295 facien-

2363 3307 2510 3372 dum,
2554 3324 2620 3364 ne
2659 3311 2919 3368 efﬁciatur
2965 3315 3228 3374 obsistant
3279 3338 3295 3376 :
3339 3323 3430 3392 qui
3469 3325 3518 3379 si
3567 3326 3619 3380 in
3664 3326 3765 3383 bac
3811 3342 3941 3388 sunt

2364 3400 2526 3471 (quod
2552 3403 2712 3469 absit)
2744 3406 3103 3466 obstinatione
3133 3417 3393 3480 mansuri,
3424 3420 3656 3474 resuluta
3701 3425 3944 3483 conditio

2362 3501 2440 3546 est
2470 3491 2611 3545 illius
2637 3495 2735 3560 rei,
2759 3511 2877 3566 qute
2903 3512 3088 3554 eorum
3118 3502 3305 3559 studiis
3333 3505 3649 3564 fiducialiter
3677 3514 3942 3570 censeba-

2364 3590 2447 3634 tur
2472 3581 2699 3649 impleri.

2431 3667 2524 3721 Sin
2555 3684 2684 3724 vero
2716 3671 2878 3743 (sicut
2901 3676 3075 3745 petius
3104 3681 3373 3753 optamus)
3398 3685 3586 3741 fuerint
3617 3688 3684 3742 ad
3708 3691 3935 3748 meliora

2358 3760 2624 3826 conversi,
2657 3775 2724 3816 ne
2773 3761 2913 3819 inter
2956 3766 3070 3822 haec
3117 3770 3328 3826 interim
3369 3775 3456 3844 qui
3508 3777 3934 3837 misericordiam

2361 3849 2610 3916 postulat,
2639 3851 2718 3906 vel
2747 3863 2925 3919 aetate,
2961 3858 3044 3911 vel
3077 3861 3287 3927 morbo,
3317 3878 3423 3931 quo
3473 3864 3786 3936 frequenter
3831 3873 3935 3927 im.

2360 3936 2592 4005 peditur,
2625 3943 2793 4009 possit
2821 3944 3086 4016 intercipi,
3121 3949 3244 4005 dum
3283 3967 3445 4022 super
3473 3958 3591 4012 istis
3619 3970 3699 4014 est
3735 3975 3934 4018 consu-

2361 4025 2600 4096 lendum,
2625 4047 2690 4085 ne
2727 4034 2974 4091 defuncto
3017 4039 3138 4106 jam.
3175 4041 3376 4098 nullum
3423 4047 3594 4114 possit
3633 4053 3930 4110 remedium

2357 4122 2665 4194 subrogari;
2692 4129 2886 4198 quippe
2908 4144 3028 4185 cum
3056 4132 3256 4188 dictum
3286 4138 3376 4204 sit,
3406 4139 3518 4195 sive
3545 4142 3652 4197 illis
3681 4146 3930 4203 adniten-

2359 4213 2515 4278 titius,
2537 4205 2664 4271 sive
2691 4218 2848 4273 etiam
2894 4219 3134 4276 fortassis
3175 4223 3388 4293 invitis,
3429 4233 3523 4286 sed
3567 4247 3689 4288 eum
3736 4251 3926 4293 eorum

2357 4307 2522 4374 magis
2548 4307 2733 4363 adnisu
2774 4313 2911 4380 quod
2946 4315 3336 4386 promulgatum
3381 4320 3558 4379 fuerat
3598 4339 3756 4394 posse
3788 4344 3926 4384 con-

2356 4403 2499 4450 stare
2532 4413 2545 4449 :
2586 4399 2725 4453 sicut
2763 4401 2920 4469 igitur
2944 4419 3064 4458 cum
3098 4407 3205 4460 illis
3230 4407 3592 4467 adnitentibus
3621 4416 3927 4480 nullatenus

2278 4515 2332 4576 Β
2360 4501 2487 4554 pace
2514 4488 2613 4542 fixa
2641 4488 2746 4561 [AL
2777 4492 3013 4567 praefixa]
3042 4498 3332 4566 perdurant
3358 4517 3372 4554 :
3417 4502 3518 4558 hoc
3546 4505 3705 4560 etiam
3739 4517 3927 4568 tenore

2357 4577 2540 4631 beatus
2568 4578 2760 4633 Paulus
2785 4586 3054 4652 apostolus
3083 4603 3192 4642 non
3224 4591 3345 4645 ideo
3389 4595 3551 4662 (quod
3581 4596 3744 4668 absit)
3777 4599 3927 4656 fefel-

2354 4664 2480 4720 lisse
2521 4668 2820 4724 credendus
2849 4683 2959 4738 est,
2995 4685 3086 4729 aut
3121 4676 3224 4732 sibi
3265 4681 3533 4737 exstitisse
3583 4689 3920 4757 contrarius;

2351 4758 2601 4826 quoniam
2619 4773 2738 4814 cum
2758 4774 2816 4815 se
2836 4760 2904 4816 ad
2930 4763 3209 4833 Hispanias
3225 4771 3556 4837 promisisset
3579 4773 3795 4842 iturum,
3810 4778 3925 4834 dis-

2353 4849 2617 4918 positione
2642 4851 2825 4906 divina
2863 4854 3151 4924 majoribus
3190 4872 3479 4927 occupatus
3503 4877 3566 4918 ex
3597 4868 3795 4934 causis,
3819 4869 3920 4925 im-

2353 4938 2501 5006 plere
2527 4956 2633 4996 non
2660 4944 2832 5010 potuit
2853 4945 2994 5012 quod
3017 4947 3279 5014 promisit.
3301 4949 3564 5017 Quantum
3584 4957 3726 5010 enim
3751 4957 3920 5027 ipsius

2354 5031 2637 5084 voluntatis
2669 5033 2925 5099 interfuit,
2970 5036 3069 5091 hoc
3109 5043 3505 5109 pronuntiavit,
3540 5045 3684 5115 quod
3726 5063 3915 5104 revera

2205 5117 2247 5171 i-
2349 5123 2600 5177 voluisset
2624 5122 2841 5179 efficere
2873 5141 2886 5178 :
2921 5136 3176 5195 quantum
3205 5131 3271 5186 ad
3309 5134 3470 5189 divini
3512 5146 3718 5194 secreta
3739 5143 3918 5197 consi-

2349 5215 2424 5279 lii,
2450 5229 2570 5284 qua:
2601 5223 2656 5268 ut
2685 5214 2846 5268 homo
2873 5218 3048 5272 omnia
3080 5236 3184 5274 nnn
3217 5224 3387 5292 potuit
3416 5224 3540 5280 licet
3567 5226 3767 5296 Spiritu
3799 5231 3913 5299 ple-

2350 5319 2450 5358 nus
2497 5320 2788 5374 agnoscere
2820 5349 2835 5374 ,
2893 5322 3119 5377 superna
3177 5317 3517 5381 prmtermisit
3561 5319 3913 5389 dispositione

2349 5408 2675 5463 praeventus.
2711 5397 2817 5450 Nec
2867 5401 2985 5462 quia
3031 5401 3219 5456 beatus
3266 5404 3454 5461 Petrus
3496 5412 3770 5478 apostolus
3815 5431 3910 5487 pro

2348 5487 2536 5540 affectu
2577 5486 2769 5540 divinae
2813 5491 3120 5545 reverentia:
3173 5496 3270 5562 ipsi
3322 5496 3544 5552 Domino
3585 5486 3855 5570 respondit
3890 5522 3904 5558 :

2407 5616 2425 5689 ξ
2461 5615 2528 5689 fit
2545 5634 2656 5670 εωη
2677 5618 2956 5681 apostolica
2984 5622 3118 5676 sede.
3149 5623 3345 5682 Fnonr.
3383 5630 3627 5689 Ducsus.

2406 5683 2426 5715 ⁸
2458 5683 2687 5740 Nitentes
2713 5689 2994 5744 catholicis.
3034 5691 3234 5750 Faosr.
3270 5683 3514 5754 Dt'cxus.

2404 5756 2423 5784 '
2463 5755 2781 5812 ’iccurrerent
2804 5761 3079 5815 veritatem.
3115 5763 3314 5820 Fuoar.
3359 5770 3600 5828 Urceus.
