4154 6398
318 404 426 458 189

835 398 1171 456 ΑΡΡΕΝΟΙΧ
1212 396 1483 451 TERTIA.
1524 394 1833 451 CONCILIA
1878 392 2190 460 QUIEDAM
2229 392 2273 447 Α
2312 391 2609 447 GELASIO
2650 392 3085 449 CELEBBATA.

3494 404 3600 460 ΗΟ
3636 416 3641 421 '

320 520 440 573 Non
466 515 654 569 locabis
682 511 975 584 miulpcdes
1008 514 1060 565 in
1102 518 1345 564 retentum
1386 509 1565 579 (Joan.
1618 510 1777 563 xuii:
1824 506 1977 569 fe-A
2006 513 2143 566 tibus
2192 511 2527 565 remittamus
2560 529 2573 575 ;
2628 512 2768 581 quod
2818 514 3109 578 Ecclesire,
3168 515 3279 569 Deo
3317 516 3599 585 largiente,

319 609 520 662 fellisse
559 604 721 673 (quod
766 603 923 671 absit)
966 608 1058 655 aut
1110 601 1161 653 in
1216 614 1307 653 sua
1361 598 1633 666 putabitur
1685 598 1904 651 minime

316 696 623 753 constitisse
653 696 937 755 sententia,
967 692 1106 762 quod
1141 707 1263 744 mox
1294 691 1467 745 e‘dcm
1500 689 1695 743 divina:
1723 704 1903 742 cesse-

317 791 389 844 rit
430 789 685 841 voluntati
727 804 738 839 :
776 794 832 839 et
860 783 1001 853 quod
1037 784 1049 813 ¹
1087 797 1145 836 se
1189 783 1387 835 dixerit
1423 795 1526 831 non
1576 794 1696 833 esse
1734 778 1904 832 factu-

319 878 650 943 rum,rausis
674 875 922 929 astrictus
952 873 1198 926 humanae
1217 872 1401 926 salutis
1426 876 1713 936 expeteret
1734 881 1902 935 prona

320 968 597 1019 voluntate
626 964 948 1017 faciendum.
1538 1004 1543 1011 .

398 1056 599 1109 Idcirco
624 1056 643 1084 ¹
675 1054 763 1107 illa
806 1069 909 1105 non
939 1049 1226 1105 aer-edente
1254 1063 1359 1112 Via,
1389 1062 1491 1115 qua
1521 1060 1706 1099 eorum
1738 1050 1907 1098 luerat

321 1144 687 1200 reconciliatio
725 1144 1040 1198 constituta.
1081 1141 1303 1193 alteram
1348 1139 1474 1192 licet
1514 1137 1752 1201 adoriri,
1803 1151 1905 1204 qua

321 1233 702 1292 subveniatur.
747 1231 938 1299 quibus
978 1228 1408 1283 subveniendum
1458 1240 1578 1281 esse
1631 1227 1905 1279 decretum

321 1336 455 1379 est:
488 1326 718 1378 maxime
758 1336 879 1375 cum
923 1322 1128 1375 Miseno
1171 1335 1236 1374 ex
1278 1319 1517 1388 quolibet
1556 1332 1778 1371 excessu
1823 1319 1905 1371 vel

322 1415 563 1483 qualibet
594 1410 1046 1481 praevaricationis
1090 1424 1247 1479 pinna
1290 1409 1539 1469 sufficiat,
1580 1423 1697 1476 qua:
1740 1423 1909 1476 usque

320 1520 392 1561 eo
438 1513 659 1559 tractata
708 1510 825 1569 est,
864 1501 885 1531 ⁸
915 1510 971 1555 ut
1022 1503 1134 1555 sola
1178 1500 1621 1554 consideratiouis
1664 1499 1909 1554 humana:

321 1610 574 1660 suprema
607 1592 1035 1647 consideratione
1062 1591 1287 1655 laxetur,
1343 1589 1771 1657 remittendaque
1815 1605 1912 1659 pu-

322 1687 459 1740 nitio
489 1685 577 1749 sit,
607 1698 727 1753 qua:
756 1698 859 1736 non
888 1683 1047 1735 habet
1074 1683 1207 1734 ultra
1237 1695 1342 1749 quo
1369 1689 1602 1734 crescat.
1634 1680 1765 1745 Quia
1789 1695 1908 1733 eum

323 1778 458 1831 nulli
488 1778 679 1829 anima
711 1776 850 1829 Dens
894 1773 1238 1842 onmipoteus
1275 1782 1326 1825 et
1359 1772 1663 1825 misericors
1696 1786 1790 1840 per
1816 1785 1909 1824 ec-

2012 605 2266 672 possibile
2291 615 2373 659 est
2420 621 2434 656 :
2479 605 2567 674 qui
2612 620 2707 658 nos
2756 607 2916 659 etiam
2959 608 3183 660 mortuis
3221 609 3429 662 veniam
3473 625 3603 677 prie-

2009 708 2153 751 stare
2176 695 2499 761 deposcunt;
2527 696 2668 763 quod
2701 696 2855 749 nobis
2888 698 3143 764 possibile
3174 714 3277 751 non
3312 713 3455 761 esse,
3489 716 3603 752 tua-

2010 786 2260 840 nifestum
2284 794 2366 839 est
2404 804 2416 837 :
2450 786 2570 850 quia
2622 801 2742 838 cum
2786 785 2987 839 dictum
3028 788 3116 852 sit,
3168 787 3295 851 Qua:
3326 789 3605 856 ligaveritis

2008 893 2162 943 super
2191 887 2398 941 terram,
2432 890 2567 942 quos
2594 890 2723 944 ergo
2755 890 2858 928 non
2892 890 3014 929 esse
3038 876 3149 942 jam
3193 887 3403 929 constat
3442 893 3606 946 super

2012 979 2230 1029 terram,
2256 983 2362 1021 non
2394 968 2649 1029 humano,
2675 967 2767 1021 sed
2794 982 2892 1019 suo
2915 967 3117 1033 judicio
3145 968 3476 1033 reservavit;
3506 983 3605 1023 nec

2014 1061 2173 1114 audet
2205 1059 2443 1113 Ecclesia
2472 1058 2689 1111 sibimet
2718 1057 2995 1110 vindicare
3016 1098 3029 1119 ,
3077 1057 3215 1124 quod
3260 1058 3389 1125 ipsis
3437 1060 3606 1113 beatis

2010 1150 2269 1217 apostolis
2291 1148 2587 1213 conSpicint
2612 1162 2717 1200 non
2760 1146 2923 1200 fuisse
2955 1162 3273 1201 concessum
3311 1165 3323 1211 ;
3358 1150 3479 1217 quia
3503 1148 3604 1201 alia

2011 1244 2082 1295 sit
2105 1256 2263 1295 causa
2288 1241 2656 1303 superstitum,
2680 1240 2784 1293 alia
2812 1240 3209 1293 defunctorum.

2085 1330 2291 1384 Tulerit
2327 1328 2517 1383 Vitalis
2553 1339 2753 1383 sOrtcm
2794 1329 2963 1382 divini
3012 1330 3199 1396 judicii
3226 1372 3240 1395 ,
3290 1333 3373 1383 eui
3420 1332 3602 1393 etiam,

2013 1434 2133 1474 cum
2192 1433 2515 1487 magnopere
2556 1418 2817 1473 vellemus
2847 1460 2862 1483 ,
2916 1435 3021 1472 non
3063 1421 3238 1486 potuit
3282 1422 3602 1476 subveniri:

2015 1511 2139 1565 huic
2191 1511 2378 1565 saltem
2432 1511 2674 1579 prosint,
2719 1510 2845 1563 dum
2878 1511 3029 1577 c0pia
3064 1512 3291 1564 viventis
3334 1512 3604 1575 admittat,

2017 1602 2069 1653 in
2122 1598 2375 1653 remediis
2425 1598 2777 1667 assequendis
2825 1599 3049 1652 alterius
3110 1599 3477 1666 experimenta
3526 1616 3617 1655 re-

2017 1698 2176 1758 pente
2196 1688 2476 1743 subtracti.
2505 1688 2748 1757 Cumque
2779 1688 3032 1755 scriptum
3069 1691 3375 1741 noverimus
3410 1707 3423 1741 :
3460 1689 3605 1743 Unus

2016 1790 2322 1844 assumatur,
2366 1790 2413 1833 et
2451 1797 2585 1833 unus
2623 1781 2935 1848 relinquetur
2974 1778 3124 1848 (Luc.
3167 1778 3318 1847 xvtt),
3365 1780 3605 1833 hortatur

322 1868 679 1924 clesiasticam
730 1867 980 1935 pietatem
1031 1866 1292 1934 qumrenti
1340 1863 1571 1917 noluerit
1617 1850 1910 1917 remedium
1942 1866 1986 1924 B
2018 1887 2116 1925 nos
2156 1870 2437 1938 intercepti
2479 1868 2771 1937 periculum
2813 1868 2864 1921 in
2896 1869 3187 1924 superstite
3223 1869 3461 1921 subsidia
3500 1882 3605 1922 ηοη

322 1959 600 2028 denegari,
632 1972 737 2011 non
769 1956 989 2010 dubium
1020 1964 1120 2018 est,
1155 1955 1255 2008 hoc
1290 1953 1408 2019 ipso
1438 1964 1656 2007 auctore
1688 1952 1817 2014 Deo,
1858 1961 1912 2005 et

322 2050 502 2103 divina
538 2048 945 2115 compunctionc
977 2046 1210 2113 prodire,
1246 2053 1300 2097 ut
1330 2053 1455 2097 tunc
1484 2043 1551 2098 de
1595 2043 1714 2110 ejus
1760 2057 1912 2096 rece-

325 2143 508 2208 ptione
541 2146 821 2204 tractetur,
856 2136 1067 2205 quando
1095 2151 1158 2191 ea
1190 2151 1295 2189 non
1345 2134 1660 2204 protelanda
1700 2149 1912 2201 quoque

324 2231 623 2285 necessitas
653 2227 940 2297 compellat
968 2226 1205 2295 impendi
1240 2242 1254 2277 :
1297 2237 1481 2279 noStro
1507 2235 1765 2291 prteterea
1797 2223 1913 2277 Sal-

322 2329 511 2376 vatore
560 2320 616 2371 Β.
675 2319 832 2373 Petro
879 2317 1123 2385 apostolo
1172 2330 1283 2385 prae
1337 2320 1545 2369 caeteris
1589 2314 1907 2383 delegante:

327 2414 658 2478 Quaecunque
679 2409 913 2478 ligaveris
934 2424 1086 2477 super
1112 2416 1323 2471 terram,
1367 2414 1515 2458 erunt
1544 2405 1701 2474 ligata
1723 2406 1775 2457 in
1806 2420 1905 2456 cm-

322 2507 426 2569 lis;
456 2514 502 2556 et
532 2518 837 2569 quaecunque
868 2500 1078 2555 solveris
1109 2515 1262 2569 super
1298 2508 1507 2562 terram,
1549 2506 1695 2550 erunt
1745 2498 1912 2551 soluta

320 2608 373 2653 et
400 2598 451 2650 in
474 2596 612 2649 caelis
633 2593 848 2663 (Matth.
876 2592 990 2661 va)
1019 2608 1031 2644 :
1062 2592 1199 2646 sicut
1229 2599 1283 2645 et
1314 2591 1395 2643 his
1423 2589 1600 2644 verbis
1626 2588 1754 2641 nihil
1784 2604 1913 2641 con-

321 2698 430 2741 stat
477 2694 807 2753 exceptum,
868 2682 947 2737 sic
1000 2697 1096 2751 per
1139 2682 1447 2751 aposmlicre
1493 2679 1913 2748 dispensationis

322 2778 559 2832 officium
583 2785 637 2830 et
663 2786 829 2829 totum
857 2774 1027 2843 possit
1046 2773 1370 2842 generaliter
1396 2772 1625 2841 alligari,
1658 2782 1711 2824 et
1742 2781 1908 2824 totum

321 2875 717 2936 consequenter
754 2864 981 2919 absolvi.
1038 2864 1312 2933 Prmcipue
1350 2878 1469 2918 cum
1509 2878 1573 2918 ex
1604 2864 1705 2917 hoc
1742 2862 1911 2930 magis

322 2959 550 3025 praeberi
599 2956 807 3010 cunctis
865 2963 1113 3023 oporteat
1175 2953 1485 3021 apostolicae
1539 2953 1904 3007 miserationis

319 3047 627 3115 exemplum
654 3088 668 3111 ,
724 3054 783 3099 ut
817 3044 1155 3097 absolutionc
1199 3042 1459 3107 damnati,
1502 3041 1547 3095 si
1588 3041 1913 3110 resipiscam

323 3139 584 3202 universi,
609 3147 661 3192 et
689 3137 757 3190 ab
793 3150 976 3190 errore
1004 3150 1062 3190 se
1083 3135 1380 3199 retrahant,
1410 3144 1573 3203 atque
1596 3134 1659 3187 ad
1692 3145 1907 3201 apostoo

2017 1963 2309 2018 din'erenda
2352 1963 2594 2025 sanandi,
2645 1962 2737 2030 qui
2769 1963 2870 2015 hoc
2896 1963 3011 2029 ipso
3041 1962 3381 2029 recipiendus
3412 1961 3606 2015 divini-

2018 2068 2101 2112 tus
2138 2055 2420 2123 indicatur,
2455 2068 2575 2108 cum
2610 2053 2683 2108 illi
2714 2054 3027 2121 super-vivit,
3075 2053 3095 2083 ⁶
3136 2054 3224 2121 qui
3256 2051 3323 2105 ad
3348 2052 3465 2105 lucc
3498 2067 3605 2105 non

2019 2132 2210 2201 meruit
2246 2145 2530 2213 pervenire
2564 2163 2575 2197 :
2610 2154 2665 2199 et
2685 2144 2955 2211 quoddam
2985 2143 3054 2197 de
3099 2154 3327 2208 utroque
3374 2143 3608 2196 ccelestis

2011 2238 2197 2307 judieii
2245 2235 2471 2303 refulget
2511 2248 2775 2296 examen;
2832 2233 3240 2301 ostenditurque
3284 2232 3437 2285 nobis
3493 2234 3607 2285 evi-

2017 2328 2226 2382 dentius
2254 2328 2306 2380 in
2338 2326 2565 2386 duobus,
2599 2325 2650 2377 in
2682 2338 2787 2392 quo
2818 2324 2975 2377 fuerit
3005 2338 3166 2376 causa
3206 2324 3324 2377 sine
3350 2324 3522 2387 venia,
3558 2334 3609 2376 et

2017 2420 2121 2472 "iu
2160 2433 2265 2487 quo
2301 2417 2373 2469 sit
2421 2430 2540 2483 qute
2592 2414 2920 2482 indulgentia
2972 2427 3160 2465 carere
3207 2428 3314 2467 non
3367 2412 3609 2469 debeat;

2017 2519 2178 2577 atque
2218 2509 2336 2561 ideo
2367 2522 2521 2574 quam
2549 2505 2664 2572 ipse
2692 2519 2902 2572 quoque
2925 2504 2968 2555 si
2992 2513 3265 2571 superstes
3292 2512 3610 2569 competen-

2018 2609 2100 2653 ter
2131 2600 2358 2654 Aeacius
2387 2596 2701 2663 expetisset,
2738 2602 2984 2662 potuerat
3013 2594 3258 2647 obtinere
3290 2594 3509 2663 (quippe
3541 2594 3611 2646 de

2017 2703 2124 2758 quo
2148 2690 2225 2742 sic
2248 2688 2478 2757 positum
2506 2695 2609 2749 est,
2646 2684 2986 2737 insolubilem
3038 2686 3168 2742 fore.
3215 2693 3270 2735 ut
3312 2698 3413 2734 noi
3455 2682 3608 2737 dice-

2020 2789 2167 2833 retur
2192 2795 2206 2835 :
2234 2777 2455 2830 Etiamsi
2490 2774 2630 2829 forte
2668 2773 3010 2842 corrigeret),
3064 2773 3233 2825 multo
3276 2773 3441 2840 magis
3484 2772 3609 2825 huic

2018 2869 2105 2935 qui
2137 2867 2514 2923 communione
2541 2865 2657 2933 ejus
2686 2865 2912 2918 inlectus
2943 2873 3044 2925 est,
3091 2863 3395 2931 imploranti
3426 2862 3617 2916 llebi'i-

2021 2971 2121 3022 ter,
2165 2958 2377 3027 pietatis
2404 2964 2488 3011 est
2518 2954 2828 3025 apostolicae.
2858 2969 2964 3006 non
3008 2969 3222 3022 negare.

2089 3050 2369 3105 Professus
2397 3063 2523 3117 ergo
2562 3047 2798 3102 Misenus
2826 3044 3144 3115 regulariter
3189 3060 3247 3098 se
3288 3058 3476 3099 omnes
3507 3043 3617 3095 haz-

2016 3157 2188 3205 reses,
2226 3141 2610 3211 Eutychianam
2645 3154 2738 3207 pra
2757 3139 2912 3206 cipue
2951 3153 3073 3192 cum
3124 3139 3442 3207 Eutychete.
3489 3139 3615 3192 Dio-

321 3230 441 3284 ]iczn
490 3225 886 3281 communionis
935 3226 1200 3279 sinceram
1255 3224 1476 3278 redeant
1523 3223 1781 3277 unitatem
1812 3222 1908 3294 [aL
1941 3224 1985 3283 C
2018 3244 2194 3297 scoro,
2229 3229 2515 3282 Timotheo
2540 3228 2751 3289 Atlluro,
2794 3227 2954 3281 Petro
2986 3226 3380 3289 Aleiaudriuo,
3415 3226 3613 3280 Acacio

320 3315 670 3389 puritatem],
725 3315 955 3369 vinculis
999 3328 1058 3369 se
1108 3314 1469 3367 damnationis
1517 3313 1697 3380 illius,
1749 3328 1906 3381 quam

324 3408 703 3462 universaliter
734 3405 924 3460 merito
945 3404 1386 3474 praevaricntores
1426 3410 1774 3471 exceperant,
1803 3418 1907 3456 non

322 3498 599 3567 ambigant
620 3495 917 3551 exueudos.

396 3588 579 3658 Neque
609 3589 750 3641 enim
779 3587 869 3657 qui
894 3587 1049 3657 longe
1084 3587 1289 3656 positos
1325 3585 1391 3641 ad
1439 3587 1700 3656 integram
1750 3586 1908 3639 fidem

324 3694 519 3735 curare
546 3679 786 3742 nitimur,
813 3688 1142 3733 revertentes
1170 3679 1221 3731 iu
1248 3678 1498 3747 praesenti
1525 3679 1791 3748 supplices
1829 3694 1913 3733 re-

322 3770 495 3824 futare
524 3768 783 3823 debemus
813 3785 828 3823 :
860 3769 947 3823 ubi
978 3769 1208 3824 sollicite
1259 3769 1669 3837 prmeavendum
1712 3780 1796 3824 est
1846 3787 1912 3825 ne

317 3862 661 3916 conscientia:
699 3861 1079 3915 detrimentum
1126 3871 1402 3931 negantes,
1440 3862 1461 3893 ⁸
1508 3877 1680 3931 usque
1708 3863 1771 3915 ad
1813 3878 1910 3916 ex-

318 3962 550 4006 tremum
582 3955 780 4019 pet-cati
810 3950 903 4023 [αι.
941 3951 1160 4023 petenti]
1216 3953 1495 4007 materiam
1540 3952 1705 4020 (quod
1749 3953 1909 4023 absit)

321 4044 345 4074 ⁸
372 4042 672 4096 nullatenus
706 4043 1000 4096 incidamus
1040 4060 1055 4096 :
1096 4058 1450 4113 censumque
1479 4046 1720 4100 veritatis
1748 4046 1911 4100 etiam

318 4132 467 4187 circa
495 4132 787 4201 supplices,
810 4134 927 4187 sine
966 4134 1070 4187 [lue
1092 4133 1407 4202 persistens,
1443 4144 1678 4190 transeat
1706 4138 1757 4189 in
1790 4150 1912 4191 rea-

318 4234 456 4277 tum.
488 4221 717 4275 Proindc
742 4233 1024 4291 quantum,
1056 4235 1423 4291 praemonente
1465 4226 1713 4290 Domino,
1738 4226 1917 4295 possi-

320 4314 541 4368 bilitatis
591 4314 835 4368 humana:
887 4313 1216 4369 desideranti
1263 4317 1498 4372 remedia
1554 4318 1911 4387 prmbeamus,

319 4411 350 4441 ι
383 4412 550 4457 totum
581 4404 723 4473 quod
750 4419 910 4472 supra
955 4416 1153 4461 nostris
1195 4405 1465 4463 facultatis
1506 4416 1589 4464 est
1635 4408 1912 4463 modulum

317 4493 503 4548 divino
526 4494 728 4563 judicio
754 4496 1142 4565 relinquentes,
1196 4512 1300 4551 nou
1349 4507 1527 4553 autem
1576 4499 1732 4553 nobis
1760 4508 1914 4568 pote—

2014 3320 2090 3373 Co
2115 3319 2629 3386 .stantinopolitano,
2665 3317 2934 3384 Petroque
2962 3315 3325 3378 Antioclieuo,
3364 3315 3449 3368 vi-l
3479 3330 3613 3369 cun-

2013 3413 2114 3467 ctis
2144 3426 2332 3466 eorum
2361 3409 2788 3473 successoribus,
2827 3406 3186 3461 scitatoribus
3228 3415 3281 3459 et
3315 3406 3616 3459 comu'uui-

2013 3503 2289 3559 catoribus
2310 3501 2589 3564 detestari,
2621 3514 2823 3568 eosque
2850 3499 3193 3552 anathemate
3226 3497 3390 3549 ferire
3415 3510 3608 3566 perpe-

2015 3604 2126 3655 tuo,
2154 3590 2546 3647 communionis
2566 3588 2899 3657 apostolicaz,
2924 3595 2979 3641 et
3000 3585 3344 3640 sacerdotalis
3359 3586 3610 3653 gratiam,

2013 3699 2172 3755 quam
2201 3682 2463 3737 catholica
2496 3681 2780 3734 traditione
2811 3680 3072 3747 percepit,
3120 3678 3347 3744 recipiet
3387 3676 3617 3745 dignita-

2016 3776 2103 3828 tis.
2138 3774 2338 3828 Omnes
2358 3772 2593 3837 episcOpi
2614 3780 2666 3823 (ιι
2692 3769 2992 3839 presbyteri
3019 3777 3303 3837 surgentes
3328 3767 3379 3819 in
3405 3765 3617 3837 synodo

2014 3866 2449 3921 acclamavcrunt
2482 3879 2495 3917 :
2541 3862 2770 3925 Exaudi,
2802 3861 3017 3914 Christe
3051 3878 3062 3913 :
3110 3858 3323 3912 Gelasio
3356 3858 3461 3910 vita
3495 3875 3506 3908 :
3537 3856 3618 3909 di-

2014 3966 2159 4010 ctum
2211 3952 2546 4024 quindecies.
2599 3952 2824 4005 Domine
2872 3952 3070 4014 Petre,
3128 3956 3181 4003 tu
3229 3950 3376 4002 illum
3404 3961 3609 4001 serva:

2015 4047 2217 4101 dictum
2252 4045 2562 4100 duodecies.
2585 4042 2747 4111 Cujus
2786 4041 2970 4095 sedem
2996 4050 3049 4093 et
3078 4039 3498 4093 annos:dictnm
3529 4051 3619 4092 sc-

2020 4139 2181 4206 pties.
2223 4138 2245 4169 ⁸
2275 4135 2544 4189 Vicarium
2576 4133 2775 4188 Christi
2808 4140 2860 4186 te
2884 4131 3152 4195 videmus,
3180 4128 3381 4183 dictum
3413 4127 3614 4181 sexies.

2017 4225 2183 4292 Cujus
2210 4224 2393 4279 sedem
2424 4235 2477 4279 et
2507 4237 2679 4276 annos
2724 4238 2737 4274 :
2778 4220 2980 4276 dictum
3026 4219 3224 4290 septies
3254 4218 3523 4287 trigesies.

2096 4314 2280 4369 Sixtus
2333 4313 2574 4367 notarius
2617 4321 2815 4365 sancti:
2857 4309 3115 4362 Romana:
3168 4307 3423 4361 Ecclesia:
3465 4305 3621 4375 jussu

2023 4405 2226 4460 domini
2262 4405 2365 4459 mei
2398 4403 2694 4460 beatissimi
2727 4416 2879 4472 papae
2908 4400 3103 4457 Gelasii
3143 4414 3210 4454 ex
3235 4398 3433 4452 scrinio
3474 4396 3621 4452 edidi

2019 4500 2107 4553 die
2136 4500 2156 4530 ⁹
2186 4497 2341 4552 tertio
2372 4496 2490 4551 idus
2522 4497 2664 4563 Maii,
2719 4495 2902 4550 Flavio
2925 4494 3141 4548 Viatore
3176 4493 3291 4547 viro
3319 4490 3622 4546 clarissimo

319 4592 446 4638 runt
471 4584 756 4653 imputare,
786 4600 881 4639 cur
922 4586 1379 4655 praevaricationis
1420 4588 1680 4643 offensam
1724 4590 1909 4645 viven-
1940 4584 1989 4643 D
2015 4589 2237 4645 consule
2274 4589 2441 4659 (anno
2468 4587 2667 4643 Christi
2695 4586 2846 4655 495).

396 4920 423 4949 ι
454 4912 549 4965 llic
580 4912 727 4965 locus
762 4912 997 4980 integer,
1031 4926 1199 4978 usque
1243 4912 1309 4964 ad
1359 4925 1417 4965 ea
1451 4911 1635 4975 verba,
1677 4911 1784 4965 alia
1821 4913 1911 4964 dev

320 4984 636 5054 functorum,
680 4984 871 5035 citatur
911 4997 941 5034 a
983 4980 1174 5049 Vigilio
1218 4998 1350 5051 papa
1406 4984 1457 5034 iu
1499 4984 1791 5037 constituto
1823 4997 1909 5034 an.

397 5285 412 5315 ¹
446 5282 514 5337 Se
539 5280 736 5333 dixerat
759 5296 858 5332 non
887 5296 993 5332 esse
1018 5282 1289 5347 facturum.
1318 5280 1521 5333 Fnoxr.
1555 5281 1805 5335 Ducisus.

395 5353 416 5383 ³
446 5350 549 5403 Illa
593 5366 691 5401 non
735 5350 949 5416 faciente
994 5352 1106 5414 via,
1170 5349 1307 5404 forte
1350 5350 1630 5419 legendum
1686 5352 1904 5420 fatente.

319 5420 529 5477 Fnoxr.
557 5422 799 5473 ltucazus.

392 5490 413 5521 ³
442 5490 507 5543 Ut
529 5490 639 5541 sola
665 5489 968 5541 conditionis
998 5489 1254 5543 humatur.
1303 5488 1505 5545 Fnoxr.
1545 5490 1793 5545 humatis.

392 5560 415 5589 ⁸
464 5560 629 5627 Usque
673 5560 740 5611 ad
795 5569 1072 5612 extremam
1115 5562 1303 5629 peccati
1354 5562 1637 5613 materiam.
1692 5562 1903 5615 Fnoxr.

321 5632 567 5685 Ducaus.

395 5703 413 5731 ⁵
442 5698 710 5769 Ullateuus
736 5698 1051 5769 incidamus,
1096 5716 1420 5769 censumque
1462 5702 1701 5754 severitas
1742 5703 1899 5756 etiam

322 5772 478 5824 (ἐτι-(ι.
501 5767 704 5825 Ftiour.
734 5768 975 5822 000145.

2023 4914 2147 4969 553.
2186 4915 2441 4969 "ARDUIN.

2093 5280 2114 5312 ⁸
2146 5280 2250 5344 Qui
2278 5280 2345 5332 ad
2376 5279 2469 5331 hoc
2495 5295 2593 5331 non
2619 5279 2826 5333 meruit.
2853 5278 3055 5333 PnoNT.
3098 5279 3346 5334 Duczus.

2092 5352 2112 5382 "
2145 5354 2259 5415 Quo
2281 5350 2627 5419 indulgentia,
2671 5352 2807 5402 forte
2851 5350 3133 5415 legendum
3167 5367 3268 5418 quo
3301 5349 3619 5419 indulgentia

2015 5437 2192 5474 carere
2220 5436 2321 5471 non
2344 5421 2518 5487 debet;
2544 5432 2697 5488 atque
2718 5423 2846 5472 adeo
2870 5422 3005 5489 quod
3027 5438 3134 5490 ipse
3163 5436 3377 5489 quoque.
3413 5420 3616 5474 Fttonr.

2017 5492 2263 5545 Duc/sus.

2086 5564 2106 5591 ⁸
2165 5560 2421 5611 l’icariunt
2464 5559 2654 5612 Christi
2689 5570 2735 5611 te
2770 5560 3000 5613 videmus
3042 5578 3059 5613 :
3105 5561 3295 5612 dictum
3357 5559 3614 5612 undecies.

2014 5633 2313 5701 .Itpostoluln
2345 5628 2561 5681 Petrum
2599 5640 2644 5681 te
2684 5632 2913 5683 videmus
2946 5648 2965 5685 :
2998 5633 3183 5684 dictum
3225 5630 3407 5685 sexies.
3452 5628 3615 5701 Cujus

2012 5703 2203 5753 sedem.
2242 5698 2440 5751 Fnonr.
2480 5701 2725 5754 "uestis.

2094 5774 2112 5797 ⁸³
2148 5768 2273 5822 ldus
2308 5769 2502 5822 Martii.
2541 5768 2742 5825 FttOST.
2773 5771 3014 5825 Dtt:.EUS.
