4190 6466
773 413 862 473 191
1984 405 2042 458 S.
2080 396 2324 457 AVITUS
2365 398 2786 457 VIENNENSIS.

3911 394 4011 446 193

913 519 3980 556 _____________________________________.._____________

1993 627 2158 671 ANNO
2198 627 2427 670 90111⁸1
2474 624 2775 670 δείξειαν
2787 649 2804 665 ο

1313 763 2446 977 SANCTUS
2509 759 3451 977 AVITUS

1993 1039 2362 1096 EPISCOPUS
2394 967 2853 1095 VIENNENSI?

2106 1171 2206 1240 (Ex
2229 1171 2364 1226 Bibl.
2393 1170 2662 1240 Galland.)

1933 1405 2511 1479 PBOLEGOM
2523 1404 2808 1479 ENON
2818 1461 2836 1480 .

817 1671 1038 1725 Exeunte
1047 1668 1230 1724 sa'culo
1257 1683 1286 1718 γ
1303 1674 1348 1720 et
1365 1681 1416 1719 vr
1442 1666 1662 1728 ineunte,
1677 1680 1774 1717 non
1799 1664 1964 1716 minus
1974 1665 2158 1732 pietate
2177 1679 2330 1732 quam
2359 1665 2407 1722 Α
2435 1665 2640 1734 gundite
2654 1680 2944 1730 conuenere,
2957 1665 3261 1721 celebratum
3275 1671 3345 1720 est
3367 1665 3658 1724 concilium.
3674 1666 3818 1736 cujus
3831 1667 4004 1720 decre-

773 1761 994 1815 doctrina
1011 1758 1186 1828 floruit
1207 1756 1428 1810 Alcimus
1447 1752 1682 1806 Ecdicius
1704 1749 2042 1817 Avitusticii
2061 1768 2149 1806 seu
2167 1751 2335 1821 Hesy-

774 1853 871 1907 cltii
898 1853 1113 1920 primum
1136 1847 1401 1902 clarissimi
1427 1843 1692 1907 senatoris,
1715 1844 1891 1897 deinde
1906 1843 2202 1896 Viennensis
2223 1842 2336 1912 epi-

770 1947 907 2014 scopi
934 1945 1091 2009 ﬁllus,
1117 1942 1344 2008 sedisque
1363 1953 1616 1992 successor
1641 1937 1771 1988 circa
1793 1952 1978 1988 annum
1995 1933 2182 1987 Christi
2208 1933 2334 1998 490,

770 2035 860 2086 sub
886 2033 1032 2097 finem
1055 2031 1250 2097 imperii
1271 2028 1509 2091 Zenonis,
1540 2037 1592 2078 ut
1623 2041 1684 2078 ex
1703 2026 1811 2087 eius
1838 2024 1973 2077 Actis
1995 2025 2235 2092 colligunt
2261 2021 2336 2092 (a)

777 2121 1096 2175 Bollandiani
1142 2119 1322 2188 quibus
1361 2116 1571 2171 Gallica:
1616 2115 1858 2168 llistorice
1901 2115 2159 2166 litteraria:
2211 2113 2336 2166 scri-

780 2223 947 2272 ptores
975 2214 1215 2265 accedunt
1246 2212 1338 2278 (ὁ).
1362 2209 1424 2262 1η
1453 2209 1741 2274 episcOpatu
1763 2208 1892 2260 mira
1911 2208 2066 2260 edidit
2096 2208 2337 2260 virtutum

771 2302 1012 2369 insignia,
1038 2317 1098 2352 ex
1124 2301 1303 2370 quibus
1331 2315 1486 2350 unum
1508 2308 1590 2350 aut
1612 2301 1830 2352 alterum
1870 2316 1960 2366 pro
1999 2300 2217 2353 instituti
2246 2316 2335 2354 no-

777 2391 866 2444 stri
893 2390 1088 2443 ratione
1115 2398 1191 2442 sat
1216 2389 1310 2440 erit
1339 2387 1420 2440 hic
1449 2391 1655 2456 referre.
1687 2387 1976 2441 Plurimum
2010 2389 2175 2457 itaque
2197 2389 2338 2443 labo-

780 2480 909 2532 ravit
935 2491 1138 2533 sanctus
1161 2479 1385 2540 antistes,
1419 2493 1516 2545 quo
1539 2476 1886 2531 Gnndobadus
1919 2477 2340 2548 Burgundionum

781 2587 870 2624 res:
913 2572 1156 2624 Arianam
1181 2571 1414 2623 heresim
1441 2573 1661 2638 ejuraret
1687 2609 1703 2634 ,
1748 2577 1803 2623 ut
1849 2579 2023 2624 narrat
2071 2571 2344 2639 Gregorius

784 2660 1094 2716 Turonensis
1125 2662 1216 2732 (ε),
1269 2669 1504 2728 excerpta
1532 2659 1682 2713 simul
1710 2661 1958 2714 nonnulla
1989 2666 2209 2731 referens
2237 2664 2343 2717 col-

788 2755 991 2808 lationis
1017 2754 1230 2822 publica:
1251 2753 1381 2805 inter
1407 2751 1681 2804 catholicos
1704 2751 1964 2820 episcopos
1979 2761 2024 2804 et
2041 2753 2258 2805 Arianos
2284 2769 2341 2806 eo

788 2847 988 2898 nomine
1015 2843 1247 2912 Lugduni
1271 2843 1454 2895 habilia
1480 2857 1614 2894 anno
1635 2841 1732 2896 501
1761 2850 1816 2894 ut
1837 2842 2034 2896 videtur
2053 2841 2217 2913 Pagio
2236 2843 2339 2914 (ό),

785 2939 884 2992 sire
905 2946 956 2987 ut
985 2936 1072 2988 alii
1099 2943 1316 2996 censent,
1341 2949 1474 2988 anno
1503 2933 1606 2988 499
1633 2933 1681 3002 (e
1700 2932 1747 3001 );
1779 2949 1892 3003 quer
1911 2935 2113 3003 quidem
2141 2935 2345 2988 collatio

2437 1756 2499 1808 tis
2527 1757 2720 1826 primus
2745 1757 3038 1827 subscripsit
3066 1756 3243 1810 Auitus
3258 1757 3341 1810 die
3355 1771 3460 1812 xvn
3483 1758 3583 1810 cal.
3612 1756 3839 1811 Octobris
3864 1757 4005 1828 Aga-

2438 1859 2551 1914 peto
2563 1845 2625 1900 V.
2646 1845 2703 1901 C.
2723 1862 2859 1900 cons.
2882 1847 2957 1899 De
2973 1862 3073 1915 quo
3083 1847 3286 1915 quidem
3302 1848 3517 1901 concilio
3537 1849 3685 1915 plura
3701 1845 3892 1916 Pagius
3918 1849 4002 1917 (i).

2510 1935 2539 1989 1
2547 1934 2575 1988 1
2585 1936 2604 1988 1
2617 1979 2629 1992 .
2654 1935 2846 1991 Prester
2859 1935 3102 1990 Arianam
3123 1937 3355 1990 bwresim
3364 1953 3515 2006 quam
3526 1939 3767 1989 acerrime
3787 1937 4007 1989 insecta-

2440 2033 2520 2078 tus
2548 2035 2620 2078 est
2641 2025 2814 2082 beatus
2833 2025 3037 2095 prtesul,
3069 2025 3287 2080 Iucreses
3325 2027 3478 2079 etiam
3526 2025 3959 2096 Eutgckianorum
3985 2067 4003 2089 ,

2443 2113 2494 2166 Ν
2498 2117 2887 2179 estoriandrum,
2919 2115 3344 2170 Photinianorum
3363 2132 3425 2168 ac
3453 2113 3852 2170 Bonosiacorum
3877 2133 4005 2170 con-

2441 2207 2620 2274 futavit
2653 2206 2747 2279 (ί).
2779 2206 3000 2275 Scripsit
3029 2223 3224 2278 quoque
3246 2206 3486 2260 adversus
3530 2203 3783 2260 Faustum
3825 2205 4007 2260 Reien—

2439 2312 2542 2350 sem
2568 2295 2664 2368 (lt),
2695 2298 3016 2352 simulantem
3038 2299 3241 2368 quidem
3267 2299 3508 2351 damnare
3549 2295 3838 2368 Pelagium,
3890 2314 4006 2351 cor-

2440 2387 2759 2442 roborantem
2789 2405 2903 2442 rero
2925 2390 3088 2458 ipsam
3113 2388 3445 2460 Pelagianam
3469 2389 3735 2458 perﬁdiam
3757 2429 3773 2452 ,
3823 2399 3875 2442 ut
3924 2391 4000 2444 ait

2444 2478 2701 2533 Baronius
2732 2481 2816 2548 (Ι).
2843 2479 2968 2533 Uo:c
3014 2496 3129 2533 vero
3160 2481 3407 2550 imprimis
3449 2488 3695 2533 testantur
3733 2478 4008 2549 Gregorius

2449 2569 2752 2623 Turonensis
2779 2569 2898 2637 (ιη),
2923 2569 3221 2638 Agobardus
3253 2569 3605 2638 Lugdunensis
3646 2569 3666 2640 (
3695 2569 3767 2638 n)
3801 2580 3847 2622 et
3893 2570 4007 2622 Αάο

2456 2657 2756 2713 Viennensis
2785 2661 2884 2727 (a),
2912 2660 3152 2729 episcOpi.
3179 2657 3452 2722 Prcterea,
3481 2656 3676 2714 Fausto
3700 2669 3745 2714 et
3771 2660 4010 2730 Symma-

2445 2749 2539 2801 cho
2560 2749 2878 2803 senatoribus
2911 2749 3062 2804 Urbis
3090 2749 3304 2818 epistola
3331 2749 3599 2817 inscripta,
3647 2749 4011 2818 Symmachum

2446 2858 2630 2910 papam
2651 2841 2894 2894 adversus
2914 2841 3256 2894 schismaticos
3280 2851 3483 2894 strenue
3502 2839 3698 2910 adjuvit
3738 2841 3839 2912 (p).
3869 2841 4011 2894 Reli-

2447 2947 2547 2999 qua
2575 2930 2778 3002 egregia
2798 2933 2908 3002 ejus
2932 2931 3163 3000 facinora
3183 2931 3412 2984 consulta
3439 2931 3756 2998 praterimus
3772 2931 4011 3002 :longum

784 3030 969 3082 sa‘culo
990 3029 1185 3080 demum
1225 3027 1481 3096 superiore
1509 3025 1561 3078 in
1589 3026 1752 3077 lucem
1775 3026 1960 3094 prodiit
1990 3025 2076 3096 (Γ).
2116 3026 2218 3080 Sed
2247 3028 2343 3080 hac
2373 3015 2418 3075 Β
2447 3023 2578 3075 enim
2606 3030 2730 3076 esset
2751 3024 2826 3075 ire
2847 3039 2933 3091 per
2954 3023 3174 3092 singula.
3205 3023 3530 3092 Quapropter
3555 3026 3669 3088 iure
3697 3024 3850 3092 plane
3875 3024 4012 3093 apti-

788 3121 851 3173 de
879 3135 932 3173 re
960 3118 1280 3188 Agobardum
1308 3116 1486 3170 audire
1513 3122 1719 3185 pra'stat
1739 3115 1817 3187 (g)
1851 3133 1866 3170 :
1902 3134 1918 3165 ι
1949 3117 2142 3181 Avitus,
2163 3118 2346 3188 inquit,

785 3209 887 3278 fide
914 3207 1212 3266 catholicus.
1243 3206 1526 3274 eloquentia
1546 3206 1962 3273 facundissimus,
1980 3207 2180 3274 ingenio
2208 3224 2348 3263 acer-

785 3300 962 3359 rimus,
987 3312 1246 3350 sacrarum
1274 3293 1576 3349 Litterarum
1603 3295 1858 3362 expositor
1885 3297 2236 3363 suavissimus,
2263 3300 2349 3352 lit-

787 3399 1009 3443 terarum
1029 3388 1174 3442 etiam
1202 3385 1518 3439 secularium
1547 3386 1868 3440 doctissimus
1907 3395 1952 3441 et
1981 3389 2033 3442 in
2060 3390 2231 3445 metris
2261 3391 2345 3460 fa-

789 3480 1027 3541 cillimus,
1059 3492 1172 3530 cum
1199 3473 1516 3529 Gundobado
1548 3475 1832 3544 frequenter
1859 3478 1922 3529 de
1946 3479 2048 3546 ﬁde
2075 3481 2344 3547 altercans,

790 3579 836 3623 et
865 3569 1092 3638 dialogos
1111 3567 1165 3620 in
1194 3567 1425 3635 prasenti
1469 3566 1740 3631 conficiens
1764 3605 1780 3630 ,
1825 3576 1871 3620 et
1908 3569 2133 3638 epistolis
2161 3571 2351 3625 absenti

791 3658 1115 3727 respondens.
1141 3655 1291 3724 plura
1318 3663 1367 3708 et
1391 3654 1533 3707 clara
1558 3655 1747 3724 ingenii
1777 3656 1858 3708 sui
1885 3665 1932 3710 et
1961 3659 2159 3711 virtutis
2193 3675 2350 3727 opera

791 3747 1010 3815 reliquit.
1044 3745 1143 3811 Qui
1172 3745 1286 3812 ipso
1310 3741 1626 3797 Gundobado
1665 3745 1719 3798 in
1758 3761 1851 3799 sua
1894 3748 2109 3816 perﬁdia
2153 3751 2349 3816 perdito

791 3851 1124 3891 successorem
1150 3836 1260 3905 ejus
1282 3834 1493 3905 (ﬁlium)
1519 3834 1904 3905 Sigismundum
1923 3853 2090 3908 regem
2106 3840 2172 3892 ad
2198 3841 2348 3905 ﬁdem

793 3930 1093 3984 catholicam
1114 3928 1354 3982 conuertit
1375 3942 1395 3981 :
1420 3927 1472 3980 in
1493 3931 1638 3998 cujus
1665 3931 1983 3985 conuersione
2010 3933 2232 3985 recitavit
2259 3930 2352 3986 ho-

2450 3126 2534 3162 mo
2559 3111 2932 3164 sanctissimum
2950 3113 3106 3181 juxta
3127 3119 3172 3166 et
3198 3112 3544 3165 doctissimum
3566 3121 3792 3165 nostrum
3810 3114 4012 3182 procin-

2450 3202 2543 3253 cia:
2572 3199 2873 3255 Viennensis
2904 3203 3182 3256 antistitem
3211 3203 3410 3274 magnis
3438 3201 3672 3255 laudibus
3701 3202 4015 3256 celebrarunt

2449 3289 2542 3341 riri
2567 3289 2850 3344 eruditione
2869 3307 2928 3344 ac
2956 3292 3139 3345 virtute
3159 3291 3427 3362 praclari;
3446 3306 3571 3361 quos
3599 3291 3729 3344 inter
3753 3289 4017 3346 Eunodius

2454 3378 2735 3435 Ticinensis
2755 3382 2944 3451 praesul
2974 3381 3051 3452 (q)
3085 3399 3097 3432 :
3134 3399 3152 3431 s
3188 3380 3672 3446 Pra'stbntissimus,
3702 3382 3887 3448 inquit,
3932 3385 4015 3436 in-

2451 3483 2525 3526 ter
2553 3472 2727 3526 (iollas
2757 3473 2932 3527 Avitus
2966 3473 3270 3527 Viennensis
3292 3475 3578 3544 episcopus,
3610 3477 3662 3526 in
3686 3491 3785 3543 quo
3805 3491 3858 3529 se
3883 3477 4019 3544 peri-

2453 3567 2522 3621 tia
2549 3568 2680 3622 velut
2708 3567 2762 3621 in
2791 3567 3070 3622 diversorio
3090 3567 3278 3621 lucida
3304 3567 3485 3620 domus
3515 3567 3740 3620 inclusit.
3777 3586 3795 3619 ο
3826 3566 4019 3638 Grego-

2452 3661 2559 3713 rius
2584 3675 2699 3713 uero
2732 3657 3045 3713 Turonensis
3075 3656 3146 3729 (r)
3179 3674 3193 3711 :
3228 3676 3248 3710 ί
3285 3656 3489 3728 Magna:
3503 3657 3886 3726 facundice,ait,
3909 3667 4018 3711 erat

2453 3763 2572 3804 tunc
2597 3752 2837 3822 temporis
2859 3751 3031 3804 beatus
3060 3752 3257 3804 Avitus.
3308 3779 3374 3790 —
3421 3748 3642 3804 Exstant
3674 3751 3858 3804 exinde
3886 3767 4020 3804 nunc

2451 3843 2590 3910 apud
2611 3858 2701 3896 nos
2727 3841 2954 3910 epistola:
2973 3841 3320 3906 admirabiles,
3347 3856 3462 3911 qua:
3489 3842 3620 3896 sicut
3645 3851 3765 3895 tunc
3791 3841 4018 3895 lia-resin:

2453 3939 2822 4001 oppresserunt,
2837 3932 2910 3984 ita
2938 3945 3072 3983 nunc
3101 3928 3382 3983 Ecclesiam
3406 3926 3501 3984 Dei
3520 3929 3830 3998 adiﬁcauta
3861 3929 4021 3984 Eum-

796 4021 985 4074 miliam
1010 4023 1062 4073 in
1107 4018 1299 4089 populo
1345 4033 1579 4071 sensuum
1631 4020 1877 4073 suavitate
1921 4021 2264 4090 plenissimam
2307 4032 2356 4077 et
2456 4023 2570 4074 dem
2593 4031 2734 4074 vocat
2759 4019 2993 4074 Isidorus
3020 4020 3351 4089 Hispalensis
3393 4038 3413 4073 ί
3459 4021 3671 4075 scientia
3705 4022 4019 4075 sccularium

798 4112 1056 4165 verborum
1083 4108 1449 4175 compositione
1479 4107 1842 4163 dulcissimam.
1885 4128 1902 4160 ι
1950 4109 2086 4162 Hinc
2128 4127 2271 4176 vero,
2300 4119 2355 4164 ut
2458 4111 2740 4166 litterarum
2765 4112 3111 4164 doctissimum
3133 4110 3222 4180 (s).
3262 4129 3282 4164 s
3321 4109 3392 4165 De
3420 4127 3479 4165 eo
3520 4112 3640 4165 item
3679 4127 3857 4164 rursus
3890 4113 4020 4180 Ago-

796 4199 1054 4254 Hadriani
1091 4196 1284 4251 Valesii
1311 4195 1471 4250 verbis
1508 4205 1623 4249 utar
1649 4196 1779 4266 (b),s
1821 4197 2064 4266 facillime
2111 4200 2354 4266 impetra-
2457 4202 2644 4255 bardus
2672 4202 2776 4271 (t):
2833 4219 2851 4253 ι
2889 4201 3150 4254 Alc/simus
3165 4202 3363 4266 Avitus,
3390 4201 3573 4268 inquit,
3598 4200 3840 4254 Ecclesia:
3870 4201 4021 4255 l'ien-

801 4305 906 4347 tum
935 4301 1008 4346 est
1033 4309 1064 4345 a
1087 4288 1534 4358 Burgundionibus
1555 4329 1572 4354 ,
1621 4297 1676 4341 ut
1727 4289 1860 4360 regis
1905 4290 1987 4343 sui
2037 4289 2356 4346 imitarentur
2459 4292 2629 4344 nensis
2649 4291 2930 4359 episcopus,
2960 4305 3111 4360 quam
3140 4291 3351 4344 eximius
3379 4290 3558 4344 doctor
3584 4299 3631 4346 et
3659 4290 3906 4360 facundus
3932 4308 4021 4344 c1-

798 4382 1102 4452 exsmplunr,
1127 4389 1171 4433 et
1193 4379 1484 4449 religionem
1513 4377 1810 4432 catholicam
1841 4379 1894 4432 in
1925 4395 2024 4448 qua
2042 4395 2219 4434 eorum
2245 4396 2354 4434 ma—
2381 4365 2429 4430 C
2458 4383 2656 4442 stiterit.
2686 4397 2811 4450 pene
2832 4388 2937 4434 tota
2971 4380 3108 4433 novit
3135 4377 3367 4434 Ecclesia
3392 4379 3601 4434 Christi.
3639 4399 3658 4433 s
3683 4381 3849 4434 Adoni
3883 4381 4024 4434 deni-

803 4474 932 4542 iores
958 4470 1136 4524 versati
1157 4478 1321 4535 erant,
1346 4470 1545 4537 ejurato
1582 4483 1755 4522 errore
1776 4478 2117 4538 sequerentur.
2154 4488 2173 4521 s
2204 4471 2352 4524 Anno
2457 4490 2556 4543 que
2588 4472 2776 4526 dicitur
2805 4472 2884 4542 (u)
2913 4489 2932 4523 ι
2969 4471 3258 4542 eloquentia
3299 4479 3346 4526 et
3398 4474 3665 4526 sanctitate
3709 4473 4022 4543 pracipuus,

804 4561 982 4631 quippe
1002 4559 1124 4622 517,
1154 4567 1209 4610 ut
1237 4573 1354 4610 mos;
1377 4556 1588 4609 aduertit
1631 4555 1764 4610 idem
1809 4555 2044 4612 Valesius
2065 4597 2082 4622 ,
2131 4560 2218 4629 qui
2259 4561 2354 4627 fuit
2457 4563 2679 4618 scribens
2704 4561 3104 4616 luculentissimo
3130 4570 3179 4615 et
3211 4563 3457 4632 castigato
3476 4565 3599 4616 satis
3618 4578 3844 4618 sermone
3863 4552 3921 4617 ὅσ
3943 4563 4025 4616 lu-

803 4651 1047 4706 secundus
1078 4649 1220 4718 regni
1250 4646 1586 4720 Sigismundi,
1618 4645 1824 4716 Epaone
1847 4663 1946 4716 quo
1971 4650 2192 4718 episcopi
2218 4648 2356 4704 Bur-
2460 4651 2718 4706 cidissima
2748 4650 2866 4718 ﬁde.

882 4792 956 4858 (a)
1025 4786 1304 4858 Bollsnd._
1337 4784 1456 4840 Act.
1533 4791 1836 4838 sanctorum
1885 4790 2014 4837 tom.
2066 4783 2108 4839 1.
2159 4785 2319 4840 Febr.
2351 4825 2365 4850 ,

807 4856 925 4930 mr-
956 4858 1079 4930 Gﬁt.
1111 4871 1254 4930 eum:
1285 4856 1335 4930 ίς

876 4919 948 4998 (ὁ)
971 4919 1201 4998 Histoire
1224 4921 1475 4998 littér._i_i_e
1496 4922 1544 4975 la
1561 4921 1952 4998 france,__tom.
1981 4919 2068 4984 111,
2096 4935 2214 4998 pag.
2241 4923 2362 4978 HG.

879 4991 950 5064 lc)
974 4997 1132 5064 Greg.
1161 4994 1358 5047 Turon.
1393 4993 1528 5064 Hist.
1561 4991 1757 5064 lii-ape.
1778 4991 1866 5046 lib.
1903 5006 1959 5056 ιι,
1992 5006 2110 5060 cap.
2133 4993 2221 5046 54.

878 5060 959 5131 (τί)
993 5060 1136 5133 Pagi,
1164 5065 1228 5116 ad
1255 5078 1378 5116 ann.
1410 5060 1532 5133 50},
1563 5061 1622 5130 §§
1653 5061 1710 5127 '5,
1733 5060 1788 5113 4.

878 5129 951 5204 (ιι)
981 5129 1169 5204 Collat.
1197 5133 1387 5204 e_pisc.,
1407 5129 1562 5204 inira.

880 5198 950 5274 if)
974 5203 1202 5257 Histoire
1226 5201 1385 5256 littér.
1418 5199 1484 5254 de
1511 5200 1558 5253 la
1587 5198 1812 5266 France,
1854 5199 1974 5255 loco
2023 5199 2209 5266 citato,
2241 5215 2364 5271 pag.

810 5278 955 5414 u(7g)
985 5339 1642 5414 Agobarqalibiadf.leg.
1671 5337 1918 5394 Gundob.
1955 5353 2072 5409 cap.
2107 5339 2195 5407 15,
2239 5355 2364 5410 Opp.

2542 4783 2606 4853 (ι)
2639 4785 2831 4839 Barca.
2858 4785 2920 4839 ad
2945 4799 3070 4838 ann.
3099 4782 3288 4906 5.16,;
3313 4785 3403 4840 Si.
3489 4853 3500 4865 .

2542 4855 2639 4906 tm)
2661 4854 2821 4906 Grca.
2852 4853 3055 4906 Turon.
3081 4853 3218 4906 Hist.
3286 4868 3430 4906 nnc.
3466 4853 3500 4906 ll

2541 4852 2639 4924 tm)
2661 4854 2821 4924 Greg.
2852 4853 3055 4908 Turon.
3081 4852 3430 4924 Hist.7Franc.
3466 4853 3558 4908 lib.
3585 4868 3643 4919 It,
3673 4867 3791 4918 cap.
3815 4852 3900 4906 54.

2539 4922 3300 5004 (n)_Agob.[iugilztlilnsdm
3324 4922 3489 4978 Fclic.
3515 4963 3530 4988 ,
3567 4938 3686 4992 cap.
3737 4924 3841 4986 41,
3900 4937 4021 4992 opp.

2472 4991 2606 5048 tom.
2629 4993 2668 5056 Ι,
2699 5008 2817 5060 pag.
2849 4992 2918 5047 55
2939 4991 3068 5046 edit.
3093 4992 3181 5045 cit.
3636 4991 3645 4992 ’
3976 4991 3983 4992 ’

2472 5063 2617 5144 mlo)
2650 5063 2765 5117 Ado
2797 5062 2948 5118 Vien.
2981 5063 3032 5116 iu
3059 5061 3258 5117 Chron.
3290 5062 3355 5116 ad
3380 5078 3468 5115 an.
3499 5061 3604 5117 499
3633 5070 3689 5116 et
3734 5073 3857 5117 ante
3901 5077 4020 5114 ann.

2467 5131 2591 5188 519.

2541 5200 2620 5280 tv.)
2643 5201 2783 5280 Ανίιο
2812 5202 2966 5280 epist:
2991 5201 3079 5280 δέ..
3117 5268 3156 5280 _
3199 5268 3211 5280 .

2470 5267 2859 5408 μφζξᾘςοᾱ.
2884 5270 2990 5324 Vit.
3026 5271 3085 5324 Β.
3117 5267 3309 5339 Epipb.
3337 5284 3462 5340 opp.
3495 5270 3765 5325 Sirmond.
3804 5277 3934 5326 tom.
3972 5269 4023 5336 l,

2538 5355 2588 5406 8.
2757 5379 2772 5395 ο

814 5408 947 5470 toni.
973 5414 1009 5473 Ι,
1034 5408 1152 5480 pag.
1186 5409 1284 5464 1‘20
1305 5410 1431 5480 edit.
1455 5409 1634 5480 Balnz.
2025 5408 2055 5480 λ
2315 5408 2324 5410 ⁷
2543 5409 2616 5480 (r)
2643 5408 3031 5480 Gregs'l‘uroa.
3059 5411 3178 5466 loco
3206 5410 3390 5464 citato.

883 5485 960 5555 (Ii)
986 5477 1154 5555 itadr.
1189 5480 1360 5555 Vale}
1391 5478 1517 5555 iter.
1544 5478 1734 5532 Franc.
1764 5477 1851 5533 lib.
1880 5493 1970 5544 vn,
1996 5479 2060 5533 ad
2085 5494 2214 5536 ann.
2240 5480 2365 5543 516.
2549 5477 2618 5555 (κ)
2648 5477 2769 5555 ῐείἀ.
2797 5479 2946 5555 ll_i_s_p.
2973 5479 3262 5555 _de_Sc_ri_pt.
3289 5480 3449 5555 eccl.,
3478 5493 3598 5546 cap.
3625 5477 3716 5532 ‘23.

817 5544 952 5636 ιοιὶῖέ
981 5553 1028 5636 ιι
1056 5565 1205 5636 P998;
1604 5614 1634 5636 .
1678 5617 1710 5636 η
2400 5627 2442 5636 -

2400 5627 2442 5636 ﬁ
2514 5545 3250 5636 Δςι)-ςξὶε;ξ)ῃ.1ἱρ.(1ιεδυάδες.
3298 5544 3578 5636 Supersti,
3625 5562 3750 5616 opp.
3795 5557 3926 5602 tom.
3965 5544 4024 5612 ι,

981 5614 1102 5712 Pagi
1124 5614 1189 5672 ΞΒ
1217 5633 1338 5700 ann.
1369 5618 1494 5676 509,
1603 5614 1655 5679 6,
1678 5617 1728 5670 7.

890 5693 956 5762 ογ
984 5691 1116 5762 Α-λιι.
1151 5697 1305 5762 epist.
1329 5687 1361 5740 2
1380 5695 1432 5742 et
1459 5685 1510 5740 3.

891 5756 966 5828 (lt)
989 5760 1058 5812 Id.
1090 5760 1242 5828 epist.
1275 5756 1328 5810 4.

2399 5627 2448 5682 ο
2476 5631 2594 5685 pag.
2627 5619 2692 5669 70
2712 5617 2837 5670 edit.
2863 5619 2956 5671 cit.

2547 5687 2624 5756 (ιι)
2648 5687 2761 5741 Atio
2789 5688 2839 5742 in
2866 5689 3066 5744 Chron.
3092 5687 3153 5741 ad
3179 5704 3301 5743 ann.
3330 5687 3438 5744 492
3460 5694 3513 5742 ct
3537 5696 3661 5743 ante
3687 5700 3811 5740 ann.
3839 5687 3961 5742 519.
