4190 6396
304 377 410 434 I95

1664 379 2198 437 PROLEGOMENA.

3481 396 3584 452 11M

370 484 489 542 ΙΙΙ.
523 484 688 541 Porro
717 501 819 557 quo
842 502 982 542 anno
1002 502 1031 541 e
1048 486 1173 541 vivis
1211 487 1480 542 excesserit
1508 497 1719 543 sanctus
1746 505 1880 559 prc-
1906 492 1953 549 Δ
1985 490 2085 544 lius
2116 490 2387 557 descendo,
2403 493 2540 563 quod
2569 510 2857 565 anonymus
2878 494 3009 551 ista:
3030 499 3197 553 sancti
3216 500 3350 554 Aviti
3375 519 3573 571 auctor,

301 578 404 642 sul,
431 578 568 631 haud
596 594 699 631 una
725 587 800 633 est
827 579 1052 633 virorum
1073 578 1386 633 eruditorum
1409 580 1682 635 sententia.
1700 579 1888 634 Verum

301 683 397 737 quo
422 668 703 737 difficultas
724 668 933 739 hujusce
951 667 1245 737 qutvstionis
1266 670 1435 738 quoad
1456 670 1571 736 fieri
1596 678 1757 737 potest
1778 672 1889 725 dis-

300 760 548 824 solvatur,
574 776 653 815 res
678 760 897 830 penitius
919 759 1263 829 inspicienda.
1289 760 1469 814 Tradit
1495 762 1653 833 igitur
1675 762 1789 815 Ado
1812 761 1888 833 (a)

301 850 456 902 vitam
482 850 652 902 adhuc
673 850 833 918 egisse
852 849 1055 903 Avitum
1077 859 1189 919 post
1212 865 1384 903 necem
1410 849 1733 921 Sigismundi
1753 850 1892 905 Bur-

299 938 624 1009 gundionum
663 939 819 1008 regis,
850 954 998 1008 quem
1027 938 1292 1005 nimirum,
1316 939 1501 1007 inquit,
1550 958 1570 992 ι
1607 951 1814 1007 captum
1842 950 1891 996 et

299 1045 331 1079 ιι
359 1024 574 1080 Francis
596 1029 815 1082 occisum
831 1028 1259 1083 vehementissim
1285 1029 1623 1085 doluilsidem
1633 1030 1889 1088 Viennen-

299 1120 375 1170 s‘s
402 1119 636 1172 antistes.
666 1119 896 1173 Adonem
926 1120 1194 1189 exscripsit
1241 1136 1528 1190 anonymus
1562 1130 1742 1177 auctor
1774 1124 1890 1179 vita:

300 1207 532 1277 ejusdem
561 1207 722 1261 sancti
770 1206 906 1260 Aviti
954 1209 1095 1276 apud
1147 1206 1522 1266 Bollandianos
1570 1211 1691 1282 (b)
1739 1227 1753 1265 :
1799 1216 1889 1283 qui

302 1298 521 1366 proinde
549 1308 658 1368 post
690 1299 887 1353 Adonis
913 1308 1115 1354 atatem
1141 1302 1364 1357 scribens
1386 1342 1402 1367 ,
1438 1305 1629 1358 steculo
1655 1307 1834 1360 saltem
1856 1324 1887 1362 ι

302 1390 577 1442 autserius
599 1389 835 1458 fortasse,
870 1405 1056 1457 parum
1108 1394 1428 1446 auctoritatis
1474 1405 1748 1463 propterea
1794 1397 1889 1451 sibi

304 1477 581 1529 conciliare
609 1478 941 1540 comperitur.
969 1478 1075 1533 Sed
1094 1496 1157 1532 ne
1179 1479 1353 1534 Adoni
1376 1483 1580 1551 quidem
1628 1485 1726 1555 ipsi
1761 1487 1889 1553 ﬁdes

303 1566 591 1620 adhibenda
636 1568 855 1634 videtur,
902 1568 988 1623 ubi
1042 1569 1376 1642 Sigismundo
1420 1575 1529 1645 regi
1568 1579 1889 1645 superstitem

304 1656 465 1725 fuisse
493 1656 693 1710 Avitum
722 1668 949 1711 enarrat.
977 1659 1152 1715 Avitus
1174 1662 1340 1727 enim,
1370 1664 1459 1733 qui
1494 1663 1889 1735 Sigismundum

304 1759 332 1796 e
374 1745 543 1798 medio
575 1745 836 1800 sublatum
877 1749 1153 1819 ingemuit,
1195 1767 1298 1806 non
1334 1753 1433 1823 fuit
1474 1755 1653 1811 Avitus
1696 1760 1889 1826 pra’sul

1992 580 2216 649 primum
2239 581 2407 635 editus
2429 599 2461 635 α
2481 581 2685 638 Labbeo
2706 583 2793 653 (ι),
2810 585 2995 639 deinde
3016 603 3048 639 a
3076 585 3433 643 Bollandiauis
3458 596 3577 661 (in),

1991 668 2242 737 scriptum
2271 670 2510 737 reliquit,
2539 672 2767 738 Avitum,
2818 674 3093 730 Anastasio
3120 678 3290 732 adhuc
3329 683 3579 751 principe,

1992 758 2097 810 vita
2120 759 2282 825 fuisse
2310 760 2565 828 functum,
2593 764 2684 832 qui
2714 778 2784 818 vn
2812 763 2887 819 id.
2915 763 3049 819 Julii
3076 768 3251 823 eodem
3293 785 3430 824 anno
3476 773 3583 828 518

1992 846 2249 903 interiisse
2276 851 2589 917 perhibetur.

2065 935 2169 991 IV.
2202 938 2323 991 Jam
2353 955 2488 1007 vero,
2522 950 2575 994 ut
2604 942 2666 995 de
2706 942 2869 1011 ipsius
2908 945 3045 998 Aviti
3074 947 3356 1001 litterarum
3402 953 3575 1003 moni-

1992 1029 2175 1083 inentis
2201 1045 2481 1083 sermonem
2513 1034 2715 1087 demum
2743 1033 3052 1101 habeamus,
3091 1037 3399 1094 Sirmondus
3426 1046 3585 1109 potis-

1989 1117 2175 1170 simum
2216 1120 2525 1185 audiendus,
2558 1123 2645 1189 qui
2687 1138 2746 1176 ea
2798 1126 2969 1178 omnia
3007 1143 3320 1198 quacunque
3363 1136 3583 1200 reperire

1992 1208 2189 1275 potuit,
2236 1208 2314 1261 vel
2361 1210 2584 1278 primunt
2638 1212 2807 1279 edita,
2856 1212 2934 1268 vel
2986 1219 3220 1271 restituta
3260 1228 3310 1271 et
3356 1222 3584 1287 expolita

1995 1292 2218 1350 Parisiis
2253 1298 2309 1350 in
2337 1300 2515 1367 vulgus
2556 1300 2717 1353 emisit
2748 1319 2885 1357 anno
2913 1302 3071 1359 1645.
3100 1305 3193 1360 Sic
3220 1307 3391 1376 itaque
3426 1307 3486 1362 V.
3520 1308 3584 1364 C.

1994 1386 2073 1459 (η)
2114 1407 2131 1439 ι
2158 1388 2511 1456 Epistolarum
2538 1394 2694 1455 Aviti,
2737 1396 2833 1464 ait,
2860 1412 2988 1465 quas
3018 1397 3128 1462 tibi,
3168 1398 3342 1463 lector,
3367 1403 3483 1469 jam
3510 1411 3584 1455 tot

1991 1479 2141 1532 annis
2175 1478 2496 1547 debebamus,
2530 1485 2803 1537 verendum
2844 1496 2953 1540 erat
3000 1503 3063 1539 ne
3108 1503 3220 1540 sera
3264 1506 3398 1542 nunc
3442 1496 3585 1561 apud

1992 1576 2044 1623 te
2070 1568 2144 1623 vel
2184 1584 2485 1641 consumpta
2519 1574 2585 1627 sit
2622 1577 2818 1644 gratia,
2852 1577 2950 1629 nisi
2982 1593 3139 1631 morae
3172 1580 3321 1633 istius
3361 1582 3583 1635 viderem

1992 1660 2215 1728 fructum
2243 1662 2387 1715 nobis
2415 1664 2639 1733 aliquem
2680 1666 2949 1721 exstitisse.
2987 1667 3187 1739 Quippe
3215 1671 3304 1739 qui
3338 1674 3585 1726 emenda-

1994 1751 2095 1805 tius
2134 1753 2345 1806 illarum
2384 1758 2665 1823 exemplar,
2703 1757 2914 1812 sicunde
2956 1758 3257 1829 a/fulgeret,
3286 1762 3409 1816 dum
3438 1781 3584 1833 quie-

328 1832 655 1899 Viennensis,
687 1837 776 1891 sed
799 1835 975 1891 Avitus
1002 1840 1162 1894 abbas
1184 1840 1507 1898 lliciacensis
1553 1850 1846 1903 monasterii
1869 1891 1884 1916 ,
1921 1844 1966 1903 Β
1992 1840 2174 1906 ﬁmi“.
2194 1843 2249 1894 ίη
2278 1842 2428 1897 “ori
2462 1846 2665 1899 αἰποηὲ
2698 1847 2933 1902 volumen
2976 1852 3116 1919 apud
3140 1832 3463 1907 συνειδυίαηέ
3495 1857 3582 1909 iu-

311 1940 330 1974 s
371 1939 587 1994 magnus
611 1934 730 1979 tunc
753 1929 995 1994 temporis
1036 1932 1309 2000 sacerdos,
1348 1952 1367 1985 s
1402 1944 1457 2010 ut
1486 1936 1657 1991 scribit
1697 1936 1893 2010 Grego-

306 2015 419 2068 rius
447 2015 758 2071 Turonensis
788 2018 887 2089 (c),
916 2022 1064 2088 cujus
1090 2023 1239 2077 verba
1267 2026 1419 2080 latius
1457 2027 1622 2082 relata
1652 2033 1892 2101 expendit

306 2106 643 2176 edisseritque
668 2109 901 2164 Cointius
929 2112 1029 2182 (εἰ).
1057 2112 1164 2168 Sed
1182 2130 1285 2182 quo
1311 2116 1517 2171 demum
1545 2134 1682 2173 anno
1704 2122 1893 2177 interiit

308 2197 719 2268 Sigismundus?
738 2199 799 2254 Si
826 2199 1055 2255 Marium
1108 2203 1484 2261 Aventicensem
1534 2210 1587 2263 in
1640 2208 1893 2267 Chronico

308 2290 583 2343 audiamus
610 2307 757 2360 quem
786 2293 936 2345 etiam
964 2295 1191 2363 sequitur
1218 2296 1483 2354 Aimoinus
1512 2340 1527 2366 ,
1582 2302 1637 2355 id
1682 2306 1895 2373 contigit

310 2376 542 2432 Maximo
567 2381 794 2446 consule,
825 2383 1100 2439 indictione
1122 2400 1162 2452 ι,
1183 2387 1277 2441 hoc
1302 2397 1374 2443 est
1403 2405 1539 2444 anno
1558 2391 1746 2448 Christi
1766 2396 1891 2452 525.

310 2471 375 2523 At
403 2470 680 2541 Gregorius
716 2472 1021 2531 Turonensis
1048 2478 1235 2542 aliique
1282 2478 1614 2536 Francorum
1660 2486 1893 2543 historici

311 2561 702 2631 Sigismundum
758 2565 1080 2634 interfectum
1134 2570 1344 2625 tradunt
1398 2573 1690 2643 insequente
1755 2595 1893 2634 anno

309 2652 437 2716 524,
467 2652 674 2708 Justino
702 2670 736 2708 ιι
766 2666 812 2708 et
846 2657 1083 2725 Upilione
1102 2675 1257 2728 coss.,
1281 2662 1558 2720 indictione
1578 2681 1635 2721 ll.
1665 2667 1792 2722 Ha'c
1811 2670 1894 2739 fu-

308 2743 435 2795 sion
458 2744 592 2813 stylo
618 2747 940 2815 persequitur
964 2747 1272 2804 Hadrianus
1307 2751 1536 2809 Valesius
1574 2755 1668 2828 (e).
1704 2759 1895 2822 Quibus

308 2832 483 2901 itaque
510 2836 691 2902 positis
710 2837 936 2904 plerique
972 2840 1313 2895 recentiorum
1361 2842 1425 2897 ab
1476 2845 1654 2900 Adone
1698 2848 1893 2917 decepti

310 2936 550 2975 censuere
604 2932 714 2989 post
766 2923 1087 2995 Sigismundi
1131 2943 1301 2982 necem
1351 2930 1555 2986 Avitum
1604 2951 1894 3004 supremum

310 3009 443 3062 cliens
473 3009 736 3065 clausisse.
756 3011 821 3064 Et
849 3014 941 3065 alii
964 3016 1167 3083 quidem
1196 3032 1333 3071 anno
1364 3018 1505 3085 525;
1545 3020 1621 3093 (f)
1644 3024 1737 3077 alii
1780 3041 1895 3079 vero

311 3110 420 3168 post
446 3101 583 3153 hunc
603 3118 793 3154 annum
820 3102 931 3173 (g);
959 3105 1053 3158 alii
1068 3108 1284 3175 denique
1303 3124 1439 3163 anno
1453 3110 1558 3165 525
1576 3113 1677 3183 (lt).
1702 3114 1894 3170 Verum

1996 1932 2236 2000 cidimus,
2262 1938 2412 2005 cujus
2434 1936 2675 2003 beneficio
2691 1937 2828 1992 Aviti
2847 1940 3213 2007 opusculorum
3229 1945 3586 2014 septemdecim

1996 2040 2099 2077 non
2128 2024 2301 2079 titulos
2339 2030 2489 2082 modo
2527 2040 2575 2083 et
2603 2031 2844 2097 nomina,
2874 2036 3125 2102 majorem
3166 2044 3361 2100 partem
3402 2038 3583 2108 ignota

1994 2112 2302 2182 didicimus,
2348 2118 2435 2171 sed
2476 2120 2698 2187 plurima
2740 2122 2893 2175 etiam
2938 2132 2985 2177 et
3032 2123 3255 2179 illustria
3299 2126 3587 2197 fragmenta

1996 2216 2291 2261 ornamento
2314 2209 2528 2263 editioni
2560 2214 2738 2280 futura
2765 2215 3024 2269 consecuti
3057 2232 3252 2270 sumus.
3302 2216 3449 2272 Fecit
3478 2222 3587 2290 epi-

1992 2298 2245 2353 stolarum
2269 2301 2462 2355 utilitas
2484 2312 2530 2356 et
2555 2304 2836 2374 elegantia,
2861 2317 2917 2358 ut
2946 2308 3152 2360 ttedium
3174 2310 3311 2379 quod
3340 2311 3392 2364 in
3421 2313 3587 2367 vitiosi

1995 2389 2186 2441 codicis
2234 2392 2586 2445 emendatione
2629 2394 2976 2449 devorandum
3027 2399 3164 2466 fuit,
3204 2400 3427 2455 alacrius
3469 2421 3589 2471 per.

1997 2476 2245 2544 ferremus
2267 2493 2287 2532 :
2313 2494 2375 2533 ac
2398 2480 2645 2535 librorum
2668 2484 2819 2537 etiam
2845 2487 3065 2555 quinque
3088 2490 3411 2557 partitionem
3436 2509 3587 2559 quam

1998 2571 2347 2637 promittebat,
2379 2574 2667 2643 amplexuri
2696 2592 2917 2643 eramus,
2948 2579 2993 2632 si
3027 2580 3275 2647 integram
3322 2584 3588 2647 praestitis~

1996 2670 2090 2712 set.
2134 2659 2323 2714 Verum
2371 2673 2512 2717 tanta
2559 2666 2720 2717 inerat
2763 2668 3106 2735 perturbatio,
3151 2679 3205 2721 ut
3250 2672 3410 2725 satius
3453 2689 3589 2726 nunc

1996 2752 2203 2819 quidem
2229 2754 2392 2806 visum
2420 2755 2515 2821 sit,
2550 2758 2739 2810 omisso
2766 2759 3010 2813 librorum
3042 2761 3362 2829 discrimine,
3398 2766 3590 2833 episto-

1998 2841 2075 2895 las
2105 2843 2191 2894 tibi
2222 2859 2392 2899 omnes
2430 2862 2532 2900 uno
2580 2858 2719 2902 textu
2755 2852 3023 2905 continuas
3059 2857 3435 2922 representari.
3468 2855 3590 2910 Non

1999 2934 2173 2989 dubito
2206 2938 2329 3005 quin
2356 2940 2623 2993 consilium
2668 2944 2979 3009 probaturus
3004 2946 3116 3004 sis:
3144 2948 3433 3015 proximum
3464 2951 3589 3014 erit,

1999 3034 2055 3077 ut
2082 3038 2339 3095 corruptae
2373 3046 2571 3098 quoque
2604 3033 2834 3087 lectionis
2874 3036 2996 3089 vitia
3036 3052 3154 3106 qua:
3197 3047 3418 3102 restant,
3451 3041 3591 3109 feras

1998 3115 2367 3185 indulgentius.
2407 3118 2475 3173 In
2519 3122 2821 3194 fragmentis
2860 3141 2984 3180 sane
3027 3126 3199 3181 nullus
3243 3138 3413 3183 noster
3447 3132 3591 3183 labor

310 3208 426 3244 cum
450 3201 641 3244 constet
669 3194 871 3245 Avitum
892 3196 1001 3262 qui,
1038 3198 1285 3251 exstincto
1324 3199 1684 3271 Sigismundo,
1716 3221 1894 3272 super.
1918 3190 1964 3254 C
1996 3208 2115 3273 fuit.
2147 3205 2298 3261 Flori
2324 3211 2459 3264 enim
2496 3190 2758 3283 exemplar
2788 3216 3000 3283 probum
3026 3227 3074 3271 et
3098 3219 3400 3288 castigatum
3432 3224 3589 3274 secuti

312 3281 430 3349 fuit,
462 3280 622 3334 alium
652 3282 809 3352 fuisse
834 3300 867 3335 a
898 3285 1201 3353 Viennensi;
1222 3288 1329 3355 iam
1357 3300 1465 3342 tum
1492 3291 1659 3357 italue
1693 3296 1760 3348 ad
1786 3311 1893 3350 cte-

311 3370 415 3423 lum
441 3381 673 3426 evocatus
694 3373 847 3441 fuerit
869 3376 1046 3429 Avitus
1068 3387 1394 3446 noster,cum
1422 3398 1511 3435 rex
1532 3385 1619 3437 ille
1649 3383 1892 3456 Burgun-

312 3461 522 3516 dionum
552 3464 722 3532 periit,
744 3467 1176 3534 quemadmodum
1201 3472 1419 3525 advertit
1451 3475 1527 3527 vir
1552 3476 1779 3531 eruditus
1793 3478 1895 3549 (i);

311 3554 537 3621 adeoque
561 3555 825 3625 contigerit
849 3558 961 3625 ejus
983 3557 1147 3612 obitus
1187 3560 1324 3613 intra
1363 3572 1557 3633 tempus
1597 3565 1728 3618 illud
1754 3568 1893 3635 quod

312 3645 533 3696 excurrit
549 3645 677 3697 inter
695 3646 969 3700 celebratas
986 3649 1209 3718 synodos
1232 3648 1589 3720 Epaonensem
1609 3663 1654 3709 et
1676 3654 1892 3728 Lugdu-

310 3750 516 3787 nensem
545 3750 605 3789 ιι.
638 3734 797 3803 Nam,
827 3747 879 3790 ut
909 3740 1144 3807 superius
1176 3741 1412 3809 vidimus,
1463 3747 1661 3813 synodo
1691 3748 1893 3814 quidem

311 3822 606 3893 Epaonensi
629 3842 762 3880 anno
792 3825 894 3883 517
921 3839 1108 3884 coacta:
1132 3831 1326 3900 primus
1348 3834 1645 3906 subscripsit
1670 3839 1844 3893 Avitus
1871 3856 1891 3895 :

310 3931 362 3974 at
396 3921 504 3985 ipse
533 3921 671 3975 haud
692 3922 984 3992 interfuisse
1004 3928 1297 3996 agnoscitur
1332 3931 1528 3998 synodo
1563 3928 1893 4003 Lugdunensi

309 4025 346 4065 tt
378 4011 470 4064 sub
502 4009 840 4081 Sigismundo
860 4030 976 4085 rege
997 4016 1155 4080 paulo
1179 4026 1291 4084 post
1321 4018 1507 4072 habita:
1550 4034 1569 4072 :
1611 4024 1727 4094 ejus
1758 4026 1891 4076 enim

309 4117 493 4154 nomen
516 4103 651 4159 inter
674 4102 1070 4174 subscriptiones
1112 4107 1267 4179 hujus
1294 4111 1497 4163 concilii
1538 4127 1638 4165 non
1686 4113 1889 4185 legitur,

308 4200 363 4244 ut
392 4193 560 4247 ridere
578 4204 652 4248 est
674 4195 727 4247 in
757 4196 1093 4250 conciliorum
1133 4200 1428 4255 collectione
1454 4203 1566 4272 (j);
1604 4206 1688 4258 ubi
1723 4216 1893 4261 tamin

308 4284 441 4337 male
468 4286 676 4338 inscribi
706 4286 1043 4357 Lugdunense
1072 4305 1088 4344 ι
1118 4292 1448 4362 intelligimus
1479 4311 1542 4348 ex
1570 4298 1681 4365 ipso
1706 4300 1851 4352 Avito
1873 4340 1888 4365 ,

307 4376 395 4441 qui
421 4376 493 4428 sic
511 4374 717 4430 scribit:
742 4396 759 4428 ι
783 4378 859 4448 (Ir)
881 4379 1119 4448 Rediens,
1139 4384 1323 4453 inquit,
1339 4386 1401 4438 ab
1421 4388 1545 4441 urbe
1562 4388 1893 4460 Lugdunensi

307 4474 518 4519 sanctus
544 4465 842 4522 Cltartenius
865 4472 1151 4542 episcopus,
1184 4474 1238 4527 in
1264 4492 1385 4546 qua,
1410 4478 1555 4532 nobis
1585 4480 1647 4533 de
1676 4483 1893 4538 concilio

1996 3314 2192 3353 sumus.
2229 3298 2295 3353 In
2334 3305 2579 3371 poematis
2608 3314 2776 3357 autem
2815 3307 2939 3374 quid
2976 3308 3259 3377 prtestitum
3298 3312 3362 3363 sit
3402 3309 3590 3363 intelli-

1996 3397 2112 3456 gent
2153 3389 2243 3458 qui
2288 3392 2562 3445 editionem
2601 3393 2734 3446 hunc
2779 3395 3039 3462 conferent
3084 3412 3200 3448 cum
3242 3395 3541 3468 Gagneiana
3569 3415 3589 3454 :

1995 3481 2143 3548 cujus
2188 3487 2387 3545 auctor,
2430 3482 2509 3535 vir
2551 3482 2748 3553 alioqui
2788 3484 2968 3539 doctus
3005 3500 3067 3539 ac
3112 3487 3361 3556 disertus,
3406 3499 3589 3556 praeter

1995 3572 2101 3626 alia
2129 3589 2243 3643 qua:
2272 3590 2459 3643 passim
2494 3579 2705 3648 proprio
2743 3580 2957 3633 arbitrio
3000 3581 3240 3646 mutavit,
3285 3583 3589 3653 quingentos

1997 3677 2122 3730 pene
2152 3678 2320 3716 versus
2354 3664 2417 3717 de
2445 3666 2550 3720 suis
2591 3667 2798 3721 intrusit
2836 3685 2929 3737 pro
2970 3670 3240 3726 Avitianis.
3275 3672 3439 3725 Nobis
3468 3688 3585 3727 vero

1995 3768 2133 3807 cura
2161 3756 2290 3824 fuit,
2320 3758 2637 3812 adamussim
2674 3760 2929 3827 ﬁdemque
2952 3771 3174 3815 veterum
3214 3762 3585 3833 exemplarium

1997 3845 2231 3897 universa
2260 3846 2331 3897 sic
2355 3847 2574 3917 exigere,
2608 3860 2663 3901 ut
2692 3851 2892 3921 rejectis
2919 3850 3217 3920 subdititiis,
3248 3852 3587 3923 legitimisque

1996 3935 2266 4000 restitutis,
2292 3952 2476 4004 purum
2504 3936 2593 3990 tibi
2614 3946 2658 3992 et
2682 3939 2938 3993 sincerum
2965 3941 3169 3992 Avitum
3188 3986 3201 4008 ,
3234 3945 3443 3995 merulis
3472 3947 3587 4012 qui-

1997 4022 2211 4077 busdam
2244 4041 2368 4091 quos
2409 4037 2533 4080 wtas
2562 4028 2653 4081 illa
2683 4029 2911 4098 ferebat,
2944 4029 3183 4099 neglectis
3212 4033 3582 4086 exhiberemus.

1996 4113 2064 4169 In
2092 4132 2191 4182 quo
2217 4118 2261 4170 si
2296 4117 2482 4172 calculi
2512 4136 2710 4190 quoque
2736 4122 2809 4175 tui
2838 4122 3175 4193 suffragium,
3204 4124 3382 4189 lector,
3411 4140 3581 4179 acces-

1995 4207 2149 4274 serit,
2182 4210 2274 4262 erit
2301 4210 2437 4279 quod
2464 4212 2784 4266 sanctissimo
2812 4222 2965 4284 atque
2984 4214 3112 4267 inter
3138 4226 3312 4281 poetas
3335 4214 3585 4269 Christia-

1997 4312 2087 4350 nos
2110 4299 2247 4352 haud
2268 4301 2420 4367 facile
2440 4301 2674 4370 cuiquam
2697 4306 3068 4374 postponendo,
3089 4304 3333 4360 Ecclesiae
3351 4310 3583 4379 prccsuli,

1997 4404 2099 4441 non
2134 4390 2336 4443 inanem
2374 4392 2471 4445 hac
2516 4394 2667 4447 etiam
2706 4396 2759 4448 in
2795 4406 2938 4463 parte
2977 4412 3183 4465 operam
3224 4414 3316 4452 nos
3357 4401 3587 4467 posuisse

1999 4480 2339 4549 gratulemur.
2374 4502 2390 4533 ι
2428 4482 2689 4539 Hactenus
2718 4485 3048 4542 Sirmondus.

308 4554 701 4623 discedentibus,
729 4559 796 4611 ad
817 4562 1013 4629 privata
1048 4564 1285 4632 quedam
1330 4569 1532 4637 negotia
1582 4575 1895 4642 expedienda
1925 4558 1976 4620 D
2079 4570 2142 4625 V.
2179 4570 2358 4641 Neque
2389 4590 2503 4629 vero
2533 4592 2707 4631 eorum
2744 4580 2970 4633 recensio
3008 4581 3442 4650 prwtermittenda
3477 4585 3588 4650 qui-

306 4647 582 4709 resederat,
614 4665 634 4698 ι
660 4661 754 4702 etc.
781 4648 918 4704 Hinc
947 4654 1104 4721 igitur
1145 4658 1476 4713 existimarint
1505 4662 1733 4731 equidem
1778 4668 1895 4721 bea—

309 4743 419 4788 tum
451 4738 729 4793 antistitem
754 4742 825 4793 ad
844 4758 1057 4813 superos
1093 4746 1311 4802 evolasse
1339 4750 1541 4806 ineunte
1580 4769 1717 4809 anno
1747 4756 1851 4813 518
1876 4800 1891 4825 ,

308 4827 405 4881 hoc
426 4836 499 4881 est
516 4869 530 4895 ,
555 4845 586 4884 ν
613 4848 736 4885 non.
765 4830 947 4897 Febr.,
969 4851 1068 4905 quo
1096 4837 1178 4891 die
1197 4836 1339 4893 illius
1366 4855 1547 4895 nomen
1577 4844 1629 4897 in
1654 4844 1897 4903 Ecclesia:

310 4917 454 4987 fastis
479 4921 803 4992 consignatur
824 4941 843 4980 :
871 4942 1022 4995 quam
1040 4930 1245 4998 quidem
1272 4932 1327 4986 in
1352 4937 1656 4992 sententiam
1678 4956 1738 4995 eo
1759 4942 1893 5011 faci-

371 5113 461 5205 ζει)
485 5115 620 5205 ,ῥέε
634 5116 700 5205 id
718 5119 1023 5205 (λιιι-«ιη..εά
1043 5138 1171 5180 ann.
1204 5126 1330 5205 49}:

401 5185 453 5324 ὑὲ
484 5185 723 5243 Bolland.
756 5190 878 5247 loco
898 5194 1080 5275 citato,
1110 5210 1233 5268 pag.
1259 5199 1383 5281 668,
1411 5217 1559 5258 num.
1590 5206 1643 5262 5.

375 5190 1384 5395 i2,“sn.722°:..?;::.f’ezz.f'2a
1402 5277 1706 5395 ﬂaret:

379 5324 460 5396 (ό)
493 5324 667 5381 Coiht.
704 5332 1054 5395 Anna|.,eccl.
1088 5324 1384 5399 Francia!
1404 5324 1706 5415 "ain—52".,-
1758 5349 1785 5422 ς
1816 5353 1838 5408 1
1868 5395 1884 5421 ,

304 5403 439 5450 tom.
466 5398 507 5459 Ι,
536 5413 651 5465 pag.
677 5399 802 5453 557.

422 5435 439 5450 .
466 5416 507 5459 ι,
536 5416 651 5465 pag.
677 5416 802 5453 θοι.

374 5465 449 5560 ές)
477 5466 657 5524 Vales.
689 5469 814 5525 lter.
843 5469 1033 5529 Franc.
1070 5476 1160 5532 lib.
1185 5494 1255 5536 vn
1275 5521 1291 5546 ,
1338 5492 1471 5539 tom.
1505 5483 1559 5552 Ι,
1596 5502 1747 5560 pagg.
1777 5492 1883 5548 5ιῦ

300 5548 886 5699 ίιετἾΡδιΡῘῖαἶῗίο
910 5611 1509 5699 deﬂerim-5.69.39").-
1540 5626 1723 5699 Lme-
1752 5630 1877 5687 :69.

300 5668 439 5758 Qui;
457 5675 592 5758 liist.
620 5678 783 5758 litter.
806 5668 1021 5758 tom_._l,

300 5744 447 5802 incd.
475 5754 606 5802 tom.
634 5747 684 5816 l,
716 5764 834 5822 pag.
866 5752 990 5811 159.

1999 4660 2090 4714 bus
2111 4660 2532 4717 Sirmondianam
2556 4666 2829 4720 editionem
2855 4668 3001 4722 auxit
3037 4669 3416 4723 eruditissimus
3444 4669 3587 4724 Bau-

1997 4753 2134 4806 nius.
2176 4752 2310 4807 Sunt
2349 4765 2516 4808 autem
2556 4756 2807 4826 ejusmodi
2839 4758 2915 4827 (ο)
2938 4774 2957 4813 :
2988 4776 3006 4811 ι
3047 4758 3229 4814 Sancti
3260 4759 3392 4813 Aviti
3427 4759 3586 4815 Vien-

1998 4846 2167 4899 nensis
2208 4847 2440 4915 episcopi
2489 4849 2721 4917 operibus
2758 4866 2789 4902 a
2829 4849 3110 4907 Sirmondo
3155 4854 3307 4910 editis
3351 4859 3588 4927 quasdam

1998 4957 2135 4995 nunc
2164 4942 2393 5013 ejusdem
2420 4944 2643 4999 auctoris
2665 4944 2869 5019 adjecta
2891 4957 3029 5004 sunt.
3058 4948 3295 5006 Primum
3314 4994 3330 5019 ,
3362 4956 3589 5025 epistolae

2068 5142 2147 5220 (α)
2180 5144 2421 5220 gallant}.
2452 5146 2573 5220 loco
2600 5150 2781 5220 citato,
2812 5164 2931 5220 pag.
2963 5151 3058 5206 66|
3081 5194 3096 5218 ,
3132 5167 3281 5206 natm.
3312 5151 3367 5209 6.

2096 5216 2150 5292 tr)
2178 5216 2514 5292 yistLIittér.
2543 5218 2689 5292 gela
2718 5216 2945 5292 France,
2980 5216 3111 5277 tom.
3144 5222 3238 5285 Ill,
3277 5238 3395 5292 pag.
3426 5226 3547 5279 1‘20.

2092 5285 2108 5336 i
2126 5286 2509 5365 )_i)_n_.__Bel_ley,
2734 5290 2802 5345 de
2845 5291 3154 5365 l‘académie
3191 5285 3289 5349 des
3317 5285 3582 5365 inscript"

1993 5354 2133 5431 toni.
2158 5354 2351 5431 ξνιιξ,
2378 5354 2509 5412 dans
2533 5357 2729 5431 ιῖῌίδιη
2755 5375 2873 5431 pag.
2897 5363 3034 5426 262,
3064 5365 3223 5418 in-b'.

2084 5426 2136 5547 ᾖ)
2164 5424 2369 5508 Concil.
2396 5436 2527 5510 tom.
2557 5427 2619 5494 V,
2650 5424 2770 5510 pag:
2798 5424 2924 5499 7'23,
2952 5424 3082 5488 edit.
3114 5434 3245 5489 Ven.
3271 5432 3437 5489 Labb.

2122 5497 2138 5547 ὶ
2174 5498 2314 5547 AVII.
2348 5506 2505 5547 emsl-
2533 5497 2621 5547 28-
2659 5502 2814 5547 Infra.

2122 5497 2138 5561 )
2174 5496 2314 5551 Avit.
2348 5498 2505 5566 epist.
2533 5497 2623 5566 28,
2652 5496 2814 5556 inira.

2089 5566 2329 5646 (μέλω).
2360 5566 2493 5646 Nor.
2520 5569 2650 5646 bibl.
2676 5585 2803 5626 mss.
2837 5573 3036 5646 tome].
3068 5590 3187 5644 pag.
3214 5574 3337 5636 6J5,
3371 5589 3493 5646 cap.
3523 5577 3579 5633 5.

2087 5637 2157 5714 in)
2177 5636 2427 5714 _[tolland_.
2456 5640 2575 5694 loco
2599 5642 2786 5714 citato,
2821 5658 2942 5714 pag.
2966 5636 3094 5709 668',
3122 5636 3273 5700 rium.
3301 5649 3355 5700 6.

2061 5705 2142 5783 (η)
2174 5706 2446 5783 §irmond.
2477 5712 2682 5779 praefat.
2710 5712 2777 5767 ad
2807 5705 2933 5783 opp.
2965 5705 3109 5770 Avit.

2060 5775 2141 5847 (ο)
2172 5777 2339 5834 Baun.
2376 5775 2578 5851 prgitin.
2603 5783 2669 5838 ad
2694 5792 2822 5839 tom.
2844 5775 2898 5840 "Ii
2923 5799 3047 5855 opp.
3074 5784 3370 5853 Sirmond.,
3397 5785 3424 5858 §
3452 5787 3501 5841 t.
