4190 6480
752 410 853 467 195

1947 396 2001 454 S.
2043 395 2293 454 AVITUS
2340 393 2755 457 VIENNENSIS.

3882 390 4001 449 {5'0

741 528 956 589 quatuor
996 531 1124 585 quas
1168 513 1235 572 ν.
1271 511 1333 567 C.
1380 510 1671 579 Stephanus
1716 504 1963 561 Balnsius
2007 522 2071 562 es:
2117 517 2306 563 uetusto
2335 509 2385 568 Α
2419 524 2437 557 t
2476 504 2783 577 temporibus
2808 503 2906 573 fuit
2946 503 3001 557 in
3038 501 3233 558 Vienna
3263 502 3386 557 urbe
3418 513 3567 557 terra:
3609 512 3774 557 motus
3815 504 3999 557 maxi-

742 606 888 661 Petri
914 600 1450 659 Marnasiivsenatoris
1464 597 1935 665 Gratianopolitans’
1967 598 2099 652 libro
2134 598 2310 666 vulga-

742 699 811 752 uit
840 696 941 768 (a).
975 694 1165 748 Deinde
1194 693 1472 762 fragmenta
1514 686 1713 757 aliquot
1753 688 1918 757 operis
1946 688 2009 741 de
2041 686 2312 739 Dicinitale

745 785 973 855 Spiritus
1008 785 1201 850 sancti,
1237 796 1354 848 qua
1391 794 1453 833 ea:
1484 780 1698 848 antiquo
1740 777 2033 831 monasterii
2075 776 2137 832 S.
2173 774 2313 830 Galli

746 877 920 931 codice
964 875 1097 929 idem
1141 870 1383 924 Balusius
1438 869 1595 922 edidit
1633 868 1754 937 (b).
1799 865 2061 921 Prteterea
2097 862 2312 919 Collatia

747 983 862 1019 cum
898 978 1014 1034 cego
1050 960 1369 1016 Gundobado
1419 961 1657 1014 adversus
1691 958 1909 1012 Arianas
1942 958 2183 1029 Lugduni
2221 955 2314 1008 ha-

747 1056 877 1118 bita,
916 1068 1033 1105 cum
1075 1051 1297 1105 universi
1339 1050 1494 1119 ferme
1527 1045 1771 1100 Ecclesia
1808 1044 2161 1116 Lugdunensis
2200 1044 2313 1111 epi-

743 1144 883 1214 scopi
923 1156 981 1196 ea
1021 1141 1393 1203 conuenissent,
1436 1138 1510 1191 uti
1544 1145 1802 1189 notaverat
1841 1135 2181 1203 Hieronymus
2218 1133 2315 1187 Vi-

742 1234 995 1306 gnierius,
1045 1232 1191 1302 cujus
1229 1245 1298 1283 eis
1333 1226 1529 1282 sshedis
1557 1224 1687 1278 hanc
1723 1226 1863 1279 Aviti
1912 1223 2316 1278 lucubratiouem

746 1323 1041 1377 Dacherius
1057 1319 1328 1392 publicarit
1354 1317 1426 1387 (τ)
1450 1331 1469 1371 :
1491 1315 1581 1383 qui
1607 1315 1843 1369 admonet
1871 1316 1998 1368 nihil
2020 1326 2185 1368 tamen
2213 1328 2320 1367 esse

743 1410 879 1479 quod
904 1418 1052 1477 cogat
1071 1408 1237 1475 ipsam
1260 1408 1471 1475 referre,
1490 1403 1573 1457 uti
1596 1402 1775 1471 fecisse
1801 1402 1999 1456 videtur
2021 1404 2095 1456 cir
2119 1404 2313 1466 doctus,

748 1500 820 1557 ad
844 1500 977 1554 illud
1003 1498 1276 1552 concilium
1316 1495 1673 1566 Lugdunense,
1704 1496 1785 1546 cui
1816 1509 1870 1547 se
1895 1509 1998 1546 una
2017 1508 2129 1546 cum
2156 1488 2312 1546 Char-

746 1591 886 1645 teuio
920 1588 1146 1658 φιιοόιια
1174 1588 1409 1655 episcopo
1443 1584 1738 1653 interfuisse
1764 1584 1941 1636 Avitus
1980 1591 2190 1636 testatur
2214 1579 2309 1651 (ά).

750 1676 890 1735 Natu
914 1679 1105 1743 pris-to,
1133 1674 1332 1727 Auitum
1360 1675 1425 1725 de
1462 1673 1564 1741 ﬁde
1602 1688 1717 1725 cum
1733 1668 2069 1726 Gundebado
2109 1672 2317 1741 sa'pius,

747 1782 887 1821 nunc
909 1780 1083 1818 cora
1110 1764 1471 1831 per‘dialogos,
1500 1776 1633 1814 nunc
1659 1762 1918 1815 absentem
1943 1776 2033 1830 per
2067 1761 2319 1827 epistolas

2417 612 2436 647 ι
2473 610 2605 662 ntus,
2648 595 2736 649 ubi
2773 595 2951 649 multa
2982 594 3208 649 ecclesiis
3240 602 3289 648 et
3330 594 3513 648 damus
3542 594 3819 648 multorum
3865 606 4004 648 cois—

2417 702 2437 736 ι
2474 698 2633 740 cussie
2664 686 2866 755 fuerunt
2898 690 2945 736 et
2983 683 3260 753 subversas,
3303 682 3389 737 ubi
3433 682 3602 737 bestia:
3637 682 3813 737 multa
3845 684 3998 738 abero

2418 792 2438 826 t
2473 784 2666 842 rantes,
2698 776 2839 844 lupi,
2866 775 2971 828 ursi
2997 772 3168 827 acerbi
3195 775 3411 844 ingressi
3436 791 3525 834 per
3554 783 3752 843 portant
3775 775 4002 829 civitatis

2419 883 2438 917 ι
2476 867 2773 920 decorantes
2796 864 3065 934 plurimos,
3090 878 3178 933 per
3202 872 3363 917 totum
3387 879 3580 917 annum
3599 862 3696 917 hoc
3716 864 3999 933 faciebant.

2420 976 2439 1010 ι
2480 957 2617 1011 Nam
2658 957 2881 1010 ueniente
2923 954 3242 1010 solemnitate
3282 954 3448 1007 sancti
3490 952 3735 1017 Paschir,
3784 961 4001 1015 sanctus

2422 1066 2441 1101 t
2482 1048 2781 1107 Mamertus.
2808 1048 2897 1115 qui
2932 1048 2987 1101 in
3014 1063 3074 1102 ea
3106 1046 3228 1100 urbe
3254 1034 3360 1100 erat
3389 1046 3685 1115 episcopus,
3714 1054 3835 1107 dum
3863 1048 4003 1100 mis-

2424 1156 2443 1189 t
2483 1154 2656 1191 sarum
2702 1135 2949 1190 solemnia
2997 1136 3109 1205 ipsa
3160 1135 3336 1206 vigilia
3388 1134 3695 1204 celebraret,
3742 1134 4003 1206 palatium

2423 1245 2443 1278 t
2478 1243 2679 1297 quoque
2715 1226 2887 1297 regale
2920 1226 3057 1296 quod
3092 1227 3146 1279 in
3170 1238 3232 1281 ea
3267 1226 3464 1279 ciuitate
3488 1236 3628 1291 erat,
3669 1225 3841 1279 divino
3880 1226 4004 1295 igne

2424 1335 2443 1368 ι
2480 1332 2775 1371 succensum
2814 1323 2909 1371 est.
2953 1316 3182 1385 Cumque
3225 1318 3337 1371 hac
3375 1331 3665 1388 agerentur,
3713 1317 4004 1387 appropin-

2426 1424 2444 1459 t
2481 1414 2669 1477 quante
2695 1406 3003 1460 Ascensione
3027 1404 3268 1471 Domini,
3291 1408 3474 1462 indixit
3492 1408 3751 1479 jejunium
3776 1410 3851 1460 air
3875 1423 4002 1461 sats-

2425 1515 2445 1548 t
2482 1504 2589 1550 ctus
2622 1495 2716 1550 Dei
2744 1497 3033 1550 triduanu‘n
3058 1496 3112 1549 in
3143 1497 3336 1565 populo
3369 1509 3486 1550 cum
3508 1496 3708 1568 gemitu
3734 1505 3781 1551 et
3806 1498 4005 1552 contri—

2427 1605 2447 1638 ι
2490 1586 2644 1651 tione,
2665 1596 2775 1645 etc.

2498 1695 2518 1728 ι
2553 1676 2781 1730 Alterum
2799 1715 2815 1741 ,
2845 1678 2983 1745 quod
3009 1678 3065 1729 in
3095 1674 3322 1731 Ecclesia
3353 1673 3622 1730 Viennensi
3654 1676 3779 1745 feria
3802 1691 3857 1731 ιιι
3892 1675 4004 1731 Ro-

2424 1767 2684 1839 gationum
2724 1767 2775 1819 in
2813 1766 2997 1820 divinis
3037 1766 3285 1835 legeretur
3321 1767 3507 1835 ofﬁciis
3529 1767 3790 1837 prophetia
3814 1767 3999 1834 Amos,

744 1858 926 1927 egisse,
962 1856 1133 1910 scribit
1176 1854 1472 1926 Agobardus
1506 1852 1581 1924 (e)
1608 1869 1623 1905 :
1653 1863 1699 1906 et
1735 1852 1789 1906 id
1829 1867 1893 1907 es
1923 1853 2046 1921 ipsis
2083 1866 2197 1921 quis
2235 1866 2325 1905 επ·
2350 1863 2401 1925 Β
2428 1859 2575 1927 cujus
2604 1857 2773 1911 locum
2804 1857 2897 1910 ltoc
2922 1871 3153 1910 sermone
3171 1856 3531 1923 explicandum
3557 1856 3767 1924 suscipit
3800 1855 4004 1911 Auitus.

748 1957 882 2002 stant
908 1946 1043 1999 Aviti
1078 1944 1304 2013 epistolis
1330 1945 1454 1996 satis
1483 1943 1658 2012 liquet.
1692 1942 1886 1997 Deinde
1916 1959 1978 1997 es:
2001 1942 2105 1996 illis
2134 1944 2321 2011 episto-

751 2039 819 2091 lis
855 2036 1010 2106 liquet
1038 2035 1187 2088 etiam
1218 2034 1269 2087 in
1298 2048 1435 2087 more
1460 2033 1676 2099 positum
1706 2033 1881 2101 fuisse,
1918 2032 2048 2085 sicut
2082 2030 2314 2086 Simian-

747 2128 846 2180 dus
874 2132 1013 2179 notat
1056 2123 1153 2193 (f),
1191 2132 1246 2176 ut
1279 2121 1502 2191 epismpi
1538 2122 1818 2175 uicinarum
1858 2120 2057 2173 seditmt
2100 2120 2322 2191 collegas

748 2217 1011 2286 episcopos
1054 2216 1122 2267 ad
1169 2214 1365 2265 urbium
1406 2227 1616 2265 suarum
1653 2210 1966 2265 celebritates
2005 2210 2317 2265 incitarent:

746 2306 1016 2377 impiitttis,
1046 2306 1206 2359 sancti
1238 2300 1376 2357 Iusti
1402 2302 1724 2357 celeberrima
1755 2301 1996 2374 Lugduni
2024 2303 2321 2357 soleutnitas

748 2409 891 2465 erat;
921 2398 983 2451 de
1012 2413 1110 2465 qua
1143 2404 1193 2451 et
1223 2395 1469 2451 Sidonius
1499 2394 1599 2466 (g).
1628 2411 1648 2445 ι
1686 2393 1753 2447 Et
1797 2395 1904 2452 lucc
1929 2394 2139 2464 quidem
2187 2394 2325 2447 Bau-

746 2506 893 2543 ιιιιιε.

826 2578 930 2633 Vl.
963 2576 1061 2633 His
1108 2592 1262 2645 porro
1308 2575 1551 2629 hactenus
1587 2574 1829 2641 expositis
1868 2572 2166 2631 Sermonem
2209 2574 2327 2629 sub-

749 2668 947 2739 iicimus
988 2666 1048 2721 Β.
1080 2666 1216 2720 Acili
1262 2666 1393 2735 feria
1445 2678 1501 2718 ιιι
1540 2665 1603 2735 its
1650 2662 2023 2732 Ragationibus
2062 2663 2323 2730 habitum,

748 2773 990 2825 guensres
1026 2773 1122 2810 tus.
1159 2754 1376 2825 Majoris
1411 2753 1693 2809 Carthusic
1728 2754 2040 2823 descriptum
2070 2756 2226 2807 edidit
2254 2755 2322 2807 cl.

751 2847 1033 2903 Martenius
1062 2844 1169 2914 (h),
1201 2844 1494 2915 hujusmodi
1533 2838 1925 2898 admanitionein
1967 2844 2277 2910 praemittens
2309 2860 2323 2895 :

755 2958 774 2991 s
814 2938 992 2993 Sancti
1025 2937 1158 2990 Auiti
1202 2933 1507 2990 Viennensis
1546 2933 1917 3002 archiepiscopi
1952 2949 2233 2987 sermonem
2272 2933 2327 2987 in

757 3027 1119 3099 Rogationibus
1159 3026 1285 3095 feria
1331 3039 1388 3077 ιιι
1428 3025 1809 3093 pronuntiatum
1844 3024 2121 3091 reperimus
2163 3022 2218 3074 in
2247 3036 2330 3075 ce-

752 3119 843 3173 teri
884 3117 1058 3170 codice
1085 3131 1192 3168 .tus.
1226 3113 1445 3183 lajoris
1484 3110 1796 3175 Carthusicc,
1826 3128 1970 3180 quam
2012 3128 2102 3181 pro
2148 3129 2241 3164 sua
2276 3114 2329 3165 in

2425 1944 2493 2001 In
2519 1949 2726 2015 antiquo
2766 1956 2931 1999 tamen
2972 1946 3267 2000 lectionario
3298 1945 3586 2012 Gallicana,
3616 1945 3751 2013 quod
3791 1961 3856 2000 cz
3890 1944 4003 1999 ιι-

2423 2040 2652 2093 aooiensi
2676 2054 2772 2091 ms.
2798 2037 2988 2109 publici
3009 2036 3146 2105 juris
3174 2036 3291 2107 fecit
3319 2046 3486 2090 noster
3516 2034 3868 2101 ﬂabillonius,
3899 2052 4004 2089 non

2422 2130 2690 2200 prophetia
2738 2131 2891 2182 Amos
2939 2128 3068 2197 feria
3110 2141 3170 2182 ιιι
3220 2126 3507 2198 legebatur,
3556 2126 3646 2180 sed
3692 2127 3760 2179 ad
3802 2127 4004 2179 tertiam

2428 2218 2657 2289 Epistolis
2686 2218 2711 2272 Ι
2735 2218 2896 2273 sancti
2923 2210 3097 2282 Petri,
3124 2218 3193 2270 ad
3217 2228 3412 2271 sextam
3437 2215 3670 2288 Epistolis
3699 2213 3729 2269 1
3756 2214 4001 2273 lamnis.

2423 2308 2493 2360 ad
2530 2324 2715 2361 nonam
2754 2307 2885 2361 liber
2923 2304 3129 2360 Iudith.
3178 2305 3367 2360 Verum
3395 2306 3448 2359 id
3495 2310 3674 2359 mirum
3702 2306 3863 2359 uideri
3892 2320 3996 2358 non

2425 2397 2588 2461 debet,
2616 2412 2729 2449 cum
2749 2412 2849 2449 non
2873 2412 2975 2449 una
2991 2404 3117 2450 esset
3135 2396 3190 2449 in
3206 2395 3435 2450 omnibus
3454 2393 3692 2447 Ecclesiis
3712 2392 3998 2448 Gallicanis

2427 2486 2583 2539 diuini
2612 2480 2772 2554 ofﬁcii
2797 2484 3083 2541 celebrandi
3119 2485 3285 2550 ratio;
3324 2485 3413 2538 sed
3438 2499 3592 2552 neque
3618 2483 3753 2537 idem
3784 2483 3908 2536 ordo
3947 2482 4003 2536 in

2429 2576 2653 2646 legendis
2674 2590 2836 2630 sacra
2864 2575 3149 2645 Scriptura
3176 2575 3302 2629 locis
3327 2574 3511 2643 ubique
3531 2574 3859 2627 seruabatur:
3889 2588 4004 2625 cum

2428 2667 2498 2720 ad
2528 2668 2881 2736 episcoporum
2911 2672 3088 2719 nutum
3118 2665 3301 2733 ﬁerent
3325 2664 3514 2718 omnia.
3552 2662 3719 2718 Porro
3763 2677 4006 2731 superca-

2428 2773 2641 2809 caneutn
2674 2756 2758 2807 hic
2797 2770 2896 2808 non
2936 2755 3030 2807 erit
3066 2767 3240 2808 notare
3274 2753 3329 2806 id
3362 2754 3499 2823 quod
3540 2751 3688 2805 habet
3726 2750 4006 2805 Herbertus

2433 2844 2745 2898 Turricanls
2782 2844 3195 2912 archiepiscopus
3236 2842 3342 2913 (lt);
3368 2843 3502 2911 quod
3541 2842 3731 2897 scilicet
3772 2842 3826 2895 in
3870 2841 4005 2895 Nor-

2434 2937 2642 2988 mannia
2675 2952 2693 2985 t
2723 2936 2778 2987 in
2807 2933 2982 2987 diebus
3012 2933 3354 3001 liogationuni
3377 2949 3492 2986 cum
3520 2930 3686 2987 clerus
3715 2942 3761 2986 et
3784 2932 4005 3002 populus

2439 3045 2457 3079 ι
2494 3024 2864 3096 processionem
2910 3026 3112 3094 longius
3158 3024 3475 3094 procedendo
3516 3023 3842 3091 extenderet,
3880 3038 4007 3077 con-

2439 3132 2459 3166 t
2495 3115 2713 3169 suetudo
2739 3122 2849 3168 erat
2888 3124 2944 3168 ut
2972 3115 3301 3181 pausantibus
3348 3115 3599 3167 interdum
3637 3113 3850 3180 clericis,
3896 3129 4007 3166 ntu-

751 3223 846 3261 nos
868 3205 1184 3259 huntanitate
1208 3202 1532 3264 tramripsit
1562 3202 1627 3255 It.
1662 3200 1725 3253 P.
1756 3202 1972 3254 domnus
2004 3201 2329 3255 Innocentius
2350 3215 2403 3277 ,ο
2440 3224 2459 3257 ι
2495 3205 2645 3258 lieres
2679 3203 2902 3257 uicissim
2938 3202 3250 3257 modulanda
3286 3203 3630 3257 succederent.
3660 3220 3679 3255 ι
3726 3201 4007 3265 [lucusque

754 3295 1010 3351 Bouchart
1052 3294 1287 3365 ejusdem
1340 3292 1439 3345 lari
1486 3293 1766 3346 monachus
1818 3292 1959 3345 nobis
2002 3292 2331 3358 siigulariter
2433 3292 2739 3349 Hartenius.

752 3388 965 3441 anticus.
996 3386 1062 3439 in
1089 3403 1147 3439 eo
1174 3386 1277 3437 duo
1307 3386 1581 3453 prtesertim
1609 3383 1867 3437 aduertere
1888 3384 2025 3438 licet.
2060 3382 2324 3450 Primum,

758 3478 1062 3549 llogationes
1101 3491 1189 3528 seu
1232 3476 1480 3527 solemnes
1518 3475 1910 3541 supplicationes
1934 3491 2048 3543 qua:
2076 3486 2194 3528 ante
2235 3478 2329 3529 As.

2511 3382 2645 3438 VII.
2675 3382 2739 3435 Et
2769 3382 2901 3435 hanc
2928 3384 3131 3450 quidem
3164 3381 3579 3437 Sirtnondianam
3609 3399 3820 3453 operum
3846 3386 4006 3439 sancti

2433 3478 2566 3531 Aviti
2610 3476 2881 3529 editionem
2926 3475 3222 3545 hujusmodi
3268 3476 3524 3545 opusculis
3560 3484 3762 3529 auctam
3804 3475 4005 3529 exhibe-

755 3570 1033 3623 rensianem
1060 3569 1113 3620 in
1161 3565 1388 3619 Ecclesia
1432 3566 1765 3632 celebrantur,
1798 3569 1909 3637 ejus
1956 3577 2200 3636 tempore,
2243 3583 2331 3621 seu
2435 3585 2565 3633 ntus,
2607 3582 2759 3635 quam
2798 3578 3037 3636 prceterea
3073 3566 3330 3619 nonnullis
3369 3567 3420 3619 in
3464 3567 3588 3619 locis
3640 3565 4004 3619 obscurioribus

756 3669 808 3712 ut
840 3659 951 3725 ipse
975 3659 1045 3710 ait
1064 3696 1078 3721 ,
1105 3665 1281 3709 nostra
1308 3655 1515 3719 sarculo,
1543 3657 1801 3708 institutas
1841 3656 2020 3725 fuisse,
2051 3666 2099 3711 et
2130 3657 2329 3725 quidem

754 3767 783 3801 a
816 3748 879 3800 S.
908 3745 1179 3811 Mamerto,
1207 3746 1295 3815 qui
1321 3760 1457 3797 anno
1481 3746 1587 3799 472
1622 3743 1954 3799 Viennensem
2000 3747 2330 3801 administra-

756 3842 835 3893 but
875 3834 1188 3901 Ecclesiant,
1228 3846 1281 3889 ut
1322 3840 1463 3890 docet
1502 3836 1623 3890 alibi
1666 3838 1803 3891 idem
1847 3837 2041 3905 Avitus,
2079 3838 2169 3908 qui
2214 3847 2328 3905 post

763 3930 1071 3999 llesychium
1112 3929 1167 3980 in
1206 3927 1380 3981 eadem
1416 3929 1531 3982 sede
1573 3930 1671 3995 ipsi
1701 3933 1969 3993 successit,
2004 3941 2049 3984 ct
2081 3930 2329 3985 Sidonius

2434 3660 2634 3730 aliquot
2683 3657 3201 3710 animaduersionibus
3248 3673 3281 3710 a
3338 3656 3716 3709 Sirmondianis
3765 3657 4003 3727 sejunctis

2430 3766 2524 3819 pro
2571 3749 2757 3802 ritibus
2800 3748 3170 3800 illustrissimus
3202 3761 3222 3799 :
3251 3746 3438 3800 addi:is
3480 3761 3676 3816 quoque
3713 3746 3781 3798 ad
3820 3746 4001 3798 calcem

2433 3842 2668 3896 carminis
2707 3840 2740 3895 6
2769 3840 2929 3893 tribus
2961 3837 3183 3892 versibus
3217 3836 3281 3907 (ι)
3308 3854 3433 3908 quos
3471 3836 3697 3891 Labbeus
3732 3853 3797 3890 ea:
3833 3837 4003 3890 codice

2432 3934 2501 3986 26
2544 3930 2851 3985 bibliotheca:
2892 3928 3192 3983 Naudeanw
3225 3929 3501 3998 descriptos
3543 3928 3597 3980 in
3638 3928 3799 3981 lucem
3840 3928 4002 3981 emisit

760 4020 1076 4089 Apollinaris
1124 4017 1449 4071 Arverncnsis
1518 4020 1724 4071 antistes
1773 4020 1871 4088 (i);
1918 4022 2097 4087 quibus
2139 4022 2333 4074 accedit
2440 4021 2569 4093 (nt),
2602 4020 2721 4089 quia
2762 4019 2817 4071 in
2866 4020 3095 4073 omnibus
3142 4018 3289 4070 editis
3328 4018 3699 4085 exetnplaribus
3748 4016 4000 4071 desidera-

761 4110 1033 4180 Gregorius
1057 4106 1366 4161 Turonensis
1386 4149 1399 4172 ,
1434 4110 1520 4176 qui
1546 4110 1702 4163 etiam
1726 4125 1931 4163 causam
1958 4110 2103 4163 istius
2132 4112 2331 4165 institit-

758 4200 907 4253 tionis
935 4198 1235 4267 modumque
1263 4198 1494 4251 describit
1523 4198 1577 4250 in
1609 4197 1718 4252 hinc
1756 4199 1903 4253 verba
1937 4200 2058 4271 (j):
2104 4218 2125 4253 ι
2158 4201 2223 4255 In
2252 4203 2331 4259 Itis

830 4354 905 4426 (ιι)
944 4352 1385 4426 BalnyMiscell.
1408 4362 1539 4426 tam.
1564 4352 1608 4419 Ι,
1636 4368 1757 4426 pag.
1782 4354 1909 4411 355.

835 4423 910 4491 (ι)
942 4423 1015 4475 ιιι.
1040 4422 1196 4487 ibid.,
1219 4436 1338 4489 pag.
1362 4423 1484 4477 561.

835 4496 908 4560 (e)
943 4492 1329 4561 DucberJom.
1365 4492 1638 4560 V'SpiciL,
1670 4508 1788 4561 pag.
1818 4494 1940 4550 HO.

826 4559 905 4627 (α)
944 4559 1085 4612 Avit.
1114 4560 1266 4627 epist.
1294 4561 1387 4616 28.

834 4627 904 4699 (e)
928 4629 1096 4707 Aget):
1121 4629 1365 4707 libanu.
1384 4628 1629 4685 Gundob.
1664 4632 1765 4702 leg.
1788 4647 1909 4705 cap.
1937 4635 2023 4702 15,
2045 4649 2171 4707 opp.
2200 4644 2330 4693 tom.

770 4692 818 4763 I,
844 4692 1094 4767 'psgfiil)
1121 4699 1249 4751 edit.
1277 4699 1457 4753 Baluz.

842 4766 1211 4837 (f)$irmond.
1236 4768 1299 4821 ad
1334 4771 1474 4824 Avit.
1500 4768 1658 4837 epist.
1683 4769 1773 4826 58.

840 4835 915 4906 (5i)
944 4835 1129 4890 Sidon.
1158 4836 1250 4891 lib.
1273 4854 1328 4905 γ,
1358 4835 1634 4907 epist.16.

2356 4521 2408 4580 1)

2440 4113 2642 4166 bantur.

2506 4356 2585 4425 (h)
2618 4356 2841 4425 Manen.
2869 4352 3032 4425 Thes.
3055 4352 3301 4425 nnecdot.
3331 4358 3461 4425 tam.
3484 4351 3551 4415 V,
3580 4367 3731 4425 pagg.
3761 4352 3831 4425 49
3852 4367 3997 4424 seqq.

2504 4420 2577 4498 (σί
2608 4424 2920 4498 S_ulon._ltb.
2945 4438 2982 4487 ι,
3013 4422 3171 4498 enim.
3201 4424 3253 4498 ἶ,
3285 4431 3341 4476 et
3368 4422 3471 4498 lib.
3492 4420 3592 4486 vn,
3625 4420 3837 4498 epist._i_
3855 4425 3899 4475 ί.

2510 4491 2587 4565 (j)
2618 4495 2778 4565 Greg.
2801 4491 3168 4565 Turon._l_list.
3197 4491 3511 4565 FrancI-lib.
3537 4507 3603 4558 ιι,
3633 4506 3750 4561 cap.
3775 4491 3864 4545 54.

2618 4516 2778 4561 υΐεκ.
2813 4516 3001 4571 ιιιϊυιι.
3032 4516 3168 4571 ιιιδι.
3197 4516 3389 4546 rrauc.
3418 4516 3444 4545 ll

2509 4574 2525 4635 (
2566 4568 2583 4633 )
2643 4564 2917 4635 llerb.li|t.
2947 4577 2959 4613 I
2987 4561 3189 4635 Hiram,
3215 4576 3333 4635 cap.
3355 4559 3444 4635 ξι.

2510 4628 2588 4705 (ι’)
2620 4634 2760 4687 Ανὶι.
2810 4631 2995 4686 Poem.
3034 4632 3125 4685 lib.
3173 4647 3253 4695 Vl,
3294 4632 3426 4685 inira
3467 4628 3603 4703 (Col.
3637 4630 3731 4685 εει
3787 4646 3998 4696 summa,

2445 4717 2554 4759 nol.
2599 4714 2674 4759 λ).
3282 4728 3285 4729 ⁷

2476 4715 2805 4899 ,οὲιτρὲἓέὶιὶκ
2828 4769 2961 4826 Nov.
2998 4769 3127 4826 bibl.
3150 4784 3278 4824 mss.
3306 4769 3435 4825 libb.
3478 4785 3599 4840 pag.
3621 4769 3726 4825 226
3756 4768 3883 4825 edit.
3909 4770 3997 4824 Pa-

2477 4859 2540 4899 l5.
2712 4881 2725 4894 .

2443 4859 2540 4900 ιδιε.
2569 4859 2725 4899 ιυῡο.

1634 5145 2016 5209 VETERUM
2059 5146 2547 5209 TESTIMONIA
2596 5145 2700 5207 DE
2743 5143 2813 5205 S.
2859 5140 3123 5203 AVITO.

935 5295 977 5349 l.
1008 5294 1343 5353 ENNODIUS
1383 5297 1745 5356 EPISCOPUS
1775 5301 2176 5361 TlClNENSlS.

1055 5424 1137 5498 (In
1163 5425 1280 5483 Vita
1307 5426 1443 5483 beati
1465 5428 1743 5501 Epiphanii
1772 5432 2056 5502 episcopi.)

2748 5303 2810 5358 ll.
2843 5302 3236 5363 GBEGORIUS
3269 5305 3708 5366 TURONENSIS.

2663 5434 2807 5507 (Lib.
2831 5437 2873 5491 ll
2904 5436 3155 5494 Historiae
3187 5440 3514 5498 Francorum
3544 5460 3666 5516 cap.
3691 5445 3807 5517 54.)

850 5538 1005 5595 Dedit
1040 5542 1199 5595 etiam
1245 5541 1710 5609 priestsntissimns
1748 5546 1889 5601 inter
1923 5543 2104 5602 Gallos
2148 5548 2336 5602 Avitus

786 5625 1094 5685 Viemtens‘ts
1121 5631 1420 5701 episcopus,
1455 5630 1508 5686 in
1536 5647 1641 5702 quo
1660 5648 1720 5690 se
1748 5636 1937 5707 peritia
1961 5677 1978 5706 ,
2007 5638 2152 5696 velut
2181 5640 2232 5693 in
2254 5639 2338 5694 di-

789 5721 1020 5775 versorio
1049 5721 1233 5778 lucidas
1256 5722 1444 5780 domus
1470 5723 1702 5781 inclusit.

2512 5550 2714 5649 biegnae
2743 5550 3003 5609 facundia:
3028 5565 3145 5649 erat
3168 5565 3292 5613 tunc
3336 5563 3593 5632 temporis
3622 5562 3811 5620 beatus
3834 5564 4001 5621 Avitus

2442 5643 2723 5708 episcopus
2775 5643 3116 5699 Viennensis.
3170 5645 3408 5719 Namque
3463 5651 3768 5723 insurgente
3828 5652 4002 5709 haeresi

2441 5728 2582 5799 apud
2628 5730 2811 5788 urbem
2855 5731 3535 5808 Constantinopolitsnattt,
3577 5742 3708 5799 nihil
3731 5742 4003 5799 divinitatis
