4154 6384
325 388 427 443 197

1697 372 2230 429 PROLECOMENA.

3506 372 3613 437 {‘38

318 493 569 550 habuisse
616 489 900 544 Dominum
947 497 1187 542 nostrum
1231 484 1415 539 Iesum
1461 482 1736 537 Christum
1760 524 1773 547 ,
1818 498 1905 537 ro-
1935 487 1983 543 Α
2016 483 2295 537 llomiliam
2328 482 2378 537 in
2409 481 2624 553 p0pulo,
2655 497 2909 537 sensuum
2932 482 3198 538 suavitate
3222 480 3608 556 plenissimam,

314 597 475 657 gante
522 581 859 639 Gundobado
909 594 1064 648 rege,
1099 579 1217 646 ipse
1254 574 1443 629 contra
1492 589 1610 628 eam
1659 574 1894 642 scripsit.

317 678 545 731 Exstant
571 671 765 726 exinde
788 669 929 729 apud
958 675 1054 721 nos
1090 665 1333 735 epistolae
1367 663 1711 718 admirabiles
1738 664 1903 731 Eoum

314 766 454 819 sicut
479 770 606 816 tunc
630 759 876 813 ltaaresim
907 766 1309 824 oppresserunt,
1344 755 1414 807 ita
1440 766 1582 805 nunc
1606 751 1899 806 Ecclesiam

317 858 413 912 Dei
460 854 744 910 aedificant.
792 849 1021 917 Scripsit
1071 848 1231 902 etiam
1296 844 1649 899 Homiliarum
1701 843 1894 897 librum

314 964 503 1014 unum,
544 946 612 999 de
633 942 815 999 mundi
847 940 1109 1011 principio
1139 949 1186 993 et
1217 938 1285 992 de
1310 937 1537 991 diversis
1566 936 1688 990 aliis
1716 934 1903 989 condi-

318 1036 584 1099 tiouibus,
632 1034 796 1089 libros
840 1046 934 1087 sex
982 1045 1139 1084 versu
1177 1030 1596 1098 compaginatos.
1634 1028 1898 1096 Epistola-

313 1143 435 1184 rum
467 1128 633 1181 Iibros
663 1137 879 1189 novem,
923 1121 1062 1176 inter
1088 1135 1225 1191 quos
1263 1119 1584 1189 supradicta:
1615 1121 1899 1173 continen-

315 1229 401 1273 tur
429 1216 696 1273 epistolae.

350 1233 401 1273 ar
429 1232 461 1272 e
502 1232 696 1270 tamur.

350 1329 436 1384 lli.
465 1232 925 1383 :ORTUNATUS
957 1322 1421 1392 PICTAWENSIS
1457 1322 1850 1379 EPISCOPUS.

712 1440 851 1507 (Lib.
882 1439 987 1493 Ide
1020 1438 1135 1492 Vita
1166 1437 1221 1493 s.
1252 1438 1507 1508 Martini.)

381 1553 535 1622 Quod
575 1568 724 1607 sacra
757 1552 1013 1619 explicuit
1035 1552 1175 1605 serie
1210 1550 1533 1620 genealogus
1562 1552 1712 1617 olim,
1749 1553 1896 1607 Alei-

312 1663 433 1705 mus
458 1648 672 1718 egregio
698 1645 919 1714 digessit
937 1644 1175 1697 carmine
1202 1645 1416 1712 praesul.

626 1778 712 1835 IV.
763 1776 1077 1833 lSIDOllUS
1121 1777 1582 1834 HlSl’ALENSlS.

400 1893 503 1962 (De
528 1889 821 1945 Illustribns
861 1888 1113 1943 Ecclesiae
1145 1888 1508 1957 Scriptoribus
1539 1907 1657 1960 cap.
1690 1894 1807 1965 23.)

382 2001 571 2055 Avitus
614 1999 924 2069 episcopus,
958 2000 1178 2053 scientia
1213 2002 1547 2060 saecularium
1597 2003 1896 2060 litterarum

306 2092 686 2157 doctissimus,
732 2090 900 2145 edidit
934 2091 1171 2159 quinque
1213 2092 1423 2147 libellos
1466 2095 1685 2149 heroico
1723 2108 1896 2153 metro

305 2181 637 2249 compositos
665 2196 679 2235 :
712 2195 937 2249 quorum
980 2182 1184 2250 primus
1227 2194 1311 2236 est
1339 2184 1405 2237 de
1427 2185 1644 2254 Or‘gine
1684 2190 1890 2257 mundi,

305 2274 575 2327 secundus
605 2272 672 2326 de
705 2271 964 2340 Originali
1010 2272 1254 2339 Peccato,
1290 2276 1583 2339 tertiustle
1610 2280 1889 2335 Sententia

305 2360 427 2425 Dei,
458 2369 680 2430 quartus
713 2361 781 2415 de
810 2362 1017 2416 Diluvio
1048 2363 1264 2429 mundi,
1296 2366 1513 2433 quintus
1548 2368 1614 2426 de
1640 2370 1892 2427 Transitu

304 2459 472 2513 maris
511 2458 696 2513 Rubri.
736 2458 963 2527 Scripsit
1006 2469 1061 2514 et
1094 2459 1161 2514 ad
1208 2461 1493 2517 Fuscinam
1540 2479 1783 2520 sororem
1824 2470 1891 2522 de

301 2550 489 2604 Laude
502 2550 821 2618 virginitatis
850 2551 1040 2607 librum
1066 2568 1249 2618 unum,
1282 2554 1646 2623 pulcherrimo
1670 2574 1893 2629 compo-

300 2641 465 2696 situm
483 2640 722 2695 carmine
747 2651 800 2696 et
826 2641 1054 2711 eleganti
1080 2644 1463 2714 epigrammate
1489 2657 1815 2718 coaptatum.

374 2794 441 2850 V.
473 2793 887 2851 AGOBARDUS
918 2795 1389 2858 LUGDUNENSIS
1422 2803 1814 2865 EPISCOPUS.

654 2904 947 2971 (Adversus
977 2907 1146 2974 legem
1179 2908 1545 2982 Gundebadi.)

366 3056 654 3125 TempOris
687 3056 1005 3113 Gundobadi
1050 3064 1191 3129 regis
1222 3062 1660 3135 Burgundionum
1702 3072 1799 3127 fuit
1830 3075 1885 3129 in

295 3148 432 3202 urbe
463 3147 665 3201 Vienna
696 3150 1003 3217 episcopus,
1035 3153 1223 3207 Avitus
1254 3156 1495 3225 nomine,
1526 3161 1629 3215 fide
1656 3164 1883 3219 catholi-

294 3253 422 3303 cus,
468 3238 769 3307 eloquentia
813 3238 1261 3311 facundissimus,
1311 3246 1524 3317 ingenio
1564 3256 1880 3323 acerrimus,

294 3343 571 3383 sacrarum
596 3327 913 3382 Litterarum
936 3332 1607 3408 expositorsuavissimus,
1631 3356 1684 3398 et
1702 3348 1750 3399 in
1778 3364 1891 3403 me-

294 3420 391 3471 tris
422 3417 726 3482 facillimus,
752 3420 890 3473 sicut
912 3430 966 3474 ct
994 3422 1109 3489 ejus
1129 3437 1291 3489 Opera
1325 3436 1608 3488 testantur.
1638 3438 1737 3503 Qui
1768 3455 1887 3495 cum

2008 581 2065 627 et
2094 574 2380 627 verberum
2409 573 2804 641 compositione
2829 573 3225 627 dulcissimam.

2084 660 2327 732 Ejusdem
2371 662 2613 715 adversus
2661 666 2848 731 dogma
2904 657 3117 715 “Felicis.
3176 664 3368 716 Beatus
3412 664 3605 719 Avitus

2007 748 2453 804 Pbotinianorum
2475 751 2849 805 hmreticorum
2873 751 3235 805 validissimus
3256 765 3605 822 expugnator.

2080 838 2213 892 Item
2251 841 2315 893 de
2344 839 2583 893 Iudaici:
2632 842 3099 907 superstitionibus.
3130 842 3369 896 Alcimus
3418 845 3609 899 Avitus

2009 928 2267 983 Ecclesiae
2300 929 2619 983 Viennensis
2640 931 2951 999 episcopus.
2981 947 3138 1000 quam
3168 934 3393 988 eximius
3421 935 3609 989 doctor

2005 1021 2339 1073 orthodoxus
2380 1028 2432 1073 ct
2480 1020 2737 1073 facundus
2788 1023 3088 1088 exstiterit,
3134 1037 3271 1090 pene
3308 1033 3417 1077 tota
3456 1028 3605 1079 novit

1994 1108 2247 1163 Ecclesia
2278 1109 2499 1163 Christi.

2175 1200 2595 1257 Vl.“FLORUS
2667 1202 3010 1257 DIACONUS
3077 1202 3433 1260 ECCLESIE

2538 1272 3034 1328 LUGDUNENSIS.

2077 1379 2370 1435 Sententia
2416 1398 2479 1437 ex
2512 1384 2738 1450 epistola
2783 1384 2924 1439 beati
2957 1386 3358 1455 Pauliapostoli
3398 1386 3463 1440 ad
3490 1388 3597 1440 lto-

2006 1487 2213 1537 manos,
2230 1489 2256 1525 a
2271 1474 2899 1530 sanctoetillustrissitno
2919 1476 3142 1531 doctore
3167 1478 3423 1532 Ecclesiae
3444 1479 3603 1532 Avito

2003 1563 2261 1631 episcOpo
2293 1563 2584 1619 Viennensi
2613 1566 2897 1633 expositzr,
2929 1580 3089 1637 atque
3123 1584 3189 1627 ex
3218 1570 3338 1636 ejus
3364 1582 3601 1639 upuseua-

2002 1655 2068 1709 lis
2100 1655 2150 1708 in
2179 1655 2419 1709 ordinem
2447 1656 2687 1725 digesta.

2224 1765 2327 1820 VII.
2372 1766 2510 1823 ADO
2560 1768 2950 1825 VIENNENSIS
2986 1767 3375 1827 EPISCOPUS.

2401 1882 2480 1949 (in
2510 1882 2777 1936 Chronico
2809 1892 2968 1937 mtate
2999 1883 3200 1953 sexta.)

2075 1993 2262 2047 Avitus
2292 1992 2614 2051 Viennensis
2644 1996 2950 2064 episcopus,
2983 1996 3290 2067 eloquentia
3320 2008 3371 2053 et
3399 1999 3595 2059 satmti~

2003 2092 2111 2139 tate
2141 2086 2471 2153 praecipuus,
2512 2095 2567 2139 et
2609 2087 2727 2155 ejus
2771 2088 2933 2141 frater
2974 2088 3302 2158 Apollinaris
3337 2090 3598 2153 Valentia:

2000 2176 2285 2243 episcopus
2319 2178 2591 2230 miraculis
2614 2176 2859 2246 insignis,
2884 2178 3046 2243 Isicii,
3083 2180 3339 2233 senatorii
3364 2180 3595 2251 primum

1998 2268 2119 2331 viri,
2155 2276 2338 2335 postea
2370 2266 2694 2322 Viennensis
2722 2270 2985 2339 episcopi,
3014 2270 3120 2325 duo
3153 2272 3374 2338 Iumina,
3404 2275 3597 2329 claris-

2001 2357 2122 2409 simi
2152 2358 2266 2410 tilii.
2302 2357 2397 2411 llic
2422 2358 2611 2412 beatus
2655 2360 2845 2413 Avitus
2870 2360 3131 2415 adversus
3163 2363 3409 2417 lu‘resitn
3442 2365 3595 2421 Aria-

1998 2462 2149 2513 nam,
2184 2463 2304 2515 qua:
2333 2456 2461 2501 tunc
2501 2462 2609 2502 non
2649 2448 2824 2502 solum
2853 2449 3093 2504 Africam
3114 2493 3128 2513 .
3163 2452 3260 2507 sed
3287 2465 3340 2507 et
3368 2453 3594 2509 Galliam

1997 2538 2315 2606 Italiamque
2359 2556 2549 2609 magna
2580 2556 2647 2596 ex
2678 2551 2830 2612 parte
2866 2556 3246 2613 occupaverat,
3281 2562 3476 2618 magno
3504 2564 3595 2603 su-

1994 2628 2128 2683 dore
2161 2630 2489 2696 decertavit;
2522 2632 2663 2701 quod
2703 2633 3005 2689 clarissima
3041 2636 3158 2705 ejus
3188 2652 3350 2706 opera
3388 2648 3594 2696 testan-

1998 2731 2102 2772 tur.
2127 2719 2480 2775 Scribitenim
2503 2722 2798 2793 dialogum,
2822 2727 3071 2782 haeresim
3093 2729 3240 2783 illam
3258 2745 3593 2801 oppugnatis,

1996 2811 2315 2876 ﬁdelissimo
2362 2825 2417 2868 et
2446 2815 2763 2872 doctissimo
2789 2820 3190 2891 immortalique
3236 2824 3482 2893 ingenio,
3527 2826 3597 2882 ad

1993 2902 2382 2960 Gundebadum
2406 2907 2844 2976 Burgundionum
2870 2928 3072 2982 regem.
3101 2915 3268 2968 lilium
3293 2916 3594 2974 Gundovei.

1994 2994 2124 3047 item
2169 2995 2301 3050 alios
2344 2996 2557 3053 libellos
2595 2999 2735 3054 duos
2779 3011 2968 3057 centra
3000 3003 3301 3060 Nestorium
3334 3016 3387 3061 et
3419 3008 3593 3078 Euty-

1990 3084 2177 3149 chem,
2210 3098 2460 3141 auctores
2497 3090 2731 3155 erroris,
2770 3091 3202 3151 luculentissima
3232 3107 3287 3151 et
3333 3100 3594 3168 castigato

1993 3176 2124 3229 satis
2160 3192 2428 3232 sermone.
2482 3179 2722 3237 Fuerunt
2762 3191 2819 3237 et
2863 3184 2968 3242 alia
3012 3185 3154 3240 illius
3203 3187 3355 3255 plura
3394 3190 3589 3244 eximia

1993 3280 2156 3333 opera
2200 3268 2251 3319 in
2298 3266 2497 3323 ChriSti
2545 3270 2787 3325 Ecclesia
2841 3274 3241 3341 probatissima.
3282 3278 3378 3333 llic
3418 3280 3589 3349 Sigis-

1996 3356 2254 3409 mundum
2294 3372 2474 3426 regem
2516 3360 2568 3413 in
2592 3360 2695 3416 fide
2738 3364 2952 3430 pietatis
2980 3366 3249 3421 erudivit:
3283 3372 3371 3437 qui
3400 3382 3593 3440 agente

1997 3446 2090 3499 illo
2123 3451 2462 3516 postmodum
2488 3454 2872 3507 menasterium
2932 3466 3243 3511 sanctorum
3286 3472 3581 3531 martyrum

292 3509 488 3563 eodem
538 3508 871 3563 Gundobado
907 3514 1227 3616 frequen-ter
1273 3515 1340 3571 de
1373 3518 1474 3576 fide
1505 3524 1804 3595 altercans,
1837 3544 1892 3588 et
1995 3538 2418 3609 Agaunensium,
2447 3544 2678 3598 Mauritii
2701 3548 3079 3613 sociorumque
3100 3550 3238 3616 ejus,
3262 3508 3587 3607 construxit.

292 3603 536 3671 dialogos
568 3603 618 3655 in
670 3604 921 3673 praesenti
961 3607 1286 3675 conficiens,
1321 3621 1375 3667 et
1404 3617 1649 3681 epistolis
1682 3622 1889 3678 absenti

293 3694 651 3761 respondens,
677 3694 830 3762 plura
851 3696 1059 3749 etclara
1088 3697 1284 3767 ingenii
1304 3704 1383 3756 sui
1406 3713 1462 3759 et
1490 3706 1700 3764 virtutis
1722 3728 1883 3780 opera

292 3785 531 3853 reliquit.
556 3785 655 3850 Qui
685 3785 803 3853 ipso
826 3786 1158 3843 Gundobado
1184 3793 1237 3845 in
1263 3809 1357 3849 sua
1400 3798 1614 3865 perfidia
1651 3806 1882 3871 perdito,

288 3889 663 3929 successorem
709 3876 824 3943 ejus
856 3876 1257 3946 Sigismundum
1293 3899 1477 3953 regem
1509 3890 1574 3943 ad
1608 3892 1763 3947 fidem
1794 3912 1880 3952 ca-

291 3966 551 4020 tholicam
598 3969 900 4020 convertit:
934 3968 988 4021 in
1036 3971 1188 4038 cujus
1228 3978 1585 4035 conversione
1633 3991 1880 4043 recitavit

1994 3628 2163 3695 Quem
2202 3633 2543 3699 postmodum
2570 3646 2783 3705 captum
2816 3646 2871 3691 et
2905 3652 2933 3690 a
2978 3638 3201 3695 Francis
3233 3644 3469 3697 occisum
3502 3662 3591 3700 ve-

1996 3719 2276 3777 hementer
2314 3724 2505 3779 doluit.
2541 3727 2782 3792 Quantus
2812 3737 2991 3783 autem
3024 3732 3077 3785 in
3124 3732 3364 3787 Ecclesia
3388 3735 3589 3791 Christi

1991 3814 2214 3879 vixerit,
2246 3817 2487 3885 quisquis
2518 3820 2657 3872 scire
2687 3820 2753 3872 ad
2788 3822 3000 3887 plenum
3039 3822 3171 3888 vult,
3203 3834 3324 3892 post
3355 3826 3471 3894 ejus
3504 3828 3587 3882 it.-

1987 3918 2208 3958 numcra
2234 3908 2285 3960 in
2327 3908 2522 3962 divinis
2564 3908 2838 3963 laboribus
2868 3924 3053 3978 opera,
3087 3912 3417 3983 epitaphium
3467 3917 3587 3985 ejus

1988 3994 2149 4062 legat.

290 4101 3568 4168 _________________~______________

1022 4203 1519 4274 EPITAPHIUM
1567 4216 1637 4274 Β.
1688 4222 1915 4286 AVlTI
1958 4229 2311 4295 EPISCOPI
2356 4237 2859 4303 VIENNENSIS.

358 4312 615 4381 Quisquis
643 4316 977 4372 ntmstificum
1006 4326 1193 4378 tumuli
1229 4328 1353 4382 dum
1384 4332 1561 4388 cernis
1584 4335 1846 4397 honorem

285 4404 507 4473 Coepite
536 4410 779 4463 concludi
812 4421 978 4467 totum
1004 4415 1227 4471 deflebis
1260 4421 1496 4489 Avitum,

288 4497 441 4552 Exue
469 4499 724 4555 sollicitas
755 4503 889 4556 triati
920 4506 987 4559 de
1019 4520 1236 4574 pectore
1266 4528 1444 4568 curas.

288 4587 421 4642 Nam
452 4606 610 4657 quem
654 4592 805 4660 plena
837 4594 991 4661 fides,
1015 4598 1173 4654 celsa:
1203 4619 1359 4672 quem
1378 4587 1552 4677 gloria
1586 4617 1801 4684 mentis,

286 4680 457 4748 Quem
491 4682 680 4750 pietas,
716 4702 872 4753 quem
900 4688 1044 4759 larga
1070 4695 1146 4760 (α)
1170 4710 1378 4764 manus,
1415 4717 1574 4771 quem
1608 4707 1742 4762 fama
1778 4680 1871 4781 pe-

1596 4810 1801 4859 reltnal.

1596 4810 1801 4859 reltnal.

285 4862 365 4916 Nil
396 4864 604 4917 socium
634 4878 756 4919 cum
794 4880 967 4924 morte
995 4878 1161 4927 tenet.
1195 4875 1333 4941 Quin
1360 4798 1608 4950 prospicle
1634 4893 1805 4944 sancti

284 4954 444 5008 Gesta
474 4955 577 5007 viri
603 4971 617 5009 :
648 4959 875 5024 primum
906 4960 1199 5019 florescens
1231 4968 1409 5025 indole
1436 4987 1634 5042 quanta

284 5045 565 5114 Spreverit
593 5050 811 5117 antiquo
841 5051 1094 5110 dimissos
1121 5064 1409 5117 stemmate
1436 5064 1630 5133 fasces,

282 5136 553 5203 ﬂaturum
587 5140 783 5193 teneris
802 5142 1042 5199 animum
1063 5145 1191 5201 dum
1224 5163 1442 5218 praestat
1472 5156 1524 5210 in
1549 5161 1726 5223 annis,

282 5225 350 5280 Et
373 5227 578 5282 licitum
610 5231 815 5298 mundi,
850 5235 960 5288 voti
990 5237 1186 5295 virtute
1214 5242 1433 5312 relegat.

280 5316 390 5373 Nec
419 5335 571 5375 mora
604 5338 621 5375 :
653 5323 919 5390 pontificis
944 5332 1022 5383 sic
1050 5329 1208 5400 digna
1240 5334 1472 5406 insignia
1505 5344 1689 5413 sumit,

283 5410 491 5481 Augeat
519 5419 579 5466 ut
605 5413 751 5469 soliti
776 5414 947 5472 felicia
974 5432 1149 5493 empta
1182 5425 1404 5485 laboris.

352 5609 431 5751 in;
460 5612 617 5680 Apud
666 5614 1025 5673 Duchesnium
1065 5632 1193 5678 tom.
1224 5625 1267 5690 l,
1297 5640 1417 5697 pag.
1448 5629 1575 5693 5M,
1605 5646 1860 5704 prompta.

374 5679 404 5732 ὁ
451 5681 597 5737 Loco
633 5684 860 5742 duorum
908 5690 1094 5746 horum
1131 5710 1382 5751 versuum
1430 5699 1626 5751 ibidem
1675 5706 1860 5751 lenitur

374 5679 877 5773 ej‘lsoconduorum‘
908 5690 1101 5773 horum
1131 5679 1652 5773 versuutri'ibid'ein'

281 5761 512 5810 tecum
545 5769 559 5805 :
593 5752 807 5813 Culmen
843 5758 1122 5826 dulcedini.
1154 5780 1254 5821 non
1276 5752 1653 5837 οισιαέᾘᾶὧᾷ
1675 5752 1859 5840 ἦῖἆῆί

1992 4350 2069 4423 (b)
2100 4354 2206 4409 Nec
2233 4366 2407 4412 tamen
2435 4360 2503 4415 ob
2533 4363 2728 4416 summi
2770 4364 2978 4419 culmen
3012 4367 3333 4423 tumefactus
3358 4369 3580 4427 Ιιοιιοιιίς

1991 4447 2246 4515 Erigitur.
2278 4466 2444 4521 seque
2473 4455 2587 4523 ipse
2608 4456 2727 4510 aliis
2752 4458 2868 4525 plus
2894 4461 3147 4524 aestimat,
3186 4463 3293 4517 imo

1988 4536 2281 4606 Subjicitur
2311 4558 2551 4612 magnus.
2590 4558 2768 4600 servat
2801 4550 3091 4605 mediocria
3124 4569 3387 4609 summus.

1989 4626 2270 4682 Distribuit
2300 4644 2512 4700 parcus,
2548 4637 2716 4701 pascit
2753 4637 2992 4708 jejunus,
3024 4645 3256 4695 amando

1983 4714 2193 4780 Terret,
2220 4728 2274 4773 et
2298 4724 2531 4777 austeris
2554 4724 3016 4796 indulgenti-sima
3052 4733 3263 4788 miscet.

1983 4804 2309 4863 Cunctantcs
2335 4826 2497 4867 suasu
2520 4816 2678 4880 juvit,
2706 4818 2970 4874 solamine
3005 4834 3251 4888 maestos,

1981 4898 2159 4968 Jurgia
2194 4902 2264 4973 (ε)
2296 4905 2563 4971 dissolvit,
2596 4918 2870 4963 certantes
2900 4910 3103 4966 fmdere
3127 4915 3328 4982 jnnxit.

1916 5038 1924 5046 ,
1982 4987 2203 5079 Dissona
2238 4994 2524 5049 veridicam
2551 4997 2630 5067 (ά)
2666 4997 2909 5055 inﬁciunt
2937 5018 3056 5071 quae
3080 5005 3327 5074 dogmata
3361 5008 3555 5079 legem,

1984 5078 2225 5146 Hortatu,
2262 5083 2475 5151 ingenio
2495 5130 2509 5151 ,
2543 5087 2783 5154 monitis,
2813 5093 3129 5162 meritisque
3158 5098 3390 5168 subegit.

1984 5168 2131 5225 Unus
2161 5172 2214 5226 in
2244 5188 2368 5230 arce
2393 5172 2511 5244 fuit,
2546 5180 2627 5232 cui
2654 5180 2899 5247 quulibet
2920 5184 3108 5239 ordine
3137 5186 3283 5242 fandi

1979 5261 2171 5317 Orator
2199 5266 2378 5319 nullus
2400 5268 2609 5336 similis,
2637 5273 2926 5344 nullusque
2954 5289 3107 5345 poeta
3136 5294 3150 5333 :

1978 5351 2221 5411 Clamant
2241 5358 2382 5427 quod
2412 5363 2582 5430 sparsi
2608 5378 2702 5431 per
2730 5367 2918 5421 crebra
2953 5369 3223 5426 volumina
3251 5374 3397 5429 libri.

1978 5445 2077 5513 Qui
2101 5449 2252 5518 vixit,
2284 5451 2442 5517 vivit,
2477 5469 2680 5527 perque
2710 5459 2892 5516 omnia
2924 5462 3118 5519 saecula
3146 5465 3310 5523 vivet.

2042 5646 2115 5711 (e)
2152 5644 2310 5711 lbid.,
2343 5648 2574 5707 diremit.

2046 5714 2127 5783 (d)
2157 5716 2313 5787 lbid.,
2336 5718 2560 5789 ﬁngunt.
