4190 6442
702 377 798 436 {.‘9

1965 355 2026 417 S.
2065 357 2246 416 AVlTl
2295 353 2694 414 VIENNENSIS

721 453 3931 512 __________________________________._____.____.

1283 588 1311 617 ⁶
1337 584 1986 702 ALGIMI
2055 571 2726 691 EGDIGII
2799 567 3347 680 AVITI

1780 773 2856 922 EPISTOL/E.

1183 1131 1503 1191 EPISTOLA
1544 1127 1774 1184 PRIMA.

703 1286 889 1330 Ανιτυδ
915 1279 1212 1324 νιικηκέιε
1243 1273 1516 1316 11⁵1900908
1540 1270 1712 1312 ωηο
1744 1253 1769 1290 b
1790 1262 2096 1309 ουιωοιιλυο
2125 1261 2266 1303 REGI.

777 1403 1002 1456 Tantum
1041 1395 1255 1451 Christo
1287 1390 1518 1461 propitio
1558 1402 1652 1458 per
1683 1387 1930 1443 diversas
1959 1381 2274 1439 sollicitudi-

707 1505 803 1547 nes
839 1498 1068 1544 mentem
1115 1492 1350 1538 vestram
1377 1479 1576 1535 veritas
1605 1476 1851 1546 indagata
1884 1473 2182 1545 perdocuit,
2217 1479 2272 1524 ut

706 1579 837 1636 nihil
859 1590 1076 1646 prorsus
1097 1573 1172 1627 sit
1198 1570 1336 1640 quod
1374 1568 1441 1623 de
1481 1567 1761 1623 catholica:
1799 1566 1928 1634 legis
1967 1562 2273 1617 definitione

703 1682 800 1722 vos
832 1667 1010 1720 lateat.
1044 1662 1195 1718 Unde
1215 1675 1280 1715 es
1309 1658 1391 1714 his
1425 1671 1545 1727 qua:
1585 1656 1753 1726 pietas
1787 1652 2117 1709 celsitudinis
2148 1664 2270 1705 ves-

705 1774 802 1817 tra:
825 1759 1073 1829 dignatur
1112 1754 1401 1824 inquirere,
1436 1751 1546 1820 jam
1584 1749 1653 1805 de
1698 1750 1866 1818 plena:
1909 1745 2273 1802 instructionis

705 1867 830 1907 aice
855 1849 1210 1910 descendens,
1235 1858 1341 1898 non
1366 1853 1448 1898 est
1477 1839 1763 1896 nescientis
1783 1837 2150 1907 interrogatio,
2177 1836 2271 1892 sed

706 1941 1049 1997 conferentis.
1063 1939 1120 1994 In
1147 1945 1347 1991 tantum
1363 1942 1419 1987 ut
1439 1931 1698 1988 sententia
1721 1929 1987 1998 Evangelii
2007 1942 2165 1997 quam
2187 1927 2274 1982 lit-

711 2031 841 2087 tt-ris
861 2030 1122 2099 attigistis,
1144 2041 1246 2081 non
1269 2023 1465 2093 aliquid
1491 2020 1846 2090 ambiguitatis
1868 2021 1919 2073 in
1941 2017 2044 2073 ﬁde
2061 2017 2270 2083 habeat,

713 2122 811 2178 sed
834 2120 1275 2189 reprehensiones
1303 2113 1548 2168 Judaicas
1573 2112 1623 2164 in
1646 2123 1850 2163 summa
1875 2108 2041 2177 magis
2063 2107 2275 2174 exposi-

711 2212 869 2268 tionis
897 2210 1146 2277 iuquirat.
1167 2207 1256 2262 Sic
1281 2218 1407 2273 ergo
1435 2202 1508 2256 ait
1527 2201 1682 2256 lectio
1712 2199 2014 2269 evangelica
2038 2199 2190 2268 cujus
2219 2199 2270 2253 in

708 2299 920 2356 subdito
968 2295 1288 2351 mentionem
1335 2291 1574 2346 fecistis:
1611 2288 1716 2344 Vos
1761 2297 1928 2341 autem
1973 2288 2180 2355 dicitis,
2230 2289 2273 2341 si

709 2389 889 2443 dixerit
913 2387 1061 2439 homo
1091 2385 1222 2454 patri
1245 2397 1336 2436 suo
1363 2390 1453 2435 aut
1501 2379 1677 2448 matri,
1712 2379 1921 2446 corban,
1955 2377 2008 2432 id
2035 2387 2120 2433 est
2150 2377 2272 2431 ιιω-

2284 1120 2340 1180 Λ
2364 1115 2578 1171 desueta
2605 1109 2952 1180 subterfugit,
2981 1107 3285 1165 invenietis.
3311 1107 3452 1177 Ergo
3482 1120 3586 1162 non
3615 1106 3835 1161 missum
3866 1107 3939 1159 la-

2375 1205 2518 1267 citis,
2546 1202 2598 1257 id
2623 1210 2726 1267 est,
2751 1199 2866 1255 Non
2893 1199 3164 1254 dimittitis
3191 1214 3314 1253 eum
3338 1197 3622 1266 quidquam
3644 1195 3819 1250 facere
3846 1211 3946 1264 pa-

2387 1294 2454 1348 tri
2486 1291 2572 1347 vel
2603 1290 2793 1354 matri,
2824 1305 2854 1343 a
2885 1303 2993 1359 quo
3021 1287 3277 1343 honorari
3319 1290 3470 1344 senio
3516 1285 3795 1355 parentali,
3833 1300 3944 1339 non

2373 1383 2554 1438 verbis
2609 1389 2852 1445 tantum,
2913 1377 3010 1434 sed
3059 1377 3219 1434 rebus
3281 1374 3654 1444 obsequiisque
3711 1389 3946 1445 pra-cep-

2376 1482 2488 1527 tum
2516 1479 2620 1525 est.
2645 1471 2711 1525 Et
2752 1469 2968 1533 similia,
2999 1466 3191 1536 inquit,
3228 1464 3530 1534 huiusmodi
3561 1463 3723 1519 multa
3748 1464 3940 1529 facitis,

2374 1561 2714 1618 traditionem
2779 1569 3011 1614 vestram
3059 1556 3317 1611 institutis
3363 1556 3677 1611 cmlestibus
3739 1569 3948 1624 prepo-

2375 1651 2574 1708 nendo.
2599 1648 2706 1705 Sed
2735 1649 2849 1703 haec
2875 1647 2943 1702 ad
2973 1647 3119 1702 solos
3139 1645 3342 1701 scribas
3367 1654 3423 1700 et
3459 1644 3754 1699 Phariseos
3779 1643 3942 1711 diota,

2372 1740 2462 1810 qui
2483 1739 2585 1794 sibi
2607 1738 2676 1794 de
2704 1737 2836 1807 legis
2864 1735 3150 1805 supercilio
3190 1734 3547 1801 blandientes,
3589 1734 3739 1804 quasi
3766 1733 3947 1789 debita

2377 1829 2640 1885 doctrina:
2666 1826 2832 1897 pretia
2874 1824 3246 1894 reposcebant.
3277 1823 3480 1878 nullum
3524 1822 3700 1878 locum
3739 1822 3794 1877 in
3822 1837 3944 1878 ser-

2376 1935 2535 1977 mone
2563 1920 2657 1990 qui
2687 1917 2754 1973 de
2773 1915 2878 1972 ﬁde
2906 1925 3163 1971 tractatus
3192 1927 3273 1971 est
3296 1913 3544 1970 habuisse
3577 1914 3806 1982 reperio.
3838 1913 3944 1968 lla-

2376 2011 2476 2067 cba
2509 2025 2639 2066 vero
2665 2009 2948 2064 Hebreum
2976 2020 3169 2061 nomen
3198 2013 3316 2070 est;
3350 2005 3536 2060 Latine
3579 2012 3734 2060 sonat
3774 2004 3949 2058 inanis

2375 2112 2468 2156 aut
2500 2114 2701 2155 vacuus
2725 2116 2740 2152 :
2770 2097 2912 2166 quod
2938 2107 2993 2151 ut
3021 2098 3221 2151 nostris
3259 2094 3665 2150 convenientius
3693 2092 3949 2162 exprimit

2379 2209 2492 2250 uno
2512 2193 2774 2249 vocabulo
2794 2191 2820 2232 τι
2840 2191 3062 2247 Graecus
3084 2191 3274 2247 dicens
3291 2192 3454 2252 κενός.
3477 2189 3592 2244 Hoc
3616 2197 3794 2242 autem
3816 2200 3953 2239 con-

2383 2282 2581 2338 vicium
2613 2281 2787 2346 fratri,
2811 2280 2863 2335 id
2886 2287 2969 2336 est
2996 2280 3100 2335 sub
3129 2296 3241 2335 uno
3267 2279 3375 2335 Deo
3397 2287 3550 2349 patre
3567 2289 3620 2332 et
3637 2291 3744 2332 una
3765 2275 3953 2330 Eccle-

2382 2375 2465 2428 sia
2485 2381 2656 2427 matre
2689 2371 2742 2426 in
2774 2385 2876 2425 una
2907 2371 3009 2426 ﬁde
3037 2371 3214 2440 posito
3243 2370 3422 2424 dicere
3440 2368 3797 2440 prohibemur
3823 2364 3950 2435 ειιυί

713 2480 890 2535 braica
917 2478 1092 2544 lingua
1126 2488 1320 2527 munus
1363 2471 1489 2526 illud
1519 2469 1826 2537 specialiter
1849 2468 1989 2538 quod
2017 2467 2273 2537 obsequio
2306 2474 2350 2532 Β
2382 2461 2663 2518 inanitatis
2710 2462 3002 2531 opprobrio
3037 2461 3254 2531 indigne
3283 2461 3553 2530 appetitur
3585 2459 3678 2530 qui
3724 2471 3830 2510 non
3865 2464 3952 2509 est

713 2574 920 2624 devota:
942 2566 1225 2621 oblatimiis
1246 2563 1484 2626 oﬂ'ertur,
1515 2561 1603 2613 tibi
1620 2559 1887 2630 profuerit,
1919 2558 2016 2612 hoc
2041 2567 2120 2612 est
2141 2557 2272 2626 patri

714 2666 809 2712 aut
847 2656 1024 2720 tnatri,
1047 2663 1092 2707 et
1112 2655 1224 2722 jam
1269 2667 1368 2705 non
1399 2651 1606 2702 missam
1647 2648 1816 2718 facitis
1847 2663 1960 2699 eum
1998 2646 2273 2713 quidquam

714 2747 881 2815 facere
905 2742 1038 2812 patri
1065 2747 1155 2792 aut
1193 2737 1346 2791 matri
1378 2736 1578 2806 (Marc.
1616 2749 1706 2800 vn,
1741 2735 1859 2801 ll).
1890 2734 2022 2789 Puto
2051 2747 2145 2788 vos
2180 2747 2275 2786 au-

715 2844 821 2890 tem
848 2833 949 2888 hoc
974 2843 1220 2885 sermone
1244 2825 1566 2895 ordiri,quia
1589 2839 1776 2878 revera
1805 2826 1974 2892 ipsum
1992 2822 2274 2894 Specialius

717 2927 772 2981 in
799 2922 1021 2994 epistola
1068 2918 1423 2982 memorastis,
1465 2914 1591 2985 quid
1642 2914 1725 2969 vel
1775 2913 1915 2968 unde
1953 2913 2150 2968 dictum
2182 2915 2274 2976 sit,

719 3029 826 3070 non
872 3013 1093 3067 missum
1142 3008 1330 3061 facitis.
1360 3004 1510 3072 Quod
1557 3002 1774 3058 omnino
1825 3002 1958 3056 nihil
2005 3011 2086 3056 est
2137 3001 2280 3056 aliud

720 3121 878 3175 quam
921 3118 1026 3158 non
1061 3099 1344 3154 dimittitis.
1370 3096 1413 3152 A
1436 3095 1586 3162 cujus
1635 3093 1952 3162 proprietate
1992 3091 2274 3156 sermonis,

721 3198 776 3250 iu
804 3188 1049 3249 ecclesiis
1094 3188 1406 3258 palatiisque
1445 3184 1558 3240 sive
1597 3183 1880 3253 praetoriis,
1907 3192 1930 3221 α
1961 3183 2121 3236 missa
2167 3181 2281 3236 ﬁeri

724 3283 1110 3352 pronuntiatur,
1131 3293 1249 3332 cum
1272 3274 1496 3345 populus
1511 3274 1577 3328 ab
1594 3272 1964 3328 observatione
1980 3271 2279 3327 dimittitur.

721 3375 851 3430 Nam
880 3386 1045 3441 genus
1089 3373 1189 3422 hoc
1231 3365 1458 3420 nominis
1481 3365 1640 3419 etiam
1673 3362 1723 3417 id
1750 3363 2021 3417 smcularis
2048 3365 2281 3418 auctori-

725 3467 841 3526 bus.
876 3464 975 3517 nisi
1005 3459 1313 3516 memoriam
1343 3467 1572 3512 vestiam
1605 3469 1700 3524 per
1723 3455 2098 3524 occupationes
2126 3456 2283 3511 lectio

799 3637 872 3701 (τι)
898 3636 1014 3688 Duo
1044 3633 1152 3686 fere
1181 3629 1420 3697 usurpari
1449 3630 1568 3701 ejus
1587 3631 1799 3701 nomina
1830 3632 2023 3697 solent,
2048 3632 2284 3688 Alcimus

727 3698 940 3765 Avitus;
967 3703 1179 3756 tertium
1222 3714 1326 3754 non
1372 3701 1497 3753 olim
1539 3698 1990 3765 deprehendimus
2035 3703 2086 3756 in
2130 3705 2284 3756 titulo

725 3776 959 3843 epistola:
985 3786 1140 3840 quam
1167 3768 1234 3843 de
1262 3777 1561 3843 poematum
1583 3783 1803 3843 suorum,
1822 3771 2053 3843 editione
2074 3773 2288 3841 scripsit

725 3839 791 3898 ad
819 3839 1176 3911 Apollinarem
1208 3839 1875 3911 lratrem._ltaquetriplex
1913 3840 2054 3911 Aviti
2090 3839 2285 3897 nomen

728 3915 846 3976 fuit,
867 3907 965 3966 sed
985 3925 1169 3964 verum
1193 3923 1254 3961 ac
1298 3909 1566 3980 proprium
1595 3907 1800 3980 Avitus,
1830 3909 1970 3980 quod
2007 3909 2126 3963 ideo
2167 3925 2289 3978 pos-

729 3975 954 4036 tiemutn
987 3981 1157 4031 locum
1192 3986 1355 4041 tenet,
1384 3978 1450 4029 de
1476 3975 1642 4028 veteri
1680 3992 1829 4031 more
1850 3975 2212 4032 Romanorum
2237 3989 2291 4034 et

729 4053 953 4106 aliorum
979 4050 1063 4115 qui
1091 4046 1353 4097 Romanos
1389 4044 1770 4115 aemulabantur
1802 4061 1814 4096 :
1846 4047 1982 4112 apud
2010 4063 2144 4115 quos
2173 4059 2290 4102 tan-

730 4125 850 4174 dem
896 4113 1133 4179 invaluit,
1165 4123 1220 4166 ut
1245 4128 1276 4186 e
1305 4113 1490 4186 inultis
1522 4113 1821 4167 nominibus
1850 4115 1900 4168 id
1929 4113 2067 4182 quod
2102 4119 2290 4186 cuique

732 4189 997 4258 proprium
1030 4193 1201 4258 erat,“
1225 4182 1410 4258 ultimo
1463 4183 1588 4258 loco
1627 4185 2094 4258 διθψᾳςυιιιηριιίι
2136 4182 2290 4258 ύθήξ

732 4251 967 4325 pluribus
996 4255 1125 4325 alias
1155 4252 1351 4306 dictum
1383 4252 1434 4304 in
1484 4251 1620 4325 notis
1664 4251 1733 4305 ad
1767 4251 2078 4325 ‘Ennodium
2125 4264 2179 4308 et
2211 4256 2288 4325 ad

730 4319 1025 4387 Stdilllium,
1046 4324 1095 4375 in
1125 4336 1347 4390 quorum
1380 4319 1699 4391 nominibus,
1732 4322 1958 4391 aliisque
1978 4338 2136 4390 quam
2172 4324 2288 4390 plu-

732 4397 904 4458 rimis,
936 4395 987 4446 id
1027 4389 1479 4445 obsei-Vabamus:
1513 4389 1652 4456 quod
1699 4389 1887 4456 ipsum
1912 4402 1963 4444 et
1999 4389 2054 4444 in
2106 4403 2290 4448 sancto

735 4466 1056 4532 Hieronymo
1076 4458 1545 4532 \Lidere‘esthuius
1566 4459 1768 4527 integra
1795 4462 2149 4516 uomenclatio
2171 4462 2286 4530 iuit,

735 4527 1063 4600 Supltronius
1086 4528 1342 4600 Eusebius
1366 4527 1733 4600 Hieronymus.

805 4596 876 4672 (δ)
911 4596 1744 4672 BurgundionuminGalliares
1774 4599 1890 4662 fuit,
1913 4600 2088 4672 vel_ex
2107 4601 2291 4672 Fran-

733 4667 916 4728 corum
981 4667 1197 4724 historia
1256 4667 1580 4720 notissimus.
1637 4667 1768 4722 lluic
1810 4672 1948 4723 enim
1990 4669 2289 4727 Clodoveus

737 4753 918 4796 noster
959 4739 1124 4796 armis
1170 4737 1336 4790 victor
1364 4735 1613 4788 tributum
1644 4738 1912 4805 imposuit,
1948 4741 2191 4804 Patricio,
2235 4752 2292 4797 ut

739 4811 930 4864 Manus
961 4811 1013 4863 in
1049 4807 1315 4861 Chronico
1343 4805 1523 4875 refert,
1553 4818 1607 4860 ct
1634 4805 1858 4875 Hypatio
1879 4810 2204 4874 consulibus,
2239 4811 2290 4865 id

737 4890 818 4934 est
866 4893 1005 4932 anno
1049 4875 1250 4949 Christi
1293 4876 1414 4931 500.
1457 4874 1766 4929 Gundohadi
1796 4893 1922 4930 vero
1963 4879 2097 4932 filios
2128 4880 2292 4949 Sigis-

739 4949 989 5003 tuundum
1038 4956 1092 5001 ct
1141 4945 1529 5008 Gndontarum,
1577 4956 1693 5012 post
1741 4957 1942 5013 patrem
1987 4945 2288 5016 regnanies,

737 5018 992 5072 Clndovei
1037 5016 1125 5069 lilii
1173 5018 1276 5068 vita
1329 5029 1595 5082 regnoque
1643 5018 1954 5082 spoliarunt.
2002 5016 2196 5072 Verum
2224 5021 2290 5073 ad

736 5087 1020 5141 Godoniari
1050 5095 1283 5157 tempora
1306 5084 1543 5157 epistolae
1569 5085 1708 5157 Aviti
1747 5101 1852 5157 non
1885 5087 2206 5157 perlingunt,
2238 5091 2289 5143 in

736 5158 930 5226 quibus
949 5153 1258 5226 Gundebadi
1298 5163 1353 5226 et
1389 5153 1711 5226 Sigismundi
1733 5155 1919 5209 crebra
1945 5166 2026 5210 est
2062 5153 2288 5226 inentio.

809 5228 886 5295 (ε)
919 5225 1198 5293 lledarguit
1239 5223 1462 5288 primum
1503 5223 1773 5295 hiciOCUS
1811 5240 2020 5295 cassum
2053 5225 2290 5282 laborem

2383 2568 2590 2608 vacuus
2610 2567 2639 2606 a
2659 2552 2854 2607 salute.
2877 2551 2982 2606 Sed
3004 2552 3089 2608 his
3107 2553 3414 2607 collationis
3437 2549 3606 2620 magis
3631 2562 3795 2617 quam
3817 2545 3953 2600 luci-

2383 2644 2576 2699 dandae
2604 2643 2728 2698 ﬁdei
2760 2644 3021 2698 exercitio
3047 2644 3358 2706 reservatis,
3391 2641 3524 2696 illud
3566 2641 3749 2711 potius
3776 2638 3952 2694 remi-

2382 2749 2591 2799 veluus,
2626 2732 2768 2802 quod
2794 2746 2826 2785 a
2855 2731 3227 2787 sacerdotibus
3275 2730 3472 2787 vestris
3517 2727 3813 2798 scripsistis
3854 2726 3954 2779 ob—

2380 2825 2605 2893 iectum.
2626 2822 2795 2894 Igitur
2812 2822 3238 2878 discutientibus
3257 2823 3411 2877 vobis
3435 2832 3481 2886 ο,
3505 2831 3684 2875 utrum
3711 2817 3951 2889 Spiritus

2385 2924 2630 2996 sanctus,
2650 2915 2744 2982 qui
2765 2914 2821 2970 in
2842 2922 3055 2970 secreto
3073 2913 3406 2984 baptismate
3425 2911 3672 2968 indivisa:
3701 2911 3953 2967 nomina-

2391 2994 2550 3054 tionls
2566 2999 2807 3055 vindicat
2826 3000 3108 3063 unitatem,
3141 3005 3351 3052 creator
3375 3008 3441 3049 an
3469 3005 3711 3049 creatura
3732 2994 3949 3047 credcnc

2384 3095 2485 3149 dus
2541 3095 2643 3159 sit;
2693 3107 2813 3148 cum
2863 3091 2909 3146 si
2939 3099 3150 3145 creator
3190 3097 3290 3152 est,
3346 3101 3378 3140 a
3411 3084 3693 3140 Divinitate
3732 3093 3953 3153 nequeat

2385 3186 2653 3254 separari;
2684 3184 2730 3239 si
2772 3192 3033 3244 creatura,
3067 3180 3176 3234 Deo
3213 3194 3319 3234 non
3350 3177 3518 3247 possit
3539 3175 3676 3231 uuiri
3705 3193 3717 3226 :
3743 3189 3839 3246 pro
3867 3189 3954 3244 pe-

2386 3278 2536 3332 nuria
2569 3273 2945 3345 respondendi,
2980 3271 3079 3326 sub
3103 3269 3380 3339 cujusdam
3412 3269 3618 3324 lubrico
3646 3268 3955 3338 quaestionis

2387 3370 2767 3438 interrogatum
2801 3377 2881 3420 εει
2905 3381 2934 3418 a
2957 3372 3105 3433 parte
3131 3362 3362 3428 diversa,
3381 3369 3557 3414 utrum
3586 3360 3807 3430 spiritus
3835 3375 3957 3415 nos-

2392 3472 2469 3517 ter
2481 3468 2694 3517 creatus
2703 3475 2770 3515 an
2783 3457 3139 3524 sempiternus
3153 3455 3344 3511 debeat
3353 3453 3577 3525 judicari
3594 3472 3605 3506 :
3622 3452 3770 3524 quasi
3782 3467 3956 3507 exem-

2389 3636 2588 3705 pOpuli.
2617 3651 2734 3705 qua:
2762 3651 2819 3691 re
2854 3645 3065 3706 peracta
3111 3634 3291 3698 ﬁebat,
3334 3633 3587 3706 translata
3623 3649 3722 3688 vos
3758 3633 3857 3688 fuit
3893 3635 3957 3689 ad

2386 3703 2759 3772 Signiﬁcandas
2791 3703 2874 3759 res
2894 3706 3034 3774 ipsas
3054 3719 3171 3773 quae
3192 3707 3532 3775 gerebantur.
3548 3703 3677 3775 Nam
3711 3715 3763 3775 et
3785 3705 3957 3759 missa:

2389 3777 2660 3829 matutina:
2693 3786 2749 3828 et
2775 3773 3096 3843 vespertina:
3133 3773 3411 3841 appellata:
3437 3783 3558 3827 sunt
3589 3773 3838 3841 liturgim,
3862 3789 3957 3828 seu

2389 3846 2644 3899 solemnia
2671 3844 2867 3908 ofﬁcia,
2894 3859 3014 3913 quae
3042 3843 3313 3904 matutinis
3345 3851 3438 3896 aut
3465 3843 3782 3913 vespertinis
3813 3843 3956 3913 horis

2315 3939 2360 4000 ρ
2390 3915 2817 4000 celebrabantur.
2839 3912 2995 3981 Quod
3021 3926 3150 3968 sane
3173 3915 3364 4000 mirum
3391 3928 3456 3966 eo
3482 3913 3658 4000 inin‘us
3679 3912 3843 4000 videri
3874 3912 3958 4000 de-

2395 3984 2503 4045 bet,
2533 3984 2676 4052 quod
2705 3984 2819 4037 vice
2857 3996 3010 4037 versa
3060 3983 3274 4053 synaxis
3313 3991 3368 4037 et
3414 3983 3656 4041 collecta:
3687 3983 3960 4053 vocabula,

2395 4067 2512 4118 qua:
2545 4053 2756 4120 proprie
2785 4051 3103 4105 conventum
3125 4062 3181 4106 et
3208 4053 3672 4119 congregationem
3695 4052 3759 4106 ad
3785 4051 3960 4107 divina

2393 4120 2568 4174 olﬁcia
2607 4122 2928 4188 signiﬁcant,
2975 4134 3073 4189 pro
3113 4122 3242 4188 ipsis
3271 4134 3482 4188 qucque
3527 4121 3721 4175 divinis
3769 4121 3960 4176 ofﬁciis

2396 4199 2518 4270 tuin.
2535 4189 2828 4257 matutinis,
2863 4201 2970 4244 tnui
3000 4191 3316 4259 vespertinis
3341 4191 3539 4260 passim
3571 4199 3821 4260 usurpata
3849 4205 3962 4247 me-

2393 4275 2663 4313 minimus.

2465 4325 2538 4398 (ἀ)
2575 4328 2801 4382 llilarius
2831 4328 2883 4382 in
2912 4327 3214 4383 lliattbteum
3238 4343 3356 4396 cap.
3404 4343 3436 4381 v
3465 4344 3480 4382 t
3514 4329 3652 4383 Raca
3697 4330 3963 4383 vacuitatis

2395 4400 2722 4466 approbrium
2741 4409 2836 4460 est,
2868 4407 2914 4451 et
2941 4398 3029 4468 qui
3069 4410 3244 4452 sancto
3273 4398 3471 4468 Spiritu
3513 4399 3717 4464 plenum
3743 4401 3964 4452 convicio

2394 4469 2659 4520 vacuitatis
2691 4469 2970 4533 insimulat,
2996 4466 3052 4534 fit
3074 4483 3189 4520 reus
3212 4466 3427 4520 concilio
3448 4479 3758 4531 sanctarum,
3788 4477 3967 4521 contu-

2396 4538 2596 4608 meliam
2623 4537 2850 4608 Spiritus
2879 4538 3042 4592 sancti
3062 4548 3354 4591 sanctorum
3372 4537 3608 4608 judicum
3645 4539 3964 4593 animadver-

2394 4607 2536 4660 sione
2564 4607 2803 4660 luiturus.

2465 4675 2538 4745 (θ)
2571 4675 2635 4728 Ει
2658 4677 2912 4744 Spiritum
2938 4675 3174 4732 divinum
3204 4686 3496 4732 creatorem
3520 4693 3622 4733 non
3644 4686 3962 4740 creaturam.

2395 4756 2450 4801 et
2493 4745 2740 4814 spiritum
2781 4756 3019 4801 nostrum
3063 4762 3168 4800 non
3212 4746 3595 4814 sempiternum
3643 4748 3962 4803 credendum

2396 4813 2538 4880 esse,
2573 4815 2665 4870 sed
2694 4826 2952 4884 creatum.
2983 4813 3185 4884 liquido
3214 4827 3268 4870 et
3307 4813 3515 4871 abunde
3544 4818 3731 4884 probat
3770 4818 3962 4872 adver-

2396 4899 2489 4939 sus
2535 4883 2842 4940 sacerdotes
2891 4883 3224 4940 Gundebadi.
3273 4884 3422 4950 Quod
3463 4883 3590 4940 vero
3638 4887 3788 4947 istos.
3840 4887 3962 4942 dum

2395 4969 2572 5009 causa:
2597 4955 2888 5023 indulgent,
2901 4968 3000 5024 pro
3021 4969 3085 5010 eo
3100 4954 3239 5024 quod
3259 4955 3522 5023 inspiravit
3545 4954 3682 5010 Deus
3699 4958 3752 5010 in
3771 4955 3961 5012 Genesi

2398 5024 2639 5097 legimus,
2655 5023 2937 5097 insufﬂauit
2958 5023 3155 5097 dixisse
3176 5024 3509 5097 criminatur,
3524 5040 3628 5079 non
3649 5028 3780 5081 satis
3805 5041 3965 5097 appa-

2399 5105 2481 5146 ret
2510 5093 2634 5161 quid
2667 5093 2880 5148 illorum
2905 5108 3116 5150 causam
3138 5095 3285 5162 juvet
3312 5095 3423 5148 lucc
3455 5097 3675 5150 mutatio
3699 5113 3713 5151 :
3743 5093 3855 5149 aut'
3871 5093 3965 5151 cur

2399 5162 2717 5230 reprehendi
2762 5163 2864 5217 hoc
2908 5164 3120 5217 nomine
3145 5165 3371 5233 possint,
3396 5179 3516 5219 cum
3557 5163 3729 5220 Gnaei
3754 5164 3964 5219 codices

2398 5233 2728 5305 ξνεφρσησιν,
2751 5234 2892 5305 quod
2921 5241 3004 5287 est
3052 5235 3348 5305 insufﬂauit,
3393 5235 3589 5305 legant,
3627 5245 3784 5304 atque
3831 5235 3966 5290 hanc

738 5294 945 5372 illorum
959 5295 1045 5361 qui
1060 5307 1238 5372 inissa:
1253 5307 1444 5372 nomen
1472 5294 2289 5372 exoticum,id_est,ilebraieum
2323 5301 2371 5360 Ι)
2397 5294 2677 5372 leciiouem
2707 5294 3006 5358 ieiltibeant
3050 5294 3798 5372 Tertulliaiius,'Cypriatius,
3841 5308 3965 5358 Ani-

739 5367 937 5434 liugere
961 5361 1076 5434 ausi
1105 5372 1245 5428 sunt,
1276 5378 1379 5434 non
1405 5361 1668 5434 Latinum.
1700 5363 1840 5434 quod
1859 5379 1968 5434 ires
2010 5375 2112 5429 est,
2145 5375 2200 5420 et
2224 5383 2288 5421 ex

738 5430 876 5488 Aviti
917 5433 1091 5487 verbis
1133 5430 1486 5503 perspicuum.
1527 5433 1687 5486 Docet
1715 5430 1927 5498 deinde,
1973 5435 2112 5503 quod
2151 5436 2288 5490 haud

739 5507 848 5557 scio
877 5519 941 5556 an
965 5517 995 5556 a
1024 5517 1285 5570 quoquam
1308 5501 1568 5570 hactenus
1597 5503 1884 5570 proditum,
1920 5501 2026 5558 non
2050 5507 2101 5558 in
2127 5506 2292 5560 eccle-

739 5572 830 5627 siis
849 5573 1025 5635 modo,
1043 5569 1227 5624 verum
1249 5569 1406 5624 etiam
1435 5571 1489 5625 in
1519 5569 1723 5640 palatiis
1747 5572 2114 5641 prmtoriisque
2136 5590 2290 5630 usur-

739 5644 848 5710 pari
881 5641 1053 5712 inissa
1104 5658 1295 5695 nomen
1337 5654 1652 5712 consuesse,
1685 5657 1802 5697 cum
1850 5642 2073 5712 populus
2101 5659 2130 5697 a
2158 5659 2290 5699 eon-

740 5716 895 5765 ventu
922 5710 1300 5766 dimittebat-or.
1324 5711 1403 5766 Ab
1425 5711 1522 5767 hac
1553 5712 1708 5776 igitur
1733 5715 1894 5768 missa
1922 5710 2016 5768 seu
2037 5714 2289 5771 missione

2395 5371 2604 5424 brusius
2651 5380 2706 5425 et
2753 5374 3098 5441 Augustinus,
3149 5388 3216 5427 ne
3262 5374 3396 5426 alios
3445 5371 3774 5429 recenseam.
3817 5375 3966 5428 Adde

2393 5443 2533 5508 quod
2561 5443 2845 5510 Sapientia:
2876 5441 3050 5510 capite
3075 5458 3163 5503 xv.
3203 5458 3268 5498 ne
3297 5445 3526 5512 argutari
3558 5444 3733 5508 liccat,
3757 5455 3965 5498 utrum-

2393 5525 2494 5586 que
2522 5514 2826 5586 copulatum
2858 5519 2961 5577 est,
2984 5513 3070 5565 τὸν
3107 5514 3467 5586 ἐμπνεύσανηκν
3486 5516 3623 5586 αὐτῷ
3651 5513 3853 5586 ψυχήν,
3886 5519 3964 5569 καὶ

2393 5580 2753 5653 insequentia-az
2786 5587 2986 5651 πνιῦμα
3015 5580 3253 5653 ζωτικὸν,
3272 5590 3329 5653 et
3346 5584 3433 5651 qui
3455 5580 3715 5653 inspiravit
3728 5580 3964 5639 annuam

2389 5650 2438 5703 et
2458 5650 2546 5719 qui
2565 5651 2845 5721 insufﬂauit
2870 5650 2919 5707 ci
2937 5652 3176 5722 spiritum
3209 5650 3433 5710 vitalem.
