4154 6424
680 406 782 455 ἐοὸ

1914 392 1972 446 S.
2015 387 2192 444 AVITI
2237 388 2639 448 VIENNENSIS

3823 392 3926 447 2οι

678 518 1068 584 Scripturarum
1105 511 1394 567 ccelestium
1420 506 1564 560 fonte
1610 504 1977 572 exemplorum
2031 501 2243 556 flamina
2274 505 2321 564 Α
2350 504 2533 559 situm.
2559 503 2748 557 Filium
2779 503 2890 571 Dei,
2925 516 3043 558 cum
3067 504 3222 559 Patre
3243 513 3366 559 ante
3389 504 3581 559 smcula
3611 516 3919 572 permaneno

680 605 1012 659 det-iventur.
1038 601 1081 657 0
1104 615 1188 655 res
1216 597 1542 669 dignissima,
1570 609 1728 664 quam
1755 601 1927 647 tantus
1953 591 2144 662 prmsul
2162 590 2249 659 ju-

682 698 850 759 beret,
874 692 918 746 si
948 693 1224 759 eligeretur
1253 688 1339 757 qui
1377 685 1670 754 jussionem
1699 682 1889 750 dignus
1929 683 2198 751 exciperet
2230 693 2245 734 :

677 784 724 839 si
753 784 918 837 virtus
951 780 1203 835 facundia:
1234 776 1478 831 thematis
1533 774 1886 842 responderet
1917 771 2119 826 auctori
2155 785 2170 824 :
2202 771 2248 824 si

681 874 746 927 ad
772 869 1217 940 multiplicaudam
1250 867 1564 936 populorum
1595 865 1818 917 salutem
1847 863 1924 916 sic
1954 869 2132 914 nostra
2163 874 2247 913 sa-

683 961 1142 1026 tisfacerctlingua
1170 957 1435 1026 proloqui,
1485 966 1545 1009 ut
1588 954 1797 1008 abunde
1847 952 2041 1006 sull‘tcit
2099 950 2248 1004 beni-

600 1075 604 1078 -
680 1053 852 1120 gnitas
880 1056 1052 1102 vestra
1078 1047 1365 1115 praecipere
1392 1062 1406 1097 :
1432 1057 1548 1097 cum
1579 1041 1809 1097 devincti
1839 1041 1987 1097 vobis
2019 1041 2248 1109 impera-

682 1143 813 1195 toris
855 1137 1079 1208 patriam
1107 1148 1660 1207 personamque,non,
1697 1143 1754 1187 ut
1796 1134 2011 1203 regibus
2035 1132 2243 1187 caeteris

682 1233 843 1288 moris
870 1240 973 1300 est,
1006 1233 1366 1284 tantummodo
1393 1227 1460 1280 ad
1481 1226 1819 1280 commodum
1851 1223 2130 1279 mundana:
2155 1239 2238 1293 pa-

681 1324 760 1377 cis
792 1321 981 1375 amatis
1016 1336 1028 1372 z
1061 1317 1155 1372 sed
1176 1317 1298 1371 dum
1331 1330 1510 1370 coram
1543 1314 1694 1369 vobis
1744 1314 2024 1382 prmveniri
2048 1314 2245 1368 timetis

682 1425 882 1472 errore,
906 1423 1114 1464 omnem
1145 1422 1263 1476 qua:
1292 1405 1430 1460 inter
1452 1419 1542 1459 vos
1561 1413 1643 1459 est
1670 1405 1958 1459 amicitiam
2003 1404 2054 1458 in
2081 1419 2145 1458 eo
2169 1403 2243 1456 illi

683 1503 842 1554 vultis
866 1500 1116 1569 prodesse
1140 1512 1208 1552 ne
1233 1509 1435 1565 pecce..
1465 1495 1634 1561 Quem
1657 1494 1869 1563 quidem
1898 1503 1950 1549 et
1982 1493 2246 1562 praeconio

681 1593 941 1657 attollitis,
965 1601 1018 1645 et
1045 1589 1248 1644 fidelem
1301 1587 1410 1642 Deo
1468 1587 1826 1654 devotumque
1873 1584 2118 1640 laudatis.
2174 1585 2245 1638 De

680 1698 778 1750 qua
808 1681 1073 1748 pnecipue
1101 1676 1166 1730 ad
1196 1675 1528 1744 triumphalis
1561 1675 1768 1728 veniam
1798 1673 2138 1742 plenitudinis
2157 1689 2247 1728 ve-

680 1776 827 1825 niant
856 1769 974 1838 quis
995 1767 1152 1834 digne
1171 1774 1421 1820 meretur.
1451 1764 1563 1833 Ego
1592 1773 1765 1819 tamen
1791 1763 1957 1819 Deum
1990 1779 2084 1833 pro
2114 1762 2246 1816 viri-

2351 601 2481 658 tem,
2511 609 2664 662 quem
2690 592 2885 647 ideirco
2931 593 2994 647 ad
3031 596 3255 650 salutem
3301 605 3538 649 nostram
3583 593 3923 648 descendisse

2350 685 2418 738 de
2441 685 2580 738 collo
2620 692 2674 737 ut
2700 697 2891 752 corpus
2909 694 3209 739 assumeret
3239 683 3370 738 fides
3415 692 3565 738 recta
3612 683 3920 747 confitetur,

2355 784 2546 840 negant
2577 774 2628 826 in
2660 774 2834 826 alvum
2876 771 3160 826 femineam
3199 773 3435 842 potuisse
3480 771 3728 827 contrudi
3755 789 3770 837 ;
3802 787 3921 826 cum

2352 862 2447 916 Dei
2477 863 2661 928 Filius,
2687 861 2866 931 utique
2895 861 3056 925 Deus,
3079 861 3168 929 qui
3191 862 3395 916 dixerat
3422 876 3516 931 per
3565 860 3881 932 prophetam
3907 877 3922 914 :

2351 954 2544 1007 Caelum
2567 966 2612 1008 et
2644 964 2826 1008 terram
2855 971 2947 1025 ego
2966 955 3147 1025 impleo
3173 953 3306 1025 (Jer.
3335 971 3498 1021 xxm,
3539 954 3631 1022 2s)
3651 995 3666 1022 ,
3697 971 3804 1010 non
3831 969 3926 1023 po-

2351 1045 2511 1097 tuerit
2540 1044 2721 1099 venire
2745 1059 2850 1112 quo
2875 1054 3007 1108 erat,
3039 1046 3138 1098 nisi
3187 1059 3279 1113 per
3320 1045 3720 1113 susceptionem
3749 1044 3924 1099 carnis

2347 1133 2710 1201 acquiesceret
2736 1145 2854 1186 esse
2876 1133 3015 1202 quod
3035 1149 3142 1186 non
3168 1141 3303 1188 erat.
3321 1131 3490 1197 Quam
3522 1132 3922 1187 conclusionem

2349 1232 2592 1276 metuens
2606 1221 2878 1292 Eutyches
2901 1223 2991 1277 ille
3012 1238 3168 1292 quem
3193 1222 3482 1292 loquimur,
3507 1236 3626 1275 cum
3646 1221 3698 1275 in
3717 1221 3924 1292 synodo

2351 1313 2596 1379 superius
2643 1311 2916 1381 designata
2936 1312 3175 1366 studiose
3191 1312 3259 1365 ab
3273 1310 3602 1366 auditoribus
3619 1323 3920 1379 urgeretur,

2348 1411 2406 1457 ut
2434 1400 2461 1440 δ
2492 1403 2712 1457 Mariam
2743 1402 3002 1472 virginem
3032 1412 3054 1442 ⁸
3079 1403 3314 1458 Θιοτόκον
3339 1443 3352 1466 ,
3393 1401 3444 1456 id
3475 1411 3557 1456 est
3599 1417 3718 1472 qua:
3757 1401 3924 1456 Deum

2349 1494 2664 1566 peperisset,
2698 1495 3064 1562 pronuntiaret
3087 1497 3251 1563 atque
3274 1493 3652 1560 subscriberet,
3679 1491 3745 1546 ad
3773 1492 3923 1560 inge-

2351 1583 2421 1638 nii
2454 1583 2742 1652 nequitiam
2784 1583 2971 1638 fraude
3018 1597 3341 1651 conversus,
3382 1584 3750 1657 Χριστοτὸκον,
3803 1596 3924 1652 quae

2348 1672 2617 1728 Christum
2650 1673 3019 1730 tantummodo
3049 1673 3320 1729 videretur
3349 1673 3600 1739 edidisse,
3646 1673 3922 1729 confessus

2349 1775 2466 1821 est:
2500 1775 2554 1820 ut
2579 1766 2786 1822 scilicet
2806 1765 2978 1820 divisa
3000 1765 3252 1821 credatur
3304 1780 3531 1834 persona
3579 1780 3700 1832 quae
3746 1777 3925 1818 servat

679 1861 778 1916 hus
800 1871 1003 1927 quieso,
1030 1866 1086 1909 ut
1107 1855 1151 1911 is
1175 1855 1288 1924 ipse
1313 1854 1378 1908 de
1410 1869 1515 1922 quo
1540 1854 1824 1923 loquimur,
1872 1853 2050 1908 Caesar
2092 1853 2241 1910 Grm-
2274 1858 2316 1918 Β
2343 1855 2637 1910 divinitatis
2667 1863 2941 1924 naturam,
2989 1855 3058 1911 ab
3106 1870 3169 1910 ea
3221 1870 3339 1926 quae
3373 1855 3623 1910 sustinuit
3662 1855 3924 1923 passionis

680 1964 884 2016 torum,
911 1949 955 2002 si
981 1939 1151 2001 iidelis
1193 1943 1362 2009 vobis,
1389 1946 1545 1999 etiam
1577 1944 1730 1998 nobis
1745 1942 2089 2009 honorabilis,
2121 1957 2240 2013 per-

679 2041 1018 2097 suadeatura
1072 2035 1311 2106 principe
1366 2042 1547 2088 nostro
1575 2033 1716 2103 quod
1768 2033 1990 2089 suadeat
2044 2034 2240 2104 populo

680 2146 778 2186 suo
807 2149 818 2183 :
843 2138 892 2184 et
920 2143 1040 2182 cum
1069 2140 1126 2180 se
1150 2125 1215 2179 ad
1239 2125 1518 2182 tenendam
1562 2125 1835 2179 veritatem
1886 2123 2036 2180 vobis
2063 2124 2240 2180 reddi-

679 2223 819 2278 derit
844 2219 1096 2283 docilem,
1117 2216 1182 2271 ad
1211 2214 1557 2286 expugnanda
1589 2213 1818 2284 propria:
1853 2213 2084 2282 regionis
2112 2227 2240 2269 con-

681 2315 815 2383 tagia
845 2307 1236 2381 przedicationis
1261 2315 1452 2362 vestras
1496 2305 1693 2361 factum
1741 2319 1803 2361 se
1840 2304 2065 2376 gaudeat
2089 2304 2240 2374 adju-

679 2416 847 2458 torem
875 2409 900 2438 ι
927 2396 1194 2470 Eutyches
1218 2410 1366 2464 ergo,
1399 2394 1650 2466 perniciei
1684 2395 1837 2464 cujus
1887 2395 2087 2450 mentio
2135 2403 2238 2462 est,

677 2495 916 2547 funestus
934 2490 1198 2553 incentor,
1219 2485 1818 2554 Constantinopolitatne
1849 2485 2101 2542 Ecclesiae
2118 2488 2240 2556 qui~

678 2584 796 2638 dem
821 2581 1119 2651 presbyter,
1149 2578 1242 2633 sed
1264 2577 1492 2647 copiosa:
1535 2577 1918 2631 monachorum
1946 2577 2243 2632 multitudi-

677 2673 759 2727 nis
789 2671 1102 2741 praepositus
1122 2669 1219 2724 fuit
1247 2683 1262 2721 :
1289 2667 1440 2736 cujus
1505 2666 1668 2722 officii
1713 2680 1967 2736 personas
2006 2669 2240 2737 episcopi

675 2761 962 2818 orientales
1016 2757 1458 2814 archimandritas
1505 2757 1795 2827 appellant.
1851 2757 1945 2812 ilic
1999 2773 2127 2828 ergo
2174 2759 2240 2814 ad

675 2867 936 2910 summum
965 2850 1318 2907 sacerdotium
1345 2847 1497 2904 fama:
1523 2848 1773 2918 sulfragio
1800 2849 2240 2919 comparandum,

678 2941 1092 3001 intromittenda
1145 2939 1509 3009 cujuscunque
1559 2939 1810 2995 novitatis
1851 2940 2031 2995 studio
2074 2955 2242 3010 appe-

678 3045 851 3092 tenter
877 3031 1339 3097 ardescens,istud
1357 3031 1497 3101 quod
1525 3032 1576 3086 in
1606 3031 1956 3087 sectatoribus
1984 3032 2101 3102 ejus
2118 3033 2246 3088 hor-

678 3139 878 3194 remus,
905 3122 1136 3178 susurris
1178 3121 1370 3177 dicitur
1382 3121 1548 3190 magis
1567 3119 1831 3176 invexisse
1845 3135 2003 3190 quam
2029 3122 2240 3178 litteris.

2339 1945 2607 2014 injuriam.
2641 1945 3032 2000 Relrenandam
3082 1960 3114 2000 a
3154 1954 3423 2016 prmrupto
3462 1944 3680 2013 ancipiti
3733 1945 3917 1998 laevam

2339 2036 2567 2104 fugiens,
2593 2037 2870 2093 dexteram
2897 2051 3004 2094 non
3037 2051 3394 2107 praesumens,
3439 2051 3500 2090 ac
3522 2035 3747 2106 perinde
3785 2037 3923 2091 latus

2340 2134 2623 2196 utrumque
2645 2127 2938 2183 formidans
2967 2167 2983 2194 ,
3031 2127 3130 2184 sub
3181 2129 3589 2196 temperamenti
3631 2128 3808 2182 medio
3841 2127 3921 2181 via

2341 2220 2523 2284 tutior,
2550 2219 2600 2272 in
2623 2233 2728 2290 qua
2753 2217 3023 2288 duplicem
3045 2217 3395 2274 subatantiam
3418 2215 3792 2284 Redemptoris
3815 2217 3924 2272 dis-

2347 2309 2493 2364 cerni
2516 2309 2740 2364 dicimus
2766 2322 2947 2379 posse,
2980 2323 3087 2364 non
3117 2308 3303 2363 dividi.
3343 2308 3523 2378 Neque
3552 2321 3650 2362 nos
3680 2307 3924 2370 nitimur,

2342 2408 2398 2453 ut
2427 2399 2748 2455 inviolabilis
2778 2398 3038 2453 Divinitas
3064 2399 3278 2454 dolores
3326 2412 3618 2466 corporeos
3665 2412 3921 2467 perpessa

2342 2490 2607 2554 credatur,
2637 2505 2755 2546 cum
2785 2489 2961 2544 omnis
2979 2498 3289 2544 cunctorum
3340 2503 3624 2557 corporum
3653 2488 3814 2543 dolor
3835 2501 3924 2543 se-

2343 2589 2580 2635 cuturam
2608 2590 2833 2634 mortem
2865 2578 3094 2633 naturali
3123 2578 3352 2648 quodam
3398 2577 3669 2646 praecedat
3714 2576 3919 2632 officio.

2344 2668 2496 2725 Unde
2518 2671 2656 2726 sicut
2673 2678 2728 2724 et
2757 2669 2866 2739 ipsa
2895 2682 3022 2733 caro
3067 2678 3269 2735 nostra,
3322 2666 3736 2723 resurrectionis
3784 2667 3925 2722 deuo

2343 2761 2685 2831 impassibilis
2713 2759 2887 2816 futura
2941 2769 3059 2829 post
3088 2769 3313 2815 mortem
3353 2767 3472 2815 est:
3501 2760 3578 2814 sic
3624 2759 3789 2825 Deus,
3833 2757 3923 2827 qui

2341 2852 2543 2908 sentire
2565 2850 2768 2906 obltum
2797 2865 2902 2906 non
2927 2858 3124 2922 potest,
3150 2861 3400 2920 suscepto
3426 2850 3640 2920 corpori
3688 2852 3773 2907 cui
3803 2850 3920 2904 uni-

2344 2950 2428 2996 tus
2455 2940 2770 3008 adhaeserat,
2804 2941 2922 2996 sine
2947 2940 3184 3012 patiendi
3209 2939 3504 2996 acerbitate
3549 2941 3883 3010 compatiens
3905 2980 3920 3004 ,

2345 3044 2444 3084 nec
2463 3029 2635 3086 defuit
2663 3031 2715 3084 in
2761 3030 2950 3086 salutis
2977 3039 3177 3086 nostra:
3196 3031 3434 3101 glorioso
3468 3044 3659 3100 agone,
3702 3044 3800 3085 ne:
3826 3029 3924 3085 ἀο-

2347 3119 2463 3175 luit.
2491 3120 2689 3176 Contra
2713 3121 2868 3190 hujus
2901 3120 3259 3177 distinctionis
3306 3135 3526 3176 sensum
3573 3121 3796 3177 hatresis
3819 3121 3918 3176 ad-

675 3215 951 3286 Siquidem
1003 3213 1135 3269 nihil
1182 3212 1383 3269 exstitit
1429 3213 1589 3267 clara:
1640 3211 1956 3267 eruditionis
2001 3212 2056 3268 in
2104 3213 2239 3279 viro,
2268 3208 2318 3274 C
2349 3226 2500 3268 versa
2521 3226 2580 3268 se
2605 3211 2909 3283 subrigens,
2952 3213 3093 3268 veris
3149 3212 3473 3267 cruciatibus
3503 3225 3604 3268 nec
3642 3211 3917 3268 Christum

675 3308 818 3379 quod
845 3306 895 3361 iu
921 3305 1091 3374 aliqua
1142 3303 1273 3360 recti
1310 3303 1656 3360 similitudine
1701 3317 1917 3360 sensum
1967 3315 2241 3376 concepta:

675 3396 1025 3452 animositatis
1047 3401 1331 3448 astrueret.
1354 3392 1565 3448 infectis
1591 3392 1835 3462 primitus
1859 3394 2240 3450 monachorum

679 3486 872 3542 animis
901 3487 1002 3540 hoc
1027 3497 1255 3547 veneno,
1290 3495 1425 3550 quos
1479 3481 1682 3537 nefario
1709 3481 1910 3538 docens
1943 3484 2044 3539 sub
2066 3484 2244 3540 colore

676 3574 1016 3647 gubernaculi
1045 3572 1335 3642 naufragiis
1365 3572 1663 3640 exponebat
1689 3611 1708 3640 ,
1749 3572 2041 3638 numerosi,
2073 3583 2132 3628 ut
2156 3588 2245 3629 su-

677 3682 769 3735 pra
804 3665 1054 3730 diximus,
1088 3663 1368 3718 comitatus
1404 3660 1786 3718 haeresiarchas
1830 3661 2074 3728 effectus,
2104 3665 2244 3718 mul-

673 3767 847 3811 torum
879 3754 1172 3810 antistitum
1197 3752 1465 3822 iudicante
1487 3753 1732 3822 concilio,
1753 3767 1851 3809 nec
1879 3768 1984 3809 non
2014 3764 2066 3811 et
2097 3770 2246 3824 pres-

673 3846 875 3917 nyteris
902 3845 1047 3900 urbis
1084 3843 1267 3898 Roma:
1294 3843 1346 3898 in
1368 3841 1420 3898 id
1451 3841 1623 3912 ipsum
1663 3842 1904 3911 directis,
1949 3844 2241 3914 discussus,

670 3937 913 3992 detectus
942 3942 1103 4002 atque
1132 3933 1410 3986 damnatus
1441 3942 1540 3985 est.
1572 3932 1677 3988 Sed
1693 3933 1814 4003 quia
1842 3934 2048 3989 nullum
2075 3937 2246 3992 scitis-

672 4039 757 4079 ma
783 4024 860 4078 sic
887 4036 1117 4090 unquam
1138 4035 1257 4074 cum
1289 4028 1506 4074 auctore
1549 4035 1645 4075 suo
1676 4022 1848 4092 potuit
1897 4023 2159 4095 abrogari,
2189 4033 2248 4080 ut

671 4127 734 4166 cx
766 4113 971 4180 integro
1001 4109 1292 4177 depelleret
1313 4108 1600 4178 perniciem
1631 4111 1923 4180 magisterii
1949 4130 1963 4178 ;
1989 4129 2111 4169 mox
2134 4130 2248 4170 ma-

671 4201 778 4256 lum
810 4199 949 4270 quod
979 4199 1139 4268 digna
1166 4197 1475 4268 pontificum
1520 4197 1690 4254 fuerat
1717 4201 2024 4269 previsione
2065 4205 2244 4260 sucei-

669 4306 810 4354 sum,
840 4289 1084 4358 contagio
1113 4295 1478 4356 susceptorum
1520 4287 1628 4356 jam
1662 4289 1867 4358 pridem
1896 4292 2098 4348 semina
2129 4309 2244 4350 ser-

673 4395 828 4446 vans,
853 4380 998 4435 velut
1017 4378 1086 4434 ab
1137 4378 1330 4434 infecta
1373 4379 1512 4433 loliis
1557 4379 1750 4437 tellure
1795 4385 2049 4438 surrexit.
2106 4385 2242 4442 Hinc

676 4485 817 4527 nunc
845 4469 1115 4524 haereseos
1141 4475 1327 4522 contra
1352 4482 1509 4536 quam
1538 4468 1824 4539 loquimur,
1853 4472 2029 4528 audite
2049 4489 2241 4546 propo-

2343 3302 2539 3370 patitur
2565 3300 2809 3356 inclinari
2839 3318 2852 3354 :
2889 3315 3011 3358 cum
3041 3302 3097 3356 in
3138 3302 3251 3371 ipsa
3293 3301 3582 3358 Divinitate
3607 3304 3660 3357 in
3687 3318 3794 3373 qua
3836 3304 3921 3359 in-

2345 3392 2521 3447 veniri
2546 3405 2654 3447 non
2684 3398 2862 3462 potest
2881 3390 3098 3446 afflictio
3119 3392 3433 3460 corporalis,
3453 3391 3723 3448 interdum
3744 3403 3922 3450 tamen

2344 3481 2557 3550 pietatis
2583 3482 2883 3552 reperiatur
2935 3482 3167 3549 affectio,
3221 3483 3363 3538 sicut
3417 3482 3647 3554 legimus
3698 3483 3802 3539 dici
3856 3485 3923 3539 de

2343 3570 2633 3628 lsraelitis:
2669 3571 3092 3626 Exclamaveruttt
3126 3571 3194 3624 ad
3245 3571 3426 3637 Deum,
3474 3574 3562 3644 qui
3587 3574 3750 3627 doluit
3775 3589 3924 3644 super

2347 3665 2562 3720 miseriis
2586 3679 2757 3716 eorum
2782 3659 2931 3731 (Iud.
2967 3678 3021 3727 x,
3049 3661 3140 3728 i5,
3192 3660 3280 3732 16)
3312 3679 3326 3729 ;
3357 3673 3410 3718 et
3442 3664 3729 3732 Apostolus
3769 3665 3923 3733 jubet

2345 3767 2402 3812 ut
2433 3772 2538 3812 non
2578 3755 2959 3810 contristemus
2995 3751 3250 3824 Spiritum
3294 3763 3536 3810 sanctum
3570 3755 3662 3810 Dei
3701 3756 3920 3827 (Epltes.

2344 3863 2425 3914 tv,
2457 3848 2550 3914 30)
2575 3862 2588 3910 ;
2615 3854 2667 3900 et
2690 3846 2858 3914 siqua
2882 3843 2964 3900 his
2992 3845 3255 3900 sententia
3285 3844 3476 3900 similis
3501 3844 3557 3899 in
3575 3847 3746 3901 sacris
3774 3846 3924 3898 volu-

2346 3940 2579 3995 minibus
2608 3936 2896 4003 recensita,
2922 3936 3132 3992 bonitas
3153 3938 3330 4008 potius
3350 3937 3735 3992 misericordia:
3763 3954 3922 4009 quant

2347 4028 2636 4084 necessitas
2657 4035 2740 4080 est
2767 4035 2991 4080 naturae.
3014 4026 3231 4081 interim
3249 4028 3303 4081 in
3319 4028 3771 4096 consequentibus
3791 4027 3922 4084 duo-

2348 4132 2467 4174 rum
2495 4117 2791 4170 assertione
2813 4113 3000 4180 dilata,
3023 4115 3201 4171 unitas
3252 4115 3382 4170 mihi
3431 4118 3481 4171 in
3531 4117 3745 4174 Christo
3797 4120 3923 4175 sub-

2343 4204 2797 4273 stantiaaduplicis
2845 4213 3137 4259 astruetur.
3188 4205 3288 4261 Ubi
3323 4215 3450 4262 sunt
3489 4209 3632 4263 enim
3675 4220 3817 4264 tanta
3866 4212 3921 4266 in

2343 4295 2634 4366 Scripturis
2675 4294 2915 4350 caelestia
2967 4295 3221 4365 mysteria
3287 4298 3566 4366 veritatis,
3622 4316 3742 4371 quae
3786 4302 3921 4357 nihl

2344 4386 2488 4444 aliud
2519 4385 2831 4452 moliuntur,
2857 4385 2959 4438 nisi
2989 4396 3048 4439 ut
3103 4387 3257 4442 nobis
3305 4387 3728 4446 incarnationem
3759 4391 3922 4448 Verbi

2344 4493 2465 4536 cum
2498 4476 2731 4533 hominis
2757 4474 3037 4532 divinitate
3080 4477 3441 4546 persuadeant
3471 4480 3494 4534 i
3545 4477 3613 4534 In
3642 4481 3918 4556 principio,

739 4637 2046 4730 ἷβῗ¹9¹39ἷῗῖπέίξιΕῗῧὲἷθξὲίῐὶίῖιῗῗξῖΕρηέδξθτῖο
2091 4662 2229 4730 ιιιω-
2257 4652 2308 4713 ι)
2333 4651 2605 4730 comici)".
2639 4649 2802 4704 “cum
2824 4648 3056 4721 ἀθηίίιυθ
3083 4651 3138 4707 in
3167 4649 3381 4712 οδτίίιο
3402 4671 3526 4714 esse
3551 4666 3764 4730 natura.
3809 4679 3917 4721 nor

667 4713 831 4768 luisse
861 4720 1083 4766 testatur
1111 4709 1392 4764 Liberatus
1421 4711 1472 4763 in
1503 4709 1797 4775 Breviario;
1829 4714 1923 4768 sed
1955 4709 2225 4774 monaste-

668 4785 732 4836 rii
763 4795 985 4844 nomen,
1036 4793 1134 4834 nec
1164 4779 1276 4846 ipso
1317 4793 1417 4833 nec
1444 4778 1534 4832 alii
1569 4779 1815 4847 produnt.
1864 4782 1959 4839 ilic
1992 4788 2227 4844 nominis

669 4851 752 4906 sui
784 4849 1026 4905 heresim
1053 4849 1283 4918 condere
1299 4848 1530 4918 radorsus
1560 4865 1700 4903 anno
1719 4851 1910 4907 Christi
1929 4854 2054 4918 487,
2077 4855 2230 4910 dam-

669 4930 824 5004 natus
869 4925 984 5004 est,
1005 4917 1232 5004 primum
1258 4999 1273 5004 Δ
1296 4917 1348 4972 in
1391 4917 2224 5004 synodonConstantinopolitana

667 4987 924 5051 Flaviani,
954 4984 1144 5041 deinde
1171 4987 1222 5040 in
1249 4984 1571 5041 acumenica
1598 4984 2038 5048 Cltaleedonensi.

739 5055 1022 5128 beutychi
1069 5055 1255 5128 tribtit
1287 5057 1424 5125 quod
1455 5055 1699 5112 Nestorio
1745 5063 2090 5128 congruebat.
2123 5063 2226 5120 Ne-

667 5127 816 5186 storii
842 5130 986 5180 enim
1011 5140 1162 5179 error
1189 5125 1305 5191 luit,
1336 5135 1571 5180 sanctam
1609 5128 1826 5182 Mariam
1853 5125 2083 5186 egerem
2118 5149 2226 5190 non

667 5194 1116 5272 esse_di_cendam,
1145 5195 1236 5272 sed
1262 5195 1613 5272 Χριςιτοιςὸκον.
1637 5197 1768 5251 Tota
1792 5199 1950 5268 igitur
1977 5203 2222 5272 epistola,

666 5267 768 5322 etsi
799 5265 958 5336 habet
995 5264 1373 5336 quteiEutyGhi
1422 5265 1793 5336 adversentur,
1815 5264 2099 5336 praecipue
2148 5264 2224 5326 ta:

669 5351 790 5390 men
821 5335 1076 5388 adversus
1104 5335 1401 5405 Nestorium
1431 5334 1668 5399 dimicat,
1715 5341 1802 5405 qui
1831 5334 1964 5393 duas
1987 5334 2038 5394 in
2069 5340 2227 5397 Chri-

668 5415 752 5478 sto
776 5417 1030 5478 personas
1058 5403 1342 5478 statuebat,
1373 5419 1530 5478 u_uam
1565 5406 1676 5470 Dei,
1719 5403 1939 5478 alteram
1970 5411 2219 5476 hominis,

669 5471 988 5544 Mariamque
1023 5471 1208 5544 aiebat
1253 5487 1357 5525 non
1394 5473 1557 5528 Deum
1592 5475 1879 5544 peperisse,
1929 5479 2021 5534 sed
2053 5471 2223 5536 homi;

673 5559 789 5597 nem
816 5540 915 5612 qui'
931 5540 1203 5596 divinitate
1242 5551 1422 5610 postea
1467 5545 1518 5596 in
1568 5540 1829 5612 baptismo
1865 5540 1938 5602 sit
1974 5549 2221 5604 donatus.

669 5615 876 5674 Avitus,
903 5620 1109 5676 contra,
1139 5612 1348 5665 unicam
1375 5613 1529 5665 docet
1551 5613 1602 5666 itt
1624 5615 1835 5669 Christo
1857 5616 2082 5676 duplicis
2099 5622 2224 5673 sub-

669 5683 873 5735 stantia:
903 5696 1202 5749 personam,
1228 5695 1377 5748 atque
1408 5682 1496 5734 Dei
1528 5682 1712 5736 Filium
1736 5693 1790 5738 et
1811 5682 2039 5742 hominis
2063 5689 2222 5744 fuisse

670 5765 823 5816 quem
856 5751 1010 5804 Patrr
1050 5752 1163 5805 siue
1211 5763 1379 5806 matre
1424 5756 1622 5821 gcuuLt,
1669 5755 1891 5821 genitrix
1922 5759 2036 5814 sine
2069 5770 2218 5829 patre

2337 4735 2528 4792 gratia.

2410 4802 2458 4869 cr
2486 4791 2686 4869 Horum
2727 4791 2950 4869 alterum
2994 4797 3198 4846 tantum
3248 4792 3563 4869 admittebat
3607 4797 3908 4869 Nestorius,

2339 4868 2585 4914 neutrum
2636 4861 3283 4931 Eutychesyutrumque
3337 4863 3575 4920 Ecclesia
3623 4861 3910 4929 catholica:

2339 4931 2615 5009 ijestorius
2643 4929 2807 4995 enim,
2861 4939 2917 5009 ut
2945 4929 3145 5009 dictum
3189 4929 3293 5009 est,
3341 4933 3618 5009 Deiparan.
3658 4943 3912 5009 negabat,

2337 4997 2721 5066 Christiparam
2755 4999 3130 5070 conﬁtebatur,
3158 5002 3249 5054 sed
3280 4997 3531 5060 heretico
3552 4997 3915 5070 sensu.'Chri:

2338 5078 2476 5149 ξιιιιιι
2508 5083 2752 5149 asserens
2785 5069 3053 5123 hominem
3091 5073 3457 5149 tantummodo
3499 5090 3562 5129 ex
3582 5069 3753 5149 Maria
3783 5096 3910 5149 pro-

2338 5137 2520 5209 diisse.
2559 5138 2826 5209 Eutyche
2853 5153 3004 5209 vero.
3024 5153 3143 5209 cum
3166 5153 3378 5195 carnem
3403 5143 3471 5198 de
3492 5147 3632 5201 ccelo
3658 5137 3910 5208 habuisse

2331 5208 2629 5282 Christum,
2664 5207 2762 5282 nec
2788 5208 2922 5282 illi‘a
2949 5207 3490 5282 Maria‘ministratam
3513 5217 3750 5282 doceret,
3776 5207 3909 5278 nihil

2330 5291 2506 5354 eau_s:_e
2535 5277 2716 5354 habuit
2740 5293 2838 5354 cur
2868 5277 2962 5332 Dei
2993 5287 3082 5330 aut
3109 5276 3306 5354 Christi
3334 5291 3558 5336 matrem
3589 5276 3904 5354 appellaret.

2328 5349 2398 5400 At
2415 5347 2545 5420 ﬁdes
2563 5347 2854 5401 orthodoxa
2873 5360 3155 5420 utrumque
3169 5347 3691 5420 sicamplectitur,ut
3707 5368 3909 5414 utrum-

2328 5431 2431 5483 que
2445 5417 2510 5487 in
2545 5426 2767 5483 utroque
2796 5417 2954 5471 tacite
2983 5418 3315 5487 proﬁteatur.
3347 5417 3496 5476 'Nam
3524 5417 3645 5479 cum
3675 5429 3725 5478 in
3750 5427 3906 5482 Citri-

2327 5495 2419 5557 sto,
2443 5485 2604 5540 Deum
2637 5487 2704 5557 ab
2760 5485 3112 5541 ltominenon
3139 5487 3378 5557 divellat,
3427 5507 3526 5547 nec
3556 5493 3826 5552 hominem
3853 5502 3902 5554 in

2331 5555 2554 5636 Deipara
2587 5556 2840 5621 excludit,
2890 5572 2988 5610 nec
3019 5557 3182 5636 Deum
3210 5560 3259 5612 itt
3289 5555 3616 5636 Ch'ristipara
3641 5579 3904 5636 :propter

2325 5625 2646 5700 singularem
2683 5625 3232 5700 personazunitatem,
3263 5645 3365 5700 qua
3395 5625 3626 5688 Veritum
3658 5625 3711 5690 in
3741 5625 3902 5697 carne

2324 5709 2470 5819 iano,
2507 5695 2665 5774 homo
2688 5695 2737 5751 in
2770 5695 2880 5752 Deo
2912 5696 3052 5752 Deus
3093 5709 3193 5766 est,
3243 5695 3302 5755 ut
3331 5702 3562 5770 loquitur
3591 5695 3901 5765 Vincentius

2371 5779 2636 5818 lrlttt‘nSIs.

2371 5779 2636 5818 ιιιιιιιηειε.
