4154 6466
1746 464 2074 523 EPISTULA
2119 470 2179 524 ll.

330 560 517 630 inquit,
550 571 657 616 erat
689 562 932 629 Verbum,
966 576 1011 621 ελ
1047 564 1265 621 Verbum
1291 578 1400 623 erat
1453 572 1592 639 apud
1640 570 1826 641 Deum,
1872 587 1917 629 et
1950 583 1995 639 Α
2026 581 2167 650 quod
2194 568 2260 638 de
2290 586 2379 641 tali
2408 588 2711 647 ministerio
2739 607 2881 652 esset
2912 600 3194 659 dicendum
3228 625 3241 660 :
3277 611 3419 676 quod
3471 632 3613 672 nunc

336 650 465 676 n--.-
497 664 597 676 Α--.
635 652 857 676 ῐῙ-..Ι.-.-μ
893 653 1045 676 ΙΙΑμμ
1096 673 1112 676 -
1173 658 1216 676 a\
1281 659 1375 676 13,,
1625 666 1633 673 -
1868 670 1876 676 .
1906 669 1916 676 .
2251 674 2260 676 -

329 650 465 705 Deus
489 664 597 705 erat
635 652 859 709 Verbum
891 653 1069 727 (Joan.
1096 673 1133 721 ι,
1170 658 1241 730 1).
1279 659 1417 716 Ecce
1446 666 1760 732 agnovimus
1790 669 1916 735 quid

320 753 438 796 erat
460 743 600 810 quod
632 758 739 799 non
767 756 1001 814 emptum
1029 756 1148 813 est;
1178 765 1319 806 nunc
1373 753 1686 810 studeamus
1732 758 1919 814 videre

318 833 445 902 quid
477 844 710 903 emptum
739 846 900 905 atque
920 849 1161 895 secutum
1201 843 1289 897 sit.
1344 842 1412 895 Et
1435 843 1681 912 Verbum,
1724 850 1915 921 inquit,

317 940 437 977 caro
451 926 645 994 factum
661 939 751 981 est.
768 928 919 995 Quod
934 931 1073 986 Deus
1089 932 1141 986 iu
1159 934 1420 1004 principio
1440 945 1594 991 erata
1602 940 1705 1008 puJ
1724 940 1888 995 Deum
1901 969 1914 991 ι

319 1025 370 1071 et
398 1015 548 1071 initio
570 1028 717 1075 caret
738 1030 792 1075 et
822 1024 1078 1087 termino;
1110 1024 1249 1092 quod
1281 1024 1512 1082 Verbum
1542 1043 1709 1086 carne
1745 1034 1916 1087 vesti-

317 1114 424 1172 tur,
448 1117 596 1163 caret
626 1108 751 1175 line,
783 1111 880 1165 sed
909 1120 1119 1167 constat
1145 1128 1173 1166 a
1192 1116 1387 1184 capite.
1435 1116 1592 1173 Adsit
1622 1135 1767 1175 nunc
1793 1136 1911 1177 ser-

314 1198 459 1251 moni
492 1207 678 1253 nostro
711 1200 1020 1258 Emmanuel
1054 1202 1145 1259 ille
1173 1206 1345 1273 prisca
1394 1210 1731 1279 prophetalis
1776 1227 1902 1267 ora-

309 1286 417 1343 culi
449 1304 578 1345 voce
604 1290 910 1359 praedictus,
941 1292 1029 1363 qui
1058 1303 1115 1348 at
1141 1295 1429 1352 Nobiscum
1463 1299 1604 1355 Deus
1633 1310 1805 1365 esset,
1830 1304 1905 1358 si-

308 1386 401 1433 cut
427 1379 559 1435 dixit
588 1382 768 1438 Esaias
792 1398 805 1433 :
840 1381 978 1437 Puer
1008 1395 1158 1440 natus
1188 1397 1232 1439 et
1280 1389 1434 1442 datus
1462 1398 1537 1444 est
1564 1391 1705 1445 nobis
1734 1392 1907 1447 Filius

311 1468 409 1525 Dei
441 1470 595 1543 (Isai.
624 1488 673 1527 tx
694 1513 709 1539 ,
741 1474 823 1544 6).
872 1472 1144 1531 Incassum
1179 1479 1534 1548 corporalitas
1576 1496 1607 1536 a
1655 1482 1907 1539 divinita-

317 1559 386 1615 tis
416 1561 669 1616 dividitur
696 1573 1069 1631 sacramento,
1100 1566 1144 1621 si
1187 1569 1450 1625 veraciter
1494 1571 1755 1641 propheta
1806 1574 1899 1629 Dei

319 1651 513 1706 Filium
561 1654 885 1722 processisse
935 1654 1218 1710 confirmat
1266 1660 1317 1712 in
1363 1675 1552 1727 puero.
1588 1661 1655 1715 Et
1694 1664 1899 1718 vocabi-

307 1750 413 1811 tur,
444 1744 637 1814 inquit,
662 1760 794 1815 puer
826 1748 941 1816 ipse
968 1747 1309 1817 admirabilis,
1360 1752 1706 1821 consiliarius,
1760 1754 1898 1810 Deus

305 1835 475 1905 furtis,
509 1846 656 1905 pater
703 1837 866 1906 futuri
892 1838 1091 1902 swculi,
1134 1841 1369 1910 princeps
1415 1844 1579 1911 pacis.
1628 1844 1896 1911 Quantum

2029 674 2371 737 separatione
2397 691 2638 735 connexa
2670 684 2916 755 inttlligit
2960 692 3274 760 Apostolus,
3297 674 3385 752 ac
3425 701 3611 759 delmit

2022 762 2165 828 quod
2185 764 2249 817 ad
2273 765 2698 839 redemptionem
2719 786 2955 833 nostram
2977 782 3116 840 Deus
3132 797 3279 843 esset
3297 791 3349 844 in
3367 792 3606 852 Christo.

2022 850 2129 907 Se'd
2156 856 2382 913 callidus
2409 859 2632 919 forsitan
2664 870 3026 929 contradictor
3076 879 3154 932 sic
3179 885 3460 949 apostolici
3489 902 3604 940 ser‘

2021 948 2193 1002 monis
2240 949 2401 1020 hujus
2443 957 2751 1014 testimonio
2785 963 2911 1017 velit
2971 966 3145 1031 abuti,
3190 948 3249 1026 ut
3296 978 3608 1045 acquiescat

2020 1034 2187 1092 Deum
2209 1052 2331 1096 esse
2358 1042 2409 1097 in
2437 1043 2676 1115 Christo,
2705 1053 2801 1107 sed
2831 1057 3021 1124 gratia,
3048 1075 3155 1115 non
3201 1075 3386 1121 natura
3417 1086 3428 1120 :
3468 1073 3608 1127 sicut

2015 1134 2098 1180 est
2126 1128 2178 1181 in
2223 1132 2389 1188 corde
2434 1148 2766 1209 sanctorum,
2802 1160 3028 1213 quorum
3062 1163 3271 1209 mentes
3318 1172 3347 1228 ξ
3381 1175 3605 1228 peccato

2015 1215 2212 1275 liberas
2243 1221 2502 1281 habitatio
2534 1229 2838 1291 Divinitatis
2862 1238 3113 1298 illustrat.
3144 1215 3434 1305 Videamus
3462 1271 3604 1311 nunc

2014 1321 2265 1374 pareatne
2327 1328 2727 1387 commentum,
2795 1327 2841 1381 si
2914 1336 3184 1389 sententia
3238 1340 3595 1409 compleatur.

2015 1395 2167 1464 Deus,
2221 1403 2409 1473 inquit,
2460 1420 2571 1463 erat
2610 1412 2661 1465 in
2708 1413 2908 1472 Christo
2960 1425 3212 1480 mundum
3260 1435 3600 1491 reconcilians

2008 1489 2103 1541 sibi
2128 1489 2359 1571 (IlCor.
2392 1511 2446 1564 v,
2483 1500 2594 1571 l9).
2632 1504 2807 1576 Eligat
2842 1510 2924 1565 hic
2956 1513 3145 1570 doctor
3172 1520 3450 1591 adversus,
3475 1489 3597 1597 quis

2007 1582 2264 1637 mundum
2300 1586 2438 1641 inter
2462 1589 2575 1657 ipso
2625 1610 2760 1662 pene
2786 1600 2869 1654 sui
2899 1606 3104 1659 exordii
3138 1611 3458 1679 rudimenta,
3505 1620 3597 1674 beo

2006 1669 2320 1736 nignissimo
2341 1674 2583 1735 Creatori
2608 1698 2828 1755 peccato
2859 1693 3015 1760 primi
3044 1702 3279 1764 parentis
3305 1704 3595 1775 offensum,

2001 1760 2216 1817 sibimet
2262 1766 2362 1834 ipsi
2411 1770 2465 1825 in
2504 1776 2822 1833 szrculorum
2877 1783 2981 1838 line
3027 1788 3300 1845 conciliet.
3333 1793 3387 1848 Si
3442 1800 3593 1853 solus

2003 1852 2169 1920 Deus,
2201 1853 2327 1925 quid
2358 1873 2579 1918 excuset
2610 1865 2827 1924 sibimet
2856 1874 2997 1942 quod
3026 1877 3225 1934 sufficit
3270 1885 3589 1943 remisisse?

306 1924 541 1993 pertinet
571 1925 635 1979 ad
668 1926 914 1981 vocabuli
976 1928 1376 1996 proprietatem,
1425 1931 1625 1988 snflicit
1681 1934 1894 1991 Emma-
1924 1941 1970 2001 Β
2000 1944 2043 1997 si
2089 1924 2265 2003 autem
2296 1950 2443 2007 solus
2489 1954 2671 2023 homo,
2723 1975 2830 2031 quo
2858 1964 3050 2022 ellcctu
3078 1969 3181 2025 sibi
3210 1978 3452 2032 mortalis
3504 1996 3591 2036 re-

306 2013 425 2036 ΜΔ.
462 2029 678 2036 _______
712 2019 1005 2036 “una”,
1067 2017 1119 2036 ..
1146 2034 1175 2036 __
1305 2034 1350 2036 μ
1452 2023 1485 2036 ..
1563 2032 1572 2036 -
1761 2026 1802 2036 ι.

302 2013 427 2068 nuel
461 2029 681 2082 puerum
712 2019 1030 2087 nuncupari.
1053 2017 1123 2072 At
1145 2034 1271 2073 vero
1292 2034 1415 2075 cum
1435 2023 1597 2087 dicat,
1630 2026 1890 2082 iocabitur

298 2104 640 2172 admirabilis,
671 2108 1017 2173 consiliarius,
1055 2108 1192 2165 Deus
1228 2112 1396 2182 fortis,
1428 2112 1515 2168 vel
1545 2125 1741 2171 caetera
1771 2133 1889 2186 qua:

297 2209 618 2268 sequuntur,
653 2217 793 2271 qum,
826 2218 978 2272 rogo,
1009 2212 1088 2257 ιιοι
1119 2205 1502 2261 vocabulorum
1532 2210 1670 2263 ratio
1733 2226 1888 2279 repe-

296 2289 576 2357 ritur,nisi
606 2299 664 2346 ut
688 2290 1040 2362 agnoscamus
1088 2294 1379 2351 veridicum
1423 2304 1621 2363 vatem,
1676 2301 1728 2354 in
1783 2316 1886 2357 una

294 2378 592 2449 eademque
661 2396 889 2451 persona
954 2398 1074 2451 qua:
1138 2383 1409 2440 divinitati
1461 2386 1886 2459 humanitatique

292 2476 661 2537 competerent
686 2470 1099 2540 exprimentem,
1133 2486 1200 2528 ex
1227 2474 1484 2544 operibus
1507 2480 1772 2533 secuturis
1793 2480 1887 2535 be-

291 2554 479 2611 neficia
514 2557 824 2615 Mcdiatoris
846 2562 1024 2630 potius
1051 2576 1403 2621 enumerasse
1430 2580 1589 2634 quam
1622 2569 1882 2624 nomina?

285 2645 486 2716 Cogam
518 2656 693 2703 tamen
724 2648 814 2705 hic
864 2651 1177 2708 hereticum
1225 2655 1577 2723 respondere,
1614 2657 1732 2725 quis
1783 2674 1879 2716 vo-

287 2736 489 2793 candus
511 2739 675 2807 passit
697 2740 924 2813 intelligi
952 2740 1091 2799 Deus
1114 2744 1284 2815 fortis,
1318 2756 1467 2815 pater
1489 2748 1659 2818 futuri
1675 2750 1873 2818 seaculi,

284 2828 516 2899 princeps
546 2831 711 2898 pacis.
754 2830 810 2887 Si
834 2831 1001 2888 Filius
1024 2833 1116 2890 Dei
1142 2843 1266 2891 ante
1286 2838 1481 2892 sacula
1502 2853 1749 2903 manens,
1780 2856 1879 2897 cur

281 2916 455 2972 adhuc
477 2918 531 2973 in
559 2918 738 2975 futuro
753 2923 830 2976 sic
853 2922 1130 2978 vocabitur
1151 2926 1240 2995 qui
1256 2939 1473 2996 semper
1503 2929 1605 2984 hoc
1634 2932 1875 2986 exstitit?

279 3004 332 3062 Si
356 3006 497 3065 illius
515 3009 743 3066 hominis
756 3012 846 3082 qui
867 3023 1142 3080 nascetur,
1161 3025 1342 3071 servat
1359 3018 1677 3087 copulandas
1691 3021 1872 3077 diver-

276 3098 780 3171 sitatismysterium
820 3111 1123 3172 temporum
1167 3106 1465 3175 plenitudo.
1520 3108 1691 3176 Quam
1746 3126 1869 3168 cum

277 3192 863 3266 utiqueconsequenter
891 3197 1179 3265 Apostolus
1206 3200 1528 3271 replicaret:
1564 3202 1862 3275 Postquam,

275 3280 546 3350 inquiens,
574 3292 746 3338 autem
772 3285 906 3338 venit
932 3284 1201 3358 plenitudo
1242 3293 1503 3361 teniporis,
1551 3294 1689 3348 misit
1732 3294 1869 3353 Deus
1894 3291 1941 3355 C

273 3370 472 3426 Filium
495 3390 667 3441 suum,
696 3376 714 3407 ⁸
740 3384 917 3430 uatum
969 3393 1033 3433 ea;
1083 3380 1299 3438 muliere
1321 3381 1467 3451 (Gal.
1492 3400 1566 3453 tv,
1594 3386 1675 3457 4).
1708 3389 1863 3456 Quod

272 3471 447 3516 mater
476 3462 704 3532 peperit,
738 3464 896 3521 Pater
923 3467 1069 3522 misit
1102 3484 1117 3523 :
1169 3470 1272 3525 hoc
1327 3480 1432 3539 est,
1488 3476 1637 3531 nasci
1665 3491 1862 3548 corpo-

269 3563 420 3604 reum
448 3589 465 3615 ,
514 3552 655 3617 quod
704 3554 888 3610 venire
932 3555 1191 3614 divinum.
1254 3560 1436 3616 Noluit
1502 3563 1644 3622 Deus
1692 3568 1861 3626 latere

268 3653 426 3709 quem
448 3639 681 3697 destinat
713 3660 726 3696 :
755 3646 932 3715 capiat
956 3650 1189 3705 mundus
1210 3650 1465 3709 dominici
1490 3656 1756 3715 adventus
1776 3662 1859 3717 in-

266 3730 427 3784 dicis.
452 3729 619 3797 Quem
651 3732 808 3789 Pater
826 3736 942 3791 sine
990 3748 1159 3793 matre
1205 3746 1409 3810 genuit,
1460 3745 1690 3815 genitrix
1736 3751 1857 3808 sine

265 3827 419 3887 patre
480 3823 778 3891 concepit,
832 3824 919 3881 hic
958 3841 1110 3898 seque
1161 3830 1255 3886 Dei
1308 3832 1451 3889 illius
1512 3846 1569 3893 et
1621 3837 1853 3898 hominis

262 3910 388 3966 erit.
431 3911 604 3981 Super
646 3926 984 3973 sacramento
1032 3930 1210 3978 tamen
1263 3923 1369 3980 isto
1410 3926 1718 3987 Gabrielem
1765 3948 1852 3989 ar-

260 4000 582 4073 changelum
632 4008 977 4065 consulamus
1008 4027 1024 4065 :
1058 4014 1351 4084 principem
1396 4019 1647 4078 videlicet
1685 4025 1847 4080 mini-

259 4100 521 4160 strorum,
577 4094 664 4151 cui
716 4097 1007 4158 ineffabilia
1054 4108 1356 4175 perspicua:
1407 4113 1705 4182 maiestatis
1754 4132 1844 4173 ar-

256 4196 423 4251 cana,
460 4192 519 4239 ut
560 4196 685 4255 pote
711 4190 798 4259 qui
830 4190 1115 4249 indefessa:
1145 4196 1514 4258 obsecutionis
1542 4204 1844 4266 ministerio

255 4277 635 4346 conspectlbns
667 4290 941 4351 perpetuac
965 4285 1225 4343 claritatis
1251 4292 1490 4362 assistat,
1523 4310 1631 4352 non
1675 4299 1838 4356 intol-

252 4360 461 4433 ligendi
495 4369 887 4440 tantummodo,
933 4375 1027 4428 sed
1067 4360 1483 4450 contemplanda
1526 4396 1838 4445 monstran-

255 4463 361 4512 tur.
392 4457 489 4514 iiic
537 4460 737 4532 quippe
775 4464 982 4535 primus
1017 4466 1339 4538 legationem
1369 4476 1629 4534 castorum
1675 4483 1834 4539 terris

248 4546 460 4613 attulit;
505 4547 594 4605 hic
620 4551 786 4607 verbo
824 4555 1085 4643 virginem
1118 4559 1453 4619 lecundatam
1491 4566 1658 4625 divini
1709 4586 1831 4643 ger-

252 4636 414 4693 minis
444 4642 801 4717 promissione
823 4638 1058 4716 dotavit;
1096 4650 1186 4707 hic
1212 4654 1371 4711 unius
1413 4659 1659 4718 mulieris
1688 4665 1831 4720 salu-
1859 4652 1911 4712 Ῐ)

249 4726 449 4785 tatione
472 4744 689 4789 omnem
724 4737 979 4793 mundum
1008 4741 1183 4798 salute
1211 4746 1523 4815 complevit.
1571 4740 1825 4823 Spiritus,

247 4816 440 4885 inquit,
483 4834 691 4879 εακαυ
715 4830 1027 4897 superveniet
1075 4832 1129 4885 in
1169 4845 1238 4895 te.
1285 4846 1336 4890 et
1374 4840 1534 4895 uirtus
1575 4816 1829 4904 Altissimi

243 4907 555 4965 obumbrabit
581 4914 709 4979 tibi;
750 4915 965 4989 ideoque
993 4930 1041 4975 et
1078 4924 1219 4993 quod
1260 4939 1499 4984 nascetur
1536 4948 1601 4988 ea:
1626 4944 1675 4991 te
1704 4953 1826 4993 san-

240 5006 393 5067 etum,
450 5004 711 5059 vocabitur
742 5005 911 5063 Filius
950 5009 1046 5066 Dei
1065 5011 1218 5082 (Luc.
1253 5032 1292 5082 t,
1350 5019 1466 5091 55).
1496 5021 1629 5081 Cum
1686 5030 1823 5086 ratio

236 5087 380 5143 nulla
426 5092 661 5161 reperiat
687 5106 744 5152 ut
799 5098 949 5155 solus
1001 5101 1163 5158 homo
1189 5087 1446 5165 credatur
1489 5113 1557 5169 de
1609 5117 1816 5188 Spiritu

233 5190 421 5240 sancto
447 5186 741 5256 conceptus
762 5231 777 5255 ,
806 5206 928 5248 cum
977 5207 1194 5253 omnem
1226 5203 1497 5261 hominem
1530 5186 1814 5271 Psalmista

232 5271 283 5325 in
338 5271 616 5343 iniquitate
654 5281 886 5350 concipi,
936 5293 992 5339 et
1041 5286 1093 5340 in
1141 5299 1362 5353 peccato
1402 5308 1613 5355 asserat
1664 5307 1811 5361 nasci

228 5359 405 5431 (Psal.
427 5380 482 5429 ι,
504 5367 598 5435 6);
628 5371 930 5427 ostenditur
950 5374 1036 5430 hic
1060 5393 1157 5447 per
1180 5383 1451 5451 angelum,
1484 5390 1554 5444 ob
1576 5359 1810 5461 Spiritus

226 5452 394 5507 sancti
419 5452 668 5511 virtutem
712 5457 929 5515 femina:
960 5468 1217 5525 membris
1261 5472 1523 5545 infusam,
1555 5452 1801 5543 sanctum

293 5604 309 5635 ι
357 5602 529 5672 Vulg.,
576 5605 771 5702 foetum
801 5626 821 5664 :
851 5619 935 5668 cui
980 5620 1216 5702 poncinit
1246 5622 1649 5702 (ἓνοΔγινόμςνον.
1699 5637 1797 5694 ilic

222 5683 393 5761 tamen
423 5676 764 5761 vara_fertur
782 5686 1165 5761 exemplarium
1199 5676 1307 5748 tum
1326 5676 1643 5757 CELER}.
1674 5676 1783 5761 diu;

222 5743 522 5835 Latinorqu
577 5746 753 5835 leo-tio.
817 5743 1274 5835 Queinadtiiodiim
1324 5743 1551 5835 Avitus,
1609 5788 1785 5831 mttunt

221 5830 419 5875 imoque
446 5816 624 5883 legunt
649 5816 877 5876 [renuens
907 5827 994 5881 lib.
1026 5844 1098 5893 Ill,
1132 5846 1249 5901 cap.
1292 5816 1784 5909 lict

1996 2039 2248 2094 conciliat
2277 2044 2422 2113 quod
2454 2046 2717 2105 Divinitas
2748 2070 2855 2110 non
2900 2058 3141 2115 relaxat?
3170 2063 3316 2121 Unus
3351 2080 3431 2123 est
3458 2088 3587 2143 ergo

1993 2125 2133 2183 Deus
2173 2139 2227 2184 et
2259 2134 2441 2201 homo,
2468 2140 2559 2207 qui
2610 2142 2709 2197 sibi
2750 2148 3006 2203 mundum
3038 2151 3153 2221 ipse
3192 2162 3531 2219 commendet
3567 2184 3582 2220 :

1988 2222 2078 2287 qui
2128 2237 2224 2290 pro
2269 2230 2451 2284 saeculi
2494 2234 2603 2287 vita
2632 2235 2731 2290 sibi
2768 2244 2935 2306 patris
2980 2244 3089 2299 filio
3132 2251 3398 2318 supplicet
3444 2256 3584 2311 ﬁlius

1988 2314 2194 2370 matris.
2242 2315 2399 2376 Unde
2445 2338 2551 2378 non
2580 2325 2715 2382 dixit
2744 2330 3064 2403 Apostolus,
3100 2314 3355 2398 mundum
3387 2360 3581 2403 recon—

1985 2401 2175 2457 cilians
2208 2407 2337 2475 Deo,
2374 2414 2469 2467 sed
2496 2416 2597 2470 sibi
2631 2433 2645 2471 :
2674 2434 2741 2475 ne
2772 2422 2909 2480 forte
2934 2444 3029 2494 pro
3051 2401 3445 2503 redemptione
3480 2442 3579 2497 liu-

1986 2493 2131 2549 mani
2160 2500 2372 2565 generis
2413 2503 2584 2560 silum
2619 2508 2892 2569 hominem
2937 2530 3123 2575 orasse
3176 2527 3453 2584 sentires:
3487 2537 3577 2603 qui

1984 2586 2168 2655 utique
2192 2591 2294 2646 nisi
2313 2592 2368 2648 in
2390 2595 2688 2657 divinitatis
2706 2613 2950 2661 naturam
2973 2614 3226 2670 transiret
3240 2632 3419 2674 assum
3429 2586 3574 2693 ptds,

1984 2688 2089 2730 non
2114 2681 2288 2735 solum
2312 2683 2709 2747 obnoxictatem
2734 2694 2955 2753 humani
2987 2705 3200 2772 generis
3223 2709 3369 2765 nulla
3408 2713 3575 2771 inter-

1979 2769 2227 2827 cessione
2270 2774 2616 2850 dissolveret,
2658 2786 2754 2841 sed
2801 2797 2856 2843 et
2910 2769 3024 2863 ipse
3076 2803 3377 2857 communis
3407 2805 3571 2864 debiti

1978 2863 2243 2918 sarcinam
2270 2871 2528 2934 parentali
2558 2873 2917 2948 chirographo
2963 2885 3274 2947 sustineret.
3308 2893 3419 2951 lioc
3441 2912 3571 2970 ergo

1976 2952 2276 3008 remedium
2325 2956 2465 3015 idem
2492 2961 2781 3032 Apostolus
2809 2972 2942 3029 dicit
2974 2976 3119 3046 (Gut.
3151 2986 3230 3049 tu,
3263 2984 3352 3056 i9)
3384 2952 3567 3059 disp;

1975 3037 2138 3094 situm
2166 3057 2287 3100 esse
2312 3062 2408 3116 per
2434 3054 2655 3122 angelos
2678 3058 2733 3114 in
2762 3076 2923 3119 manu
2945 3037 3273 3129 llediatoris.
3298 3037 3365 3131 Εἰ
3384 3037 3568 3137 05:2..-

1974 3126 2110 3185 deus
2134 3149 2351 3192 causam
2383 3156 2487 3209 qua
2510 3147 2745 3204 medium
2770 3164 2830 3209 sc
2854 3157 3139 3229 praeberet,
3165 3126 3564 3239 assumptusvab

1973 3219 2191 3291 inlimis,
2228 3227 2511 3287 inclinatus
2538 3251 2567 3291 a
2598 3241 2824 3298 summis
2843 3219 3164 3317 :VMediator,
3186 3219 3379 3328 inquit:
3409 3263 3562 3320 unius

1971 3324 2173 3369 nonest
2200 3331 2221 3372 :
2250 3316 2388 3375 Deus
2413 3333 2583 3381 autem
2622 3345 2756 3385 uitus
2794 3346 2870 3389 est
2895 3335 3086 3409 (Ibid,
3129 3316 3407 3416 20).-Qu:.e

1969 3402 2040 3458 ita
2065 3406 2193 3473 sint,
2215 3410 2351 3467 sicut
2382 3414 2481 3469 nisi
2515 3418 2656 3474 inter
2685 3422 2821 3479 duos
2851 3402 2996 3497 agat,
3026 3402 3323 3507 incongrue
3346 3444 3554 3499 media-

1967 3496 2042 3551 tio
2070 3500 2411 3560 nominatur:
2443 3507 2517 3563 ita
2558 3510 2672 3579 ipse
2709 3531 2867 3584 quem
2900 3496 3260 3585 mediatore'm
3303 3533 3548 3600 dicimus.

1962 3584 2009 3640 si
2027 3588 2197 3644 solam
2228 3608 2389 3663 quam
2407 3599 2538 3654 velis
2562 3616 2626 3656 ex
2649 3604 2857 3662 duabus
2884 3612 3239 3675 substantiam
3265 3626 3548 3697 reciperet,

1959 3677 2027 3733 ad
2086 3681 2420 3742 subeundum
2472 3691 2708 3749 medium
2762 3699 2897 3755 nihil
2949 3702 3192 3764 haberet.
3240 3677 3393 3781 Quid
3419 3677 3550 3774 11;};

1957 3768 2196 3839 quidem,
2224 3786 2277 3830 et
2320 3778 2410 3833 tali
2437 3783 2526 3850 qui
2557 3786 2698 3840 nulla
2724 3790 3015 3853 calliditate
3036 3768 3284 3870 fucetur:
3298 3820 3549 3869 sermone

1954 3861 2229 3919 concludit
2265 3866 2452 3926 dicens
2477 3890 2491 3924 :
2522 3872 2645 3944 Ipse
2680 3887 2753 3932 est
2781 3884 2914 3937 enim
2942 3904 3047 3957 pax
3072 3861 3266 3963 nostra,
3310 3899 3398 3966 qui
3424 3904 3547 3970 fecit

1952 3958 2170 4023 utraque
2197 3972 2351 4012 unum
2382 3960 2601 4033 (Ephes.
2635 3981 2693 4037 tt,
2727 3971 2836 4041 id).
2868 3974 2987 4044 Ipse
3030 3958 3281 4041 videlicet
3308 3958 3404 4057 pax
3424 3958 3543 4047 Ibu-

1952 4042 2155 4097 milium
2178 4054 2339 4116 atque
2365 4051 2655 4121 celsorum,
2677 4074 2812 4115 unus
2839 4042 3013 4123 factus
3033 4084 3097 4125 ex
3122 4082 3351 4145 utroque
3374 4096 3538 4139 unum

1950 4132 2182 4190 reddidit
2225 4151 2290 4194 ex
2338 4143 2595 4214 utrisque.
2631 4148 2790 4207 Certe
2838 4154 2978 4212 sicut
3022 4172 3183 4231 supra
3235 4132 3533 4243 posuimus,

1946 4232 2041 4277 aut
2083 4229 2424 4297 expositione
2449 4237 2837 4309 testimonium,
2871 4256 2964 4303 aut
3006 4229 3321 4323 argumento
3373 4229 3536 4333 egere

1945 4314 2159 4372 videtur
2204 4324 2535 4394 exemplum.
2567 4329 2705 4398 Quid
2755 4337 2839 4393 vel
2870 4339 2964 4397 illo
2988 4314 3232 4414 Apostoli
3280 4314 3535 4417 seruiet-ie

1944 4402 2192 4474 lucidius,
2238 4427 2345 4481 quo
2385 4428 2508 4472 cum
2547 4418 2779 4480 diversis
2831 4402 3109 4491 hominum
3147 4402 3532 4510 generibus-se

1937 4507 2224 4566 coeptans,
2256 4505 2508 4562 omnibus
2527 4513 2706 4567 omnia
2737 4529 2795 4572 se
2826 4516 3025 4578 factum
3047 4505 3295 4597 referret,
3318 4543 3379 4589 ut
3401 4505 3523 4592 om;

1938 4587 2083 4642 nium
2106 4591 2313 4649 animas
2338 4596 2658 4658 talentorum
2693 4608 2994 4670 cmicstium
3030 4619 3259 4689 cupidus
3283 4587 3529 4698 duplica-

1939 4686 2022 4731 tur
2046 4681 2349 4752 acquireret
2379 4704 2394 4742 :
2428 4687 2623 4748 Factus
2642 4711 2779 4763 sum,
2810 4700 2967 4771 dixit,
3012 4681 3230 4781 his-qui
3272 4681 3529 4795 sine‘lepe

1934 4780 2079 4821 erant
2107 4772 2253 4839 quasi
2271 4776 2383 4829 sine
2410 4779 2516 4848 lege
2543 4796 2723 4850 essem,
2751 4804 2866 4844 eum
2891 4794 3001 4848 sine
3019 4797 3131 4867 tege
3155 4800 3253 4857 Dei
3276 4821 3379 4859 non
3401 4772 3521 4877 εἱιῖιι

1938 4873 1953 4877 -
1975 4857 2021 4877 μ)
2054 4859 2069 4877 3
2090 4876 2097 4877 κ
2146 4860 2160 4877 Ι
2306 4866 2319 4877 ⁸
2420 4868 2476 4877 ’⁵⁸
2524 4874 2534 4877 ⁸
2592 4875 2602 4877 “
2642 4874 2688 4877 ⁴“
2732 4876 2751 4877 7

1931 4857 2021 4911 sed
2050 4859 2103 4914 in
2140 4860 2252 4937 lege
2272 4866 2371 4920 sint
2410 4868 2603 4927 Christi
2630 4874 2689 4943 (Ι
2716 4876 2837 4933 Cor.
2871 4897 2951 4952 tx,
2977 4857 3113 4960 21).?
3140 4857 3524 4965 Nunquidﬂes;

1929 4948 2211 5021 quisquam
2246 4964 2352 5011 tam
2384 4960 2437 5015 in
2461 4966 2723 5031 profunda
2768 4948 3069 5044 demersus,
3100 4981 3191 5050 qui
3217 4948 3519 5046 kind—cci;

1928 5046 2051 5094 seat
2071 5042 2488 5118 explanandum,
2510 5053 2559 5109 si
2580 5055 2633 5110 in
2662 5058 2779 5129 lege
2802 5060 3003 5122 Christi
3039 5042 3132 5125 est
3149 5072 3273 5132 sine
3294 5042 3412 5149 lege

1926 5131 2090 5187 vina?
2124 5132 2283 5194 Pater
2312 5156 2506 5214 nempe
2552 5149 2698 5217 quod
2730 5167 2869 5209 unus
2914 5166 2999 5214 est
3039 5160 3179 5219 lator
3217 5131 3517 5243 legisﬁvq—ui

1924 5236 2065 5278 unus
2108 5226 2383 5299 idemque,
2423 5244 2483 5289 ut
2529 5238 2797 5309 signiﬁcat
2842 5248 3082 5315 psalmus
3131 5226 3377 5329 (ιιιῖηῇ

1921 5316 2192 5380 praeterita
2264 5320 2549 5397 futuraque
2595 5333 2964 5403 complectens
2987 5380 3003 5407 ,
3076 5316 3509 5410 benedictionem

1917 5400 2065 5457 dabit
2111 5406 2164 5461 in
2209 5409 2497 5503 baptismo,
2524 5419 2617 5488 qui
2644 5400 2815 5494 legem
2862 5400 3088 5490 dederat

1913 5491 2150 5553 Olfendit
2185 5497 2402 5572 quidem
2449 5520 2661 5569 mentes
2701 5491 3023 5580 carnalitate

1906 5642 2436 5750 “adn-Opino:
2451 5659 2844 5750 ‘ljeq‘t‘tenaliter
2886 5674 3228 5744 Augustinus.
3256 5714 3326 5725 —
3350 5688 3503 5750 Nota:

1895 5729 2122 5816 numero
2146 5728 2531 5816 'p'rtesignataa.
2560 5728 2835 5816 'Gallandii
2890 5728 3083 5813 sntit“;—
3124 5728 3501 5816 cmtermHSi:

1895 5790 2413 5884 moudodcbcntur,
2446 5802 2601 5873 cujus
2628 5790 2920 5869 eduilinetn
2954 5790 3498 5884 Callatidhiuus‘e'xsoii-

1894 5852 1993 5907 bii.
2034 5859 2182 5913 ΕΜΓ.
