4154 6426
631 415 732 469 207

1867 404 1928 463 S.
1970 401 2152 462 Ανιτι
2189 400 2595 460 VlENNENSiS

3784 404 3884 460 2M

628 531 954 602 coniecturis
997 529 1237 584 humanm
1258 520 1658 582 consuetudinis
1691 519 1989 584 hebetatas,
2035 523 2199 574 tanta
2225 523 2277 581 Α
2301 515 2428 572 dum
2449 515 2654 586 jactus;
2685 514 2780 573 sed
2821 524 2975 587 putes
3004 525 3061 574 et
3088 515 3220 573 istos
3251 523 3495 588 tempore
3539 529 3641 574 suo
3669 516 3879 574 veritati

628 620 995 694 disparilitatis
1023 620 1075 675 in
1099 620 1259 674 unum
1276 619 1483 670 coacta.
1528 609 1828 683 proprietas
1861 626 1873 662 :
1907 617 1964 664 ut
1989 606 2198 662 scilicet

628 713 805 770 divina
834 708 1110 782 plenitudo
1134 713 1190 762 et
1210 705 1440 760 humana
1467 701 1737 769 mnditia,
1767 707 1828 755 ut
1853 698 1992 755 servi
2011 695 2194 752 humi.

630 808 751 862 litas
775 801 1092 870 Dominique
1120 796 1391 868 maiestas,
1421 802 1482 852 ut
1521 793 1781 851 creatoris
1807 791 1979 848 virtus
2004 799 2059 846 et
2078 803 2195 846 ser-

629 899 768 952 vitus
787 901 1068 957 creatum,
1100 903 1260 947 uuam
1281 904 1348 945 es
1369 886 1455 944 his
1477 885 1726 944 omnibus
1750 885 2036 941 videantur
2062 882 2191 940 red-

626 985 826 1042 didisse
856 997 1165 1054 personam.
1191 981 1296 1037 Sed
1337 995 1438 1037 nec
1481 976 1620 1034 ratio
1646 976 1937 1034 soliditatis
1984 976 2140 1032 istius
2166 989 2197 1030 a

625 1075 926 1146 sapientum
955 1071 1225 1130 soliditate
1249 1069 1530 1140 longinqua
1558 1076 1664 1134 est,
1698 1082 1820 1138 qum
1846 1066 2059 1123 videtur
2085 1081 2199 1121 ma-

624 1167 832 1224 simum
853 1177 1037 1222 tenere
1063 1164 1114 1220 in
1139 1161 1479 1219 heredibus:
1511 1159 1654 1233 quod
1686 1159 1776 1216 ille
1795 1160 1940 1216 solus
1964 1157 2199 1214 hominis

624 1268 822 1315 statum
848 1256 1015 1327 potuit
1057 1253 1356 1310 reformare
1384 1251 1452 1309 de
1503 1251 1731 1321 perdito,
1751 1251 1840 1319 qui
1874 1248 2120 1305 formavit
2164 1262 2198 1305 ο

623 1362 802 1404 emno.
852 1345 1006 1403 Unde
1055 1342 1394 1400 beatissimus
1437 1340 1668 1396 Paulus:
1702 1337 1950 1405 Primus,
1999 1337 2192 1408 inquit,

623 1439 777 1492 homo
820 1436 885 1491 de
916 1445 1051 1492 terra
1104 1442 1354 1499 terrenus,
1401 1429 1654 1486 secundus
1703 1428 1768 1484 de
1815 1428 1942 1483 calo
1977 1427 2193 1483 cmlcstis

624 1527 678 1600 (ι
705 1526 824 1582 Cor.
855 1540 950 1593 sv,
978 1523 1091 1594 47).
1123 1522 1318 1578 Verum
1349 1519 1563 1590 quidem
1594 1518 1865 1580 hominem
1908 1516 2066 1584 dixit,
2097 1516 2192 1572 sed

623 1627 894 1674 terrenum
921 1628 1042 1669 cum
1087 1611 1335 1682 contagio
1379 1609 1712 1680 pollutionis,
1762 1608 2039 1666 cmlestem
2069 1620 2191 1662 cum

621 1705 890 1763 consortio
914 1701 1230 1759 divin’tatis.
1259 1701 1409 1773 Rogo
1435 1715 1595 1766 nunc,
1639 1714 1762 1756 cum
1794 1695 2083 1769 Apostolus
2105 1695 2191 1752 di-

619 1806 704 1853 cat
735 1795 1010 1851 hominem
1043 1791 1385 1850 descendisse
1404 1791 1472 1846 de
1497 1790 1671 1860 oculis,
1702 1790 1823 1862 quis
1848 1798 1932 1844 est
1974 1788 2064 1858 qui
2097 1803 2192 1844 ne-

2304 609 2599 680 perspicua
2647 621 2769 664 cum
2823 605 2975 663 duris
3032 607 3300 664 mentibus
3343 620 3473 663 saxa
3515 606 3770 678 iaculari.
3807 607 3882 664 Ne

2303 699 2446 757 Deus
2484 709 2542 756 et
2569 700 2731 756 homo
2772 713 2936 755 unum
2970 699 3247 767 credatur,
3287 698 3536 770 coniurat
3573 697 3726 756 furor
3751 698 3880 756 dno-

2300 806 2443 847 rnm.
2474 790 2659 847 Liceat
2698 804 2828 861 roga
2855 788 3001 861 quod
3031 790 3158 846 lacti
3209 804 3394 847 sumus
3436 789 3494 845 in
3520 788 3717 847 melius
3756 805 3877 860 pro-

2305 881 2429 938 vehi
2461 897 2477 937 :
2507 880 2667 938 liccat
2695 869 3038 952 compactam
3063 880 3177 936 luto
3205 883 3489 938 materiam
3517 894 3872 952 supernorum

2299 972 2336 1028 lt
2359 987 2504 1029 inore
2527 971 2758 1032 sustolli.
2782 972 2918 1042 Quid
2944 981 3148 1028 tantum
3167 981 3356 1028 contra
3385 982 3440 1029 te
3463 971 3629 1030 homo
3662 972 3872 1037 niteris,

2300 1078 2368 1118 ne
2412 1063 2465 1118 in
2498 1061 2664 1118 Deum
2715 1077 2876 1133 posse
2926 1062 3157 1120 transire
3198 1061 3469 1119 credaris?
3509 1061 3679 1120 Vocat
3729 1061 3867 1120 lead

2298 1152 2758 1224 participationem
2797 1155 2880 1211 sui
2921 1167 3152 1225 superna
3195 1153 3490 1227 maiestas:
3521 1168 3620 1212 cur
3641 1155 3871 1214 oleren-

2298 1253 2408 1300 tem
2461 1244 2682 1300 renuis?
2709 1244 2835 1316 quid
2863 1245 3097 1316 desp’cis
3137 1244 3510 1317 ingerentem?
3541 1244 3753 1305 Excolo
3774 1263 3870 1318 pro

2294 1333 2642 1404 adipiscenda
2690 1334 3043 1390 similitudine
3087 1334 3390 1400 veritatem,
3437 1334 3602 1407 diligo
3642 1350 3742 1403 pro
3786 1347 3872 1392 sc-

2291 1422 2482 1478 ctanda
2523 1423 2822 1481 imitatione
2861 1423 3178 1481 doctrinam.
3222 1425 3279 1482 Si
3305 1435 3466 1497 caput
3502 1436 3745 1482 nostrum
3785 1433 3868 1484 est

2292 1513 2559 1582 Christus,
2605 1514 2663 1571 in
2703 1514 3078 1572 sublimatione
3127 1525 3344 1573 sument
3385 1517 3867 1589 quantulacunque

2295 1604 2642 1662 sublimitatis
2667 1606 2996 1662 consortium
3023 1606 3262 1663 membra
3285 1607 3355 1664 de
3393 1609 3616 1666 vertice.
3640 1608 3870 1666 Poscant

2293 1695 2452 1767 igitur
2480 1696 2570 1752 alii
2591 1695 2960 1754 destructores
2987 1697 3055 1755 de
3082 1698 3360 1771 utriusque
3385 1699 3715 1757 Testameuti
3749 1714 3869 1757 cur-

2294 1801 2423 1858 pore
2467 1787 2835 1858 exemplorum
2885 1787 3312 1858 similitudinem,
3349 1790 3545 1861 quibus
3594 1793 3869 1863 proposita

620 1899 747 1958 gare
764 1884 960 1942 audeat
978 1883 1144 1939 Deum
1166 1879 1390 1937 rediisse
1404 1879 1472 1937 de
1491 1878 1690 1936 terris?
1714 1877 1902 1934 Adhuc
1929 1877 1974 1932 si
2004 1892 2190 1948 parum
2222 1882 2272 1944 Β
2297 1886 2543 1935 tueantur
2587 1894 2605 1936 :
2654 1880 2869 1951 negotio
2930 1878 3056 1937 huic
3101 1879 3183 1936 sic
3245 1881 3466 1938 adnisus
3527 1881 3870 1940 bibliothecae

624 1984 726 2044 cst,
756 1975 898 2047 quod
939 1989 1033 2030 vas
1057 1973 1334 2030 electibnis
1373 1972 1626 2039 asseruit,
1657 1969 2003 2027 consulamus
2038 1969 2188 2025 illum

620 2070 712 2140 qui
733 2077 965 2128 mentem
984 2068 1140 2126 electi
1159 2066 1528 2139 pretiosissimi
1552 2065 1691 2122 vasis
1706 2064 1944 2135 implevit
1961 2079 1976 2119 :
1996 2061 2187 2130 Nemo,

620 2164 812 2231 inquit,
840 2159 1063 2214 ascendit
1087 2159 1140 2214 in
1168 2159 1366 2225 caelum,
1399 2157 1500 2212 nisi
1518 2157 1606 2226 qui
1632 2156 1699 2212 de
1738 2156 1861 2212 calo
1903 2155 2188 2223 descendit,

616 2251 786 2308 Filius
814 2251 1031 2306 hominis
1057 2252 1146 2321 qui
1187 2258 1262 2306 est
1290 2249 1344 2303 in
1371 2249 1494 2304 ccio
1540 2245 1716 2320 (Joan.
1745 2262 1825 2315 nt,
1870 2245 1984 2317 i5).
2029 2245 2086 2304 Si
2113 2245 2186 2302 ita

615 2345 730 2412 i,se
770 2343 912 2400 Deus
937 2345 1134 2400 veritas
1173 2355 1296 2398 eum
1341 2356 1436 2397 sua
1480 2341 1846 2398 incarnatione
1873 2340 2184 2407 concordat,

614 2445 674 2490 ut
727 2443 852 2490 ante
905 2447 1064 2491 omne
1116 2432 1371 2489 smculum
1420 2431 1602 2488 uniret
1659 2430 1997 2501 prmsclentia
2044 2431 2186 2503 quod

615 2527 671 2580 in
733 2525 1052 2582 saeculorum
1110 2524 1216 2580 ﬁne
1264 2537 1540 2580 assumere
1592 2521 1929 2592 disposuerat
1979 2521 2032 2577 in
2091 2535 2189 2575 na-

613 2625 731 2673 tura
780 2633 797 2672 :
848 2615 1024 2673 videte
1075 2626 1376 2673 utrumnam
1428 2617 1570 2673 Dens
1611 2617 1681 2672 sit
1728 2616 1817 2686 qui
1873 2614 2187 2672 conscendit

614 2715 737 2778 post
764 2706 1175 2763 resurrectionis
1204 2707 1528 2776 triumphum
1551 2749 1568 2776 ,
1616 2705 1661 2761 si
1683 2720 1804 2762 cum
1828 2704 1989 2763 Patre
2014 2705 2184 2763 Filius

611 2798 776 2855 fuisse
814 2795 1009 2856 dicitur
1035 2806 1158 2853 ante
1199 2799 1376 2853 carnis
1403 2797 1678 2853 exordium
1711 2814 1725 2850 :
1756 2806 1849 2853 aut
1876 2806 2072 2868 quanta
2097 2796 2182 2852 ia-

609 2899 696 2947 cta
733 2890 803 2946 sit
845 2889 1084 2946 soliditas
1112 2888 1250 2962 [Alia
1279 2888 1446 2958 lectio,
1493 2897 1688 2958 quanta
1716 2889 1790 2942 sit
1830 2885 2100 2957 solidstas]
2125 2889 2179 2942 in

611 2979 915 3051 praeteritis,
935 2980 1088 3050 cuius
1121 2988 1266 3034 tanta
1311 2980 1488 3034 unitas
1516 2977 1836 3050 pradicatur
1882 2977 1938 3033 in
1963 2977 2178 3034 futuris.

610 3071 719 3129 Sed
768 3087 837 3128 ne
881 3070 1080 3140 aliquid
1117 3071 1186 3127 de
1222 3070 1324 3127 hac
1370 3068 1799 3126 immutabilitate
1845 3078 2178 3136 cunctentur,

607 3163 782 3217 adhuc
807 3160 954 3216 addit
995 3160 1283 3230 Apostolus
1329 3160 1400 3216 de
1445 3160 1652 3232 psalmo
1683 3158 2044 3215 testimonium
2075 3174 2172 3231 po-

2295 1973 2569 2044 utriusque
2593 1981 2827 2044 constat,
2877 1984 2934 2030 ut
2961 1975 3008 2032 si
3043 1974 3366 2032 conﬁrmare
3411 1975 3551 2048 quod
3599 1976 3870 2047 loquimur

2290 2065 2600 2122 testimonio
2623 2066 2950 2137 astipulante
2974 2066 3232 2134 velimus,
3271 2076 3462 2124 cuncta
3501 2066 3788 2125 videantur
3816 2070 3870 2124 in

2289 2171 2450 2212 tutum
2481 2171 2618 2228 opus
2665 2159 3046 2215 canonicorum
3096 2158 3426 2215 voluminum
3477 2160 3697 2217 oracula
3733 2175 3868 2217 eon-

2285 2247 2543 2317 gerenda.
2576 2248 2654 2304 De
2680 2264 2905 2320 quorum
2937 2249 3293 2306 multitudine.
3302 2249 3469 2321 iuste,
3498 2250 3566 2306 ad
3594 2250 3870 2308 declinan-

2287 2338 2409 2394 dam
2450 2337 2834 2410 prolixitatem,
2890 2339 3064 2396 electa
3101 2354 3328 2412 qumque
3379 2355 3442 2396 ac
3483 2341 3743 2398 deﬁorata
3773 2358 3871 2413 po-

2288 2440 2512 2488 nuntur.
2534 2429 2669 2497 Quia
2698 2429 2837 2486 sicut
2864 2430 3072 2486 minimi
3100 2430 3321 2488 eﬁ‘cctus
3341 2438 3486 2498 sunt,
3509 2447 3630 2503 qua
3657 2441 3869 2489 tantum

2287 2521 2356 2577 de
2407 2530 2594 2577 nostro
2647 2521 2876 2593 prolata,
2929 2522 3075 2579 nullo
3115 2521 3513 2593 Scripturarum
3565 2524 3868 2580 emicatium

2287 2618 2615 2674 adminiculo
2653 2617 2988 2674 iniciuntur:
3022 2617 3090 2673 ita
3119 2619 3206 2690 qui
3233 2619 3473 2690 recipere
3513 2634 3681 2690 pauca
3711 2619 3871 2676 fasti-

2284 2707 2384 2774 dit,
2415 2721 2521 2764 non
2559 2707 2786 2773 virtute,
2835 2707 2932 2764 sed
2975 2708 3120 2764 mole
3162 2723 3275 2764 rem
3320 2707 3540 2779 coniicit
3567 2727 3583 2764 :
3612 2711 3868 2784 quoniam

2287 2800 2425 2856 vinci
2455 2807 2735 2866 metuens,
2769 2799 2958 2855 instrui
3005 2799 3216 2864 nolens,
3247 2799 3315 2855 ad
3356 2798 3712 2856 deserendam
3747 2803 3866 2858 veri

2283 2889 2642 2961 cognitionem
2669 2889 2920 2945 volumen
2951 2889 3129 2960 potius
3153 2905 3312 2961 quam
3358 2889 3679 2946 documenta
3719 2891 3870 2950 desi-

2283 2978 2500 3046 derans,
2548 2993 2655 3033 non
2684 2991 2876 3034 causas
2904 2987 3057 3049 putat
3105 2994 3289 3036 rerum
3332 2979 3702 3049 magnitudine
3733 2995 3870 3038 con-

2283 3076 2456 3139 stare,
2505 3067 2600 3124 sed
2648 3067 2877 3140 paginis.
2930 3069 3187 3126 Dominus
3226 3069 3408 3141 itaque
3444 3084 3510 3125 ae
3535 3069 3871 3140 Redemptor

2283 3166 2490 3224 noster,
2541 3157 2830 3214 adventum
2873 3158 3063 3228 gloria
3113 3173 3224 3215 suc
3249 3159 3528 3230 discipulis
3572 3162 3871 3231 specialius

606 3266 741 3308 nens
768 3269 786 3309 :
820 3250 1037 3324 Propter
1074 3249 1215 3321 quod
1237 3249 1361 3305 dicit
1381 3265 1402 3305 :
1429 3249 1720 3305 Ascendens
1743 3250 1799 3304 in
1821 3249 1984 3304 altum
2009 3249 2172 3318 capti-
2201 3232 2249 3298 C
2283 3251 2424 3305 inter
2452 3259 2717 3320 precepts
2742 3249 2924 3306 omnia
2955 3248 3307 3307 manifestans
3324 3295 3341 3317 ,
3383 3250 3532 3318 Cum,
3557 3251 3750 3323 inquit,
3771 3269 3868 3308 oe-

605 3359 720 3398 oant
752 3342 898 3398 duxit
924 3342 1293 3413 captivitatem,
1334 3343 1474 3398 dedit
1501 3343 1640 3399 dona
1665 3341 1974 3398 hminibus.
2021 3341 2173 3411 Quod

607 3441 779 3487 autent
807 3431 1058 3497 ascendit,
1089 3431 1279 3502 inquit,
1311 3431 1435 3502 quid
1457 3440 1532 3486 est
1558 3431 1659 3486 nisi
1703 3431 1842 3502 quod
1884 3435 2037 3486 etiam
2083 3431 2174 3486 de-

600 3521 796 3577 scendit
822 3521 876 3576 in
899 3521 1148 3592 inferiora
1172 3531 1320 3576 teme
1349 3519 1562 3594 (Ephes.
1602 3536 1676 3594 tv,
1706 3519 1800 3594 8)?
1848 3520 2044 3578 Parum
2091 3529 2176 3579 est

601 3606 748 3678 quod
775 3606 942 3664 Deum
971 3606 1102 3662 dicit
1135 3606 1189 3661 in
1221 3612 1419 3662 terram
1457 3609 1689 3677 venisse,
1736 3607 1840 3664 nisi
1888 3608 2174 3667 conﬁrmet

602 3710 725 3752 eum
741 3703 959 3767 propter
979 3695 1233 3753 unitatem
1258 3710 1502 3765 personae
1522 3711 1682 3767 quam
1695 3707 2007 3770 susceperat
2021 3699 2074 3755 in
2091 3700 2174 3755 in-

598 3788 745 3845 terna
756 3785 1084 3844 descendere
1094 3787 1236 3864 [Alia
1250 3788 1421 3856 lectio,
1436 3790 1488 3844 in
1500 3789 1767 3847 infernum
1781 3789 2168 3865 descendisse].

601 3887 630 3918 ⁸
657 3879 816 3935 Certe
840 3877 1394 3936 circumfrementibus
1428 3879 1661 3949 ludatis,
1703 3891 1760 3939 et
1799 3882 1855 3940 in
1885 3883 2168 3940 Dominum

605 3975 848 4024 nostrum
885 3966 1335 4038 blasphemiarum
1367 3969 1471 4025 tela
1518 3970 1867 4039 vibrantibus,
1895 3973 2022 4043 quid
2049 3990 2169 4030 res-

603 4056 852 4128 pondisse
899 4055 1164 4112 credimus
1195 4074 1210 4111 :
1238 4057 1396 4112 Arnen
1425 4057 1540 4114 dico
1562 4059 1732 4128 vobis,
1763 4071 1884 4116 ante
1909 4061 2169 4118 Abraham

596 4164 690 4220 ego
717 4165 828 4202 sunt
853 4146 1030 4219 (Joan.
1064 4163 1192 4216 vm,
1239 4147 1350 4217 58),
1391 4149 1490 4206 nisi
1530 4152 1654 4221 quia
1685 4167 1784 4221 per
1823 4152 2164 4209 concordiam

597 4239 853 4312 genitoris
879 4250 933 4296 et
961 4240 1148 4309 geniti,
1200 4242 1315 4310 ipse
1344 4255 1438 4310 per
1475 4241 1750 4300 traducem
1799 4253 2162 4302 maternorum

597 4339 872 4402 parcntum
902 4329 1180 4386 descendit
1207 4346 1270 4387 es
1301 4329 1532 4388 Abraha
1558 4335 1784 4404 semine,
1810 4337 1901 4408 qui
1923 4337 2040 4396 sine
2066 4353 2163 4395 an-

595 4435 786 4477 norum
833 4435 1058 4476 numero
1101 4418 1369 4478 Abraham
1419 4424 1629 4493 prmivit
1676 4426 2019 4484 mternitate?
2057 4429 2161 4500 Qui

595 4511 857 4567 maximus
886 4509 1330 4581 patriarcharum,
1356 4527 1476 4568 cum
1521 4513 1724 4570 videret
1752 4515 1904 4571 illum
1931 4516 2072 4573 diem
2105 4520 2158 4575 in

2276 3343 2412 3396 neris
2434 3339 2606 3397 Filius
2631 3340 2853 3396 hominis
2877 3341 2934 3397 in
2958 3343 3228 3414 majestate
3252 3357 3371 3408 sua,
3398 3349 3449 3396 et
3487 3356 3662 3398 omnes
3689 3345 3868 3415 angeli

2275 3448 2393 3486 curn
2413 3448 2494 3500 eo,
2523 3441 2644 3487 tunc
2669 3431 3113 3504 congregabuntur
3135 3440 3255 3486 ante
3283 3431 3432 3486 illurn
3455 3447 3630 3487 omnes
3656 3441 3864 3504 gentes,

2274 3532 2324 3578 et
2343 3521 2601 3593 separabit
2622 3537 2710 3577 eas
2727 3521 2792 3577 ab
2810 3521 3045 3588 invicem,
3074 3531 3123 3577 et
3147 3529 3333 3578 statuet
3351 3521 3521 3592 justas
3536 3523 3681 3590 quasi
3699 3539 3868 3593 agnos

2273 3629 2306 3667 a
2333 3611 2546 3678 dextris,
2574 3612 2761 3682 impios
2789 3621 2961 3666 autem
2999 3612 3132 3666 sicut
3161 3610 3334 3667 bcdos
3373 3611 3443 3665 ad
3466 3611 3667 3667 Imm.
3715 3612 3867 3670 Tunc

2272 3703 2406 3757 dicet
2425 3716 2518 3757 res
2543 3700 2649 3756 illis
2674 3716 2696 3757 :
2733 3699 2932 3767 Venite,
2961 3701 3211 3757 benedicti
3235 3699 3414 3755 Patris
3455 3701 3576 3772 mei,
3605 3703 3868 3773 possidete

2269 3809 2483 3865 regnum
2508 3792 2648 3864 quod
2670 3802 2910 3865 paratum
2929 3800 3006 3848 est
3027 3791 3167 3847 vobis
3191 3808 3226 3847 a
3252 3791 3614 3849 constitutione
3642 3795 3863 3862 mundi;

2269 3895 2317 3942 et
2350 3886 2425 3942 eis
2448 3885 2538 3958 qui
2562 3901 2594 3939 a
2621 3884 2845 3941 sinistris
2873 3892 3014 3952 sunt,
3044 3892 3103 3939 ut
3121 3882 3388 3939 discedant
3414 3883 3478 3938 ab
3507 3899 3568 3938 eo
3602 3885 3657 3940 in
3685 3885 3864 3958 ignem

2270 3985 2538 4045 (sternunt,
2561 3991 2712 4047 quem
2749 3976 3057 4048 preparavit
3082 3973 3222 4031 Deus
3260 3974 3421 4031 Pater
3453 3975 3659 4032 diabolo
3685 3987 3736 4033 et
3762 3995 3858 4036 an-

2269 4065 2402 4138 gelis
2431 4069 2544 4140 ejus
2571 4065 2787 4137 (Matth.
2818 4081 2945 4132 xxv,
2975 4065 3068 4135 δι,
3099 4065 3192 4134 54,
3222 4065 3336 4135 il).
3382 4065 3542 4138 Quid,
3571 4081 3724 4140 rogo,
3770 4069 3863 4128 hic

2267 4155 2674 4227 contemptibile
2707 4156 2762 4211 in
2785 4155 3006 4213 Christo
3028 4154 3283 4227 superbia
3313 4157 3543 4214 humana
3573 4157 3863 4218 fastidiat?

2266 4248 2395 4320 quid
2443 4255 2553 4304 tam
2598 4258 2745 4306 metu
2789 4248 3034 4320 dignum,
3074 4258 3184 4306 tam
3221 4249 3428 4307 honore
3477 4252 3857 4323 conspicuum,

2271 4349 2378 4396 tam
2403 4349 2610 4397 terrore
2624 4339 3022 4396 venerandum?
3043 4338 3328 4412 Excogitet
3345 4341 3647 4411 horretis-ns,
3673 4353 3857 4401 utrum

2267 4433 2408 4488 istuc
2438 4432 2611 4488 Patris
2657 4432 2846 4503 gloria:
2894 4432 3170 4504 adiungat,
3197 4448 3267 4489 an
3297 4433 3439 4491 Filii.
3464 4435 3547 4490 Ad
3578 4437 3854 4504 negotium

2265 4523 2409 4595 quod
2428 4524 2686 4596 gerimus,
2709 4523 2895 4581 audire
2918 4525 3050 4582 mihi
3070 4523 3286 4581 sufﬁcit.
3313 4523 3442 4580 Cum
3463 4529 3652 4582 uenerit
3679 4527 3856 4584 Filius

592 4619 697 4674 quo
725 4604 843 4658 s'ne
870 4601 977 4658 ﬁne
1005 4609 1282 4673 permanet
1300 4602 1464 4672 Deus,
1485 4605 1789 4676 concupivit
1812 4617 1989 4664 tamen
2011 4608 2159 4665 illum
2190 4597 2245 4659 D
2272 4614 2492 4671 hominis
2514 4615 2569 4670 in
2592 4616 2866 4687 majestate
2879 4632 2997 4673 sua.
3020 4615 3080 4672 ln
3109 4618 3356 4687 presenti
3385 4618 3624 4674 seculo:
3660 4616 3854 4675 Discite

593 4696 778 4751 videre
802 4708 907 4764 quo
934 4694 1094 4749 homo
1121 4692 1301 4749 unitos
1327 4702 1410 4750 est
1440 4693 1565 4750 Deo.
1596 4694 1760 4766 Vidit,
1795 4698 1967 4769 inquit
1997 4707 2042 4755 et
2063 4715 2157 4773 ga-

593 4789 727 4844 uisus
774 4796 846 4842 est
883 4784 1068 4860 (Ibid.,
1111 4785 1206 4858 56)
1237 4801 1254 4842 :
1285 4787 1408 4858 quia
1449 4787 1589 4845 sicut
1614 4792 1870 4847 cernebat
1914 4791 2061 4850 illum
2105 4795 2162 4852 in

593 4892 697 4949 quo
725 4886 838 4931 erat
872 4876 1099 4946 genuina
1153 4876 1425 4946 maiestas,
1468 4877 1542 4932 ita
1587 4888 1643 4934 et
1683 4878 1842 4936 istum
1891 4882 2162 4941 desiderio

592 4975 910 5037 conceperat
936 4968 988 5022 in
1032 4976 1138 5037 quo
1164 4967 1409 5038 ad0ptata
1439 4969 1807 5027 illustrabatur
1836 4973 2111 5033 humilitas
2142 4995 2156 5031 :

592 5059 835 5115 Tulerunt
850 5075 990 5129 ergo,
1011 5059 1206 5131 inquit,
1229 5059 1426 5130 lapides
1447 5062 1738 5132 utjaccrcnt
1759 5063 1812 5116 in
1828 5079 1945 5119 eum
1963 5064 2154 5138 (Ibid.,

589 5152 703 5222 b9).
730 5150 868 5218 Quid
920 5165 1082 5219 porro
1131 5151 1387 5205 miramur
1414 5151 1773 5223 Eutychianos
1818 5164 2005 5212 contra
2061 5174 2154 5214 ca-

589 5245 844 5300 tholicam
888 5241 1132 5307 fremere,
1163 5258 1284 5298 cum
1331 5244 1606 5302 videamus
1654 5257 1813 5317 caput
1841 5260 2080 5309 nostrum
2122 5268 2152 5309 a

587 5337 697 5390 suis
726 5335 792 5390 ad
822 5349 958 5404 quos
977 5348 1194 5390 venerat
1219 5350 1298 5404 pe:
1315 5336 1520 5404 tulisse,
1555 5337 1996 5412 redditurumque
2033 5358 2154 5412 per-

591 5425 766 5479 fidiam
813 5424 1171 5495 indignatione
1213 5441 1312 5480 una
1343 5441 1464 5481 cum
1521 5427 1666 5483 ﬁne?
1693 5428 1772 5483 Eo
1817 5435 2151 5491 contumeliae

590 5533 747 5572 sensu
800 5519 885 5574 hic
910 5518 1123 5573 Judmus
1167 5519 1336 5584 smvit,
1386 5533 1490 5589 quo
1537 5520 1625 5575 hic
1668 5520 1953 5578 haereticus
1996 5526 2144 5582 livet.

591 5609 923 5666 l’arricidalis
955 5610 1164 5680 quidem
1195 5612 1300 5666 illic
1325 5610 1422 5666 fuit
1465 5613 1516 5667 in
1549 5613 1830 5671 Dominum
1858 5619 1980 5675 cmli
2011 5621 2146 5692 lapi—

2270 4723 2303 4762 a
2328 4723 2426 4776 nte,
2457 4708 2578 4779 quia
2598 4707 2734 4763 mitis
2763 4723 2875 4764 sunt
2891 4717 2941 4764 et
2965 4707 3175 4764 humilis
3198 4709 3357 4764 corde
3383 4707 3599 4779 (Matth.
3631 4725 3706 4776 st,
3726 4707 3849 4780 29).

2264 4799 2324 4855 in
2354 4797 2564 4867 futuro,
2594 4799 2914 4870 praenoscite
2951 4797 3076 4869 quia
3112 4798 3289 4855 celsus
3323 4807 3381 4854 et
3408 4798 3662 4855 terribilis
3684 4799 3816 4856 clari
3842 4827 3855 4842 ο

2262 4897 2372 4946 tate
2416 4890 2471 4946 in
2497 4889 2668 4961 gloria
2699 4904 2796 4946 sua
2846 4889 3023 4946 veniet
3053 4904 3176 4945 cum
3223 4889 3427 4960 angelis
3471 4892 3674 4947 sanctis
3708 4893 3847 4948 suis.

2265 4979 2415 5035 Dicat
2447 4995 2591 5036 nunc
2618 4978 2822 5035 divisor
2849 4978 3158 5035 mediatoris
3181 4980 3340 5044 uniti,
3382 4980 3435 5035 in
3465 4995 3694 5053 corpore
3717 4999 3850 5040 con-

2262 5073 2494 5130 tumeliis
2521 5073 2779 5132 inclinato
2805 5072 2948 5128 unde
2996 5072 3068 5128 sit
3105 5061 3438 5144 quaecunque
3477 5075 3756 5144 maiestas,
3796 5077 3846 5132 si

2262 5179 2368 5220 non
2391 5174 2475 5221 est
2517 5165 2625 5221 ulla
2662 5164 2957 5221 divinitas:
2987 5171 3048 5218 ut
3077 5173 3280 5220 taceam
3311 5165 3453 5236 quod
3481 5181 3510 5220 a
3553 5166 3714 5224 Patre
3747 5181 3847 5224 seu

2262 5259 2442 5328 regnis
2469 5271 2564 5315 seu
2591 5257 2839 5328 gentibus
2868 5272 2966 5327 per
3005 5257 3340 5327 singulorum
3389 5260 3582 5315 merita
3610 5261 3849 5317 destina-

2263 5357 2370 5405 tur.
2402 5348 2818 5406 Formidabilius
2846 5349 3016 5404 videri
3065 5358 3258 5419 potest,
3305 5349 3580 5407 hominem
3611 5353 3845 5410 retribu-

2263 5443 2437 5498 tiones
2481 5457 2745 5514 congruas
2775 5441 3068 5511 judicando
3095 5442 3414 5511 decernere,
3465 5459 3627 5515 quam
3675 5445 3844 5501 Deum

2261 5533 2475 5590 Putrem
2496 5534 2691 5589 sentiat
2709 5533 2846 5589 Filio
2870 5533 3102 5588 hominis
3118 5534 3472 5590 instrumenta
3497 5535 3684 5605 iudicii
3710 5553 3845 5608 pra:-

2261 5639 2495 5695 parasse.
2532 5622 2704 5680 Filius
2723 5624 2859 5680 enim
2881 5623 3100 5678 hominis
3129 5633 3373 5679 venturus
3398 5636 3472 5680 est
3494 5626 3548 5680 in
3575 5629 3845 5689 maiestate

661 5718 1282 5810 sallnnei‘ogumgpronfeu
1318 5720 1632 5810 AAg‘obardu‘s
1649 5724 2142 5810 ailveriutndogma
2250 5749 2365 5810 rum
2420 5735 2773 5810 hereticorum
2835 5733 3179 5810 validissimus
3229 5747 3575 5810 capugnator,
3638 5749 3841 5810 scripsit

592 5789 779 5846 Felicis
811 5791 910 5844 sub
938 5791 1116 5845 ﬁnem.
1153 5789 1270 5844 Beat
1296 5807 1330 5845 -ι
1359 5806 1555 5860 quoque
1581 5794 1774 5859 Avitus,
1801 5789 2140 5856 Pliotinia'uo-

2247 5806 2418 5860 dicens
2443 5821 2463 5861 :
2483 5806 2636 5863 Certe
2664 5803 3220 5862 circumfrementibus
3249 5803 3416 5864 ludar.
3453 5817 3548 5862 etc.
