  <div class='ocr_page' id='page_1' title='image "/cluster/home/n/w/nwhite01/storage/ocr_20150623/58-59/uc1.31175013991289/724.png"; bbox 0 0 4190 6420; ppageno 0'>
   <div class='ocr_carea' id='block_1_1' title="bbox 272 438 380 494">
    <p class='ocr_par' dir='ltr' id='par_1_1' title="bbox 272 438 380 494">
     <span class='ocr_line' id='line_1_1' title="bbox 272 438 380 494; baseline 0 0"><span class='ocrx_word' id='word_1_1' title='bbox 272 438 380 494; x_wconf 63' lang='lat'><strong>209</strong></span> 
     </span>
    </p>
   </div>
   <div class='ocr_carea' id='block_1_2' title="bbox 1684 421 2148 481">
    <p class='ocr_par' dir='ltr' id='par_1_2' title="bbox 1684 421 2148 481">
     <span class='ocr_line' id='line_1_2' title="bbox 1684 421 2148 481; baseline -0.002 -1"><span class='ocrx_word' id='word_1_2' title='bbox 1684 421 2023 481; x_wconf 75' lang='lat' dir='ltr'><strong>EPISTULA</strong></span> <span class='ocrx_word' id='word_1_3' title='bbox 2062 421 2148 479; x_wconf 81' lang='lat' dir='ltr'><strong>Ill.</strong></span> 
     </span>
    </p>
   </div>
   <div class='ocr_carea' id='block_1_3' title="bbox 3476 430 3588 486">
    <p class='ocr_par' dir='ltr' id='par_1_3' title="bbox 3476 430 3588 486">
     <span class='ocr_line' id='line_1_3' title="bbox 3476 430 3588 486; baseline 0.018 -3"><span class='ocrx_word' id='word_1_4' title='bbox 3476 430 3588 486; x_wconf 60' lang='lat'><strong>210</strong></span> 
     </span>
    </p>
   </div>
   <div class='ocr_carea' id='block_1_4' title="bbox 277 541 3561 628">
    <p class='ocr_par' dir='ltr' id='par_1_4' title="bbox 277 541 3561 628">
     <span class='ocr_line' id='line_1_4' title="bbox 277 541 3561 628; baseline -0.005 -6"><span class='ocrx_word' id='word_1_5' title='bbox 277 557 458 615; x_wconf 72' lang='lat' dir='ltr'><strong>Patria</strong></span> <span class='ocrx_word' id='word_1_6' title='bbox 486 558 569 613; x_wconf 81' lang='lat' dir='ltr'><strong>uti</strong></span> <span class='ocrx_word' id='word_1_7' title='bbox 591 572 707 612; x_wconf 67' lang='lat' dir='ltr'><strong>aut</strong></span> <span class='ocrx_word' id='word_1_8' title='bbox 729 554 927 628; x_wconf 75' lang='lat' dir='ltr'><strong>augetis</strong></span> <span class='ocrx_word' id='word_1_9' title='bbox 952 552 1058 608; x_wconf 71' lang='lat' dir='ltr'><strong>suis</strong></span> <span class='ocrx_word' id='word_1_10' title='bbox 1080 550 1292 614; x_wconf 71' lang='lat' dir='ltr'><strong>sanctis.</strong></span> <span class='ocrx_word' id='word_1_11' title='bbox 1316 556 1365 604; x_wconf 76' lang='lat' dir='ltr'><strong>et</strong></span> <span class='ocrx_word' id='word_1_12' title='bbox 1394 556 1515 603; x_wconf 76' lang='lat' dir='ltr'><strong>tunc</strong></span> <span class='ocrx_word' id='word_1_13' title='bbox 1544 544 1722 600; x_wconf 77' lang='lat' dir='ltr'><strong>reddet</strong></span> <span class='ocrx_word' id='word_1_14' title='bbox 1753 541 1867 595; x_wconf 72' lang='grc' dir='ltr'><strong>υπε-</strong></span> <span class='ocrx_word' id='word_1_15' title='bbox 1904 543 1958 605; x_wconf 83' lang='grc' dir='ltr'><strong>Δ</strong></span> <span class='ocrx_word' id='word_1_16' title='bbox 1985 542 2356 600; x_wconf 69' lang='lat' dir='ltr'><strong>tantummodo</strong></span> <span class='ocrx_word' id='word_1_17' title='bbox 2380 546 2554 611; x_wconf 87' lang='lat' dir='ltr'><strong>lieret,</strong></span> <span class='ocrx_word' id='word_1_18' title='bbox 2584 544 2792 603; x_wconf 75' lang='lat' dir='ltr'><strong>facilius</strong></span> <span class='ocrx_word' id='word_1_19' title='bbox 2820 559 2975 618; x_wconf 85' lang='lat' dir='ltr'><strong>caput</strong></span> <span class='ocrx_word' id='word_1_20' title='bbox 3014 556 3258 618; x_wconf 84' lang='lat' dir='ltr'><strong>tangeret</strong></span> <span class='ocrx_word' id='word_1_21' title='bbox 3283 550 3561 620; x_wconf 85' lang='lat' dir='ltr'><strong>adjuratus</strong></span> 
     </span>
    </p>
   </div>
   <div class='ocr_carea' id='block_1_5' title="bbox 276 634 1875 723">
    <p class='ocr_par' dir='ltr' id='par_1_5' title="bbox 276 634 1875 723">
     <span class='ocr_line' id='line_1_5' title="bbox 276 634 1875 723; baseline -0.014 -14"><span class='ocrx_word' id='word_1_22' title='bbox 276 655 464 723; x_wconf 72' lang='lat' dir='ltr'><strong>cuique</strong></span> <span class='ocrx_word' id='word_1_23' title='bbox 483 651 764 707; x_wconf 64' lang='lat' dir='ltr'><strong>mandunt</strong></span> <span class='ocrx_word' id='word_1_24' title='bbox 784 664 943 723; x_wconf 82' lang='lat' dir='ltr'><strong>opera</strong></span> <span class='ocrx_word' id='word_1_25' title='bbox 975 662 1072 700; x_wconf 77' lang='lat' dir='ltr'><strong>sua</strong></span> <span class='ocrx_word' id='word_1_26' title='bbox 1100 643 1320 715; x_wconf 77' lang='grc' dir='ltr'><strong>(ιΙαιῖΙι.</strong></span> <span class='ocrx_word' id='word_1_27' title='bbox 1352 657 1463 706; x_wconf 71' lang='lat' dir='ltr'><strong>avt,</strong></span> <span class='ocrx_word' id='word_1_28' title='bbox 1492 640 1613 708; x_wconf 73' lang='lat'><strong>27).</strong></span> <span class='ocrx_word' id='word_1_29' title='bbox 1646 635 1762 692; x_wconf 78' lang='lat' dir='ltr'><strong>Non</strong></span> <span class='ocrx_word' id='word_1_30' title='bbox 1794 634 1875 689; x_wconf 88' lang='lat' dir='ltr'><strong>di-</strong></span> 
     </span>
    </p>
   </div>
   <div class='ocr_carea' id='block_1_6' title="bbox 277 726 1881 811">
    <p class='ocr_par' dir='ltr' id='par_1_6' title="bbox 277 726 1881 811">
     <span class='ocr_line' id='line_1_6' title="bbox 277 726 1881 811; baseline -0.013 -10"><span class='ocrx_word' id='word_1_31' title='bbox 277 746 380 811; x_wconf 72' lang='lat' dir='ltr'><strong>xit,</strong></span> <span class='ocrx_word' id='word_1_32' title='bbox 422 760 547 801; x_wconf 90' lang='lat' dir='ltr'><strong>cum</strong></span> <span class='ocrx_word' id='word_1_33' title='bbox 575 743 752 801; x_wconf 86' lang='lat' dir='ltr'><strong>Patris</strong></span> <span class='ocrx_word' id='word_1_34' title='bbox 805 738 1013 811; x_wconf 80' lang='lat' dir='ltr'><strong>angelis</strong></span> <span class='ocrx_word' id='word_1_35' title='bbox 1044 738 1246 803; x_wconf 73' lang='lat' dir='ltr'><strong>veniet,</strong></span> <span class='ocrx_word' id='word_1_36' title='bbox 1276 734 1370 791; x_wconf 86' lang='lat' dir='ltr'><strong>sed</strong></span> <span class='ocrx_word' id='word_1_37' title='bbox 1415 747 1537 789; x_wconf 90' lang='lat' dir='ltr'><strong>eum</strong></span> <span class='ocrx_word' id='word_1_38' title='bbox 1565 730 1679 787; x_wconf 88' lang='lat' dir='ltr'><strong>suis</strong></span> <span class='ocrx_word' id='word_1_39' title='bbox 1713 745 1726 782; x_wconf 90' lang='lat'><strong>:</strong></span> <span class='ocrx_word' id='word_1_40' title='bbox 1758 726 1881 798; x_wconf 97' lang='lat' dir='ltr'><strong>quia</strong></span> 
     </span>
    </p>
   </div>
   <div class='ocr_carea' id='block_1_7' title="bbox 274 819 1882 907">
    <p class='ocr_par' dir='ltr' id='par_1_7' title="bbox 274 819 1882 907">
     <span class='ocr_line' id='line_1_7' title="bbox 274 819 1882 907; baseline -0.009 -17"><span class='ocrx_word' id='word_1_41' title='bbox 274 850 618 907; x_wconf 70' lang='lat' dir='ltr'><strong>qumcunque</strong></span> <span class='ocrx_word' id='word_1_42' title='bbox 639 834 802 889; x_wconf 89' lang='lat' dir='ltr'><strong>habet</strong></span> <span class='ocrx_word' id='word_1_43' title='bbox 824 830 1003 896; x_wconf 86' lang='lat' dir='ltr'><strong>Pater,</strong></span> <span class='ocrx_word' id='word_1_44' title='bbox 1031 840 1084 885; x_wconf 91' lang='lat' dir='ltr'><strong>et</strong></span> <span class='ocrx_word' id='word_1_45' title='bbox 1111 842 1208 883; x_wconf 87' lang='lat' dir='ltr'><strong>sua</strong></span> <span class='ocrx_word' id='word_1_46' title='bbox 1232 833 1375 882; x_wconf 88' lang='lat' dir='ltr'><strong>sunt.</strong></span> <span class='ocrx_word' id='word_1_47' title='bbox 1406 822 1559 882; x_wconf 51' lang='lat' dir='ltr'><strong>Unde</strong></span> <span class='ocrx_word' id='word_1_48' title='bbox 1584 837 1706 879; x_wconf 90' lang='lat' dir='ltr'><strong>cum</strong></span> <span class='ocrx_word' id='word_1_49' title='bbox 1741 819 1882 875; x_wconf 86' lang='lat' dir='ltr'><strong>illius</strong></span> 
     </span>
    </p>
   </div>
   <div class='ocr_carea' id='block_1_8' title="bbox 277 912 1881 997">
    <p class='ocr_par' dir='ltr' id='par_1_8' title="bbox 277 912 1881 997">
     <span class='ocr_line' id='line_1_8' title="bbox 277 912 1881 997; baseline -0.011 -14"><span class='ocrx_word' id='word_1_50' title='bbox 277 929 471 984; x_wconf 87' lang='lat' dir='ltr'><strong>matris</strong></span> <span class='ocrx_word' id='word_1_51' title='bbox 511 925 733 997; x_wconf 72' lang='lat' dir='ltr'><strong>recipiat</strong></span> <span class='ocrx_word' id='word_1_52' title='bbox 778 925 833 979; x_wconf 90' lang='lat' dir='ltr'><strong>in</strong></span> <span class='ocrx_word' id='word_1_53' title='bbox 870 920 1188 978; x_wconf 74' lang='lat' dir='ltr'><strong>celsitudine</strong></span> <span class='ocrx_word' id='word_1_54' title='bbox 1212 917 1356 989; x_wconf 91' lang='lat' dir='ltr'><strong>quod</strong></span> <span class='ocrx_word' id='word_1_55' title='bbox 1387 914 1556 986; x_wconf 79' lang='lat' dir='ltr'><strong>patris</strong></span> <span class='ocrx_word' id='word_1_56' title='bbox 1588 912 1732 968; x_wconf 86' lang='lat' dir='ltr'><strong>illius</strong></span> <span class='ocrx_word' id='word_1_57' title='bbox 1752 925 1881 967; x_wconf 86' lang='lat' dir='ltr'><strong>con-</strong></span> 
     </span>
    </p>
   </div>
   <div class='ocr_carea' id='block_1_9' title="bbox 279 1003 1883 1088">
    <p class='ocr_par' dir='ltr' id='par_1_9' title="bbox 279 1003 1883 1088">
     <span class='ocr_line' id='line_1_9' title="bbox 279 1003 1883 1088; baseline -0.013 -12"><span class='ocrx_word' id='word_1_58' title='bbox 279 1027 520 1088; x_wconf 84' lang='lat' dir='ltr'><strong>temptus</strong></span> <span class='ocrx_word' id='word_1_59' title='bbox 542 1024 628 1072; x_wconf 79' lang='lat' dir='ltr'><strong>est</strong></span> <span class='ocrx_word' id='word_1_60' title='bbox 652 1017 707 1071; x_wconf 89' lang='lat' dir='ltr'><strong>in</strong></span> <span class='ocrx_word' id='word_1_61' title='bbox 732 1013 1069 1070; x_wconf 91' lang='lat' dir='ltr'><strong>humilitate:</strong></span> <span class='ocrx_word' id='word_1_62' title='bbox 1095 1010 1215 1082; x_wconf 91' lang='lat' dir='ltr'><strong>quis</strong></span> <span class='ocrx_word' id='word_1_63' title='bbox 1240 1022 1478 1078; x_wconf 79' lang='lat' dir='ltr'><strong>unquam</strong></span> <span class='ocrx_word' id='word_1_64' title='bbox 1501 1005 1575 1062; x_wconf 85' lang='lat' dir='ltr'><strong>sit</strong></span> <span class='ocrx_word' id='word_1_65' title='bbox 1594 1003 1883 1059; x_wconf 75' lang='lat' dir='ltr'><strong>hrcreticus</strong></span> 
     </span>
    </p>
   </div>
   <div class='ocr_carea' id='block_1_10' title="bbox 280 1094 1881 1178">
    <p class='ocr_par' dir='ltr' id='par_1_10' title="bbox 280 1094 1881 1178">
     <span class='ocr_line' id='line_1_10' title="bbox 280 1094 1881 1178; baseline -0.011 -13"><span class='ocrx_word' id='word_1_66' title='bbox 280 1116 394 1165; x_wconf 83' lang='lat' dir='ltr'><strong>tam</strong></span> <span class='ocrx_word' id='word_1_67' title='bbox 434 1107 655 1165; x_wconf 76' lang='lat' dir='ltr'><strong>rebellis</strong></span> <span class='ocrx_word' id='word_1_68' title='bbox 694 1105 789 1178; x_wconf 91' lang='lat' dir='ltr'><strong>qui</strong></span> <span class='ocrx_word' id='word_1_69' title='bbox 818 1106 1008 1172; x_wconf 86' lang='lat' dir='ltr'><strong>Deum,</strong></span> <span class='ocrx_word' id='word_1_70' title='bbox 1051 1103 1135 1158; x_wconf 91' lang='lat' dir='ltr'><strong>cui</strong></span> <span class='ocrx_word' id='word_1_71' title='bbox 1170 1098 1528 1155; x_wconf 88' lang='lat' dir='ltr'><strong>immortalem</strong></span> <span class='ocrx_word' id='word_1_72' title='bbox 1568 1094 1881 1166; x_wconf 88' lang='lat' dir='ltr'><strong>angelorum</strong></span> 
     </span>
    </p>
   </div>
   <div class='ocr_carea' id='block_1_11' title="bbox 282 1190 1881 1266">
    <p class='ocr_par' dir='ltr' id='par_1_11' title="bbox 282 1190 1881 1266">
     <span class='ocr_line' id='line_1_11' title="bbox 282 1190 1881 1266; baseline -0.012 -7"><span class='ocrx_word' id='word_1_73' title='bbox 282 1201 641 1259; x_wconf 72' lang='lat' dir='ltr'><strong>substantiam</strong></span> <span class='ocrx_word' id='word_1_74' title='bbox 669 1199 816 1254; x_wconf 92' lang='lat' dir='ltr'><strong>videt</strong></span> <span class='ocrx_word' id='word_1_75' title='bbox 866 1195 1083 1266; x_wconf 86' lang='lat' dir='ltr'><strong>subjici,</strong></span> <span class='ocrx_word' id='word_1_76' title='bbox 1124 1193 1243 1265; x_wconf 70' lang='lat' dir='ltr'><strong>ipse</strong></span> <span class='ocrx_word' id='word_1_77' title='bbox 1282 1190 1621 1247; x_wconf 66' lang='lat' dir='ltr'><strong>mortalis‘in</strong></span> <span class='ocrx_word' id='word_1_78' title='bbox 1654 1197 1881 1243; x_wconf 90' lang='lat' dir='ltr'><strong>mortem</strong></span> 
     </span>
    </p>
   </div>
   <div class='ocr_carea' id='block_1_12' title="bbox 285 1277 1884 1354">
    <p class='ocr_par' dir='ltr' id='par_1_12' title="bbox 285 1277 1884 1354">
     <span class='ocr_line' id='line_1_12' title="bbox 285 1277 1884 1354; baseline -0.011 -4"><span class='ocrx_word' id='word_1_79' title='bbox 285 1303 537 1350; x_wconf 88' lang='lat' dir='ltr'><strong>mortuus</strong></span> <span class='ocrx_word' id='word_1_80' title='bbox 566 1291 734 1347; x_wconf 85' lang='lat' dir='ltr'><strong>nollet</strong></span> <span class='ocrx_word' id='word_1_81' title='bbox 760 1286 997 1344; x_wconf 73' lang='lat' dir='ltr'><strong>inﬂecti?</strong></span> <span class='ocrx_word' id='word_1_82' title='bbox 1019 1285 1158 1341; x_wconf 80' lang='lat' dir='ltr'><strong>Dixit</strong></span> <span class='ocrx_word' id='word_1_83' title='bbox 1191 1281 1423 1354; x_wconf 88' lang='lat' dir='ltr'><strong>quodatn</strong></span> <span class='ocrx_word' id='word_1_84' title='bbox 1459 1277 1734 1350; x_wconf 75' lang='lat' dir='ltr'><strong>Evangelii</strong></span> <span class='ocrx_word' id='word_1_85' title='bbox 1762 1278 1884 1333; x_wconf 86' lang='lat' dir='ltr'><strong>loco</strong></span> 
     </span>
    </p>
   </div>
   <div class='ocr_carea' id='block_1_13' title="bbox 286 1368 1884 1456">
    <p class='ocr_par' dir='ltr' id='par_1_13' title="bbox 286 1368 1884 1456">
     <span class='ocr_line' id='line_1_13' title="bbox 286 1368 1884 1456; baseline -0.011 -17"><span class='ocrx_word' id='word_1_86' title='bbox 286 1382 448 1456; x_wconf 82' lang='lat' dir='ltr'><strong>(Luc.</strong></span> <span class='ocrx_word' id='word_1_87' title='bbox 481 1397 590 1448; x_wconf 80' lang='grc' dir='ltr'>ιιι-ι,</span> <span class='ocrx_word' id='word_1_88' title='bbox 642 1379 736 1452; x_wconf 80' lang='lat'><strong>3|)</strong></span> <span class='ocrx_word' id='word_1_89' title='bbox 768 1378 1037 1435; x_wconf 81' lang='lat' dir='ltr'><strong>Abraham</strong></span> <span class='ocrx_word' id='word_1_90' title='bbox 1090 1374 1184 1431; x_wconf 87' lang='lat' dir='ltr'><strong>ille</strong></span> <span class='ocrx_word' id='word_1_91' title='bbox 1231 1373 1389 1442; x_wconf 84' lang='lat' dir='ltr'><strong>cujus</strong></span> <span class='ocrx_word' id='word_1_92' title='bbox 1442 1385 1605 1440; x_wconf 86' lang='lat' dir='ltr'><strong>supra</strong></span> <span class='ocrx_word' id='word_1_93' title='bbox 1655 1368 1884 1425; x_wconf 78' lang='lat' dir='ltr'><strong>iecimus</strong></span> 
     </span>
    </p>
   </div>
   <div class='ocr_carea' id='block_1_14' title="bbox 285 1462 1885 1542">
    <p class='ocr_par' dir='ltr' id='par_1_14' title="bbox 285 1462 1885 1542">
     <span class='ocr_line' id='line_1_14' title="bbox 285 1462 1885 1542; baseline -0.01 -9"><span class='ocrx_word' id='word_1_94' title='bbox 285 1477 646 1540; x_wconf 81' lang='lat' dir='ltr'><strong>mentionem,</strong></span> <span class='ocrx_word' id='word_1_95' title='bbox 696 1487 820 1528; x_wconf 89' lang='lat' dir='ltr'><strong>cum</strong></span> <span class='ocrx_word' id='word_1_96' title='bbox 851 1485 882 1525; x_wconf 88' lang='lat' dir='ltr'><strong>a</strong></span> <span class='ocrx_word' id='word_1_97' title='bbox 924 1468 1159 1542; x_wconf 74' lang='lat' dir='ltr'><strong>quodam</strong></span> <span class='ocrx_word' id='word_1_98' title='bbox 1192 1481 1291 1537; x_wconf 92' lang='lat' dir='ltr'><strong>pro</strong></span> <span class='ocrx_word' id='word_1_99' title='bbox 1321 1464 1562 1521; x_wconf 89' lang='lat' dir='ltr'><strong>remedio</strong></span> <span class='ocrx_word' id='word_1_100' title='bbox 1605 1462 1885 1519; x_wconf 65' lang='lat' dir='ltr'><strong>aestuantis</strong></span> 
     </span>
    </p>
   </div>
   <div class='ocr_carea' id='block_1_15' title="bbox 288 1554 1886 1633">
    <p class='ocr_par' dir='ltr' id='par_1_15' title="bbox 288 1554 1886 1633">
     <span class='ocr_line' id='line_1_15' title="bbox 288 1554 1886 1633; baseline -0.008 -10"><span class='ocrx_word' id='word_1_101' title='bbox 288 1564 525 1624; x_wconf 84' lang='lat' dir='ltr'><strong>incendii</strong></span> <span class='ocrx_word' id='word_1_102' title='bbox 551 1565 722 1621; x_wconf 78' lang='lat' dir='ltr'><strong>cassis</strong></span> <span class='ocrx_word' id='word_1_103' title='bbox 764 1578 888 1619; x_wconf 87' lang='lat' dir='ltr'><strong>sero</strong></span> <span class='ocrx_word' id='word_1_104' title='bbox 919 1560 1169 1633; x_wconf 77' lang='lat' dir='ltr'><strong>precibus</strong></span> <span class='ocrx_word' id='word_1_105' title='bbox 1194 1566 1461 1624; x_wconf 88' lang='lat' dir='ltr'><strong>oraretur,</strong></span> <span class='ocrx_word' id='word_1_106' title='bbox 1509 1555 1650 1628; x_wconf 89' lang='lat' dir='ltr'><strong>quod</strong></span> <span class='ocrx_word' id='word_1_107' title='bbox 1692 1556 1739 1611; x_wconf 93' lang='lat' dir='ltr'><strong>si</strong></span> <span class='ocrx_word' id='word_1_108' title='bbox 1765 1554 1886 1625; x_wconf 82' lang='lat' dir='ltr'><strong>quis</strong></span> 
     </span>
    </p>
   </div>
   <div class='ocr_carea' id='block_1_16' title="bbox 290 1645 1886 1729">
    <p class='ocr_par' dir='ltr' id='par_1_16' title="bbox 290 1645 1886 1729">
     <span class='ocr_line' id='line_1_16' title="bbox 290 1645 1886 1729; baseline -0.009 -14"><span class='ocrx_word' id='word_1_109' title='bbox 290 1655 531 1729; x_wconf 66' lang='lat' dir='ltr'><strong>Moysen)</strong></span> <span class='ocrx_word' id='word_1_110' title='bbox 553 1654 641 1711; x_wconf 89' lang='lat' dir='ltr'><strong>vel</strong></span> <span class='ocrx_word' id='word_1_111' title='bbox 669 1652 960 1725; x_wconf 81' lang='lat' dir='ltr'><strong>prephetas</strong></span> <span class='ocrx_word' id='word_1_112' title='bbox 983 1649 1250 1706; x_wconf 83' lang='lat' dir='ltr'><strong>noluisset</strong></span> <span class='ocrx_word' id='word_1_113' title='bbox 1274 1646 1541 1717; x_wconf 89' lang='lat' dir='ltr'><strong>recipere,</strong></span> <span class='ocrx_word' id='word_1_114' title='bbox 1572 1645 1762 1718; x_wconf 88' lang='lat' dir='ltr'><strong>utique</strong></span> <span class='ocrx_word' id='word_1_115' title='bbox 1784 1660 1886 1701; x_wconf 89' lang='lat' dir='ltr'><strong>nec</strong></span> 
     </span>
    </p>
   </div>
   <div class='ocr_carea' id='block_1_17' title="bbox 290 1736 1885 1809">
    <p class='ocr_par' dir='ltr' id='par_1_17' title="bbox 290 1736 1885 1809">
     <span class='ocr_line' id='line_1_17' title="bbox 290 1736 1885 1809; baseline -0.009 -3"><span class='ocrx_word' id='word_1_116' title='bbox 290 1750 599 1806; x_wconf 74' lang='lat' dir='ltr'><strong>venientem</strong></span> <span class='ocrx_word' id='word_1_117' title='bbox 638 1760 667 1800; x_wconf 93' lang='lat' dir='ltr'><strong>a</strong></span> <span class='ocrx_word' id='word_1_118' title='bbox 710 1744 939 1801; x_wconf 82' lang='lat' dir='ltr'><strong>mortuis</strong></span> <span class='ocrx_word' id='word_1_119' title='bbox 970 1742 1177 1797; x_wconf 91' lang='lat' dir='ltr'><strong>audire.</strong></span> <span class='ocrx_word' id='word_1_120' title='bbox 1207 1739 1340 1809; x_wconf 84' lang='lat' dir='ltr'><strong>Quis</strong></span> <span class='ocrx_word' id='word_1_121' title='bbox 1368 1747 1455 1796; x_wconf 84' lang='lat' dir='ltr'><strong>est</strong></span> <span class='ocrx_word' id='word_1_122' title='bbox 1473 1746 1655 1795; x_wconf 82' lang='lat' dir='ltr'><strong>autem</strong></span> <span class='ocrx_word' id='word_1_123' title='bbox 1684 1736 1885 1809; x_wconf 60' lang='lat' dir='ltr'><strong>pradi-</strong></span> 
     </span>
    </p>
   </div>
   <div class='ocr_carea' id='block_1_18' title="bbox 289 1828 1885 1899">
    <p class='ocr_par' dir='ltr' id='par_1_18' title="bbox 289 1828 1885 1899">
     <span class='ocr_line' id='line_1_18' title="bbox 289 1828 1885 1899; baseline -0.008 -3"><span class='ocrx_word' id='word_1_124' title='bbox 289 1847 444 1896; x_wconf 76' lang='lat' dir='ltr'><strong>ettor</strong></span> <span class='ocrx_word' id='word_1_125' title='bbox 469 1853 537 1894; x_wconf 82' lang='lat' dir='ltr'><strong>ex</strong></span> <span class='ocrx_word' id='word_1_126' title='bbox 568 1835 796 1892; x_wconf 88' lang='lat' dir='ltr'><strong>mortuis</strong></span> <span class='ocrx_word' id='word_1_127' title='bbox 842 1832 1151 1899; x_wconf 81' lang='lat' dir='ltr'><strong>suscitatus,</strong></span> <span class='ocrx_word' id='word_1_128' title='bbox 1197 1830 1302 1886; x_wconf 85' lang='lat' dir='ltr'><strong>nisi</strong></span> <span class='ocrx_word' id='word_1_129' title='bbox 1327 1829 1574 1886; x_wconf 88' lang='lat' dir='ltr'><strong>Christus</strong></span> <span class='ocrx_word' id='word_1_130' title='bbox 1612 1828 1793 1896; x_wconf 73' lang='lat' dir='ltr'><strong>Iesus,</strong></span> <span class='ocrx_word' id='word_1_131' title='bbox 1828 1829 1885 1884; x_wconf 90' lang='lat' dir='ltr'><strong>in</strong></span> 
     </span>
    </p>
   </div>
   <div class='ocr_carea' id='block_1_19' title="bbox 290 1918 1963 2001">
    <p class='ocr_par' dir='ltr' id='par_1_19' title="bbox 290 1918 1963 2001">
     <span class='ocr_line' id='line_1_19' title="bbox 290 1918 1963 2001; baseline -0.004 -15"><span class='ocrx_word' id='word_1_132' title='bbox 290 1930 449 2001; x_wconf 86' lang='lat' dir='ltr'><strong>cujus</strong></span> <span class='ocrx_word' id='word_1_133' title='bbox 471 1928 737 1999; x_wconf 88' lang='lat' dir='ltr'><strong>duplicem</strong></span> <span class='ocrx_word' id='word_1_134' title='bbox 769 1941 931 1997; x_wconf 89' lang='lat' dir='ltr'><strong>quam</strong></span> <span class='ocrx_word' id='word_1_135' title='bbox 963 1926 1234 1996; x_wconf 82' lang='lat' dir='ltr'><strong>loquimur</strong></span> <span class='ocrx_word' id='word_1_136' title='bbox 1262 1924 1620 1981; x_wconf 86' lang='lat' dir='ltr'><strong>substantiam</strong></span> <span class='ocrx_word' id='word_1_137' title='bbox 1649 1922 1885 1993; x_wconf 82' lang='lat' dir='ltr'><strong>duplicis</strong></span> <span class='ocrx_word' id='word_1_138' title='bbox 1920 1918 1963 1979; x_wconf 83' lang='grc' dir='ltr'><strong>Β</strong></span> 
     </span>
    </p>
   </div>
   <div class='ocr_carea' id='block_1_20' title="bbox 288 2013 1888 2085">
    <p class='ocr_par' dir='ltr' id='par_1_20' title="bbox 288 2013 1888 2085">
     <span class='ocr_line' id='line_1_20' title="bbox 288 2013 1888 2085; baseline -0.008 -6"><span class='ocrx_word' id='word_1_139' title='bbox 288 2020 625 2079; x_wconf 81' lang='lat' dir='ltr'><strong>Testamenti</strong></span> <span class='ocrx_word' id='word_1_140' title='bbox 671 2018 849 2074; x_wconf 88' lang='lat' dir='ltr'><strong>unitas</strong></span> <span class='ocrx_word' id='word_1_141' title='bbox 889 2031 956 2073; x_wconf 78' lang='lat' dir='ltr'><strong>ex</strong></span> <span class='ocrx_word' id='word_1_142' title='bbox 990 2016 1305 2072; x_wconf 83' lang='lat' dir='ltr'><strong>diversitate</strong></span> <span class='ocrx_word' id='word_1_143' title='bbox 1352 2013 1654 2085; x_wconf 76' lang='lat' dir='ltr'><strong>colligitur?</strong></span> <span class='ocrx_word' id='word_1_144' title='bbox 1688 2013 1762 2068; x_wconf 87' lang='lat' dir='ltr'><strong>Ea</strong></span> <span class='ocrx_word' id='word_1_145' title='bbox 1814 2014 1888 2068; x_wconf 85' lang='lat' dir='ltr'><strong>si-</strong></span> 
     </span>
    </p>
   </div>
   <div class='ocr_carea' id='block_1_21' title="bbox 289 2106 1889 2185">
    <p class='ocr_par' dir='ltr' id='par_1_21' title="bbox 289 2106 1889 2185">
     <span class='ocr_line' id='line_1_21' title="bbox 289 2106 1889 2185; baseline -0.004 -19"><span class='ocrx_word' id='word_1_146' title='bbox 289 2111 514 2185; x_wconf 87' lang='lat' dir='ltr'><strong>quidem</strong></span> <span class='ocrx_word' id='word_1_147' title='bbox 542 2109 851 2166; x_wconf 80' lang='lat' dir='ltr'><strong>referuntur</strong></span> <span class='ocrx_word' id='word_1_148' title='bbox 880 2108 933 2163; x_wconf 92' lang='lat' dir='ltr'><strong>in</strong></span> <span class='ocrx_word' id='word_1_149' title='bbox 955 2107 1268 2179; x_wconf 82' lang='lat' dir='ltr'><strong>Evangeliis</strong></span> <span class='ocrx_word' id='word_1_150' title='bbox 1299 2122 1418 2177; x_wconf 63' lang='lat' dir='ltr'><strong>quas</strong></span> <span class='ocrx_word' id='word_1_151' title='bbox 1447 2106 1735 2182; x_wconf 51' lang='lat' dir='ltr'><strong>praedicata</strong></span> <span class='ocrx_word' id='word_1_152' title='bbox 1762 2116 1889 2161; x_wconf 90' lang='lat' dir='ltr'><strong>sunt</strong></span> 
     </span>
    </p>
   </div>
   <div class='ocr_carea' id='block_1_22' title="bbox 292 2197 1891 2274">
    <p class='ocr_par' dir='ltr' id='par_1_22' title="bbox 292 2197 1891 2274">
     <span class='ocr_line' id='line_1_22' title="bbox 292 2197 1891 2274; baseline -0.006 -14"><span class='ocrx_word' id='word_1_153' title='bbox 292 2205 346 2260; x_wconf 89' lang='lat' dir='ltr'><strong>in</strong></span> <span class='ocrx_word' id='word_1_154' title='bbox 379 2203 677 2274; x_wconf 89' lang='lat' dir='ltr'><strong>prophetis,</strong></span> <span class='ocrx_word' id='word_1_155' title='bbox 711 2210 766 2257; x_wconf 90' lang='lat' dir='ltr'><strong>et</strong></span> <span class='ocrx_word' id='word_1_156' title='bbox 791 2200 848 2256; x_wconf 87' lang='lat' dir='ltr'><strong>iit</strong></span> <span class='ocrx_word' id='word_1_157' title='bbox 870 2216 938 2258; x_wconf 79' lang='lat' dir='ltr'><strong>es</strong></span> <span class='ocrx_word' id='word_1_158' title='bbox 970 2200 1172 2256; x_wconf 86' lang='lat' dir='ltr'><strong>viribus</strong></span> <span class='ocrx_word' id='word_1_159' title='bbox 1195 2198 1548 2263; x_wconf 87' lang='lat' dir='ltr'><strong>Tcstamenti,</strong></span> <span class='ocrx_word' id='word_1_160' title='bbox 1574 2213 1680 2253; x_wconf 89' lang='lat' dir='ltr'><strong>non</strong></span> <span class='ocrx_word' id='word_1_161' title='bbox 1712 2197 1891 2252; x_wconf 81' lang='lat' dir='ltr'><strong>diver-</strong></span> 
     </span>
    </p>
   </div>
   <div class='ocr_carea' id='block_1_23' title="bbox 294 2287 1890 2364">
    <p class='ocr_par' dir='ltr' id='par_1_23' title="bbox 294 2287 1890 2364">
     <span class='ocr_line' id='line_1_23' title="bbox 294 2287 1890 2364; baseline -0.006 -13"><span class='ocrx_word' id='word_1_162' title='bbox 294 2294 481 2362; x_wconf 87' lang='lat' dir='ltr'><strong>sitate,</strong></span> <span class='ocrx_word' id='word_1_163' title='bbox 514 2293 609 2349; x_wconf 86' lang='lat' dir='ltr'><strong>sed</strong></span> <span class='ocrx_word' id='word_1_164' title='bbox 637 2301 899 2364; x_wconf 90' lang='lat' dir='ltr'><strong>tempore.</strong></span> <span class='ocrx_word' id='word_1_165' title='bbox 930 2292 1138 2347; x_wconf 81' lang='lat' dir='ltr'><strong>Recens</strong></span> <span class='ocrx_word' id='word_1_166' title='bbox 1167 2291 1367 2361; x_wconf 88' lang='lat' dir='ltr'><strong>quippe</strong></span> <span class='ocrx_word' id='word_1_167' title='bbox 1392 2289 1536 2361; x_wconf 91' lang='lat' dir='ltr'><strong>quod</strong></span> <span class='ocrx_word' id='word_1_168' title='bbox 1564 2287 1727 2344; x_wconf 86' lang='lat' dir='ltr'><strong>hodie</strong></span> <span class='ocrx_word' id='word_1_169' title='bbox 1750 2303 1890 2343; x_wconf 90' lang='lat' dir='ltr'><strong>com-</strong></span> 
     </span>
    </p>
   </div>
   <div class='ocr_carea' id='block_1_24' title="bbox 293 2380 1887 2457">
    <p class='ocr_par' dir='ltr' id='par_1_24' title="bbox 293 2380 1887 2457">
     <span class='ocr_line' id='line_1_24' title="bbox 293 2380 1887 2457; baseline -0.006 -15"><span class='ocrx_word' id='word_1_170' title='bbox 293 2386 476 2457; x_wconf 88' lang='lat' dir='ltr'><strong>pletur</strong></span> <span class='ocrx_word' id='word_1_171' title='bbox 497 2403 510 2439; x_wconf 89' lang='lat'><strong>:</strong></span> <span class='ocrx_word' id='word_1_172' title='bbox 535 2384 680 2456; x_wconf 89' lang='lat' dir='ltr'><strong>quod</strong></span> <span class='ocrx_word' id='word_1_173' title='bbox 707 2394 886 2440; x_wconf 88' lang='lat' dir='ltr'><strong>autem</strong></span> <span class='ocrx_word' id='word_1_174' title='bbox 909 2382 1002 2439; x_wconf 92' lang='lat' dir='ltr'><strong>diu</strong></span> <span class='ocrx_word' id='word_1_175' title='bbox 1028 2381 1443 2454; x_wconf 78' lang='lat' dir='ltr'><strong>exspectabatur</strong></span> <span class='ocrx_word' id='word_1_176' title='bbox 1462 2380 1757 2452; x_wconf 79' lang='lat' dir='ltr'><strong>Antiquam</strong></span> <span class='ocrx_word' id='word_1_177' title='bbox 1784 2390 1887 2435; x_wconf 87' lang='lat' dir='ltr'><strong>est.</strong></span> 
     </span>
    </p>
   </div>
   <div class='ocr_carea' id='block_1_25' title="bbox 292 2476 1889 2551">
    <p class='ocr_par' dir='ltr' id='par_1_25' title="bbox 292 2476 1889 2551">
     <span class='ocr_line' id='line_1_25' title="bbox 292 2476 1889 2551; baseline -0.003 -16"><span class='ocrx_word' id='word_1_178' title='bbox 292 2479 429 2535; x_wconf 75' lang='lat' dir='ltr'><strong>Nam</strong></span> <span class='ocrx_word' id='word_1_179' title='bbox 461 2480 583 2551; x_wconf 87' lang='lat' dir='ltr'><strong>quia</strong></span> <span class='ocrx_word' id='word_1_180' title='bbox 608 2478 678 2534; x_wconf 90' lang='lat' dir='ltr'><strong>de</strong></span> <span class='ocrx_word' id='word_1_181' title='bbox 706 2477 977 2534; x_wconf 81' lang='lat' dir='ltr'><strong>Abraham</strong></span> <span class='ocrx_word' id='word_1_182' title='bbox 1000 2477 1378 2548; x_wconf 88' lang='lat' dir='ltr'><strong>opportunitas</strong></span> <span class='ocrx_word' id='word_1_183' title='bbox 1406 2476 1677 2532; x_wconf 89' lang='lat' dir='ltr'><strong>sermonis</strong></span> <span class='ocrx_word' id='word_1_184' title='bbox 1700 2486 1889 2532; x_wconf 80' lang='lat' dir='ltr'><strong>exorta</strong></span> 
     </span>
    </p>
   </div>
   <div class='ocr_carea' id='block_1_26' title="bbox 295 2570 1889 2644">
    <p class='ocr_par' dir='ltr' id='par_1_26' title="bbox 295 2570 1889 2644">
     <span class='ocr_line' id='line_1_26' title="bbox 295 2570 1889 2644; baseline -0.003 -14"><span class='ocrx_word' id='word_1_185' title='bbox 295 2581 409 2641; x_wconf 86' lang='lat' dir='ltr'><strong>est,</strong></span> <span class='ocrx_word' id='word_1_186' title='bbox 438 2573 531 2644; x_wconf 89' lang='lat' dir='ltr'><strong>qui</strong></span> <span class='ocrx_word' id='word_1_187' title='bbox 566 2581 759 2629; x_wconf 83' lang='lat' dir='ltr'><strong>auctor</strong></span> <span class='ocrx_word' id='word_1_188' title='bbox 782 2575 1063 2644; x_wconf 86' lang='lat' dir='ltr'><strong>utriusque</strong></span> <span class='ocrx_word' id='word_1_189' title='bbox 1092 2571 1424 2629; x_wconf 80' lang='lat' dir='ltr'><strong>Testamentl</strong></span> <span class='ocrx_word' id='word_1_190' title='bbox 1457 2570 1652 2642; x_wconf 82' lang='lat' dir='ltr'><strong>legitur</strong></span> <span class='ocrx_word' id='word_1_191' title='bbox 1674 2572 1889 2628; x_wconf 91' lang='lat' dir='ltr'><strong>institu-</strong></span> 
     </span>
    </p>
   </div>
   <div class='ocr_carea' id='block_1_27' title="bbox 294 2661 1892 2739">
    <p class='ocr_par' dir='ltr' id='par_1_27' title="bbox 294 2661 1892 2739">
     <span class='ocr_line' id='line_1_27' title="bbox 294 2661 1892 2739; baseline -0.001 -20"><span class='ocrx_word' id='word_1_192' title='bbox 294 2675 405 2730; x_wconf 87' lang='lat' dir='ltr'><strong>tus,</strong></span> <span class='ocrx_word' id='word_1_193' title='bbox 422 2664 630 2720; x_wconf 84' lang='lat' dir='ltr'><strong>Vetusti</strong></span> <span class='ocrx_word' id='word_1_194' title='bbox 652 2664 793 2739; x_wconf 80' lang='lat' dir='ltr'><strong>[Atia</strong></span> <span class='ocrx_word' id='word_1_195' title='bbox 811 2665 982 2731; x_wconf 83' lang='lat' dir='ltr'><strong>lectio,</strong></span> <span class='ocrx_word' id='word_1_196' title='bbox 998 2661 1232 2735; x_wconf 79' lang='lat' dir='ltr'><strong>Veteris]</strong></span> <span class='ocrx_word' id='word_1_197' title='bbox 1257 2663 1465 2719; x_wconf 89' lang='lat' dir='ltr'><strong>scilicet</strong></span> <span class='ocrx_word' id='word_1_198' title='bbox 1486 2662 1892 2718; x_wconf 84' lang='lat' dir='ltr'><strong>intromittenda</strong></span> 
     </span>
    </p>
   </div>
   <div class='ocr_carea' id='block_1_28' title="bbox 295 2758 1892 2831">
    <p class='ocr_par' dir='ltr' id='par_1_28' title="bbox 295 2758 1892 2831">
     <span class='ocr_line' id='line_1_28' title="bbox 295 2758 1892 2831; baseline 0.001 -16"><span class='ocrx_word' id='word_1_199' title='bbox 295 2758 792 2826; x_wconf 86' lang='lat' dir='ltr'><strong>circumcisionem,</strong></span> <span class='ocrx_word' id='word_1_200' title='bbox 825 2759 961 2816; x_wconf 82' lang='lat' dir='ltr'><strong>Novi</strong></span> <span class='ocrx_word' id='word_1_201' title='bbox 1002 2774 1134 2815; x_wconf 89' lang='lat' dir='ltr'><strong>vero</strong></span> <span class='ocrx_word' id='word_1_202' title='bbox 1164 2758 1426 2830; x_wconf 87' lang='lat' dir='ltr'><strong>placenda</strong></span> <span class='ocrx_word' id='word_1_203' title='bbox 1476 2775 1573 2831; x_wconf 90' lang='lat' dir='ltr'><strong>per</strong></span> <span class='ocrx_word' id='word_1_204' title='bbox 1614 2759 1799 2829; x_wconf 85' lang='lat' dir='ltr'><strong>iidem,</strong></span> <span class='ocrx_word' id='word_1_205' title='bbox 1837 2761 1892 2816; x_wconf 92' lang='lat' dir='ltr'><strong>in</strong></span> 
     </span>
    </p>
   </div>
   <div class='ocr_carea' id='block_1_29' title="bbox 293 2847 1892 2916">
    <p class='ocr_par' dir='ltr' id='par_1_29' title="bbox 293 2847 1892 2916">
     <span class='ocr_line' id='line_1_29' title="bbox 293 2847 1892 2916; baseline 0.003 -13"><span class='ocrx_word' id='word_1_206' title='bbox 293 2848 392 2903; x_wconf 85' lang='lat' dir='ltr'><strong>illo</strong></span> <span class='ocrx_word' id='word_1_207' title='bbox 410 2847 721 2904; x_wconf 79' lang='lat' dir='ltr'><strong>Judteorum</strong></span> <span class='ocrx_word' id='word_1_208' title='bbox 746 2849 1142 2916; x_wconf 87' lang='lat' dir='ltr'><strong>tantummodo,</strong></span> <span class='ocrx_word' id='word_1_209' title='bbox 1172 2850 1227 2905; x_wconf 94' lang='lat' dir='ltr'><strong>in</strong></span> <span class='ocrx_word' id='word_1_210' title='bbox 1262 2850 1368 2906; x_wconf 90' lang='lat' dir='ltr'><strong>isto</strong></span> <span class='ocrx_word' id='word_1_211' title='bbox 1396 2859 1577 2906; x_wconf 90' lang='lat' dir='ltr'><strong>autem</strong></span> <span class='ocrx_word' id='word_1_212' title='bbox 1604 2852 1892 2908; x_wconf 88' lang='lat' dir='ltr'><strong>multarum</strong></span> 
     </span>
    </p>
   </div>
   <div class='ocr_carea' id='block_1_30' title="bbox 293 2940 1891 3014">
    <p class='ocr_par' dir='ltr' id='par_1_30' title="bbox 293 2940 1891 3014">
     <span class='ocr_line' id='line_1_30' title="bbox 293 2940 1891 3014; baseline 0.005 -19"><span class='ocrx_word' id='word_1_213' title='bbox 293 2940 537 3010; x_wconf 87' lang='lat' dir='ltr'><strong>gentium</strong></span> <span class='ocrx_word' id='word_1_214' title='bbox 590 2950 744 3013; x_wconf 90' lang='lat' dir='ltr'><strong>pater</strong></span> <span class='ocrx_word' id='word_1_215' title='bbox 788 2960 801 2995; x_wconf 91' lang='lat'><strong>:</strong></span> <span class='ocrx_word' id='word_1_216' title='bbox 845 2943 1191 3010; x_wconf 82' lang='lat' dir='ltr'><strong>experiamur</strong></span> <span class='ocrx_word' id='word_1_217' title='bbox 1234 2952 1414 2998; x_wconf 90' lang='lat' dir='ltr'><strong>utrum</strong></span> <span class='ocrx_word' id='word_1_218' title='bbox 1470 2944 1775 3014; x_wconf 80' lang='lat' dir='ltr'><strong>Evangeliis</strong></span> <span class='ocrx_word' id='word_1_219' title='bbox 1824 2946 1891 3003; x_wconf 91' lang='lat' dir='ltr'><strong>de</strong></span> 
     </span>
    </p>
   </div>
   <div class='ocr_carea' id='block_1_31' title="bbox 294 3029 1893 3107">
    <p class='ocr_par' dir='ltr' id='par_1_31' title="bbox 294 3029 1893 3107">
     <span class='ocr_line' id='line_1_31' title="bbox 294 3029 1893 3107; baseline 0.004 -21"><span class='ocrx_word' id='word_1_220' title='bbox 294 3029 496 3086; x_wconf 86' lang='lat' dir='ltr'><strong>Christi</strong></span> <span class='ocrx_word' id='word_1_221' title='bbox 523 3033 871 3102; x_wconf 79' lang='lat' dir='ltr'><strong>generatione</strong></span> <span class='ocrx_word' id='word_1_222' title='bbox 899 3033 1196 3089; x_wconf 81' lang='lat' dir='ltr'><strong>concordet</strong></span> <span class='ocrx_word' id='word_1_223' title='bbox 1225 3035 1275 3088; x_wconf 91' lang='lat' dir='ltr'><strong>in</strong></span> <span class='ocrx_word' id='word_1_224' title='bbox 1307 3048 1414 3104; x_wconf 89' lang='lat' dir='ltr'><strong>quo</strong></span> <span class='ocrx_word' id='word_1_225' title='bbox 1442 3050 1503 3089; x_wconf 90' lang='lat' dir='ltr'><strong>se</strong></span> <span class='ocrx_word' id='word_1_226' title='bbox 1530 3044 1737 3105; x_wconf 90' lang='lat' dir='ltr'><strong>patrem</strong></span> <span class='ocrx_word' id='word_1_227' title='bbox 1759 3052 1893 3107; x_wconf 83' lang='lat' dir='ltr'><strong>gen-</strong></span> 
     </span>
    </p>
   </div>
   <div class='ocr_carea' id='block_1_32' title="bbox 294 3124 1893 3198">
    <p class='ocr_par' dir='ltr' id='par_1_32' title="bbox 294 3124 1893 3198">
     <span class='ocr_line' id='line_1_32' title="bbox 294 3124 1893 3198; baseline 0.007 -22"><span class='ocrx_word' id='word_1_228' title='bbox 294 3124 430 3179; x_wconf 91' lang='lat' dir='ltr'><strong>tium</strong></span> <span class='ocrx_word' id='word_1_229' title='bbox 459 3134 831 3195; x_wconf 79' lang='lat' dir='ltr'><strong>recognoscat,</strong></span> <span class='ocrx_word' id='word_1_230' title='bbox 865 3141 933 3181; x_wconf 88' lang='lat' dir='ltr'><strong>an</strong></span> <span class='ocrx_word' id='word_1_231' title='bbox 966 3127 1324 3183; x_wconf 58' lang='lat' dir='ltr'><strong>aeternitatem</strong></span> <span class='ocrx_word' id='word_1_232' title='bbox 1357 3128 1514 3198; x_wconf 89' lang='lat' dir='ltr'><strong>hujus</strong></span> <span class='ocrx_word' id='word_1_233' title='bbox 1538 3128 1707 3198; x_wconf 90' lang='lat' dir='ltr'><strong>ipsius</strong></span> <span class='ocrx_word' id='word_1_234' title='bbox 1733 3133 1893 3187; x_wconf 87' lang='lat' dir='ltr'><strong>sobo-</strong></span> 
     </span>
    </p>
   </div>
   <div class='ocr_carea' id='block_1_33' title="bbox 294 3214 1887 3290">
    <p class='ocr_par' dir='ltr' id='par_1_33' title="bbox 294 3214 1887 3290">
     <span class='ocr_line' id='line_1_33' title="bbox 294 3214 1887 3290; baseline 0.004 -20"><span class='ocrx_word' id='word_1_235' title='bbox 294 3214 362 3270; x_wconf 84' lang='lat' dir='ltr'><strong>lis</strong></span> <span class='ocrx_word' id='word_1_236' title='bbox 385 3230 543 3285; x_wconf 90' lang='lat' dir='ltr'><strong>quam</strong></span> <span class='ocrx_word' id='word_1_237' title='bbox 561 3224 678 3272; x_wconf 88' lang='lat' dir='ltr'><strong>erat</strong></span> <span class='ocrx_word' id='word_1_238' title='bbox 698 3218 998 3287; x_wconf 86' lang='lat' dir='ltr'><strong>geniturus,</strong></span> <span class='ocrx_word' id='word_1_239' title='bbox 1029 3217 1311 3288; x_wconf 87' lang='lat' dir='ltr'><strong>intelligat.</strong></span> <span class='ocrx_word' id='word_1_240' title='bbox 1335 3217 1523 3275; x_wconf 89' lang='lat' dir='ltr'><strong>Utrum</strong></span> <span class='ocrx_word' id='word_1_241' title='bbox 1544 3235 1602 3276; x_wconf 89' lang='lat' dir='ltr'><strong>se</strong></span> <span class='ocrx_word' id='word_1_242' title='bbox 1618 3221 1887 3290; x_wconf 81' lang='lat' dir='ltr'><strong>juniorem</strong></span> 
     </span>
    </p>
   </div>
   <div class='ocr_carea' id='block_1_34' title="bbox 306 3283 1964 3382">
    <p class='ocr_par' dir='ltr' id='par_1_34' title="bbox 306 3283 1964 3382">
     <span class='ocr_line' id='line_1_34' title="bbox 306 3283 1964 3382; baseline 0.007 -22"><span class='ocrx_word' id='word_1_243' title='bbox 306 3283 507 3376; x_wconf 77' lang='lat' dir='ltr'><strong>nepote</strong></span> <span class='ocrx_word' id='word_1_244' title='bbox 545 3283 875 3378; x_wconf 74' lang='lat' dir='ltr'><strong>cognoscat:</strong></span> <span class='ocrx_word' id='word_1_245' title='bbox 909 3283 1228 3363; x_wconf 70' lang='lat' dir='ltr'><strong>utrumnam</strong></span> <span class='ocrx_word' id='word_1_246' title='bbox 1252 3283 1634 3379; x_wconf 35' lang='lat' dir='ltr'><strong>redemptori;</strong></span> <span class='ocrx_word' id='word_1_247' title='bbox 1658 3313 1802 3382; x_wconf 88' lang='lat' dir='ltr'><strong>quod</strong></span> <span class='ocrx_word' id='word_1_248' title='bbox 1831 3330 1889 3371; x_wconf 86' lang='lat' dir='ltr'><strong>se</strong></span> <span class='ocrx_word' id='word_1_249' title='bbox 1918 3283 1964 3346; x_wconf 62' lang='grc' dir='ltr'>ε</span> 
     </span>
    </p>
   </div>
   <div class='ocr_carea' id='block_1_35' title="bbox 293 3396 1892 3471">
    <p class='ocr_par' dir='ltr' id='par_1_35' title="bbox 293 3396 1892 3471">
     <span class='ocr_line' id='line_1_35' title="bbox 293 3396 1892 3471; baseline 0.008 -20"><span class='ocrx_word' id='word_1_250' title='bbox 293 3406 424 3452; x_wconf 88' lang='lat' dir='ltr'><strong>ante</strong></span> <span class='ocrx_word' id='word_1_251' title='bbox 450 3396 724 3453; x_wconf 81' lang='lat' dir='ltr'><strong>Abraham</strong></span> <span class='ocrx_word' id='word_1_252' title='bbox 751 3402 919 3469; x_wconf 85' lang='lat' dir='ltr'><strong>ponit,</strong></span> <span class='ocrx_word' id='word_1_253' title='bbox 949 3410 1000 3455; x_wconf 92' lang='lat' dir='ltr'><strong>et</strong></span> <span class='ocrx_word' id='word_1_254' title='bbox 1033 3400 1149 3471; x_wconf 89' lang='lat' dir='ltr'><strong>ipse</strong></span> <span class='ocrx_word' id='word_1_255' title='bbox 1170 3405 1476 3458; x_wconf 85' lang='lat' dir='ltr'><strong>consentiat</strong></span> <span class='ocrx_word' id='word_1_256' title='bbox 1507 3419 1522 3457; x_wconf 90' lang='lat'>:</span> <span class='ocrx_word' id='word_1_257' title='bbox 1558 3414 1735 3459; x_wconf 90' lang='lat' dir='ltr'><strong>utrum</strong></span> <span class='ocrx_word' id='word_1_258' title='bbox 1775 3409 1892 3463; x_wconf 80' lang='lat' dir='ltr'><strong>sine</strong></span> 
     </span>
    </p>
   </div>
   <div class='ocr_carea' id='block_1_36' title="bbox 295 3489 1887 3562">
    <p class='ocr_par' dir='ltr' id='par_1_36' title="bbox 295 3489 1887 3562">
     <span class='ocr_line' id='line_1_36' title="bbox 295 3489 1887 3562; baseline 0.011 -24"><span class='ocrx_word' id='word_1_259' title='bbox 295 3489 587 3559; x_wconf 77' lang='lat' dir='ltr'><strong>supercilio</strong></span> <span class='ocrx_word' id='word_1_260' title='bbox 618 3491 908 3559; x_wconf 88' lang='lat' dir='ltr'><strong>parentali,</strong></span> <span class='ocrx_word' id='word_1_261' title='bbox 943 3501 1255 3547; x_wconf 87' lang='lat' dir='ltr'><strong>reverenter</strong></span> <span class='ocrx_word' id='word_1_262' title='bbox 1282 3494 1619 3562; x_wconf 76' lang='lat' dir='ltr'><strong>impcndcret</strong></span> <span class='ocrx_word' id='word_1_263' title='bbox 1646 3497 1887 3554; x_wconf 91' lang='lat' dir='ltr'><strong>ministe-</strong></span> 
     </span>
    </p>
   </div>
   <div class='ocr_carea' id='block_1_37' title="bbox 298 3580 1895 3652">
    <p class='ocr_par' dir='ltr' id='par_1_37' title="bbox 298 3580 1895 3652">
     <span class='ocr_line' id='line_1_37' title="bbox 298 3580 1895 3652; baseline 0.008 -18"><span class='ocrx_word' id='word_1_264' title='bbox 298 3580 440 3652; x_wconf 83' lang='lat' dir='ltr'><strong>rium</strong></span> <span class='ocrx_word' id='word_1_265' title='bbox 493 3581 699 3637; x_wconf 88' lang='lat' dir='ltr'><strong>semiue</strong></span> <span class='ocrx_word' id='word_1_266' title='bbox 742 3583 1006 3651; x_wconf 78' lang='lat' dir='ltr'><strong>corporali</strong></span> <span class='ocrx_word' id='word_1_267' title='bbox 1048 3594 1239 3639; x_wconf 81' lang='lat' dir='ltr'><strong>exorto</strong></span> <span class='ocrx_word' id='word_1_268' title='bbox 1278 3586 1533 3641; x_wconf 81' lang='lat' dir='ltr'><strong>creatori.</strong></span> <span class='ocrx_word' id='word_1_269' title='bbox 1578 3587 1783 3643; x_wconf 77' lang='lat' dir='ltr'><strong>I..serat</strong></span> <span class='ocrx_word' id='word_1_270' title='bbox 1834 3604 1895 3647; x_wconf 90' lang='lat' dir='ltr'><strong>se</strong></span> 
     </span>
    </p>
   </div>
   <div class='ocr_carea' id='block_1_38' title="bbox 296 3674 1892 3747">
    <p class='ocr_par' dir='ltr' id='par_1_38' title="bbox 296 3674 1892 3747">
     <span class='ocr_line' id='line_1_38' title="bbox 296 3674 1892 3747; baseline 0.007 -20"><span class='ocrx_word' id='word_1_271' title='bbox 296 3674 573 3744; x_wconf 87' lang='lat' dir='ltr'><strong>paulisper</strong></span> <span class='ocrx_word' id='word_1_272' title='bbox 614 3675 733 3730; x_wconf 90' lang='lat' dir='ltr'><strong>loco</strong></span> <span class='ocrx_word' id='word_1_273' title='bbox 783 3676 1037 3743; x_wconf 65' lang='lat' dir='ltr'><strong>praesenti</strong></span> <span class='ocrx_word' id='word_1_274' title='bbox 1088 3676 1173 3730; x_wconf 85' lang='lat' dir='ltr'><strong>illa</strong></span> <span class='ocrx_word' id='word_1_275' title='bbox 1222 3677 1546 3743; x_wconf 88' lang='lat' dir='ltr'><strong>ohtestatio,</strong></span> <span class='ocrx_word' id='word_1_276' title='bbox 1602 3680 1892 3747; x_wconf 88' lang='lat' dir='ltr'><strong>juramenti</strong></span> 
     </span>
    </p>
   </div>
   <div class='ocr_carea' id='block_1_39' title="bbox 294 3765 1890 3841">
    <p class='ocr_par' dir='ltr' id='par_1_39' title="bbox 294 3765 1890 3841">
     <span class='ocr_line' id='line_1_39' title="bbox 294 3765 1890 3841; baseline 0.004 -20"><span class='ocrx_word' id='word_1_277' title='bbox 294 3765 456 3821; x_wconf 52' lang='lat' dir='ltr'><strong>iidem</strong></span> <span class='ocrx_word' id='word_1_278' title='bbox 485 3781 734 3835; x_wconf 88' lang='lat' dir='ltr'><strong>poscens,</strong></span> <span class='ocrx_word' id='word_1_279' title='bbox 765 3766 862 3822; x_wconf 91' lang='lat' dir='ltr'><strong>sed</strong></span> <span class='ocrx_word' id='word_1_280' title='bbox 889 3781 1225 3823; x_wconf 68' lang='lat' dir='ltr'><strong>Sacramenta</strong></span> <span class='ocrx_word' id='word_1_281' title='bbox 1269 3769 1615 3837; x_wconf 70' lang='lat' dir='ltr'><strong>patefaciens,</strong></span> <span class='ocrx_word' id='word_1_282' title='bbox 1642 3787 1745 3841; x_wconf 92' lang='lat' dir='ltr'><strong>qua</strong></span> <span class='ocrx_word' id='word_1_283' title='bbox 1780 3774 1890 3828; x_wconf 88' lang='lat' dir='ltr'><strong>dis-</strong></span> 
     </span>
    </p>
   </div>
   <div class='ocr_carea' id='block_1_40' title="bbox 293 3858 1889 3932">
    <p class='ocr_par' dir='ltr' id='par_1_40' title="bbox 293 3858 1889 3932">
     <span class='ocr_line' id='line_1_40' title="bbox 293 3858 1889 3932; baseline 0.005 -20"><span class='ocrx_word' id='word_1_284' title='bbox 293 3867 638 3927; x_wconf 85' lang='lat' dir='ltr'><strong>pensatorem</strong></span> <span class='ocrx_word' id='word_1_285' title='bbox 689 3858 880 3912; x_wconf 84' lang='lat' dir='ltr'><strong>domus</strong></span> <span class='ocrx_word' id='word_1_286' title='bbox 919 3874 1030 3913; x_wconf 64' lang='lat' dir='ltr'><strong>suae</strong></span> <span class='ocrx_word' id='word_1_287' title='bbox 1074 3874 1181 3913; x_wconf 90' lang='lat' dir='ltr'><strong>non</strong></span> <span class='ocrx_word' id='word_1_288' title='bbox 1230 3860 1347 3915; x_wconf 88' lang='lat' dir='ltr'><strong>sine</strong></span> <span class='ocrx_word' id='word_1_289' title='bbox 1400 3863 1661 3930; x_wconf 84' lang='lat' dir='ltr'><strong>mysterio.</strong></span> <span class='ocrx_word' id='word_1_290' title='bbox 1704 3866 1889 3932; x_wconf 77' lang='lat' dir='ltr'><strong>gratia:</strong></span> 
     </span>
    </p>
   </div>
   <div class='ocr_carea' id='block_1_41' title="bbox 292 3948 1888 4021">
    <p class='ocr_par' dir='ltr' id='par_1_41' title="bbox 292 3948 1888 4021">
     <span class='ocr_line' id='line_1_41' title="bbox 292 3948 1888 4021; baseline 0.003 -16"><span class='ocrx_word' id='word_1_291' title='bbox 292 3948 672 4019; x_wconf 84' lang='lat' dir='ltr'><strong>subsequentis</strong></span> <span class='ocrx_word' id='word_1_292' title='bbox 721 3950 998 4018; x_wconf 81' lang='lat' dir='ltr'><strong>adjurans,</strong></span> <span class='ocrx_word' id='word_1_293' title='bbox 1034 3950 1207 4017; x_wconf 87' lang='lat' dir='ltr'><strong>Pone,</strong></span> <span class='ocrx_word' id='word_1_294' title='bbox 1242 3952 1435 4021; x_wconf 85' lang='lat' dir='ltr'><strong>inquit,</strong></span> <span class='ocrx_word' id='word_1_295' title='bbox 1490 3971 1702 4007; x_wconf 83' lang='lat' dir='ltr'><strong>manum</strong></span> <span class='ocrx_word' id='word_1_296' title='bbox 1746 3965 1888 4010; x_wconf 84' lang='lat' dir='ltr'><strong>tuam</strong></span> 
     </span>
    </p>
   </div>
   <div class='ocr_carea' id='block_1_42' title="bbox 291 4041 1888 4115">
    <p class='ocr_par' dir='ltr' id='par_1_42' title="bbox 291 4041 1888 4115">
     <span class='ocr_line' id='line_1_42' title="bbox 291 4041 1888 4115; baseline 0.004 -20"><span class='ocrx_word' id='word_1_297' title='bbox 291 4043 388 4095; x_wconf 75' lang='lat' dir='ltr'><strong>sub</strong></span> <span class='ocrx_word' id='word_1_298' title='bbox 412 4042 603 4110; x_wconf 78' lang='lat' dir='ltr'><strong>femore</strong></span> <span class='ocrx_word' id='word_1_299' title='bbox 632 4055 762 4104; x_wconf 81' lang='lat' dir='ltr'><strong>meo,</strong></span> <span class='ocrx_word' id='word_1_300' title='bbox 795 4048 840 4093; x_wconf 84' lang='lat' dir='ltr'><strong>et</strong></span> <span class='ocrx_word' id='word_1_301' title='bbox 860 4042 988 4111; x_wconf 87' lang='lat' dir='ltr'><strong>jura</strong></span> <span class='ocrx_word' id='word_1_302' title='bbox 1018 4041 1140 4094; x_wconf 82' lang='lat' dir='ltr'><strong>nti/li</strong></span> <span class='ocrx_word' id='word_1_303' title='bbox 1179 4058 1273 4109; x_wconf 83' lang='lat' dir='ltr'><strong>per</strong></span> <span class='ocrx_word' id='word_1_304' title='bbox 1305 4041 1579 4095; x_wconf 83' lang='lat' dir='ltr'><strong>Dominum</strong></span> <span class='ocrx_word' id='word_1_305' title='bbox 1612 4045 1724 4098; x_wconf 69' lang='grc' dir='ltr'>διιεΙὶ</span> <span class='ocrx_word' id='word_1_306' title='bbox 1750 4050 1888 4115; x_wconf 82' lang='lat' dir='ltr'><strong>quod</strong></span> 
     </span>
    </p>
   </div>
   <div class='ocr_carea' id='block_1_43' title="bbox 292 4131 1887 4201">
    <p class='ocr_par' dir='ltr' id='par_1_43' title="bbox 292 4131 1887 4201">
     <span class='ocr_line' id='line_1_43' title="bbox 292 4131 1887 4201; baseline 0.004 -17"><span class='ocrx_word' id='word_1_307' title='bbox 292 4147 399 4185; x_wconf 78' lang='lat' dir='ltr'><strong>non</strong></span> <span class='ocrx_word' id='word_1_308' title='bbox 453 4132 675 4199; x_wconf 76' lang='lat' dir='ltr'><strong>accipias</strong></span> <span class='ocrx_word' id='word_1_309' title='bbox 726 4146 940 4185; x_wconf 71' lang='lat' dir='ltr'><strong>uxorcm</strong></span> <span class='ocrx_word' id='word_1_310' title='bbox 992 4131 1103 4199; x_wconf 76' lang='lat' dir='ltr'><strong>filio</strong></span> <span class='ocrx_word' id='word_1_311' title='bbox 1154 4148 1263 4185; x_wconf 83' lang='lat' dir='ltr'><strong>meo</strong></span> <span class='ocrx_word' id='word_1_312' title='bbox 1313 4132 1375 4186; x_wconf 87' lang='lat' dir='ltr'><strong>de</strong></span> <span class='ocrx_word' id='word_1_313' title='bbox 1422 4133 1629 4201; x_wconf 77' lang='lat' dir='ltr'><strong>ﬁliabus</strong></span> <span class='ocrx_word' id='word_1_314' title='bbox 1660 4134 1887 4191; x_wconf 77' lang='lat' dir='ltr'><strong>Cannam</strong></span> 
     </span>
    </p>
   </div>
   <div class='ocr_carea' id='block_1_44' title="bbox 292 4220 1887 4295">
    <p class='ocr_par' dir='ltr' id='par_1_44' title="bbox 292 4220 1887 4295">
     <span class='ocr_line' id='line_1_44' title="bbox 292 4220 1887 4295; baseline 0.004 -20"><span class='ocrx_word' id='word_1_315' title='bbox 292 4220 449 4291; x_wconf 80' lang='lat' dir='ltr'><strong>(Gen.</strong></span> <span class='ocrx_word' id='word_1_316' title='bbox 480 4236 624 4285; x_wconf 75' lang='lat' dir='ltr'><strong>xxiv,</strong></span> <span class='ocrx_word' id='word_1_317' title='bbox 656 4220 735 4290; x_wconf 74' lang='lat'><strong>2).</strong></span> <span class='ocrx_word' id='word_1_318' title='bbox 774 4221 921 4277; x_wconf 90' lang='lat' dir='ltr'><strong>Dicat</strong></span> <span class='ocrx_word' id='word_1_319' title='bbox 952 4222 1081 4275; x_wconf 69' lang='lat' dir='ltr'><strong>mihi</strong></span> <span class='ocrx_word' id='word_1_320' title='bbox 1104 4262 1119 4287; x_wconf 91' lang='lat'><strong>,</strong></span> <span class='ocrx_word' id='word_1_321' title='bbox 1153 4237 1359 4292; x_wconf 62' lang='lat' dir='ltr'><strong>qua‘so,</strong></span> <span class='ocrx_word' id='word_1_322' title='bbox 1392 4239 1510 4291; x_wconf 73' lang='lat' dir='ltr'><strong>qure</strong></span> <span class='ocrx_word' id='word_1_323' title='bbox 1537 4224 1887 4295; x_wconf 87' lang='lat' dir='ltr'><strong>jurisjnrandi</strong></span> 
     </span>
    </p>
   </div>
   <div class='ocr_carea' id='block_1_45' title="bbox 292 4312 1887 4387">
    <p class='ocr_par' dir='ltr' id='par_1_45' title="bbox 292 4312 1887 4387">
     <span class='ocr_line' id='line_1_45' title="bbox 292 4312 1887 4387; baseline 0.004 -18"><span class='ocrx_word' id='word_1_324' title='bbox 292 4312 595 4369; x_wconf 87' lang='lat' dir='ltr'><strong>reverentia</strong></span> <span class='ocrx_word' id='word_1_325' title='bbox 647 4321 860 4383; x_wconf 87' lang='lat' dir='ltr'><strong>putetur</strong></span> <span class='ocrx_word' id='word_1_326' title='bbox 891 4313 943 4367; x_wconf 88' lang='lat' dir='ltr'><strong>itt</strong></span> <span class='ocrx_word' id='word_1_327' title='bbox 986 4312 1212 4370; x_wconf 82' lang='lat' dir='ltr'><strong>femore.</strong></span> <span class='ocrx_word' id='word_1_328' title='bbox 1255 4313 1408 4381; x_wconf 88' lang='lat' dir='ltr'><strong>Quod</strong></span> <span class='ocrx_word' id='word_1_329' title='bbox 1439 4315 1503 4383; x_wconf 87' lang='lat' dir='ltr'><strong>si</strong></span> <span class='ocrx_word' id='word_1_330' title='bbox 1528 4320 1887 4387; x_wconf 67' lang='lat' dir='ltr'><strong>personaliter</strong></span> 
     </span>
    </p>
   </div>
   <div class='ocr_carea' id='block_1_46' title="bbox 364 4465 1887 4538">
    <p class='ocr_par' dir='ltr' id='par_1_46' title="bbox 364 4465 1887 4538">
     <span class='ocr_line' id='line_1_46' title="bbox 364 4465 1887 4538; baseline 0.005 -18"><span class='ocrx_word' id='word_1_331' title='bbox 364 4475 393 4505; x_wconf 80' lang='grc' dir='ltr'><strong>ι</strong></span> <span class='ocrx_word' id='word_1_332' title='bbox 425 4465 619 4538; x_wconf 86' lang='lat' dir='ltr'><strong>Primis</strong></span> <span class='ocrx_word' id='word_1_333' title='bbox 650 4465 737 4520; x_wconf 91' lang='lat' dir='ltr'><strong>hie</strong></span> <span class='ocrx_word' id='word_1_334' title='bbox 765 4467 923 4538; x_wconf 79' lang='lat' dir='ltr'><strong>annis</strong></span> <span class='ocrx_word' id='word_1_335' title='bbox 944 4481 1137 4536; x_wconf 89' lang='lat' dir='ltr'><strong>sapere</strong></span> <span class='ocrx_word' id='word_1_336' title='bbox 1165 4468 1309 4522; x_wconf 89' lang='lat' dir='ltr'><strong>visus</strong></span> <span class='ocrx_word' id='word_1_337' title='bbox 1340 4478 1446 4533; x_wconf 88' lang='lat' dir='ltr'><strong>est,</strong></span> <span class='ocrx_word' id='word_1_338' title='bbox 1471 4478 1522 4523; x_wconf 89' lang='lat' dir='ltr'><strong>et</strong></span> <span class='ocrx_word' id='word_1_339' title='bbox 1551 4485 1647 4538; x_wconf 79' lang='lat' dir='ltr'><strong>pro</strong></span> <span class='ocrx_word' id='word_1_340' title='bbox 1680 4473 1887 4538; x_wconf 83' lang='lat' dir='ltr'><strong>synodo</strong></span> 
     </span>
    </p>
   </div>
   <div class='ocr_carea' id='block_1_47' title="bbox 289 4488 1890 4609">
    <p class='ocr_par' dir='ltr' id='par_1_47' title="bbox 289 4488 1890 4609">
     <span class='ocr_line' id='line_1_47' title="bbox 364 4488 1887 4538; baseline 0.006 -19"><span class='ocrx_word' id='word_1_341' title='bbox 364 4488 393 4505; x_wconf 82' lang='lat'><strong>-</strong></span> <span class='ocrx_word' id='word_1_342' title='bbox 425 4488 619 4520; x_wconf 79' lang='lat' dir='ltr'><strong>rrtmls</strong></span> <span class='ocrx_word' id='word_1_343' title='bbox 650 4488 737 4520; x_wconf 82' lang='lat' dir='ltr'><strong>tut:</strong></span> <span class='ocrx_word' id='word_1_344' title='bbox 767 4488 923 4521; x_wconf 77' lang='lat' dir='ltr'><strong>anttls</strong></span> <span class='ocrx_word' id='word_1_345' title='bbox 944 4488 1137 4536; x_wconf 77' lang='lat' dir='ltr'><strong>sapere</strong></span> <span class='ocrx_word' id='word_1_346' title='bbox 1165 4488 1309 4522; x_wconf 82' lang='lat' dir='ltr'><strong>Vlsus</strong></span> <span class='ocrx_word' id='word_1_347' title='bbox 1340 4488 1446 4533; x_wconf 78' lang='lat' dir='ltr'><strong>eat,</strong></span> <span class='ocrx_word' id='word_1_348' title='bbox 1471 4488 1522 4523; x_wconf 85' lang='lat' dir='ltr'><strong>et</strong></span> <span class='ocrx_word' id='word_1_349' title='bbox 1551 4488 1647 4538; x_wconf 72' lang='lat' dir='ltr'><strong>pro</strong></span> <span class='ocrx_word' id='word_1_350' title='bbox 1680 4488 1706 4523; x_wconf 92' lang='lat' dir='ltr'><strong>s</strong></span> <span class='ocrx_word' id='word_1_351' title='bbox 1730 4488 1887 4528; x_wconf 74' lang='lat' dir='ltr'><strong>&#39;noao</strong></span> 
     </span>
     <span class='ocr_line' id='line_1_48' title="bbox 289 4488 1890 4609; baseline 0.005 -19"><span class='ocrx_word' id='word_1_352' title='bbox 289 4537 721 4609; x_wconf 86' lang='lat' dir='ltr'><strong>Chalcedonensi</strong></span> <span class='ocrx_word' id='word_1_353' title='bbox 748 4536 1027 4591; x_wconf 84' lang='lat' dir='ltr'><strong>decertare</strong></span> <span class='ocrx_word' id='word_1_354' title='bbox 1048 4547 1235 4593; x_wconf 88' lang='lat' dir='ltr'><strong>contra</strong></span> <span class='ocrx_word' id='word_1_355' title='bbox 1270 4539 1653 4609; x_wconf 86' lang='lat' dir='ltr'><strong>Eutychianos.</strong></span> <span class='ocrx_word' id='word_1_356' title='bbox 1681 4488 1890 4599; x_wconf 50' lang='lat' dir='ltr'><strong>hiutato</strong></span> 
     </span>
    </p>
   </div>
   <div class='ocr_carea' id='block_1_48' title="bbox 292 4608 1891 4678">
    <p class='ocr_par' dir='ltr' id='par_1_48' title="bbox 292 4608 1891 4678">
     <span class='ocr_line' id='line_1_49' title="bbox 292 4608 1891 4678; baseline 0.005 -17"><span class='ocrx_word' id='word_1_357' title='bbox 292 4617 480 4678; x_wconf 78' lang='lat' dir='ltr'><strong>postea</strong></span> <span class='ocrx_word' id='word_1_358' title='bbox 510 4608 765 4670; x_wconf 79' lang='lat' dir='ltr'><strong>consilio,</strong></span> <span class='ocrx_word' id='word_1_359' title='bbox 800 4622 959 4676; x_wconf 90' lang='lat' dir='ltr'><strong>quam</strong></span> <span class='ocrx_word' id='word_1_360' title='bbox 989 4623 1178 4678; x_wconf 83' lang='lat' dir='ltr'><strong>graves</strong></span> <span class='ocrx_word' id='word_1_361' title='bbox 1208 4610 1260 4662; x_wconf 90' lang='lat' dir='ltr'><strong>in</strong></span> <span class='ocrx_word' id='word_1_362' title='bbox 1295 4608 1536 4664; x_wconf 78' lang='lat' dir='ltr'><strong>Ecclesia</strong></span> <span class='ocrx_word' id='word_1_363' title='bbox 1570 4613 1761 4667; x_wconf 85' lang='lat' dir='ltr'><strong>turbas</strong></span> <span class='ocrx_word' id='word_1_364' title='bbox 1794 4630 1891 4668; x_wconf 79' lang='lat' dir='ltr'><strong>ex-</strong></span> 
     </span>
    </p>
   </div>
   <div class='ocr_carea' id='block_1_49' title="bbox 1984 637 3582 708">
    <p class='ocr_par' dir='ltr' id='par_1_49' title="bbox 1984 637 3582 708">
     <span class='ocr_line' id='line_1_50' title="bbox 1984 637 3582 708; baseline 0.003 -15"><span class='ocrx_word' id='word_1_365' title='bbox 1984 638 2094 693; x_wconf 22' lang='lat' dir='ltr'><strong>.Ant</strong></span> <span class='ocrx_word' id='word_1_366' title='bbox 2135 650 2258 706; x_wconf 76' lang='lat' dir='ltr'><strong>qua:</strong></span> <span class='ocrx_word' id='word_1_367' title='bbox 2303 651 2464 692; x_wconf 87' lang='lat' dir='ltr'><strong>causa</strong></span> <span class='ocrx_word' id='word_1_368' title='bbox 2512 637 2751 704; x_wconf 77' lang='lat' dir='ltr'><strong>femoris,</strong></span> <span class='ocrx_word' id='word_1_369' title='bbox 2786 638 3101 708; x_wconf 83' lang='lat' dir='ltr'><strong>interposita</strong></span> <span class='ocrx_word' id='word_1_370' title='bbox 3134 638 3227 696; x_wconf 89' lang='lat' dir='ltr'><strong>Dei</strong></span> <span class='ocrx_word' id='word_1_371' title='bbox 3259 655 3323 697; x_wconf 81' lang='lat' dir='ltr'><strong>ac</strong></span> <span class='ocrx_word' id='word_1_372' title='bbox 3372 642 3582 699; x_wconf 88' lang='lat' dir='ltr'><strong>Domini</strong></span> 
     </span>
    </p>
   </div>
   <div class='ocr_carea' id='block_1_50' title="bbox 1987 726 3587 800">
    <p class='ocr_par' dir='ltr' id='par_1_50' title="bbox 1987 726 3587 800">
     <span class='ocr_line' id='line_1_51' title="bbox 1987 726 3587 800; baseline 0.006 -18"><span class='ocrx_word' id='word_1_373' title='bbox 1987 726 2265 783; x_wconf 88' lang='lat' dir='ltr'><strong>mentione</strong></span> <span class='ocrx_word' id='word_1_374' title='bbox 2286 728 2540 797; x_wconf 88' lang='lat' dir='ltr'><strong>jurandi;</strong></span> <span class='ocrx_word' id='word_1_375' title='bbox 2587 729 2691 784; x_wconf 89' lang='lat' dir='ltr'><strong>nisi</strong></span> <span class='ocrx_word' id='word_1_376' title='bbox 2732 730 2854 800; x_wconf 90' lang='lat' dir='ltr'><strong>quia</strong></span> <span class='ocrx_word' id='word_1_377' title='bbox 2883 744 2981 800; x_wconf 89' lang='lat' dir='ltr'><strong>per</strong></span> <span class='ocrx_word' id='word_1_378' title='bbox 3015 732 3163 786; x_wconf 88' lang='lat' dir='ltr'><strong>illum</strong></span> <span class='ocrx_word' id='word_1_379' title='bbox 3195 732 3364 788; x_wconf 89' lang='lat' dir='ltr'><strong>Deum</strong></span> <span class='ocrx_word' id='word_1_380' title='bbox 3387 746 3451 789; x_wconf 79' lang='lat' dir='ltr'><strong>ac</strong></span> <span class='ocrx_word' id='word_1_381' title='bbox 3480 733 3587 791; x_wconf 89' lang='lat' dir='ltr'><strong>Do-</strong></span> 
     </span>
    </p>
   </div>
   <div class='ocr_carea' id='block_1_51' title="bbox 1986 818 3583 894">
    <p class='ocr_par' dir='ltr' id='par_1_51' title="bbox 1986 818 3583 894">
     <span class='ocr_line' id='line_1_52' title="bbox 1986 818 3583 894; baseline 0.005 -22"><span class='ocrx_word' id='word_1_382' title='bbox 1986 818 2189 873; x_wconf 88' lang='lat' dir='ltr'><strong>minum</strong></span> <span class='ocrx_word' id='word_1_383' title='bbox 2212 818 2336 874; x_wconf 66' lang='lat' dir='ltr'><strong>caeli</strong></span> <span class='ocrx_word' id='word_1_384' title='bbox 2363 832 2523 891; x_wconf 90' lang='lat' dir='ltr'><strong>quem</strong></span> <span class='ocrx_word' id='word_1_385' title='bbox 2554 818 2679 875; x_wconf 89' lang='lat' dir='ltr'><strong>inde</strong></span> <span class='ocrx_word' id='word_1_386' title='bbox 2702 821 2900 877; x_wconf 70' lang='lat' dir='ltr'><strong>saccula</strong></span> <span class='ocrx_word' id='word_1_387' title='bbox 2931 821 3255 879; x_wconf 88' lang='lat' dir='ltr'><strong>videbantur</strong></span> <span class='ocrx_word' id='word_1_388' title='bbox 3284 824 3583 894; x_wconf 72' lang='lat' dir='ltr'><strong>prolatare,</strong></span> 
     </span>
    </p>
   </div>
   <div class='ocr_carea' id='block_1_52' title="bbox 1981 909 3585 985">
    <p class='ocr_par' dir='ltr' id='par_1_52' title="bbox 1981 909 3585 985">
     <span class='ocr_line' id='line_1_53' title="bbox 1981 909 3585 985; baseline 0.004 -20"><span class='ocrx_word' id='word_1_389' title='bbox 1981 909 2219 981; x_wconf 88' lang='lat' dir='ltr'><strong>juratum</strong></span> <span class='ocrx_word' id='word_1_390' title='bbox 2242 910 2360 965; x_wconf 75' lang='lat' dir='ltr'><strong>est?</strong></span> <span class='ocrx_word' id='word_1_391' title='bbox 2404 910 2518 967; x_wconf 87' lang='lat' dir='ltr'><strong>Scit</strong></span> <span class='ocrx_word' id='word_1_392' title='bbox 2548 926 2680 983; x_wconf 87' lang='lat' dir='ltr'><strong>ergo</strong></span> <span class='ocrx_word' id='word_1_393' title='bbox 2712 912 2988 976; x_wconf 87' lang='lat' dir='ltr'><strong>nimirum.</strong></span> <span class='ocrx_word' id='word_1_394' title='bbox 3020 915 3107 970; x_wconf 89' lang='lat' dir='ltr'><strong>cui</strong></span> <span class='ocrx_word' id='word_1_395' title='bbox 3161 915 3430 985; x_wconf 75' lang='lat' dir='ltr'><strong>prosapia:</strong></span> <span class='ocrx_word' id='word_1_396' title='bbox 3475 929 3585 971; x_wconf 90' lang='lat' dir='ltr'><strong>non</strong></span> 
     </span>
    </p>
   </div>
   <div class='ocr_carea' id='block_1_53' title="bbox 1986 1003 3589 1079">
    <p class='ocr_par' dir='ltr' id='par_1_53' title="bbox 1986 1003 3589 1079">
     <span class='ocr_line' id='line_1_54' title="bbox 1986 1003 3589 1079; baseline 0.004 -22"><span class='ocrx_word' id='word_1_397' title='bbox 1986 1012 2094 1057; x_wconf 89' lang='lat' dir='ltr'><strong>tam</strong></span> <span class='ocrx_word' id='word_1_398' title='bbox 2148 1003 2502 1073; x_wconf 60' lang='lat' dir='ltr'><strong>praemineat</strong></span> <span class='ocrx_word' id='word_1_399' title='bbox 2544 1003 2659 1073; x_wconf 83' lang='lat' dir='ltr'><strong>ipse</strong></span> <span class='ocrx_word' id='word_1_400' title='bbox 2701 1019 2864 1075; x_wconf 88' lang='lat' dir='ltr'><strong>quam</strong></span> <span class='ocrx_word' id='word_1_401' title='bbox 2912 1005 3136 1061; x_wconf 84' lang='lat' dir='ltr'><strong>serviat.</strong></span> <span class='ocrx_word' id='word_1_402' title='bbox 3179 1006 3339 1062; x_wconf 80' lang='lat' dir='ltr'><strong>Notit</strong></span> <span class='ocrx_word' id='word_1_403' title='bbox 3383 1023 3589 1079; x_wconf 65' lang='lat' dir='ltr'><strong>qu&#39;ppe</strong></span> 
     </span>
    </p>
   </div>
   <div class='ocr_carea' id='block_1_54' title="bbox 1985 1093 3585 1170">
    <p class='ocr_par' dir='ltr' id='par_1_54' title="bbox 1985 1093 3585 1170">
     <span class='ocr_line' id='line_1_55' title="bbox 1985 1093 3585 1170; baseline 0.004 -23"><span class='ocrx_word' id='word_1_404' title='bbox 1985 1094 2113 1165; x_wconf 88' lang='lat' dir='ltr'><strong>quid</strong></span> <span class='ocrx_word' id='word_1_405' title='bbox 2138 1095 2191 1151; x_wconf 91' lang='lat' dir='ltr'><strong>in</strong></span> <span class='ocrx_word' id='word_1_406' title='bbox 2221 1109 2452 1163; x_wconf 88' lang='lat' dir='ltr'><strong>corpore</strong></span> <span class='ocrx_word' id='word_1_407' title='bbox 2479 1109 2579 1150; x_wconf 92' lang='lat' dir='ltr'><strong>suo</strong></span> <span class='ocrx_word' id='word_1_408' title='bbox 2608 1093 2805 1152; x_wconf 79' lang='lat' dir='ltr'><strong>debeat</strong></span> <span class='ocrx_word' id='word_1_409' title='bbox 2836 1095 3066 1153; x_wconf 53' lang='lat' dir='ltr'><strong>adorare</strong></span> <span class='ocrx_word' id='word_1_410' title='bbox 3091 1114 3105 1151; x_wconf 91' lang='lat'>:</span> <span class='ocrx_word' id='word_1_411' title='bbox 3133 1097 3381 1170; x_wconf 90' lang='lat' dir='ltr'><strong>intelligit</strong></span> <span class='ocrx_word' id='word_1_412' title='bbox 3408 1114 3585 1154; x_wconf 86' lang='lat' dir='ltr'><strong>mem-</strong></span> 
     </span>
    </p>
   </div>
   <div class='ocr_carea' id='block_1_55' title="bbox 1987 1187 3583 1261">
    <p class='ocr_par' dir='ltr' id='par_1_55' title="bbox 1987 1187 3583 1261">
     <span class='ocr_line' id='line_1_56' title="bbox 1987 1187 3583 1261; baseline 0.003 -18"><span class='ocrx_word' id='word_1_413' title='bbox 1987 1187 2112 1253; x_wconf 88' lang='lat' dir='ltr'><strong>bra,</strong></span> <span class='ocrx_word' id='word_1_414' title='bbox 2161 1202 2283 1257; x_wconf 66' lang='lat' dir='ltr'><strong>quae</strong></span> <span class='ocrx_word' id='word_1_415' title='bbox 2327 1196 2515 1243; x_wconf 91' lang='lat' dir='ltr'><strong>contra</strong></span> <span class='ocrx_word' id='word_1_416' title='bbox 2562 1187 2854 1244; x_wconf 86' lang='lat' dir='ltr'><strong>humanam</strong></span> <span class='ocrx_word' id='word_1_417' title='bbox 2885 1190 3328 1247; x_wconf 71' lang='lat' dir='ltr'><strong>consuetudinem</strong></span> <span class='ocrx_word' id='word_1_418' title='bbox 3358 1192 3583 1261; x_wconf 85' lang='lat' dir='ltr'><strong>speciali</strong></span> 
     </span>
    </p>
   </div>
   <div class='ocr_carea' id='block_1_56' title="bbox 1989 1268 3584 1353">
    <p class='ocr_par' dir='ltr' id='par_1_56' title="bbox 1989 1268 3584 1353">
     <span class='ocr_line' id='line_1_57' title="bbox 1989 1268 3584 1353; baseline 0.001 -20"><span class='ocrx_word' id='word_1_419' title='bbox 1989 1268 2197 1334; x_wconf 82' lang='lat' dir='ltr'><strong>honore</strong></span> <span class='ocrx_word' id='word_1_420' title='bbox 2234 1287 2539 1335; x_wconf 89' lang='lat' dir='ltr'><strong>veneretur.</strong></span> <span class='ocrx_word' id='word_1_421' title='bbox 2577 1279 2705 1334; x_wconf 84' lang='lat' dir='ltr'><strong>Post</strong></span> <span class='ocrx_word' id='word_1_422' title='bbox 2758 1296 2876 1351; x_wconf 64' lang='lat' dir='ltr'><strong>quas</strong></span> <span class='ocrx_word' id='word_1_423' title='bbox 2905 1283 3307 1353; x_wconf 73' lang='lat' dir='ltr'><strong>praecedentum</strong></span> <span class='ocrx_word' id='word_1_424' title='bbox 3364 1282 3584 1353; x_wconf 70' lang='lat' dir='ltr'><strong>indicia,</strong></span> 
     </span>
    </p>
   </div>
   <div class='ocr_carea' id='block_1_57' title="bbox 1988 1371 3584 1444">
    <p class='ocr_par' dir='ltr' id='par_1_57' title="bbox 1988 1371 3584 1444">
     <span class='ocr_line' id='line_1_58' title="bbox 1988 1371 3584 1444; baseline 0.004 -18"><span class='ocrx_word' id='word_1_425' title='bbox 1988 1371 2246 1427; x_wconf 88' lang='lat' dir='ltr'><strong>miracula</strong></span> <span class='ocrx_word' id='word_1_426' title='bbox 2263 1373 2707 1443; x_wconf 85' lang='lat' dir='ltr'><strong>subsequentum,</strong></span> <span class='ocrx_word' id='word_1_427' title='bbox 2740 1374 2866 1429; x_wconf 89' lang='lat' dir='ltr'><strong>licet</strong></span> <span class='ocrx_word' id='word_1_428' title='bbox 2888 1375 3119 1444; x_wconf 89' lang='lat' dir='ltr'><strong>plurima</strong></span> <span class='ocrx_word' id='word_1_429' title='bbox 3145 1375 3584 1432; x_wconf 89' lang='lat' dir='ltr'><strong>testimoniorum</strong></span> 
     </span>
    </p>
   </div>
   <div class='ocr_carea' id='block_1_58' title="bbox 1989 1460 3592 1534">
    <p class='ocr_par' dir='ltr' id='par_1_58' title="bbox 1989 1460 3592 1534">
     <span class='ocr_line' id='line_1_59' title="bbox 1989 1460 3592 1534; baseline 0.002 -16"><span class='ocrx_word' id='word_1_430' title='bbox 1989 1460 2057 1518; x_wconf 89' lang='lat' dir='ltr'><strong>de</strong></span> <span class='ocrx_word' id='word_1_431' title='bbox 2088 1460 2392 1534; x_wconf 78' lang='lat' dir='ltr'><strong>Evangeliis</strong></span> <span class='ocrx_word' id='word_1_432' title='bbox 2415 1463 2781 1534; x_wconf 69' lang='lat' dir='ltr'><strong>:tpostolisque</strong></span> <span class='ocrx_word' id='word_1_433' title='bbox 2811 1479 3142 1533; x_wconf 81' lang='lat' dir='ltr'><strong>promamus,</strong></span> <span class='ocrx_word' id='word_1_434' title='bbox 3182 1477 3368 1523; x_wconf 89' lang='lat' dir='ltr'><strong>metuo</strong></span> <span class='ocrx_word' id='word_1_435' title='bbox 3406 1466 3475 1522; x_wconf 90' lang='lat' dir='ltr'><strong>ad</strong></span> <span class='ocrx_word' id='word_1_436' title='bbox 3508 1466 3592 1522; x_wconf 91' lang='lat' dir='ltr'><strong>ul-</strong></span> 
     </span>
    </p>
   </div>
   <div class='ocr_carea' id='block_1_59' title="bbox 1991 1554 3591 1629">
    <p class='ocr_par' dir='ltr' id='par_1_59' title="bbox 1991 1554 3591 1629">
     <span class='ocr_line' id='line_1_60' title="bbox 1991 1554 3591 1629; baseline 0.004 -21"><span class='ocrx_word' id='word_1_437' title='bbox 1991 1554 2202 1621; x_wconf 91' lang='lat' dir='ltr'><strong>timum,</strong></span> <span class='ocrx_word' id='word_1_438' title='bbox 2251 1554 2395 1625; x_wconf 83' lang='lat' dir='ltr'><strong>quod</strong></span> <span class='ocrx_word' id='word_1_439' title='bbox 2443 1568 2565 1610; x_wconf 90' lang='lat' dir='ltr'><strong>cum</strong></span> <span class='ocrx_word' id='word_1_440' title='bbox 2616 1555 2938 1627; x_wconf 82' lang='lat' dir='ltr'><strong>Eutyehiani</strong></span> <span class='ocrx_word' id='word_1_441' title='bbox 2988 1572 3089 1613; x_wconf 88' lang='lat' dir='ltr'><strong>nec</strong></span> <span class='ocrx_word' id='word_1_442' title='bbox 3141 1558 3591 1629; x_wconf 82' lang='lat' dir='ltr'><strong>patriarchalibtts</strong></span> 
     </span>
    </p>
   </div>
   <div class='ocr_carea' id='block_1_60' title="bbox 1990 1644 3591 1722">
    <p class='ocr_par' dir='ltr' id='par_1_60' title="bbox 1990 1644 3591 1722">
     <span class='ocr_line' id='line_1_61' title="bbox 1990 1644 3591 1722; baseline 0.001 -21"><span class='ocrx_word' id='word_1_443' title='bbox 1990 1645 2167 1710; x_wconf 79' lang='lat' dir='ltr'><strong>factis,</strong></span> <span class='ocrx_word' id='word_1_444' title='bbox 2198 1659 2297 1700; x_wconf 90' lang='lat' dir='ltr'><strong>nec</strong></span> <span class='ocrx_word' id='word_1_445' title='bbox 2313 1644 2473 1700; x_wconf 88' lang='lat' dir='ltr'><strong>dictis</strong></span> <span class='ocrx_word' id='word_1_446' title='bbox 2502 1646 2906 1717; x_wconf 80' lang='lat' dir='ltr'><strong>prophetalhus</strong></span> <span class='ocrx_word' id='word_1_447' title='bbox 2932 1649 3255 1718; x_wconf 74' lang='lat' dir='ltr'><strong>excitentur,</strong></span> <span class='ocrx_word' id='word_1_448' title='bbox 3282 1650 3326 1705; x_wconf 87' lang='lat' dir='ltr'><strong>si</strong></span> <span class='ocrx_word' id='word_1_449' title='bbox 3351 1649 3591 1722; x_wconf 75' lang='lat' dir='ltr'><strong>Moysetn</strong></span> 
     </span>
    </p>
   </div>
   <div class='ocr_carea' id='block_1_61' title="bbox 1990 1735 3594 1813">
    <p class='ocr_par' dir='ltr' id='par_1_61' title="bbox 1990 1735 3594 1813">
     <span class='ocr_line' id='line_1_62' title="bbox 1990 1735 3594 1813; baseline 0.002 -19"><span class='ocrx_word' id='word_1_450' title='bbox 1990 1745 2046 1794; x_wconf 92' lang='lat' dir='ltr'><strong>et</strong></span> <span class='ocrx_word' id='word_1_451' title='bbox 2096 1735 2387 1807; x_wconf 87' lang='lat' dir='ltr'><strong>pr0phetas</strong></span> <span class='ocrx_word' id='word_1_452' title='bbox 2419 1752 2523 1792; x_wconf 86' lang='lat' dir='ltr'><strong>non</strong></span> <span class='ocrx_word' id='word_1_453' title='bbox 2575 1738 2877 1805; x_wconf 89' lang='lat' dir='ltr'><strong>audierint,</strong></span> <span class='ocrx_word' id='word_1_454' title='bbox 2914 1755 3015 1797; x_wconf 88' lang='lat' dir='ltr'><strong>nec</strong></span> <span class='ocrx_word' id='word_1_455' title='bbox 3066 1741 3114 1797; x_wconf 91' lang='lat' dir='ltr'><strong>ei</strong></span> <span class='ocrx_word' id='word_1_456' title='bbox 3146 1741 3238 1813; x_wconf 89' lang='lat' dir='ltr'><strong>qui</strong></span> <span class='ocrx_word' id='word_1_457' title='bbox 3265 1756 3329 1798; x_wconf 75' lang='lat' dir='ltr'><strong>ex</strong></span> <span class='ocrx_word' id='word_1_458' title='bbox 3365 1742 3594 1799; x_wconf 81' lang='lat' dir='ltr'><strong>mortuis</strong></span> 
     </span>
    </p>
   </div>
   <div class='ocr_carea' id='block_1_62' title="bbox 1994 1831 2628 1887">
    <p class='ocr_par' dir='ltr' id='par_1_62' title="bbox 1994 1831 2628 1887">
     <span class='ocr_line' id='line_1_63' title="bbox 1994 1831 2628 1887; baseline 0.002 -1"><span class='ocrx_word' id='word_1_459' title='bbox 1994 1844 2245 1887; x_wconf 86' lang='lat' dir='ltr'><strong>reversus</strong></span> <span class='ocrx_word' id='word_1_460' title='bbox 2272 1840 2355 1887; x_wconf 89' lang='lat' dir='ltr'><strong>est</strong></span> <span class='ocrx_word' id='word_1_461' title='bbox 2384 1831 2628 1887; x_wconf 84' lang='lat' dir='ltr'><strong>credent.</strong></span> 
     </span>
    </p>
   </div>
   <div class='ocr_carea' id='block_1_63' title="bbox 2556 1923 3026 1982">
    <p class='ocr_par' dir='ltr' id='par_1_63' title="bbox 2556 1923 3026 1982">
     <span class='ocr_line' id='line_1_64' title="bbox 2556 1923 3026 1982; baseline 0.009 -4"><span class='ocrx_word' id='word_1_462' title='bbox 2556 1923 2893 1982; x_wconf 83' lang='lat' dir='ltr'><strong>EPISTOLA</strong></span> <span class='ocrx_word' id='word_1_463' title='bbox 2937 1925 3026 1982; x_wconf 88' lang='lat' dir='ltr'><strong>Ill.</strong></span> 
     </span>
    </p>
   </div>
   <div class='ocr_carea' id='block_1_64' title="bbox 2086 2029 3504 2075">
    <p class='ocr_par' dir='ltr' id='par_1_64' title="bbox 2086 2029 3504 2075">
     <span class='ocr_line' id='line_1_65' title="bbox 2086 2029 3504 2075; baseline 0.001 -4"><span class='ocrx_word' id='word_1_464' title='bbox 2086 2031 2141 2071; x_wconf 58' lang='grc' dir='ltr'><strong>ΔΧ</strong></span> <span class='ocrx_word' id='word_1_465' title='bbox 2156 2029 2279 2071; x_wconf 80' lang='lat' dir='ltr'><strong>ITUS</strong></span> <span class='ocrx_word' id='word_1_466' title='bbox 2318 2030 2627 2070; x_wconf 67' lang='lat' dir='ltr'><strong>&quot;ENNENSIS</strong></span> <span class='ocrx_word' id='word_1_467' title='bbox 2667 2032 2943 2074; x_wconf 72' lang='lat' dir='ltr'><strong>EPISCOPUS</strong></span> <span class='ocrx_word' id='word_1_468' title='bbox 2983 2032 3157 2075; x_wconf 68' lang='lat' dir='ltr'><strong>DOINO</strong></span> <span class='ocrx_word' id='word_1_469' title='bbox 3192 2031 3504 2075; x_wconf 71' lang='grc' dir='ltr'>αυιωοῖιιιιο</span> 
     </span>
    </p>
   </div>
   <div class='ocr_carea' id='block_1_65' title="bbox 2719 2103 2863 2145">
    <p class='ocr_par' dir='ltr' id='par_1_65' title="bbox 2719 2103 2863 2145">
     <span class='ocr_line' id='line_1_66' title="bbox 2719 2103 2863 2145; baseline 0 -3"><span class='ocrx_word' id='word_1_470' title='bbox 2719 2103 2863 2145; x_wconf 68' lang='lat' dir='ltr'><strong>REGI.</strong></span> 
     </span>
    </p>
   </div>
   <div class='ocr_carea' id='block_1_66' title="bbox 2067 2196 3593 2272">
    <p class='ocr_par' dir='ltr' id='par_1_66' title="bbox 2067 2196 3593 2272">
     <span class='ocr_line' id='line_1_67' title="bbox 2067 2196 3593 2272; baseline 0.005 -21"><span class='ocrx_word' id='word_1_471' title='bbox 2067 2196 2204 2252; x_wconf 89' lang='lat' dir='ltr'><strong>Puto</strong></span> <span class='ocrx_word' id='word_1_472' title='bbox 2248 2213 2391 2253; x_wconf 90' lang='lat' dir='ltr'><strong>nunc</strong></span> <span class='ocrx_word' id='word_1_473' title='bbox 2441 2214 2547 2253; x_wconf 90' lang='lat' dir='ltr'><strong>non</strong></span> <span class='ocrx_word' id='word_1_474' title='bbox 2603 2199 2756 2267; x_wconf 89' lang='lat' dir='ltr'><strong>parvi</strong></span> <span class='ocrx_word' id='word_1_475' title='bbox 2805 2214 2985 2271; x_wconf 71' lang='lat' dir='ltr'><strong>operte</strong></span> <span class='ocrx_word' id='word_1_476' title='bbox 3032 2201 3264 2272; x_wconf 85' lang='lat' dir='ltr'><strong>pretium</strong></span> <span class='ocrx_word' id='word_1_477' title='bbox 3308 2217 3428 2259; x_wconf 86' lang='lat' dir='ltr'><strong>esse</strong></span> <span class='ocrx_word' id='word_1_478' title='bbox 3480 2216 3593 2258; x_wconf 77' lang='lat' dir='ltr'><strong>mo-</strong></span> 
     </span>
    </p>
   </div>
   <div class='ocr_carea' id='block_1_67' title="bbox 1995 2289 3594 2363">
    <p class='ocr_par' dir='ltr' id='par_1_67' title="bbox 1995 2289 3594 2363">
     <span class='ocr_line' id='line_1_68' title="bbox 1995 2289 3594 2363; baseline 0.003 -19"><span class='ocrx_word' id='word_1_479' title='bbox 1995 2289 2203 2356; x_wconf 87' lang='lat' dir='ltr'><strong>menti,</strong></span> <span class='ocrx_word' id='word_1_480' title='bbox 2268 2290 2315 2345; x_wconf 91' lang='lat' dir='ltr'><strong>si</strong></span> <span class='ocrx_word' id='word_1_481' title='bbox 2372 2290 2713 2347; x_wconf 84' lang='lat' dir='ltr'><strong>occasionem</strong></span> <span class='ocrx_word' id='word_1_482' title='bbox 2762 2307 2883 2363; x_wconf 76' lang='lat' dir='ltr'><strong>qua:</strong></span> <span class='ocrx_word' id='word_1_483' title='bbox 2935 2294 3186 2363; x_wconf 70' lang='lat' dir='ltr'><strong>praesenti</strong></span> <span class='ocrx_word' id='word_1_484' title='bbox 3241 2303 3487 2363; x_wconf 87' lang='lat' dir='ltr'><strong>tempore</strong></span> <span class='ocrx_word' id='word_1_485' title='bbox 3542 2296 3594 2349; x_wconf 90' lang='lat' dir='ltr'><strong>in</strong></span> 
     </span>
    </p>
   </div>
   <div class='ocr_carea' id='block_1_68' title="bbox 1994 2381 3593 2457">
    <p class='ocr_par' dir='ltr' id='par_1_68' title="bbox 1994 2381 3593 2457">
     <span class='ocr_line' id='line_1_69' title="bbox 1994 2381 3593 2457; baseline 0.002 -21"><span class='ocrx_word' id='word_1_486' title='bbox 1994 2381 2235 2452; x_wconf 68' lang='lat' dir='ltr'><strong>abruptae</strong></span> <span class='ocrx_word' id='word_1_487' title='bbox 2276 2382 2609 2437; x_wconf 79' lang='lat' dir='ltr'><strong>diversitatis</strong></span> <span class='ocrx_word' id='word_1_488' title='bbox 2655 2383 3020 2439; x_wconf 67' lang='lat' dir='ltr'><strong>ltetabundum</strong></span> <span class='ocrx_word' id='word_1_489' title='bbox 3072 2386 3220 2441; x_wconf 85' lang='lat' dir='ltr'><strong>virus</strong></span> <span class='ocrx_word' id='word_1_490' title='bbox 3244 2387 3443 2457; x_wconf 90' lang='lat' dir='ltr'><strong>erupit,</strong></span> <span class='ocrx_word' id='word_1_491' title='bbox 3494 2402 3593 2457; x_wconf 88' lang='lat' dir='ltr'><strong>pa-</strong></span> 
     </span>
    </p>
   </div>
   <div class='ocr_carea' id='block_1_69' title="bbox 1994 2472 3595 2550">
    <p class='ocr_par' dir='ltr' id='par_1_69' title="bbox 1994 2472 3595 2550">
     <span class='ocr_line' id='line_1_70' title="bbox 1994 2472 3595 2550; baseline 0.004 -23"><span class='ocrx_word' id='word_1_492' title='bbox 1994 2472 2153 2544; x_wconf 74' lang='lat' dir='ltr'><strong>g‘ellte</strong></span> <span class='ocrx_word' id='word_1_493' title='bbox 2184 2472 2466 2543; x_wconf 70' lang='lat' dir='ltr'><strong>prmaentis</strong></span> <span class='ocrx_word' id='word_1_494' title='bbox 2489 2473 2765 2530; x_wconf 87' lang='lat' dir='ltr'><strong>mentione</strong></span> <span class='ocrx_word' id='word_1_495' title='bbox 2794 2476 3440 2546; x_wconf 82' lang='lat' dir='ltr'><strong>contingam.Quieverat</strong></span> <span class='ocrx_word' id='word_1_496' title='bbox 3464 2493 3595 2550; x_wconf 82' lang='lat' dir='ltr'><strong>ergo</strong></span> 
     </span>
    </p>
   </div>
   <div class='ocr_carea' id='block_1_70' title="bbox 1996 2566 3590 2637">
    <p class='ocr_par' dir='ltr' id='par_1_70' title="bbox 1996 2566 3590 2637">
     <span class='ocr_line' id='line_1_71' title="bbox 1996 2566 3590 2637; baseline 0.002 -15"><span class='ocrx_word' id='word_1_497' title='bbox 1996 2576 2117 2637; x_wconf 87' lang='lat' dir='ltr'><strong>post</strong></span> <span class='ocrx_word' id='word_1_498' title='bbox 2164 2574 2190 2603; x_wconf 79' lang='grc'><strong>⁸</strong></span> <span class='ocrx_word' id='word_1_499' title='bbox 2234 2566 2418 2622; x_wconf 83' lang='lat' dir='ltr'><strong>Acacii</strong></span> <span class='ocrx_word' id='word_1_500' title='bbox 2459 2566 2729 2636; x_wconf 89' lang='lat' dir='ltr'><strong>quondam</strong></span> <span class='ocrx_word' id='word_1_501' title='bbox 2761 2566 3345 2636; x_wconf 88' lang='lat' dir='ltr'><strong>Constantinopolitani</strong></span> <span class='ocrx_word' id='word_1_502' title='bbox 3404 2583 3590 2625; x_wconf 84' lang='lat' dir='ltr'><strong>sacer-</strong></span> 
     </span>
    </p>
   </div>
   <div class='ocr_carea' id='block_1_71' title="bbox 1995 2656 3595 2731">
    <p class='ocr_par' dir='ltr' id='par_1_71' title="bbox 1995 2656 3595 2731">
     <span class='ocr_line' id='line_1_72' title="bbox 1995 2656 3595 2731; baseline 0.003 -17"><span class='ocrx_word' id='word_1_503' title='bbox 1995 2658 2139 2714; x_wconf 89' lang='lat' dir='ltr'><strong>dotis</strong></span> <span class='ocrx_word' id='word_1_504' title='bbox 2187 2656 2495 2731; x_wconf 24' lang='lat' dir='ltr'><strong>ex‘cessum&#39;,</strong></span> <span class='ocrx_word' id='word_1_505' title='bbox 2546 2659 2673 2714; x_wconf 91' lang='lat' dir='ltr'><strong>mali</strong></span> <span class='ocrx_word' id='word_1_506' title='bbox 2702 2657 2822 2729; x_wconf 83' lang='lat' dir='ltr'><strong>ejus</strong></span> <span class='ocrx_word' id='word_1_507' title='bbox 2873 2658 3015 2729; x_wconf 91' lang='lat' dir='ltr'><strong>quod</strong></span> <span class='ocrx_word' id='word_1_508' title='bbox 3059 2660 3474 2731; x_wconf 75' lang='lat' dir='ltr'><strong>expugnandum</strong></span> <span class='ocrx_word' id='word_1_509' title='bbox 3502 2676 3595 2718; x_wconf 79' lang='lat' dir='ltr'><strong>su-</strong></span> 
     </span>
    </p>
   </div>
   <div class='ocr_carea' id='block_1_72' title="bbox 1996 2750 3595 2824">
    <p class='ocr_par' dir='ltr' id='par_1_72' title="bbox 1996 2750 3595 2824">
     <span class='ocr_line' id='line_1_73' title="bbox 1996 2750 3595 2824; baseline 0.003 -18"><span class='ocrx_word' id='word_1_510' title='bbox 1996 2751 2291 2820; x_wconf 88' lang='lat' dir='ltr'><strong>scepimus,</strong></span> <span class='ocrx_word' id='word_1_511' title='bbox 2324 2750 2597 2819; x_wconf 87' lang='lat' dir='ltr'><strong>pullulans</strong></span> <span class='ocrx_word' id='word_1_512' title='bbox 2646 2752 2717 2806; x_wconf 85' lang='lat' dir='ltr'><strong>ab</strong></span> <span class='ocrx_word' id='word_1_513' title='bbox 2751 2750 3052 2824; x_wconf 84' lang='lat' dir='ltr'><strong>Eutychete</strong></span> <span class='ocrx_word' id='word_1_514' title='bbox 3093 2754 3396 2823; x_wconf 86' lang='lat' dir='ltr'><strong>persuasio.</strong></span> <span class='ocrx_word' id='word_1_515' title='bbox 3425 2754 3595 2823; x_wconf 83' lang='lat' dir='ltr'><strong>Cujus</strong></span> 
     </span>
    </p>
   </div>
   <div class='ocr_carea' id='block_1_73' title="bbox 1998 2842 3594 2915">
    <p class='ocr_par' dir='ltr' id='par_1_73' title="bbox 1998 2842 3594 2915">
     <span class='ocr_line' id='line_1_74' title="bbox 1998 2842 3594 2915; baseline 0.003 -18"><span class='ocrx_word' id='word_1_516' title='bbox 1998 2842 2138 2898; x_wconf 88' lang='lat' dir='ltr'><strong>idem</strong></span> <span class='ocrx_word' id='word_1_517' title='bbox 2188 2842 2451 2910; x_wconf 89' lang='lat' dir='ltr'><strong>Aeacius,</strong></span> <span class='ocrx_word' id='word_1_518' title='bbox 2517 2851 2576 2897; x_wconf 91' lang='lat' dir='ltr'><strong>ut</strong></span> <span class='ocrx_word' id='word_1_519' title='bbox 2631 2842 2892 2898; x_wconf 89' lang='lat' dir='ltr'><strong>celsitudo</strong></span> <span class='ocrx_word' id='word_1_520' title='bbox 2939 2853 3116 2900; x_wconf 77' lang='lat' dir='ltr'><strong>vestra</strong></span> <span class='ocrx_word' id='word_1_521' title='bbox 3163 2856 3341 2915; x_wconf 83' lang='lat' dir='ltr'><strong>potest</strong></span> <span class='ocrx_word' id='word_1_522' title='bbox 3396 2847 3594 2902; x_wconf 87' lang='lat' dir='ltr'><strong>habere</strong></span> 
     </span>
    </p>
   </div>
   <div class='ocr_carea' id='block_1_74' title="bbox 1996 2936 3594 3009">
    <p class='ocr_par' dir='ltr' id='par_1_74' title="bbox 1996 2936 3594 3009">
     <span class='ocr_line' id='line_1_75' title="bbox 1996 2936 3594 3009; baseline 0.003 -19"><span class='ocrx_word' id='word_1_523' title='bbox 1996 2945 2358 3005; x_wconf 89' lang='lat' dir='ltr'><strong>compertum.</strong></span> <span class='ocrx_word' id='word_1_524' title='bbox 2406 2944 2618 2990; x_wconf 88' lang='lat' dir='ltr'><strong>amator</strong></span> <span class='ocrx_word' id='word_1_525' title='bbox 2662 2936 2832 3006; x_wconf 87' lang='lat' dir='ltr'><strong>magis</strong></span> <span class='ocrx_word' id='word_1_526' title='bbox 2870 2938 3110 3008; x_wconf 89' lang='lat' dir='ltr'><strong>trepidus</strong></span> <span class='ocrx_word' id='word_1_527' title='bbox 3148 2953 3309 3009; x_wconf 89' lang='lat' dir='ltr'><strong>quam</strong></span> <span class='ocrx_word' id='word_1_528' title='bbox 3357 2950 3594 2995; x_wconf 86' lang='lat' dir='ltr'><strong>assertor</strong></span> 
     </span>
    </p>
   </div>
   <div class='ocr_carea' id='block_1_75' title="bbox 1995 3027 3588 3102">
    <p class='ocr_par' dir='ltr' id='par_1_75' title="bbox 1995 3027 3588 3102">
     <span class='ocr_line' id='line_1_76' title="bbox 1995 3027 3588 3102; baseline 0.003 -19"><span class='ocrx_word' id='word_1_529' title='bbox 1995 3028 2244 3099; x_wconf 86' lang='lat' dir='ltr'><strong>publicus</strong></span> <span class='ocrx_word' id='word_1_530' title='bbox 2266 3036 2382 3085; x_wconf 91' lang='lat' dir='ltr'><strong>erat</strong></span> <span class='ocrx_word' id='word_1_531' title='bbox 2406 3046 2420 3084; x_wconf 89' lang='lat'><strong>:</strong></span> <span class='ocrx_word' id='word_1_532' title='bbox 2446 3027 2674 3084; x_wconf 88' lang='lat' dir='ltr'><strong>laudans</strong></span> <span class='ocrx_word' id='word_1_533' title='bbox 2698 3029 2913 3100; x_wconf 90' lang='lat' dir='ltr'><strong>quidem</strong></span> <span class='ocrx_word' id='word_1_534' title='bbox 2941 3046 3061 3101; x_wconf 74' lang='lat' dir='ltr'><strong>quae</strong></span> <span class='ocrx_word' id='word_1_535' title='bbox 3086 3030 3266 3087; x_wconf 91' lang='lat' dir='ltr'><strong>abillo</strong></span> <span class='ocrx_word' id='word_1_536' title='bbox 3290 3042 3588 3102; x_wconf 86' lang='lat' dir='ltr'><strong>repererat,</strong></span> 
     </span>
    </p>
   </div>
   <div class='ocr_carea' id='block_1_76' title="bbox 1994 3124 3595 3198">
    <p class='ocr_par' dir='ltr' id='par_1_76' title="bbox 1994 3124 3595 3198">
     <span class='ocr_line' id='line_1_77' title="bbox 1994 3124 3595 3198; baseline 0.001 -18"><span class='ocrx_word' id='word_1_537' title='bbox 1994 3124 2089 3181; x_wconf 88' lang='lat' dir='ltr'><strong>sed</strong></span> <span class='ocrx_word' id='word_1_538' title='bbox 2117 3124 2409 3195; x_wconf 67' lang='lat' dir='ltr'><strong>praedicare</strong></span> <span class='ocrx_word' id='word_1_539' title='bbox 2434 3138 2497 3180; x_wconf 89' lang='lat' dir='ltr'><strong>ea</strong></span> <span class='ocrx_word' id='word_1_540' title='bbox 2546 3124 2743 3180; x_wconf 85' lang='lat' dir='ltr'><strong>devoto</strong></span> <span class='ocrx_word' id='word_1_541' title='bbox 2785 3134 2911 3181; x_wconf 90' lang='lat' dir='ltr'><strong>tunc</strong></span> <span class='ocrx_word' id='word_1_542' title='bbox 2949 3126 3129 3197; x_wconf 87' lang='lat' dir='ltr'><strong>itaque</strong></span> <span class='ocrx_word' id='word_1_543' title='bbox 3170 3127 3452 3197; x_wconf 90' lang='lat' dir='ltr'><strong>impollnto</strong></span> <span class='ocrx_word' id='word_1_544' title='bbox 3498 3142 3595 3198; x_wconf 84' lang='lat' dir='ltr'><strong>po-</strong></span> 
     </span>
    </p>
   </div>
   <div class='ocr_carea' id='block_1_77' title="bbox 1996 3216 3596 3290">
    <p class='ocr_par' dir='ltr' id='par_1_77' title="bbox 1996 3216 3596 3290">
     <span class='ocr_line' id='line_1_78' title="bbox 1996 3216 3596 3290; baseline 0.003 -20"><span class='ocrx_word' id='word_1_545' title='bbox 1996 3216 2122 3285; x_wconf 86' lang='lat' dir='ltr'><strong>pulo</strong></span> <span class='ocrx_word' id='word_1_546' title='bbox 2154 3231 2261 3271; x_wconf 90' lang='lat' dir='ltr'><strong>non</strong></span> <span class='ocrx_word' id='word_1_547' title='bbox 2310 3230 2663 3286; x_wconf 66' lang='lat' dir='ltr'><strong>praesumens.</strong></span> <span class='ocrx_word' id='word_1_548' title='bbox 2708 3216 2812 3272; x_wconf 89' lang='lat' dir='ltr'><strong>Pro</strong></span> <span class='ocrx_word' id='word_1_549' title='bbox 2847 3220 2999 3284; x_wconf 71' lang='lat' dir='ltr'><strong>cujus</strong></span> <span class='ocrx_word' id='word_1_550' title='bbox 3044 3218 3453 3275; x_wconf 78' lang='lat' dir='ltr'><strong>obuiuhratione</strong></span> <span class='ocrx_word' id='word_1_551' title='bbox 3500 3220 3596 3290; x_wconf 81' lang='lat' dir='ltr'><strong>lig-</strong></span> 
     </span>
    </p>
   </div>
   <div class='ocr_carea' id='block_1_78' title="bbox 1996 3308 3595 3379">
    <p class='ocr_par' dir='ltr' id='par_1_78' title="bbox 1996 3308 3595 3379">
     <span class='ocr_line' id='line_1_79' title="bbox 1996 3308 3595 3379; baseline 0.003 -16"><span class='ocrx_word' id='word_1_552' title='bbox 1996 3310 2159 3363; x_wconf 70' lang='lat' dir='ltr'><strong>nlenti</strong></span> <span class='ocrx_word' id='word_1_553' title='bbox 2191 3308 2450 3372; x_wconf 89' lang='lat' dir='ltr'><strong>simulati,</strong></span> <span class='ocrx_word' id='word_1_554' title='bbox 2485 3310 2555 3363; x_wconf 92' lang='lat' dir='ltr'><strong>ob</strong></span> <span class='ocrx_word' id='word_1_555' title='bbox 2594 3309 2820 3378; x_wconf 83' lang='lat' dir='ltr'><strong>gratiam</strong></span> <span class='ocrx_word' id='word_1_556' title='bbox 2862 3309 3205 3379; x_wconf 85' lang='lat' dir='ltr'><strong>imperatoris</strong></span> <span class='ocrx_word' id='word_1_557' title='bbox 3252 3312 3433 3367; x_wconf 68' lang='lat' dir='ltr'><strong>saeculi</strong></span> <span class='ocrx_word' id='word_1_558' title='bbox 3488 3313 3595 3375; x_wconf 86' lang='lat' dir='ltr'><strong>sui,</strong></span> 
     </span>
    </p>
   </div>
   <div class='ocr_carea' id='block_1_79' title="bbox 1998 3399 3596 3467">
    <p class='ocr_par' dir='ltr' id='par_1_79' title="bbox 1998 3399 3596 3467">
     <span class='ocr_line' id='line_1_80' title="bbox 1998 3399 3596 3467; baseline 0.003 -13"><span class='ocrx_word' id='word_1_559' title='bbox 1998 3415 2102 3455; x_wconf 91' lang='lat' dir='ltr'><strong>non</strong></span> <span class='ocrx_word' id='word_1_560' title='bbox 2135 3399 2432 3467; x_wconf 88' lang='lat' dir='ltr'><strong>impunitus</strong></span> <span class='ocrx_word' id='word_1_561' title='bbox 2477 3400 2871 3465; x_wconf 86' lang='lat' dir='ltr'><strong>tantummodo,</strong></span> <span class='ocrx_word' id='word_1_562' title='bbox 2922 3416 3109 3455; x_wconf 77' lang='lat' dir='ltr'><strong>verum</strong></span> <span class='ocrx_word' id='word_1_563' title='bbox 3158 3413 3213 3458; x_wconf 90' lang='lat' dir='ltr'><strong>et</strong></span> <span class='ocrx_word' id='word_1_564' title='bbox 3262 3403 3596 3458; x_wconf 80' lang='lat' dir='ltr'><strong>indiscussus</strong></span> 
     </span>
    </p>
   </div>
   <div class='ocr_carea' id='block_1_80' title="bbox 2002 3490 3596 3561">
    <p class='ocr_par' dir='ltr' id='par_1_80' title="bbox 2002 3490 3596 3561">
     <span class='ocr_line' id='line_1_81' title="bbox 2002 3490 3596 3561; baseline 0.003 -16"><span class='ocrx_word' id='word_1_565' title='bbox 2002 3490 2226 3545; x_wconf 90' lang='lat' dir='ltr'><strong>interiit.</strong></span> <span class='ocrx_word' id='word_1_566' title='bbox 2272 3491 2410 3546; x_wconf 85' lang='lat' dir='ltr'><strong>Hinc</strong></span> <span class='ocrx_word' id='word_1_567' title='bbox 2462 3507 2522 3548; x_wconf 89' lang='lat' dir='ltr'><strong>se</strong></span> <span class='ocrx_word' id='word_1_568' title='bbox 2554 3492 2621 3547; x_wconf 92' lang='lat' dir='ltr'><strong>de</strong></span> <span class='ocrx_word' id='word_1_569' title='bbox 2669 3492 3029 3561; x_wconf 63' lang='lat' dir='ltr'><strong>impeudlnda</strong></span> <span class='ocrx_word' id='word_1_570' title='bbox 3058 3493 3313 3550; x_wconf 82' lang='lat' dir='ltr'><strong>deiunc&#39;o</strong></span> <span class='ocrx_word' id='word_1_571' title='bbox 3348 3511 3596 3550; x_wconf 87' lang='lat' dir='ltr'><strong>commu-</strong></span> 
     </span>
    </p>
   </div>
   <div class='ocr_carea' id='block_1_81' title="bbox 1998 3581 3596 3655">
    <p class='ocr_par' dir='ltr' id='par_1_81' title="bbox 1998 3581 3596 3655">
     <span class='ocr_line' id='line_1_82' title="bbox 1998 3581 3596 3655; baseline 0.001 -17"><span class='ocrx_word' id='word_1_572' title='bbox 1998 3581 2162 3638; x_wconf 87' lang='lat' dir='ltr'><strong>nione</strong></span> <span class='ocrx_word' id='word_1_573' title='bbox 2196 3582 2246 3635; x_wconf 91' lang='lat' dir='ltr'><strong>in</strong></span> <span class='ocrx_word' id='word_1_574' title='bbox 2288 3582 2619 3636; x_wconf 69' lang='lat' dir='ltr'><strong>contrarium</strong></span> <span class='ocrx_word' id='word_1_575' title='bbox 2650 3583 2811 3653; x_wconf 84' lang='lat' dir='ltr'><strong>vulgi,</strong></span> <span class='ocrx_word' id='word_1_576' title='bbox 2853 3584 2983 3651; x_wconf 80' lang='lat' dir='ltr'><strong>imo,</strong></span> <span class='ocrx_word' id='word_1_577' title='bbox 3030 3585 3175 3655; x_wconf 87' lang='lat' dir='ltr'><strong>quod</strong></span> <span class='ocrx_word' id='word_1_578' title='bbox 3204 3586 3446 3655; x_wconf 82' lang='lat' dir='ltr'><strong>asperius</strong></span> <span class='ocrx_word' id='word_1_579' title='bbox 3478 3587 3596 3650; x_wconf 53' lang='grc' dir='ltr'>ιλιι,</span> 
     </span>
    </p>
   </div>
   <div class='ocr_carea' id='block_1_82' title="bbox 1997 3672 3598 3747">
    <p class='ocr_par' dir='ltr' id='par_1_82' title="bbox 1997 3672 3598 3747">
     <span class='ocr_line' id='line_1_83' title="bbox 1997 3672 3598 3747; baseline 0.001 -19"><span class='ocrx_word' id='word_1_580' title='bbox 1997 3682 2054 3728; x_wconf 88' lang='lat' dir='ltr'><strong>et</strong></span> <span class='ocrx_word' id='word_1_581' title='bbox 2099 3672 2441 3729; x_wconf 87' lang='lat' dir='ltr'><strong>sacerdotum</strong></span> <span class='ocrx_word' id='word_1_582' title='bbox 2512 3673 2688 3728; x_wconf 90' lang='lat' dir='ltr'><strong>studia</strong></span> <span class='ocrx_word' id='word_1_583' title='bbox 2753 3674 3076 3732; x_wconf 72' lang='lat' dir='ltr'><strong>ditiscrunt.</strong></span> <span class='ocrx_word' id='word_1_584' title='bbox 3147 3677 3212 3732; x_wconf 83' lang='lat' dir='ltr'><strong>Et</strong></span> <span class='ocrx_word' id='word_1_585' title='bbox 3266 3687 3321 3731; x_wconf 91' lang='grc' dir='ltr'><strong>ιιι</strong></span> <span class='ocrx_word' id='word_1_586' title='bbox 3371 3679 3598 3747; x_wconf 77' lang='lat' dir='ltr'><strong>quiquo</strong></span> 
     </span>
    </p>
   </div>
   <div class='ocr_carea' id='block_1_83' title="bbox 1998 3764 3597 3839">
    <p class='ocr_par' dir='ltr' id='par_1_83' title="bbox 1998 3764 3597 3839">
     <span class='ocr_line' id='line_1_84' title="bbox 1998 3764 3597 3839; baseline 0.004 -20"><span class='ocrx_word' id='word_1_587' title='bbox 1998 3772 2144 3819; x_wconf 88' lang='lat' dir='ltr'><strong>recte</strong></span> <span class='ocrx_word' id='word_1_588' title='bbox 2201 3773 2294 3818; x_wconf 88' lang='lat' dir='ltr'><strong>aut</strong></span> <span class='ocrx_word' id='word_1_589' title='bbox 2348 3778 2511 3834; x_wconf 83' lang='lat' dir='ltr'><strong>prave</strong></span> <span class='ocrx_word' id='word_1_590' title='bbox 2561 3764 2628 3820; x_wconf 90' lang='lat' dir='ltr'><strong>de</strong></span> <span class='ocrx_word' id='word_1_591' title='bbox 2680 3764 2801 3820; x_wconf 82' lang='lat' dir='ltr'><strong>ﬁdei</strong></span> <span class='ocrx_word' id='word_1_592' title='bbox 2855 3768 3065 3821; x_wconf 77' lang='lat' dir='ltr'><strong>ratione</strong></span> <span class='ocrx_word' id='word_1_593' title='bbox 3114 3780 3459 3839; x_wconf 61' lang='lat' dir='ltr'><strong>conceperat,</strong></span> <span class='ocrx_word' id='word_1_594' title='bbox 3526 3771 3597 3825; x_wconf 89' lang='lat' dir='ltr'><strong>ita</strong></span> 
     </span>
    </p>
   </div>
   <div class='ocr_carea' id='block_1_84' title="bbox 1996 3857 3595 3928">
    <p class='ocr_par' dir='ltr' id='par_1_84' title="bbox 1996 3857 3595 3928">
     <span class='ocr_line' id='line_1_85' title="bbox 1996 3857 3595 3928; baseline 0.003 -18"><span class='ocrx_word' id='word_1_595' title='bbox 1996 3860 2158 3911; x_wconf 85' lang='lat' dir='ltr'><strong>etiam</strong></span> <span class='ocrx_word' id='word_1_596' title='bbox 2189 3858 2257 3913; x_wconf 90' lang='lat' dir='ltr'><strong>de</strong></span> <span class='ocrx_word' id='word_1_597' title='bbox 2298 3857 2669 3928; x_wconf 65' lang='lat' dir='ltr'><strong>praedicatoris</strong></span> <span class='ocrx_word' id='word_1_598' title='bbox 2700 3860 2959 3927; x_wconf 73' lang='lat' dir='ltr'><strong>praeteriti</strong></span> <span class='ocrx_word' id='word_1_599' title='bbox 3008 3862 3264 3915; x_wconf 87' lang='lat' dir='ltr'><strong>memoria</strong></span> <span class='ocrx_word' id='word_1_600' title='bbox 3311 3863 3595 3918; x_wconf 77' lang='lat' dir='ltr'><strong>scnzichat.</strong></span> 
     </span>
    </p>
   </div>
   <div class='ocr_carea' id='block_1_85' title="bbox 1995 3951 3595 4021">
    <p class='ocr_par' dir='ltr' id='par_1_85' title="bbox 1995 3951 3595 4021">
     <span class='ocr_line' id='line_1_86' title="bbox 1995 3951 3595 4021; baseline 0.003 -16"><span class='ocrx_word' id='word_1_601' title='bbox 1995 3951 2187 4005; x_wconf 85' lang='lat' dir='ltr'><strong>Tracta</strong></span> <span class='ocrx_word' id='word_1_602' title='bbox 2238 3959 2321 4005; x_wconf 89' lang='lat' dir='ltr'><strong>est</strong></span> <span class='ocrx_word' id='word_1_603' title='bbox 2364 3951 2603 4015; x_wconf 81' lang='lat' dir='ltr'><strong>interim,</strong></span> <span class='ocrx_word' id='word_1_604' title='bbox 2664 3967 2769 4004; x_wconf 92' lang='lat' dir='ltr'><strong>non</strong></span> <span class='ocrx_word' id='word_1_605' title='bbox 2824 3967 2918 4018; x_wconf 84' lang='lat' dir='ltr'><strong>per</strong></span> <span class='ocrx_word' id='word_1_606' title='bbox 2963 3954 3244 4007; x_wconf 72' lang='lat' dir='ltr'><strong>manifesta</strong></span> <span class='ocrx_word' id='word_1_607' title='bbox 3277 3956 3369 4008; x_wconf 89' lang='lat' dir='ltr'><strong>sed</strong></span> <span class='ocrx_word' id='word_1_608' title='bbox 3400 3956 3595 4021; x_wconf 84' lang='lat' dir='ltr'><strong>subita,</strong></span> 
     </span>
    </p>
   </div>
   <div class='ocr_carea' id='block_1_86' title="bbox 1996 4042 3598 4110">
    <p class='ocr_par' dir='ltr' id='par_1_86' title="bbox 1996 4042 3598 4110">
     <span class='ocr_line' id='line_1_87' title="bbox 1996 4042 3598 4110; baseline 0.002 -13"><span class='ocrx_word' id='word_1_609' title='bbox 1996 4059 2095 4099; x_wconf 89' lang='lat' dir='ltr'><strong>nec</strong></span> <span class='ocrx_word' id='word_1_610' title='bbox 2125 4054 2231 4097; x_wconf 91' lang='lat' dir='ltr'><strong>tam</strong></span> <span class='ocrx_word' id='word_1_611' title='bbox 2254 4042 2599 4110; x_wconf 84' lang='lat' dir='ltr'><strong>separatione</strong></span> <span class='ocrx_word' id='word_1_612' title='bbox 2617 4056 2775 4110; x_wconf 87' lang='lat' dir='ltr'><strong>quam</strong></span> <span class='ocrx_word' id='word_1_613' title='bbox 2800 4042 3069 4098; x_wconf 85' lang='lat' dir='ltr'><strong>simultate</strong></span> <span class='ocrx_word' id='word_1_614' title='bbox 3091 4043 3379 4099; x_wconf 61' lang='lat' dir='ltr'><strong>d&#39;sst-nsio.</strong></span> <span class='ocrx_word' id='word_1_615' title='bbox 3406 4049 3598 4101; x_wconf 91' lang='lat' dir='ltr'><strong>Actum</strong></span> 
     </span>
    </p>
   </div>
   <div class='ocr_carea' id='block_1_87' title="bbox 1998 4131 3598 4205">
    <p class='ocr_par' dir='ltr' id='par_1_87' title="bbox 1998 4131 3598 4205">
     <span class='ocr_line' id='line_1_88' title="bbox 1998 4131 3598 4205; baseline 0.001 -15"><span class='ocrx_word' id='word_1_616' title='bbox 1998 4146 2080 4190; x_wconf 89' lang='lat' dir='ltr'><strong>est</strong></span> <span class='ocrx_word' id='word_1_617' title='bbox 2116 4134 2276 4205; x_wconf 85' lang='lat' dir='ltr'><strong>igitur</strong></span> <span class='ocrx_word' id='word_1_618' title='bbox 2307 4131 2336 4171; x_wconf 71' lang='grc' dir='ltr'>δ</span> <span class='ocrx_word' id='word_1_619' title='bbox 2386 4146 2508 4187; x_wconf 90' lang='lat' dir='ltr'><strong>cum</strong></span> <span class='ocrx_word' id='word_1_620' title='bbox 2551 4147 2678 4203; x_wconf 86' lang='lat' dir='ltr'><strong>rege</strong></span> <span class='ocrx_word' id='word_1_621' title='bbox 2719 4132 2955 4189; x_wconf 89' lang='lat' dir='ltr'><strong>Orientis</strong></span> <span class='ocrx_word' id='word_1_622' title='bbox 3003 4150 3145 4188; x_wconf 89' lang='lat' dir='ltr'><strong>anno</strong></span> <span class='ocrx_word' id='word_1_623' title='bbox 3184 4137 3486 4205; x_wconf 86' lang='lat' dir='ltr'><strong>superiore,</strong></span> <span class='ocrx_word' id='word_1_624' title='bbox 3542 4148 3598 4192; x_wconf 88' lang='lat' dir='ltr'><strong>ut</strong></span> 
     </span>
    </p>
   </div>
   <div class='ocr_carea' id='block_1_88' title="bbox 1998 4224 3598 4299">
    <p class='ocr_par' dir='ltr' id='par_1_88' title="bbox 1998 4224 3598 4299">
     <span class='ocr_line' id='line_1_89' title="bbox 1998 4224 3598 4299; baseline -0.001 -17"><span class='ocrx_word' id='word_1_625' title='bbox 1998 4229 2127 4282; x_wconf 90' lang='lat' dir='ltr'><strong>hinc</strong></span> <span class='ocrx_word' id='word_1_626' title='bbox 2158 4240 2281 4281; x_wconf 90' lang='lat' dir='ltr'><strong>eum</strong></span> <span class='ocrx_word' id='word_1_627' title='bbox 2323 4224 2579 4294; x_wconf 88' lang='lat' dir='ltr'><strong>episc0po</strong></span> <span class='ocrx_word' id='word_1_628' title='bbox 2628 4224 2776 4280; x_wconf 86' lang='lat' dir='ltr'><strong>urbis</strong></span> <span class='ocrx_word' id='word_1_629' title='bbox 2816 4242 2929 4281; x_wconf 71' lang='lat' dir='ltr'><strong>sure</strong></span> <span class='ocrx_word' id='word_1_630' title='bbox 2977 4227 3129 4296; x_wconf 89' lang='lat' dir='ltr'><strong>quasi</strong></span> <span class='ocrx_word' id='word_1_631' title='bbox 3182 4228 3285 4282; x_wconf 89' lang='lat' dir='ltr'><strong>leni</strong></span> <span class='ocrx_word' id='word_1_632' title='bbox 3327 4230 3598 4299; x_wconf 89' lang='lat' dir='ltr'><strong>colloquio</strong></span> 
     </span>
    </p>
   </div>
   <div class='ocr_carea' id='block_1_89' title="bbox 1996 4320 3599 4380">
    <p class='ocr_par' dir='ltr' id='par_1_89' title="bbox 1996 4320 3599 4380">
     <span class='ocr_line' id='line_1_90' title="bbox 1996 4320 3599 4380; baseline 0.001 -2"><span class='ocrx_word' id='word_1_633' title='bbox 1996 4333 2047 4378; x_wconf 88' lang='lat' dir='ltr'><strong>et</strong></span> <span class='ocrx_word' id='word_1_634' title='bbox 2071 4320 2266 4377; x_wconf 85' lang='lat' dir='ltr'><strong>blanda</strong></span> <span class='ocrx_word' id='word_1_635' title='bbox 2284 4320 2632 4375; x_wconf 89' lang='lat' dir='ltr'><strong>meditatione</strong></span> <span class='ocrx_word' id='word_1_636' title='bbox 2655 4320 2945 4375; x_wconf 80' lang='lat' dir='ltr'><strong>conferret.</strong></span> <span class='ocrx_word' id='word_1_637' title='bbox 2968 4322 3062 4376; x_wconf 83' lang='lat' dir='ltr'><strong>Est</strong></span> <span class='ocrx_word' id='word_1_638' title='bbox 3084 4332 3263 4378; x_wconf 90' lang='lat' dir='ltr'><strong>autem</strong></span> <span class='ocrx_word' id='word_1_639' title='bbox 3289 4323 3400 4379; x_wconf 89' lang='lat' dir='ltr'><strong>illic</strong></span> <span class='ocrx_word' id='word_1_640' title='bbox 3420 4334 3442 4363; x_wconf 75' lang='grc' dir='ltr'>ε</span> <span class='ocrx_word' id='word_1_641' title='bbox 3469 4339 3599 4380; x_wconf 82' lang='lat' dir='ltr'><strong>cou-</strong></span> 
     </span>
    </p>
   </div>
   <div class='ocr_carea' id='block_1_90' title="bbox 2003 4471 3597 4543">
    <p class='ocr_par' dir='ltr' id='par_1_90' title="bbox 2003 4471 3597 4543">
     <span class='ocr_line' id='line_1_91' title="bbox 2003 4471 3597 4543; baseline 0.002 -17"><span class='ocrx_word' id='word_1_642' title='bbox 2003 4472 2175 4543; x_wconf 90' lang='lat' dir='ltr'><strong>pheus</strong></span> <span class='ocrx_word' id='word_1_643' title='bbox 2204 4471 2523 4543; x_wconf 73' lang='lat' dir='ltr'><strong>episcopus,</strong></span> <span class='ocrx_word' id='word_1_644' title='bbox 2561 4472 2648 4539; x_wconf 87' lang='lat' dir='ltr'><strong>qui</strong></span> <span class='ocrx_word' id='word_1_645' title='bbox 2698 4481 2752 4524; x_wconf 92' lang='lat' dir='ltr'><strong>ut</strong></span> <span class='ocrx_word' id='word_1_646' title='bbox 2794 4472 3309 4540; x_wconf 76' lang='lat' dir='ltr'><strong>TheopaSchitarum</strong></span> <span class='ocrx_word' id='word_1_647' title='bbox 3351 4475 3597 4529; x_wconf 73' lang='lat' dir='ltr'><strong>haeresim</strong></span> 
     </span>
    </p>
   </div>
   <div class='ocr_carea' id='block_1_91' title="bbox 2004 4541 3599 4616">
    <p class='ocr_par' dir='ltr' id='par_1_91' title="bbox 2004 4541 3599 4616">
     <span class='ocr_line' id='line_1_92' title="bbox 2004 4541 3599 4616; baseline 0.004 -23"><span class='ocrx_word' id='word_1_648' title='bbox 2004 4541 2108 4616; x_wconf 69' lang='lat' dir='ltr'><strong>qua</strong></span> <span class='ocrx_word' id='word_1_649' title='bbox 2162 4542 2461 4616; x_wconf 78' lang='lat' dir='ltr'><strong>laborabat,</strong></span> <span class='ocrx_word' id='word_1_650' title='bbox 2513 4541 2811 4616; x_wconf 76' lang='lat' dir='ltr'><strong>induceret,</strong></span> <span class='ocrx_word' id='word_1_651' title='bbox 2871 4545 3166 4599; x_wconf 83' lang='lat' dir='ltr'><strong>clausulam</strong></span> <span class='ocrx_word' id='word_1_652' title='bbox 3216 4547 3355 4599; x_wconf 89' lang='lat' dir='ltr'><strong>hanc</strong></span> <span class='ocrx_word' id='word_1_653' title='bbox 3403 4546 3599 4616; x_wconf 85' lang='lat' dir='ltr'><strong>adjecit</strong></span> 
     </span>
    </p>
   </div>
   <div class='ocr_carea' id='block_1_92' title="bbox 2000 4613 3598 4685">
    <p class='ocr_par' dir='ltr' id='par_1_92' title="bbox 2000 4613 3598 4685">
     <span class='ocr_line' id='line_1_93' title="bbox 2000 4613 3598 4685; baseline 0.001 -17"><span class='ocrx_word' id='word_1_654' title='bbox 2000 4614 2281 4682; x_wconf 86' lang='lat' dir='ltr'><strong>Trisagio:</strong></span> <span class='ocrx_word' id='word_1_655' title='bbox 2316 4628 2419 4681; x_wconf 88' lang='lat' dir='ltr'><strong>qua</strong></span> <span class='ocrx_word' id='word_1_656' title='bbox 2451 4613 2656 4685; x_wconf 83' lang='lat' dir='ltr'><strong>scilicet</strong></span> <span class='ocrx_word' id='word_1_657' title='bbox 2688 4615 2794 4667; x_wconf 71' lang='grc' dir='ltr'>υειι</span> <span class='ocrx_word' id='word_1_658' title='bbox 2826 4616 2967 4667; x_wconf 89' lang='lat' dir='ltr'><strong>trino</strong></span> <span class='ocrx_word' id='word_1_659' title='bbox 3012 4616 3076 4669; x_wconf 88' lang='lat' dir='ltr'><strong>ad</strong></span> <span class='ocrx_word' id='word_1_660' title='bbox 3119 4631 3278 4685; x_wconf 86' lang='lat' dir='ltr'><strong>quem</strong></span> <span class='ocrx_word' id='word_1_661' title='bbox 3318 4613 3598 4685; x_wconf 80' lang='lat' dir='ltr'><strong>superiora</strong></span> 
     </span>
    </p>
   </div>
   <div class='ocr_carea' id='block_1_93' title="bbox 291 4676 3599 4763">
    <p class='ocr_par' dir='ltr' id='par_1_93' title="bbox 291 4676 3599 4763">
     <span class='ocr_line' id='line_1_94' title="bbox 291 4676 3599 4763; baseline 0.003 -32"><span class='ocrx_word' id='word_1_662' title='bbox 291 4676 491 4745; x_wconf 82' lang='lat' dir='ltr'><strong>citarit,</strong></span> <span class='ocrx_word' id='word_1_663' title='bbox 516 4680 597 4730; x_wconf 77' lang='lat' dir='ltr'><strong>vel</strong></span> <span class='ocrx_word' id='word_1_664' title='bbox 621 4679 855 4763; x_wconf 67' lang='lat' dir='ltr'><strong>occulte,</strong></span> <span class='ocrx_word' id='word_1_665' title='bbox 889 4678 975 4731; x_wconf 84' lang='lat' dir='ltr'><strong>vel</strong></span> <span class='ocrx_word' id='word_1_666' title='bbox 998 4676 1205 4763; x_wconf 66' lang='lat' dir='ltr'><strong>aperte</strong></span> <span class='ocrx_word' id='word_1_667' title='bbox 1238 4680 1423 4733; x_wconf 86' lang='lat' dir='ltr'><strong>iisdem</strong></span> <span class='ocrx_word' id='word_1_668' title='bbox 1452 4681 1741 4763; x_wconf 59' lang='lat' dir='ltr'><strong>adhaerens</strong></span> <span class='ocrx_word' id='word_1_669' title='bbox 1785 4686 1883 4739; x_wconf 88' lang='lat' dir='ltr'><strong>ad-</strong></span> <span class='ocrx_word' id='word_1_670' title='bbox 1922 4704 1975 4763; x_wconf 82' lang='lat' dir='ltr'><strong>D</strong></span> <span class='ocrx_word' id='word_1_671' title='bbox 2005 4676 2583 4763; x_wconf 22' lang='lat' dir='ltr'><strong>spectabantgascrihi</strong></span> <span class='ocrx_word' id='word_1_672' title='bbox 2646 4686 2832 4763; x_wconf 56' lang='lat' dir='ltr'><strong>passio</strong></span> <span class='ocrx_word' id='word_1_673' title='bbox 2873 4676 3176 4763; x_wconf 58' lang='lat' dir='ltr'><strong>videbatur.</strong></span> <span class='ocrx_word' id='word_1_674' title='bbox 3232 4676 3330 4741; x_wconf 85' lang='lat' dir='ltr'><strong>Cui</strong></span> <span class='ocrx_word' id='word_1_675' title='bbox 3372 4676 3514 4763; x_wconf 72' lang='lat' dir='ltr'><strong>malo</strong></span> <span class='ocrx_word' id='word_1_676' title='bbox 3542 4699 3599 4740; x_wconf 89' lang='lat' dir='ltr'><strong>ut</strong></span> 
     </span>
    </p>
   </div>
   <div class='ocr_carea' id='block_1_94' title="bbox 290 4748 1885 4823">
    <p class='ocr_par' dir='ltr' id='par_1_94' title="bbox 290 4748 1885 4823">
     <span class='ocr_line' id='line_1_95' title="bbox 290 4748 1885 4823; baseline 0.006 -25"><span class='ocrx_word' id='word_1_677' title='bbox 290 4762 480 4823; x_wconf 61' lang='lat' dir='ltr'><strong>versus</strong></span> <span class='ocrx_word' id='word_1_678' title='bbox 506 4748 768 4823; x_wconf 79' lang='lat' dir='ltr'><strong>synodum</strong></span> <span class='ocrx_word' id='word_1_679' title='bbox 808 4748 1029 4823; x_wconf 67' lang='lat' dir='ltr'><strong>ejusque</strong></span> <span class='ocrx_word' id='word_1_680' title='bbox 1054 4748 1394 4823; x_wconf 78' lang='lat' dir='ltr'><strong>defensores,</strong></span> <span class='ocrx_word' id='word_1_681' title='bbox 1442 4752 1719 4823; x_wconf 85' lang='lat' dir='ltr'><strong>declarant</strong></span> <span class='ocrx_word' id='word_1_682' title='bbox 1750 4770 1885 4823; x_wconf 87' lang='lat' dir='ltr'><strong>pon-</strong></span> 
     </span>
    </p>
   </div>
   <div class='ocr_carea' id='block_1_95' title="bbox 291 4817 1890 4888">
    <p class='ocr_par' dir='ltr' id='par_1_95' title="bbox 291 4817 1890 4888">
     <span class='ocr_line' id='line_1_96' title="bbox 291 4817 1890 4888; baseline 0.005 -17"><span class='ocrx_word' id='word_1_683' title='bbox 291 4817 495 4871; x_wconf 76' lang='lat' dir='ltr'><strong>titicum</strong></span> <span class='ocrx_word' id='word_1_684' title='bbox 518 4817 779 4885; x_wconf 66' lang='lat' dir='ltr'><strong>epistolae,</strong></span> <span class='ocrx_word' id='word_1_685' title='bbox 812 4830 919 4871; x_wconf 88' lang='lat' dir='ltr'><strong>tum</strong></span> <span class='ocrx_word' id='word_1_686' title='bbox 937 4820 1219 4888; x_wconf 86' lang='lat' dir='ltr'><strong>Simplicii,</strong></span> <span class='ocrx_word' id='word_1_687' title='bbox 1250 4823 1336 4888; x_wconf 89' lang='lat' dir='ltr'><strong>qui</strong></span> <span class='ocrx_word' id='word_1_688' title='bbox 1367 4835 1486 4875; x_wconf 88' lang='lat' dir='ltr'><strong>eum</strong></span> <span class='ocrx_word' id='word_1_689' title='bbox 1512 4822 1579 4875; x_wconf 87' lang='lat' dir='ltr'><strong>ad</strong></span> <span class='ocrx_word' id='word_1_690' title='bbox 1608 4817 1890 4880; x_wconf 64' lang='lat' dir='ltr'><strong>meliorem</strong></span> 
     </span>
    </p>
   </div>
   <div class='ocr_carea' id='block_1_96' title="bbox 292 4892 1892 4965">
    <p class='ocr_par' dir='ltr' id='par_1_96' title="bbox 292 4892 1892 4965">
     <span class='ocr_line' id='line_1_97' title="bbox 292 4892 1892 4965; baseline 0.006 -24"><span class='ocrx_word' id='word_1_691' title='bbox 292 4896 530 4965; x_wconf 78' lang='lat' dir='ltr'><strong>mentem</strong></span> <span class='ocrx_word' id='word_1_692' title='bbox 565 4903 828 4965; x_wconf 74' lang='lat' dir='ltr'><strong>revocare</strong></span> <span class='ocrx_word' id='word_1_693' title='bbox 857 4899 1080 4965; x_wconf 83' lang='lat' dir='ltr'><strong>conatus</strong></span> <span class='ocrx_word' id='word_1_694' title='bbox 1106 4900 1231 4965; x_wconf 77' lang='lat' dir='ltr'><strong>est,</strong></span> <span class='ocrx_word' id='word_1_695' title='bbox 1281 4901 1388 4943; x_wconf 87' lang='lat' dir='ltr'><strong>tum</strong></span> <span class='ocrx_word' id='word_1_696' title='bbox 1446 4892 1735 4965; x_wconf 30' lang='lat' dir='ltr'><strong>Felicispa</strong></span> <span class='ocrx_word' id='word_1_697' title='bbox 1786 4912 1892 4965; x_wconf 87' lang='lat' dir='ltr'><strong>quo</strong></span> 
     </span>
    </p>
   </div>
   <div class='ocr_carea' id='block_1_97' title="bbox 293 4958 1893 5027">
    <p class='ocr_par' dir='ltr' id='par_1_97' title="bbox 293 4958 1893 5027">
     <span class='ocr_line' id='line_1_98' title="bbox 293 4958 1893 5027; baseline 0.006 -14"><span class='ocrx_word' id='word_1_698' title='bbox 293 4958 517 5013; x_wconf 85' lang='lat' dir='ltr'><strong>tandem</strong></span> <span class='ocrx_word' id='word_1_699' title='bbox 571 4958 640 5012; x_wconf 93' lang='lat' dir='ltr'><strong>ob</strong></span> <span class='ocrx_word' id='word_1_700' title='bbox 681 4959 1038 5027; x_wconf 81' lang='lat' dir='ltr'><strong>pervicaciam</strong></span> <span class='ocrx_word' id='word_1_701' title='bbox 1088 4960 1375 5015; x_wconf 82' lang='lat' dir='ltr'><strong>damnatus</strong></span> <span class='ocrx_word' id='word_1_702' title='bbox 1436 4975 1489 5015; x_wconf 88' lang='lat' dir='ltr'><strong>et</strong></span> <span class='ocrx_word' id='word_1_703' title='bbox 1544 4958 1893 5023; x_wconf 78' lang='lat' dir='ltr'><strong>anathemate</strong></span> 
     </span>
    </p>
   </div>
   <div class='ocr_carea' id='block_1_98' title="bbox 292 5029 1889 5099">
    <p class='ocr_par' dir='ltr' id='par_1_98' title="bbox 292 5029 1889 5099">
     <span class='ocr_line' id='line_1_99' title="bbox 292 5029 1889 5099; baseline 0.008 -19"><span class='ocrx_word' id='word_1_704' title='bbox 292 5042 585 5097; x_wconf 83' lang='lat' dir='ltr'><strong>percussus</strong></span> <span class='ocrx_word' id='word_1_705' title='bbox 612 5039 714 5082; x_wconf 85' lang='lat' dir='ltr'><strong>est.</strong></span> <span class='ocrx_word' id='word_1_706' title='bbox 763 5029 1146 5097; x_wconf 83' lang='lat' dir='ltr'><strong>Episc0patutn</strong></span> <span class='ocrx_word' id='word_1_707' title='bbox 1180 5041 1360 5085; x_wconf 89' lang='lat' dir='ltr'><strong>tamen</strong></span> <span class='ocrx_word' id='word_1_708' title='bbox 1382 5076 1395 5099; x_wconf 88' lang='lat'><strong>,</strong></span> <span class='ocrx_word' id='word_1_709' title='bbox 1434 5032 1644 5087; x_wconf 80' lang='lat' dir='ltr'><strong>favente</strong></span> <span class='ocrx_word' id='word_1_710' title='bbox 1672 5035 1889 5092; x_wconf 69' lang='lat' dir='ltr'><strong>Zenone</strong></span> 
     </span>
    </p>
   </div>
   <div class='ocr_carea' id='block_1_99' title="bbox 294 5099 1890 5174">
    <p class='ocr_par' dir='ltr' id='par_1_99' title="bbox 294 5099 1890 5174">
     <span class='ocr_line' id='line_1_100' title="bbox 294 5099 1890 5174; baseline 0.004 -20"><span class='ocrx_word' id='word_1_711' title='bbox 294 5102 561 5174; x_wconf 77' lang='lat' dir='ltr'><strong>Angusto,</strong></span> <span class='ocrx_word' id='word_1_712' title='bbox 607 5099 671 5152; x_wconf 89' lang='lat' dir='ltr'><strong>ad</strong></span> <span class='ocrx_word' id='word_1_713' title='bbox 715 5100 919 5174; x_wconf 78' lang='lat' dir='ltr'><strong>o_bttutn</strong></span> <span class='ocrx_word' id='word_1_714' title='bbox 952 5116 1121 5174; x_wconf 81' lang='lat' dir='ltr'><strong>usque</strong></span> <span class='ocrx_word' id='word_1_715' title='bbox 1157 5103 1397 5156; x_wconf 85' lang='lat' dir='ltr'><strong>retinuit.</strong></span> <span class='ocrx_word' id='word_1_716' title='bbox 1433 5103 1676 5158; x_wconf 77' lang='lat' dir='ltr'><strong>Defuncti</strong></span> <span class='ocrx_word' id='word_1_717' title='bbox 1728 5122 1890 5174; x_wconf 89' lang='lat' dir='ltr'><strong>porro</strong></span> 
     </span>
    </p>
   </div>
   <div class='ocr_carea' id='block_1_100' title="bbox 292 5168 1889 5243">
    <p class='ocr_par' dir='ltr' id='par_1_100' title="bbox 292 5168 1889 5243">
     <span class='ocr_line' id='line_1_101' title="bbox 292 5168 1889 5243; baseline 0.006 -19"><span class='ocrx_word' id='word_1_718' title='bbox 292 5168 474 5224; x_wconf 82' lang='lat' dir='ltr'><strong>Acacii</strong></span> <span class='ocrx_word' id='word_1_719' title='bbox 508 5183 699 5243; x_wconf 88' lang='lat' dir='ltr'><strong>nomen</strong></span> <span class='ocrx_word' id='word_1_720' title='bbox 734 5169 882 5243; x_wconf 75' lang='lat' dir='ltr'><strong>Felix</strong></span> <span class='ocrx_word' id='word_1_721' title='bbox 911 5186 940 5224; x_wconf 93' lang='lat' dir='ltr'><strong>e</strong></span> <span class='ocrx_word' id='word_1_722' title='bbox 972 5168 1244 5240; x_wconf 80' lang='lat' dir='ltr'><strong>diptycbis</strong></span> <span class='ocrx_word' id='word_1_723' title='bbox 1298 5174 1465 5226; x_wconf 88' lang='lat' dir='ltr'><strong>deleri</strong></span> <span class='ocrx_word' id='word_1_724' title='bbox 1510 5168 1785 5243; x_wconf 75' lang='lat' dir='ltr'><strong>jttsserat:</strong></span> <span class='ocrx_word' id='word_1_725' title='bbox 1821 5180 1889 5233; x_wconf 89' lang='lat' dir='ltr'><strong>de</strong></span> 
     </span>
    </p>
   </div>
   <div class='ocr_carea' id='block_1_101' title="bbox 292 5240 1891 5313">
    <p class='ocr_par' dir='ltr' id='par_1_101' title="bbox 292 5240 1891 5313">
     <span class='ocr_line' id='line_1_102' title="bbox 292 5240 1891 5313; baseline 0.007 -22"><span class='ocrx_word' id='word_1_726' title='bbox 292 5254 399 5313; x_wconf 79' lang='lat' dir='ltr'><strong>quo</strong></span> <span class='ocrx_word' id='word_1_727' title='bbox 429 5242 575 5313; x_wconf 75' lang='lat' dir='ltr'><strong>varia</strong></span> <span class='ocrx_word' id='word_1_728' title='bbox 609 5254 792 5293; x_wconf 89' lang='lat' dir='ltr'><strong>rursus</strong></span> <span class='ocrx_word' id='word_1_729' title='bbox 834 5240 980 5313; x_wconf 69' lang='lat' dir='ltr'><strong>inter</strong></span> <span class='ocrx_word' id='word_1_730' title='bbox 1020 5243 1304 5309; x_wconf 81' lang='lat' dir='ltr'><strong>episcOpos</strong></span> <span class='ocrx_word' id='word_1_731' title='bbox 1339 5240 1523 5297; x_wconf 77' lang='lat' dir='ltr'><strong>studia</strong></span> <span class='ocrx_word' id='word_1_732' title='bbox 1560 5244 1800 5313; x_wconf 79' lang='lat' dir='ltr'><strong>fuerunt,</strong></span> <span class='ocrx_word' id='word_1_733' title='bbox 1836 5259 1891 5303; x_wconf 86' lang='lat' dir='ltr'><strong>ct</strong></span> 
     </span>
    </p>
   </div>
   <div class='ocr_carea' id='block_1_102' title="bbox 292 5308 1891 5386">
    <p class='ocr_par' dir='ltr' id='par_1_102' title="bbox 292 5308 1891 5386">
     <span class='ocr_line' id='line_1_103' title="bbox 292 5308 1891 5386; baseline 0.008 -24"><span class='ocrx_word' id='word_1_734' title='bbox 292 5310 383 5386; x_wconf 68' lang='lat' dir='ltr'><strong>vix</strong></span> <span class='ocrx_word' id='word_1_735' title='bbox 430 5308 646 5386; x_wconf 74' lang='lat' dir='ltr'><strong>tandem</strong></span> <span class='ocrx_word' id='word_1_736' title='bbox 701 5318 758 5362; x_wconf 87' lang='grc' dir='ltr'><strong>ιιι</strong></span> <span class='ocrx_word' id='word_1_737' title='bbox 814 5308 1277 5381; x_wconf 78' lang='lat' dir='ltr'><strong>ConstantinOpOIi</strong></span> <span class='ocrx_word' id='word_1_738' title='bbox 1329 5325 1731 5386; x_wconf 80' lang='lat' dir='ltr'><strong>expungeretur</strong></span> <span class='ocrx_word' id='word_1_739' title='bbox 1789 5308 1891 5374; x_wconf 81' lang='lat' dir='ltr'><strong>sub</strong></span> 
     </span>
    </p>
   </div>
   <div class='ocr_carea' id='block_1_103' title="bbox 291 5379 1089 5447">
    <p class='ocr_par' dir='ltr' id='par_1_103' title="bbox 291 5379 1089 5447">
     <span class='ocr_line' id='line_1_104' title="bbox 291 5379 1089 5447; baseline 0.001 -12"><span class='ocrx_word' id='word_1_740' title='bbox 291 5379 580 5435; x_wconf 89' lang='lat' dir='ltr'><strong>llormisda</strong></span> <span class='ocrx_word' id='word_1_741' title='bbox 612 5380 953 5447; x_wconf 83' lang='lat' dir='ltr'><strong>impetratum</strong></span> <span class='ocrx_word' id='word_1_742' title='bbox 985 5393 1089 5436; x_wconf 89' lang='lat' dir='ltr'><strong>est.</strong></span> 
     </span>
    </p>
   </div>
   <div class='ocr_carea' id='block_1_104' title="bbox 364 5448 1890 5525">
    <p class='ocr_par' dir='ltr' id='par_1_104' title="bbox 364 5448 1890 5525">
     <span class='ocr_line' id='line_1_105' title="bbox 364 5448 1890 5525; baseline 0.006 -22"><span class='ocrx_word' id='word_1_743' title='bbox 364 5449 391 5488; x_wconf 68' lang='grc' dir='ltr'>δ</span> <span class='ocrx_word' id='word_1_744' title='bbox 423 5448 554 5525; x_wconf 81' lang='lat' dir='ltr'><strong>Cum</strong></span> <span class='ocrx_word' id='word_1_745' title='bbox 587 5452 870 5525; x_wconf 77' lang='lat' dir='ltr'><strong>Anastasio</strong></span> <span class='ocrx_word' id='word_1_746' title='bbox 902 5453 1231 5525; x_wconf 79' lang='lat' dir='ltr'><strong>imperatore</strong></span> <span class='ocrx_word' id='word_1_747' title='bbox 1266 5469 1409 5510; x_wconf 85' lang='lat' dir='ltr'><strong>anno</strong></span> <span class='ocrx_word' id='word_1_748' title='bbox 1440 5455 1641 5511; x_wconf 88' lang='lat' dir='ltr'><strong>Christi</strong></span> <span class='ocrx_word' id='word_1_749' title='bbox 1680 5458 1808 5525; x_wconf 72' lang='grc'><strong>512,</strong></span> <span class='ocrx_word' id='word_1_750' title='bbox 1834 5470 1890 5512; x_wconf 86' lang='grc' dir='ltr'><strong>ιιι</strong></span> 
     </span>
    </p>
   </div>
   <div class='ocr_carea' id='block_1_105' title="bbox 292 5519 1077 5590">
    <p class='ocr_par' dir='ltr' id='par_1_105' title="bbox 292 5519 1077 5590">
     <span class='ocr_line' id='line_1_106' title="bbox 292 5519 1077 5590; baseline 0 -13"><span class='ocrx_word' id='word_1_751' title='bbox 292 5520 578 5590; x_wconf 83' lang='lat' dir='ltr'><strong>sequentia</strong></span> <span class='ocrx_word' id='word_1_752' title='bbox 609 5519 1077 5577; x_wconf 86' lang='lat' dir='ltr'><strong>demottstrahunt.</strong></span> 
     </span>
    </p>
   </div>
   <div class='ocr_carea' id='block_1_106' title="bbox 370 5589 1892 5666">
    <p class='ocr_par' dir='ltr' id='par_1_106' title="bbox 370 5589 1892 5666">
     <span class='ocr_line' id='line_1_107' title="bbox 370 5589 1892 5666; baseline 0.008 -24"><span class='ocrx_word' id='word_1_753' title='bbox 370 5589 1061 5666; x_wconf 39' lang='lat' dir='ltr'><strong>{Trisagiurnhytnnum</strong></span> <span class='ocrx_word' id='word_1_754' title='bbox 1114 5594 1285 5663; x_wconf 86' lang='lat' dir='ltr'><strong>prima</strong></span> <span class='ocrx_word' id='word_1_755' title='bbox 1332 5597 1571 5666; x_wconf 88' lang='lat' dir='ltr'><strong>omnium</strong></span> <span class='ocrx_word' id='word_1_756' title='bbox 1628 5612 1892 5666; x_wconf 88' lang='lat' dir='ltr'><strong>usurpare</strong></span> 
     </span>
    </p>
   </div>
   <div class='ocr_carea' id='block_1_107' title="bbox 292 5660 1897 5729">
    <p class='ocr_par' dir='ltr' id='par_1_107' title="bbox 292 5660 1897 5729">
     <span class='ocr_line' id='line_1_108' title="bbox 292 5660 1897 5729; baseline 0.004 -14"><span class='ocrx_word' id='word_1_757' title='bbox 292 5661 459 5729; x_wconf 68' lang='lat' dir='ltr'><strong>cmpit</strong></span> <span class='ocrx_word' id='word_1_758' title='bbox 485 5660 781 5715; x_wconf 87' lang='lat' dir='ltr'><strong>Theodosii</strong></span> <span class='ocrx_word' id='word_1_759' title='bbox 822 5661 1039 5717; x_wconf 81' lang='lat' dir='ltr'><strong>Minoris</strong></span> <span class='ocrx_word' id='word_1_760' title='bbox 1078 5660 1197 5717; x_wconf 65' lang='lat' dir='ltr'><strong>aevo</strong></span> <span class='ocrx_word' id='word_1_761' title='bbox 1244 5666 1481 5720; x_wconf 78' lang='lat' dir='ltr'><strong>Ecclesia</strong></span> <span class='ocrx_word' id='word_1_762' title='bbox 1514 5660 1897 5721; x_wconf 68' lang='lat' dir='ltr'><strong>Constantino-</strong></span> 
     </span>
    </p>
   </div>
   <div class='ocr_carea' id='block_1_108' title="bbox 297 5731 1894 5810">
    <p class='ocr_par' dir='ltr' id='par_1_108' title="bbox 297 5731 1894 5810">
     <span class='ocr_line' id='line_1_109' title="bbox 297 5731 1894 5810; baseline 0.007 -28"><span class='ocrx_word' id='word_1_763' title='bbox 297 5732 553 5810; x_wconf 53' lang='lat' dir='ltr'><strong>jltrlitana,</strong></span> <span class='ocrx_word' id='word_1_764' title='bbox 592 5731 687 5810; x_wconf 72' lang='lat' dir='ltr'><strong>sed</strong></span> <span class='ocrx_word' id='word_1_765' title='bbox 730 5731 846 5785; x_wconf 88' lang='lat' dir='ltr'><strong>sine</strong></span> <span class='ocrx_word' id='word_1_766' title='bbox 876 5733 979 5786; x_wconf 82' lang='lat' dir='ltr'><strong>illis</strong></span> <span class='ocrx_word' id='word_1_767' title='bbox 1004 5736 1268 5810; x_wconf 71' lang='lat' dir='ltr'><strong>verbis,_6</strong></span> <span class='ocrx_word' id='word_1_768' title='bbox 1295 5739 1616 5810; x_wconf 67' lang='grc' dir='ltr'><strong>σταυρωθείς</strong></span> <span class='ocrx_word' id='word_1_769' title='bbox 1655 5738 1714 5793; x_wconf 80' lang='grc' dir='ltr'><strong>δι’</strong></span> <span class='ocrx_word' id='word_1_770' title='bbox 1739 5743 1894 5808; x_wconf 75' lang='grc' dir='ltr'><strong>ἡμᾶς,</strong></span> 
     </span>
    </p>
   </div>
   <div class='ocr_carea' id='block_1_109' title="bbox 291 5800 1895 5885">
    <p class='ocr_par' dir='ltr' id='par_1_109' title="bbox 291 5800 1895 5885">
     <span class='ocr_line' id='line_1_110' title="bbox 291 5800 1895 5885; baseline 0.002 -27"><span class='ocrx_word' id='word_1_771' title='bbox 291 5803 493 5883; x_wconf 56' lang='lat' dir='ltr'><strong>“suum:</strong></span> <span class='ocrx_word' id='word_1_772' title='bbox 523 5804 685 5885; x_wconf 70' lang='grc' dir='ltr'><strong>ἡμᾶς,</strong></span> <span class='ocrx_word' id='word_1_773' title='bbox 709 5817 828 5885; x_wconf 69' lang='lat' dir='ltr'><strong>quae</strong></span> <span class='ocrx_word' id='word_1_774' title='bbox 855 5812 989 5885; x_wconf 42' lang='lat' dir='ltr'><strong>tunc.</strong></span> <span class='ocrx_word' id='word_1_775' title='bbox 1007 5807 1265 5885; x_wconf 68' lang='lat' dir='ltr'><strong>trtnporis</strong></span> <span class='ocrx_word' id='word_1_776' title='bbox 1293 5800 1699 5885; x_wconf 37' lang='lat' dir='ltr'><strong>ignora-habtur.</strong></span> <span class='ocrx_word' id='word_1_777' title='bbox 1732 5800 1895 5885; x_wconf 42' lang='grc' dir='ltr'><strong>ΛςιΙιΙιλ</strong></span> 
     </span>
    </p>
   </div>
   <div class='ocr_carea' id='block_1_110' title="bbox 291 5872 1897 5946">
    <p class='ocr_par' dir='ltr' id='par_1_110' title="bbox 291 5872 1897 5946">
     <span class='ocr_line' id='line_1_111' title="bbox 291 5872 1897 5946; baseline 0.001 -15"><span class='ocrx_word' id='word_1_778' title='bbox 291 5877 449 5931; x_wconf 77' lang='lat' dir='ltr'><strong>ttuuis</strong></span> <span class='ocrx_word' id='word_1_779' title='bbox 478 5872 623 5930; x_wconf 55' lang='lat' dir='ltr'><strong>enim</strong></span> <span class='ocrx_word' id='word_1_780' title='bbox 655 5881 843 5927; x_wconf 85' lang='lat' dir='ltr'><strong>auctor</strong></span> <span class='ocrx_word' id='word_1_781' title='bbox 868 5872 1164 5930; x_wconf 69' lang='lat' dir='ltr'><strong>Aniiocltiw</strong></span> <span class='ocrx_word' id='word_1_782' title='bbox 1199 5872 1383 5946; x_wconf 66' lang='lat' dir='ltr'><strong>postea</strong></span> <span class='ocrx_word' id='word_1_783' title='bbox 1413 5874 1511 5932; x_wconf 77' lang='lat' dir='ltr'><strong>fuit</strong></span> <span class='ocrx_word' id='word_1_784' title='bbox 1536 5877 1725 5936; x_wconf 81' lang='lat' dir='ltr'><strong>Petrus</strong></span> <span class='ocrx_word' id='word_1_785' title='bbox 1754 5880 1897 5936; x_wconf 78' lang='lat' dir='ltr'><strong>Gna-</strong></span> 
     </span>
    </p>
   </div>
   <div class='ocr_carea' id='block_1_111' title="bbox 2000 4753 3598 4825">
    <p class='ocr_par' dir='ltr' id='par_1_111' title="bbox 2000 4753 3598 4825">
     <span class='ocr_line' id='line_1_112' title="bbox 2000 4753 3598 4825; baseline 0.001 -16"><span class='ocrx_word' id='word_1_786' title='bbox 2000 4755 2308 4809; x_wconf 86' lang='lat' dir='ltr'><strong>tnederetnr</strong></span> <span class='ocrx_word' id='word_1_787' title='bbox 2334 4753 2621 4819; x_wconf 88' lang='lat' dir='ltr'><strong>Calendio,</strong></span> <span class='ocrx_word' id='word_1_788' title='bbox 2664 4754 2904 4817; x_wconf 86' lang='lat' dir='ltr'><strong>Cnaphei</strong></span> <span class='ocrx_word' id='word_1_789' title='bbox 2940 4756 2989 4808; x_wconf 88' lang='lat' dir='ltr'><strong>in</strong></span> <span class='ocrx_word' id='word_1_790' title='bbox 3023 4757 3270 4811; x_wconf 84' lang='lat' dir='ltr'><strong>exsilium</strong></span> <span class='ocrx_word' id='word_1_791' title='bbox 3307 4758 3441 4823; x_wconf 88' lang='lat' dir='ltr'><strong>pulsi</strong></span> <span class='ocrx_word' id='word_1_792' title='bbox 3479 4770 3598 4825; x_wconf 84' lang='lat' dir='ltr'><strong>post</strong></span> 
     </span>
    </p>
   </div>
   <div class='ocr_carea' id='block_1_112' title="bbox 1997 4826 3597 4903">
    <p class='ocr_par' dir='ltr' id='par_1_112' title="bbox 1997 4826 3597 4903">
     <span class='ocr_line' id='line_1_113' title="bbox 1997 4826 3597 4903; baseline 0.004 -26"><span class='ocrx_word' id='word_1_793' title='bbox 1997 4826 2203 4903; x_wconf 74' lang='lat' dir='ltr'><strong>aliquot</strong></span> <span class='ocrx_word' id='word_1_794' title='bbox 2230 4838 2407 4903; x_wconf 62' lang='lat' dir='ltr'><strong>annos</strong></span> <span class='ocrx_word' id='word_1_795' title='bbox 2428 4828 2997 4903; x_wconf 81' lang='lat' dir='ltr'><strong>successor,clausnl:e</strong></span> <span class='ocrx_word' id='word_1_796' title='bbox 3029 4830 3099 4881; x_wconf 89' lang='lat' dir='ltr'><strong>illi</strong></span> <span class='ocrx_word' id='word_1_797' title='bbox 3125 4829 3383 4903; x_wconf 70' lang='lat' dir='ltr'><strong>prremisit</strong></span> <span class='ocrx_word' id='word_1_798' title='bbox 3408 4834 3597 4903; x_wconf 71' lang='grc' dir='ltr'><strong>Χριστὶ</strong></span> 
     </span>
    </p>
   </div>
   <div class='ocr_carea' id='block_1_113' title="bbox 2000 4892 3596 5019">
    <p class='ocr_par' dir='ltr' id='par_1_113' title="bbox 2000 4892 3596 5019">
     <span class='ocr_line' id='line_1_114' title="bbox 2000 4892 3596 5019; baseline -0.001 -69"><span class='ocrx_word' id='word_1_799' title='bbox 2000 4898 2217 5019; x_wconf 49' lang='grc' dir='ltr'><strong>βασιλεῦ</strong></span> <span class='ocrx_word' id='word_1_800' title='bbox 2240 4937 2253 4957; x_wconf 88' lang='grc'>,</span> <span class='ocrx_word' id='word_1_801' title='bbox 2282 4892 2485 4947; x_wconf 82' lang='lat' dir='ltr'><strong>Christe</strong></span> <span class='ocrx_word' id='word_1_802' title='bbox 2514 4912 2604 4949; x_wconf 80' lang='lat' dir='ltr'><strong>rea:</strong></span> <span class='ocrx_word' id='word_1_803' title='bbox 2627 4936 2641 4959; x_wconf 93' lang='lat'><strong>,</strong></span> <span class='ocrx_word' id='word_1_804' title='bbox 2674 4898 2983 4964; x_wconf 83' lang='lat' dir='ltr'><strong>errorisque</strong></span> <span class='ocrx_word' id='word_1_805' title='bbox 3015 4892 3199 4951; x_wconf 75' lang='lat' dir='ltr'><strong>ausam</strong></span> <span class='ocrx_word' id='word_1_806' title='bbox 3231 4892 3596 4954; x_wconf 68' lang='lat' dir='ltr'><strong>duobus&#39;vm-</strong></span> 
     </span>
     <span class='ocr_line' id='line_1_115' title="bbox 2018 4965 3595 5019; baseline 0.001 -2"><span class='ocrx_word' id='word_1_807' title='bbox 2018 4970 2081 5019; x_wconf 72' lang='lat' dir='ltr'><strong>i&#39;s</strong></span> <span class='ocrx_word' id='word_1_808' title='bbox 2116 4965 2453 5019; x_wconf 66' lang='lat' dir='ltr'><strong>nrmciderat.</strong></span> <span class='ocrx_word' id='word_1_809' title='bbox 2506 4966 2608 5019; x_wconf 86' lang='lat' dir='ltr'><strong>nisi</strong></span> <span class='ocrx_word' id='word_1_810' title='bbox 2652 4965 2947 5019; x_wconf 85' lang='lat' dir='ltr'><strong>Gnanheus</strong></span> <span class='ocrx_word' id='word_1_811' title='bbox 2988 4968 3055 5019; x_wconf 87' lang='lat' dir='ltr'><strong>ab</strong></span> <span class='ocrx_word' id='word_1_812' title='bbox 3104 4969 3295 5019; x_wconf 75' lang='lat' dir='ltr'><strong>exsilio</strong></span> <span class='ocrx_word' id='word_1_813' title='bbox 3344 4985 3595 5019; x_wconf 81' lang='lat' dir='ltr'><strong>reversus</strong></span> 
     </span>
    </p>
   </div>
   <div class='ocr_carea' id='block_1_114' title="bbox 2018 4965 3595 5036">
    <p class='ocr_par' dir='ltr' id='par_1_114' title="bbox 2018 4965 3595 5036">
     <span class='ocr_line' id='line_1_116' title="bbox 2018 4965 3595 5036; baseline 0.004 -19"><span class='ocrx_word' id='word_1_814' title='bbox 2018 4970 2081 5021; x_wconf 69' lang='lat' dir='ltr'><strong>i&#39;s</strong></span> <span class='ocrx_word' id='word_1_815' title='bbox 2116 4965 2453 5033; x_wconf 83' lang='lat' dir='ltr'><strong>praeciderat,</strong></span> <span class='ocrx_word' id='word_1_816' title='bbox 2506 4966 2608 5021; x_wconf 87' lang='lat' dir='ltr'><strong>nisi</strong></span> <span class='ocrx_word' id='word_1_817' title='bbox 2652 4965 2947 5036; x_wconf 77' lang='lat' dir='ltr'><strong>Gnaplteus</strong></span> <span class='ocrx_word' id='word_1_818' title='bbox 2988 4968 3055 5021; x_wconf 88' lang='lat' dir='ltr'><strong>ab</strong></span> <span class='ocrx_word' id='word_1_819' title='bbox 3104 4969 3295 5024; x_wconf 72' lang='lat' dir='ltr'><strong>exsilio</strong></span> <span class='ocrx_word' id='word_1_820' title='bbox 3344 4985 3595 5025; x_wconf 86' lang='lat' dir='ltr'><strong>reversus</strong></span> 
     </span>
    </p>
   </div>
   <div class='ocr_carea' id='block_1_115' title="bbox 1997 5036 3591 5108">
    <p class='ocr_par' dir='ltr' id='par_1_115' title="bbox 1997 5036 3591 5108">
     <span class='ocr_line' id='line_1_117' title="bbox 1997 5036 3591 5108; baseline 0 -17"><span class='ocrx_word' id='word_1_821' title='bbox 1997 5037 2224 5105; x_wconf 89' lang='lat' dir='ltr'><strong>sediqne</strong></span> <span class='ocrx_word' id='word_1_822' title='bbox 2257 5037 2559 5108; x_wconf 78' lang='lat' dir='ltr'><strong>restitutus,</strong></span> <span class='ocrx_word' id='word_1_823' title='bbox 2619 5036 2809 5091; x_wconf 90' lang='lat' dir='ltr'><strong>iisdem</strong></span> <span class='ocrx_word' id='word_1_824' title='bbox 2852 5038 3079 5093; x_wconf 86' lang='lat' dir='ltr'><strong>sublatis</strong></span> <span class='ocrx_word' id='word_1_825' title='bbox 3113 5040 3389 5108; x_wconf 86' lang='lat' dir='ltr'><strong>pristinam</strong></span> <span class='ocrx_word' id='word_1_826' title='bbox 3421 5041 3591 5095; x_wconf 83' lang='lat' dir='ltr'><strong>labem</strong></span> 
     </span>
    </p>
   </div>
   <div class='ocr_carea' id='block_1_116' title="bbox 1997 5107 3592 5175">
    <p class='ocr_par' dir='ltr' id='par_1_116' title="bbox 1997 5107 3592 5175">
     <span class='ocr_line' id='line_1_118' title="bbox 1997 5107 3592 5175; baseline 0.001 -15"><span class='ocrx_word' id='word_1_827' title='bbox 1997 5109 2440 5175; x_wconf 74' lang='lat' dir='ltr'><strong>rellintegrasset.</strong></span> <span class='ocrx_word' id='word_1_828' title='bbox 2494 5107 2853 5175; x_wconf 83' lang='lat' dir='ltr'><strong>Theophanes</strong></span> <span class='ocrx_word' id='word_1_829' title='bbox 2899 5112 2949 5163; x_wconf 92' lang='lat' dir='ltr'><strong>in</strong></span> <span class='ocrx_word' id='word_1_830' title='bbox 2991 5107 3261 5165; x_wconf 86' lang='lat' dir='ltr'><strong>Chronico</strong></span> <span class='ocrx_word' id='word_1_831' title='bbox 3305 5111 3373 5165; x_wconf 89' lang='lat' dir='ltr'><strong>de</strong></span> <span class='ocrx_word' id='word_1_832' title='bbox 3402 5112 3592 5165; x_wconf 76' lang='lat' dir='ltr'><strong>Calen-</strong></span> 
     </span>
    </p>
   </div>
   <div class='ocr_carea' id='block_1_117' title="bbox 1995 5178 3593 5251">
    <p class='ocr_par' dir='ltr' id='par_1_117' title="bbox 1995 5178 3593 5251">
     <span class='ocr_line' id='line_1_119' title="bbox 1995 5178 3593 5251; baseline 0.004 -21"><span class='ocrx_word' id='word_1_833' title='bbox 1995 5178 2156 5233; x_wconf 79' lang='lat' dir='ltr'><strong>d.oue</strong></span> <span class='ocrx_word' id='word_1_834' title='bbox 2200 5196 2213 5230; x_wconf 88' lang='lat'>:</span> <span class='ocrx_word' id='word_1_835' title='bbox 2258 5186 2354 5251; x_wconf 34' lang='grc' dir='ltr'><strong>Τῷ.</strong></span> <span class='ocrx_word' id='word_1_836' title='bbox 2384 5183 2645 5251; x_wconf 73' lang='grc' dir='ltr'><strong>Τρισασγίῳ</strong></span> <span class='ocrx_word' id='word_1_837' title='bbox 2688 5182 2964 5251; x_wconf 59' lang='grc' dir='ltr'><strong>προσέθηκε</strong></span> <span class='ocrx_word' id='word_1_838' title='bbox 3010 5191 3217 5235; x_wconf 54' lang='lat' dir='ltr'><strong>mare</strong></span> <span class='ocrx_word' id='word_1_839' title='bbox 3266 5192 3531 5245; x_wconf 73' lang='grc' dir='ltr'><strong>ΒΑΣιΑΕΥ,</strong></span> <span class='ocrx_word' id='word_1_840' title='bbox 3568 5183 3593 5236; x_wconf 86' lang='grc' dir='ltr'>ὁ</span> 
     </span>
    </p>
   </div>
   <div class='ocr_carea' id='block_1_118' title="bbox 1998 5247 3592 5331">
    <p class='ocr_par' dir='ltr' id='par_1_118' title="bbox 1998 5247 3592 5331">
     <span class='ocr_line' id='line_1_120' title="bbox 1998 5247 3592 5331; baseline 0.003 -28"><span class='ocrx_word' id='word_1_841' title='bbox 1998 5247 2568 5331; x_wconf 46' lang='grc' dir='ltr'><strong>στανρςιιξείςβί-ἧμίξςξ</strong></span> <span class='ocrx_word' id='word_1_842' title='bbox 2594 5247 2778 5331; x_wconf 61' lang='grc' dir='ltr'><strong>Πέτρρς</strong></span> <span class='ocrx_word' id='word_1_843' title='bbox 2810 5250 2872 5331; x_wconf 48' lang='grc' dir='ltr'>ξιξ.</span> <span class='ocrx_word' id='word_1_844' title='bbox 2891 5254 3028 5331; x_wconf 52' lang='grc' dir='ltr'>πάλιν</span> <span class='ocrx_word' id='word_1_845' title='bbox 3057 5254 3269 5331; x_wconf 67' lang='grc' dir='ltr'><strong>ἁνελθιὲιν</strong></span> <span class='ocrx_word' id='word_1_846' title='bbox 3292 5255 3502 5331; x_wconf 52' lang='grc' dir='ltr'><strong>περιεῖλε</strong></span> <span class='ocrx_word' id='word_1_847' title='bbox 3534 5257 3592 5307; x_wconf 80' lang='grc' dir='ltr'><strong>τὸ</strong></span> 
     </span>
    </p>
   </div>
   <div class='ocr_carea' id='block_1_119' title="bbox 1996 5319 3593 5393">
    <p class='ocr_par' dir='ltr' id='par_1_119' title="bbox 1996 5319 3593 5393">
     <span class='ocr_line' id='line_1_121' title="bbox 1996 5319 3593 5393; baseline 0 -19"><span class='ocrx_word' id='word_1_848' title='bbox 1996 5319 2184 5393; x_wconf 52' lang='grc' dir='ltr'><strong>ξρισξέ</strong></span> <span class='ocrx_word' id='word_1_849' title='bbox 2209 5320 2445 5393; x_wconf 62' lang='grc' dir='ltr'><strong>βασιλεῦ.</strong></span> <span class='ocrx_word' id='word_1_850' title='bbox 2472 5319 2597 5373; x_wconf 69' lang='lat' dir='ltr'><strong>llaze</strong></span> <span class='ocrx_word' id='word_1_851' title='bbox 2626 5319 2944 5376; x_wconf 71' lang='lat' dir='ltr'><strong>Alitiochim.</strong></span> <span class='ocrx_word' id='word_1_852' title='bbox 2968 5319 3431 5391; x_wconf 65' lang='lat' dir='ltr'><strong>Constantinopoli</strong></span> <span class='ocrx_word' id='word_1_853' title='bbox 3469 5339 3593 5374; x_wconf 81' lang='lat' dir='ltr'><strong>t-cro</strong></span> 
     </span>
    </p>
   </div>
   <div class='ocr_carea' id='block_1_120' title="bbox 1996 5390 3590 5461">
    <p class='ocr_par' dir='ltr' id='par_1_120' title="bbox 1996 5390 3590 5461">
     <span class='ocr_line' id='line_1_122' title="bbox 1996 5390 3590 5461; baseline 0.003 -20"><span class='ocrx_word' id='word_1_854' title='bbox 1996 5390 2312 5461; x_wconf 77' lang='lat' dir='ltr'><strong>Anastasius</strong></span> <span class='ocrx_word' id='word_1_855' title='bbox 2350 5390 2548 5461; x_wconf 87' lang='lat' dir='ltr'><strong>imper.</strong></span> <span class='ocrx_word' id='word_1_856' title='bbox 2596 5407 2699 5445; x_wconf 90' lang='lat' dir='ltr'><strong>una</strong></span> <span class='ocrx_word' id='word_1_857' title='bbox 2748 5406 2870 5445; x_wconf 90' lang='lat' dir='ltr'><strong>cum</strong></span> <span class='ocrx_word' id='word_1_858' title='bbox 2928 5393 3219 5447; x_wconf 73' lang='lat' dir='ltr'><strong>Timotheo</strong></span> <span class='ocrx_word' id='word_1_859' title='bbox 3264 5395 3590 5461; x_wconf 75' lang='lat' dir='ltr'><strong>patriarcha,</strong></span> 
     </span>
    </p>
   </div>
   <div class='ocr_carea' id='block_1_121' title="bbox 2001 5460 3594 5533">
    <p class='ocr_par' dir='ltr' id='par_1_121' title="bbox 2001 5460 3594 5533">
     <span class='ocr_line' id='line_1_123' title="bbox 2001 5460 3594 5533; baseline 0.003 -21"><span class='ocrx_word' id='word_1_860' title='bbox 2001 5460 2144 5514; x_wconf 86' lang='lat' dir='ltr'><strong>idem</strong></span> <span class='ocrx_word' id='word_1_861' title='bbox 2188 5460 2431 5527; x_wconf 84' lang='lat' dir='ltr'><strong>Guapbei</strong></span> <span class='ocrx_word' id='word_1_862' title='bbox 2477 5461 2899 5533; x_wconf 84' lang='lat' dir='ltr'><strong>additamentum</strong></span> <span class='ocrx_word' id='word_1_863' title='bbox 2954 5466 3005 5518; x_wconf 88' lang='lat' dir='ltr'><strong>in</strong></span> <span class='ocrx_word' id='word_1_864' title='bbox 3047 5460 3345 5533; x_wconf 83' lang='lat' dir='ltr'><strong>Trisaginm</strong></span> <span class='ocrx_word' id='word_1_865' title='bbox 3396 5466 3594 5518; x_wconf 77' lang='lat' dir='ltr'><strong>inferre</strong></span> 
     </span>
    </p>
   </div>
   <div class='ocr_carea' id='block_1_122' title="bbox 1998 5531 3589 5599">
    <p class='ocr_par' dir='ltr' id='par_1_122' title="bbox 1998 5531 3589 5599">
     <span class='ocr_line' id='line_1_124' title="bbox 1998 5531 3589 5599; baseline 0.002 -16"><span class='ocrx_word' id='word_1_866' title='bbox 1998 5540 2244 5596; x_wconf 82' lang='lat' dir='ltr'><strong>conatus,</strong></span> <span class='ocrx_word' id='word_1_867' title='bbox 2290 5540 2410 5599; x_wconf 88' lang='lat' dir='ltr'><strong>post</strong></span> <span class='ocrx_word' id='word_1_868' title='bbox 2440 5531 2616 5585; x_wconf 88' lang='lat' dir='ltr'><strong>varios</strong></span> <span class='ocrx_word' id='word_1_869' title='bbox 2654 5534 2935 5598; x_wconf 89' lang='lat' dir='ltr'><strong>tumultus,</strong></span> <span class='ocrx_word' id='word_1_870' title='bbox 2990 5534 3166 5589; x_wconf 67' lang='lat' dir='ltr'><strong>emdes</strong></span> <span class='ocrx_word' id='word_1_871' title='bbox 3209 5531 3269 5589; x_wconf 75' lang='lat' dir='ltr'><strong>et</strong></span> <span class='ocrx_word' id='word_1_872' title='bbox 3321 5536 3589 5599; x_wconf 77' lang='lat' dir='ltr'><strong>incendia,</strong></span> 
     </span>
    </p>
   </div>
   <div class='ocr_carea' id='block_1_123' title="bbox 2003 5599 3590 5673">
    <p class='ocr_par' dir='ltr' id='par_1_123' title="bbox 2003 5599 3590 5673">
     <span class='ocr_line' id='line_1_125' title="bbox 2003 5599 3590 5673; baseline 0.003 -20"><span class='ocrx_word' id='word_1_873' title='bbox 2003 5603 2331 5673; x_wconf 81' lang='lat' dir='ltr'><strong>reclamante</strong></span> <span class='ocrx_word' id='word_1_874' title='bbox 2360 5599 2558 5673; x_wconf 84' lang='lat' dir='ltr'><strong>populo</strong></span> <span class='ocrx_word' id='word_1_875' title='bbox 2580 5603 2902 5664; x_wconf 80' lang='lat' dir='ltr'><strong>orthodoxo,</strong></span> <span class='ocrx_word' id='word_1_876' title='bbox 2947 5607 3204 5672; x_wconf 80' lang='lat' dir='ltr'><strong>consequi</strong></span> <span class='ocrx_word' id='word_1_877' title='bbox 3241 5604 3367 5657; x_wconf 88' lang='lat' dir='ltr'><strong>nihil</strong></span> <span class='ocrx_word' id='word_1_878' title='bbox 3401 5605 3590 5673; x_wconf 78' lang='lat' dir='ltr'><strong>pomit,</strong></span> 
     </span>
    </p>
   </div>
   <div class='ocr_carea' id='block_1_124' title="bbox 2003 5672 3589 5729">
    <p class='ocr_par' dir='ltr' id='par_1_124' title="bbox 2003 5672 3589 5729">
     <span class='ocr_line' id='line_1_126' title="bbox 2003 5672 3589 5729; baseline 0.003 -7"><span class='ocrx_word' id='word_1_879' title='bbox 2003 5682 2058 5723; x_wconf 91' lang='lat' dir='ltr'><strong>ut</strong></span> <span class='ocrx_word' id='word_1_880' title='bbox 2087 5672 2245 5725; x_wconf 88' lang='lat' dir='ltr'><strong>docet</strong></span> <span class='ocrx_word' id='word_1_881' title='bbox 2282 5672 2576 5725; x_wconf 63' lang='lat' dir='ltr'><strong>Marcellini</strong></span> <span class='ocrx_word' id='word_1_882' title='bbox 2626 5672 2841 5727; x_wconf 85' lang='lat' dir='ltr'><strong>comitis</strong></span> <span class='ocrx_word' id='word_1_883' title='bbox 2869 5673 3173 5729; x_wconf 84' lang='lat' dir='ltr'><strong>Chronieon</strong></span> <span class='ocrx_word' id='word_1_884' title='bbox 3210 5675 3370 5728; x_wconf 88' lang='lat' dir='ltr'><strong>Paulo</strong></span> <span class='ocrx_word' id='word_1_885' title='bbox 3397 5690 3445 5729; x_wconf 82' lang='lat' dir='ltr'><strong>et</strong></span> <span class='ocrx_word' id='word_1_886' title='bbox 3482 5676 3589 5727; x_wconf 65' lang='grc' dir='ltr'>Μιηο</span> 
     </span>
    </p>
   </div>
   <div class='ocr_carea' id='block_1_125' title="bbox 2002 5742 3591 5811">
    <p class='ocr_par' dir='ltr' id='par_1_125' title="bbox 2002 5742 3591 5811">
     <span class='ocr_line' id='line_1_127' title="bbox 2002 5742 3591 5811; baseline 0.004 -18"><span class='ocrx_word' id='word_1_887' title='bbox 2002 5742 2225 5793; x_wconf 73' lang='lat' dir='ltr'><strong>Schiano</strong></span> <span class='ocrx_word' id='word_1_888' title='bbox 2255 5742 2594 5808; x_wconf 88' lang='lat' dir='ltr'><strong>consulibus,</strong></span> <span class='ocrx_word' id='word_1_889' title='bbox 2630 5744 2680 5796; x_wconf 91' lang='lat' dir='ltr'><strong>id</strong></span> <span class='ocrx_word' id='word_1_890' title='bbox 2707 5753 2789 5796; x_wconf 89' lang='lat' dir='ltr'><strong>est</strong></span> <span class='ocrx_word' id='word_1_891' title='bbox 2811 5759 2952 5795; x_wconf 87' lang='lat' dir='ltr'><strong>anno</strong></span> <span class='ocrx_word' id='word_1_892' title='bbox 2976 5744 3317 5807; x_wconf 65' lang='grc' dir='ltr'><strong>(Σὴιῑδιιὸίὲ,</strong></span> <span class='ocrx_word' id='word_1_893' title='bbox 3350 5748 3401 5798; x_wconf 90' lang='lat' dir='ltr'><strong>in</strong></span> <span class='ocrx_word' id='word_1_894' title='bbox 3433 5760 3591 5811; x_wconf 86' lang='lat' dir='ltr'><strong>quem</strong></span> 
     </span>
    </p>
   </div>
   <div class='ocr_carea' id='block_1_126' title="bbox 2007 5810 3593 5879">
    <p class='ocr_par' dir='ltr' id='par_1_126' title="bbox 2007 5810 3593 5879">
     <span class='ocr_line' id='line_1_128' title="bbox 2007 5810 3593 5879; baseline 0.003 -16"><span class='ocrx_word' id='word_1_895' title='bbox 2007 5810 2187 5863; x_wconf 77' lang='lat' dir='ltr'><strong>incidit</strong></span> <span class='ocrx_word' id='word_1_896' title='bbox 2234 5828 2406 5865; x_wconf 83' lang='lat' dir='ltr'><strong>annus</strong></span> <span class='ocrx_word' id='word_1_897' title='bbox 2440 5812 2707 5865; x_wconf 77' lang='lat' dir='ltr'><strong>Anastasii</strong></span> <span class='ocrx_word' id='word_1_898' title='bbox 2738 5813 2829 5878; x_wconf 70' lang='lat'><strong>22,</strong></span> <span class='ocrx_word' id='word_1_899' title='bbox 2870 5814 2956 5866; x_wconf 88' lang='lat' dir='ltr'><strong>eui</strong></span> <span class='ocrx_word' id='word_1_900' title='bbox 2994 5816 3107 5870; x_wconf 53' lang='lat' dir='ltr'><strong>hate</strong></span> <span class='ocrx_word' id='word_1_901' title='bbox 3136 5816 3320 5870; x_wconf 69' lang='lat' dir='ltr'><strong>eadem</strong></span> <span class='ocrx_word' id='word_1_902' title='bbox 3354 5810 3593 5879; x_wconf 66' lang='lat' dir='ltr'><strong>assignat</strong></span> 
     </span>
    </p>
   </div>
   <div class='ocr_carea' id='block_1_127' title="bbox 2006 5881 3595 5956">
    <p class='ocr_par' dir='ltr' id='par_1_127' title="bbox 2006 5881 3595 5956">
     <span class='ocr_line' id='line_1_129' title="bbox 2006 5881 3595 5956; baseline 0.003 -21"><span class='ocrx_word' id='word_1_903' title='bbox 2006 5881 2363 5951; x_wconf 77' lang='lat' dir='ltr'><strong>Theophanes</strong></span> <span class='ocrx_word' id='word_1_904' title='bbox 2409 5882 2459 5936; x_wconf 89' lang='lat' dir='ltr'><strong>in</strong></span> <span class='ocrx_word' id='word_1_905' title='bbox 2494 5882 2762 5940; x_wconf 87' lang='lat' dir='ltr'><strong>Chronico</strong></span> <span class='ocrx_word' id='word_1_906' title='bbox 2799 5900 2811 5938; x_wconf 87' lang='lat'><strong>:</strong></span> <span class='ocrx_word' id='word_1_907' title='bbox 2858 5883 2945 5937; x_wconf 89' lang='lat' dir='ltr'><strong>ubi</strong></span> <span class='ocrx_word' id='word_1_908' title='bbox 2991 5896 3050 5939; x_wconf 81' lang='lat' dir='ltr'><strong>et</strong></span> <span class='ocrx_word' id='word_1_909' title='bbox 3086 5884 3350 5941; x_wconf 81' lang='lat' dir='ltr'><strong>Timothei</strong></span> <span class='ocrx_word' id='word_1_910' title='bbox 3382 5898 3595 5956; x_wconf 79' lang='lat' dir='ltr'><strong>quoque</strong></span> 
     </span>
    </p>
   </div>
  </div>
