4190 6400
301 414 406 469 ξῚό

1726 392 2061 453 ειηδτοιλ
2101 393 2189 450 Ill.

3504 408 3609 462 24

300 531 483 583 adhuc
507 525 713 580 obitum
740 537 809 579 ex
835 530 1025 578 ventre
1050 517 1311 583 debebat;
1337 516 1517 573 adhuc
1545 515 1612 571 ad
1636 514 1895 570 informn-
1927 516 1977 573 Α
2009 533 2105 572 sua
2139 518 2282 591 vulgi
2314 521 2573 577 variantis
2594 522 2823 578 sentiret
2848 521 3054 593 opinio.
3100 524 3346 596 Cumque
3387 526 3611 584 diversi-

304 621 510 676 tionem
564 624 805 673 nostram
853 616 1143 671 exercebat
1191 610 1509 667 humilitatis
1535 608 1711 665 studia
1741 609 1903 664 etiam

302 714 363 767 in
390 727 557 782 opere
584 708 868 767 claritatis.
900 704 1039 760 Cum
1061 700 1328 759 Cananaea
1372 699 1642 772 quasdam,
1674 697 1905 754 creduli-

304 805 433 860 tatis
460 802 676 873 quidem
717 797 1049 863 Israeliticae,
1100 795 1196 851 sed
1239 794 1417 866 gentis
1451 793 1663 861 alienae,
1704 790 1904 845 virtute

301 897 468 961 virili,
546 892 805 963 petitione
860 888 1142 955 laudabili,
1222 885 1588 941 obstinatione
1656 882 1897 946 victrice,

299 987 519 1043 Christo
542 1000 642 1056 pro
666 984 775 1039 tilia
798 983 1122 1054 supplicaret
1147 998 1161 1033 :
1191 978 1455 1043 Miserere,
1480 976 1752 1046 inquiens,
1779 975 1897 1037 mei,

299 1080 382 1150 ﬁli
406 1079 574 1137 David
608 1076 827 1147 (Matth.
853 1090 943 1143 xv,
973 1073 1103 1146 22);
1150 1071 1277 1126 vicit
1308 1070 1395 1125 hic
1423 1083 1617 1126 sensus
1645 1067 1900 1123 interiore

300 1170 571 1242 sapientia
620 1180 808 1226 sexum
858 1168 1062 1234 carnis,
1113 1178 1275 1233 supra
1319 1162 1614 1217 humanum
1656 1158 1819 1215 sentit
1846 1159 1897 1212 in

303 1263 549 1319 homine.
577 1262 692 1316 Non
716 1258 1068 1330 acquiescant
1098 1254 1418 1327 Eutychiani
1449 1252 1701 1308 doctores
1726 1248 1777 1305 ci
1806 1247 1898 1319 qui

300 1368 526 1429 propter
552 1368 651 1410 nos
670 1354 962 1409 cruciﬁxus
982 1357 1066 1406 est
1095 1348 1421 1419 supplicare.
1470 1345 1571 1400 lsta
1603 1344 1653 1398 in
1686 1341 1895 1398 crucifi-

300 1446 481 1515 gcndo
506 1452 563 1502 ct
596 1444 931 1499 divinitatem
987 1449 1203 1513 precata
1249 1446 1334 1494 est
1374 1451 1497 1508 qua:
1546 1449 1653 1490 non
1686 1442 1899 1504 poterat

300 1542 463 1604 tnori,
495 1546 550 1595 et
604 1537 995 1592 humanitatem
1050 1547 1172 1604 qua:
1227 1538 1437 1601 poterat
1484 1527 1753 1585 suscitari.
1789 1525 1898 1580 Fili

300 1630 467 1686 Datid
511 1642 729 1685 carnem
773 1632 1032 1691 resonat;
1079 1625 1315 1678 miserere
1358 1622 1455 1677 mei
1495 1620 1666 1678 Deum
1719 1618 1898 1675 decla-

293 1733 404 1780 rat.
450 1722 712 1779 Dominus
759 1718 886 1775 cmli
917 1719 1196 1774 invocatus
1224 1723 1311 1771 est
1339 1715 1393 1770 in
1427 1714 1629 1768 virtute
1658 1729 1670 1765 :
1704 1720 1897 1767 auctor

295 1814 535 1873 laminis
562 1820 787 1869 vocatus
807 1822 889 1868 est
913 1810 966 1866 in
990 1824 1212 1881 genere.
1244 1807 1427 1879 Longe
1443 1806 1576 1877 jam,
1603 1813 1661 1861 ut
1680 1803 1894 1875 opinor,

2010 619 2118 666 tate
2139 613 2421 669 sententiis
2444 612 2723 683 populum,
2754 625 2844 669 aut
2876 630 3041 671 unum
3071 630 3138 673 ex
3157 617 3367 673 vatibus
3393 622 3605 688 priscis,

2005 712 2099 757 aut
2124 704 2388 775 Moysem,
2409 706 2494 761 vel
2522 716 2672 763 certe
2701 706 2930 774 llcliam,
2954 707 3107 764 illum
3128 711 3353 767 credere
3381 726 3605 783 suggcso

2006 795 2256 851 sissent:
2314 793 2417 853 Vos
2465 806 2660 866 autem,
2708 799 2903 870 inquit,
2954 817 3105 870 quem
3153 819 3234 859 me
3279 820 3390 860 esse
3436 806 3609 860 dicitis

2006 885 2221 958 (Matth.
2250 903 2366 953 xvt,
2405 890 2559 957 l5)?
2608 890 2745 946 Tum
2791 892 3045 963 princeps
3086 894 3601 965 condiscipulorum,

2005 977 2323 1048 principium
2356 982 2733 1052 responsionis
2780 997 3089 1049 assumens.
3146 984 3229 1041 Tu
3274 1003 3349 1054 es,
3405 988 3606 1061 inquit,

2004 1068 2238 1124 Christus
2288 1069 2462 1127 Filius
2506 1070 2608 1128 Dei
2654 1074 2769 1129 uici.
2824 1075 3089 1133 Sulllcere
3139 1077 3302 1149 plane
3358 1091 3607 1151 potuerat

2002 1157 2144 1225 quod
2193 1159 2483 1216 conﬁtetur
2521 1162 2609 1219 hic
2656 1162 2881 1232 Petrus,
2946 1165 3161 1223 etiamsi
3201 1171 3306 1226 hoc
3348 1186 3456 1225 non
3497 1183 3605 1227 tatu

2002 1252 2284 1310 manifesta
2313 1258 2667 1326 responsione
2696 1258 3073 1318 conﬁrmasset
3100 1262 3370 1320 Christus.
3410 1262 3609 1322 Βιαινό

2001 1360 2077 1410 es,
2108 1345 2300 1416 inquit,
2332 1346 2516 1403 Simon
2544 1348 2652 1403 Bar
2680 1348 2840 1416 Iona,
2868 1353 2992 1421 quia
3019 1369 3140 1407 caro
3170 1365 3219 1408 et
3262 1357 3475 1427 sanguis
3503 1375 3606 1415 non

2001 1437 2241 1491 reuelauit
2265 1438 2373 1505 tibi,
2404 1441 2495 1496 sed
2526 1439 2685 1496 Pater
2711 1446 3051 1515 meus,qniin
3067 1443 3211 1500 ca'ls's
3226 1448 3595 1524 est(lbid.l7).

2002 1527 2198 1586 Beatus
2238 1545 2320 1597 es,
2364 1532 2621 1604 inquam,
2668 1533 2792 1604 quia
2839 1544 2898 1589 ut
2942 1535 3111 1591 Deum
3164 1552 3443 1604 cerneres,
3494 1554 3607 1595 non

2001 1634 2219 1677 carnem
2251 1623 2649 1695 tantummodo,
2701 1624 2797 1682 sed
2838 1636 2896 1683 et
2941 1628 3262 1700 sanguinem
3296 1632 3555 1687 censuisti
3587 1650 3603 1686 :

2002 1727 2103 1769 nec
2122 1713 2467 1772 revelandam
2498 1714 2595 1773 tibi
2624 1716 2853 1789 gloriam
2885 1733 3061 1775 meam
3085 1720 3411 1778 lineamenta
3458 1736 3605 1779 sum-

2004 1803 2079 1873 pti
2132 1807 2385 1876 corporis
2440 1808 2775 1865 obtulerunt.
2851 1809 2968 1867 Non
3025 1814 3273 1871 avertisti
3326 1830 3605 1886 generosa

289 1919 421 1981 post
450 1916 684 1964 mortem
714 1903 904 1970 David,
947 1903 1015 1960 de
1041 1901 1197 1974 cujus
1226 1900 1435 1957 semine
1467 1897 1626 1956 terris
1658 1912 1753 1969 per
1782 1896 1895 1953 Ma-
1929 1883 1974 1944 B
2003 1895 2200 1952 mentis
2228 1905 2532 1967 aspectum,
2564 1899 2709 1970 quod
2738 1908 2796 1957 et
2835 1915 3001 1959 carne
3035 1906 3308 1975 prolatum
3331 1883 3445 1961 est.
3495 1906 3605 1965 Sed

291 2000 432 2055 riam
472 1998 721 2054 Christus
767 1996 988 2063 effulsit,
1040 2002 1346 2063 temporum
1396 1990 1542 2048 serie
1591 1989 1897 2047 stemmatis

291 2092 430 2163 regii
468 2088 721 2162 prosapia
749 2088 1069 2144 ducebatur.
1128 2084 1302 2141 Posco
1351 2098 1514 2151 nunc,
1550 2082 1635 2139 his
1661 2097 1895 2153 proavo-

289 2198 417 2240 rum
441 2179 878 2238 successionibus
904 2193 970 2234 ac
998 2186 1285 2248 nepotum,
1317 2189 1383 2230 ex
1420 2185 1719 2230 memorato
1743 2183 1897 2244 patre

293 2287 469 2342 usque
488 2272 557 2329 ad
580 2271 886 2342 virgineum
915 2267 1085 2324 letum
1118 2274 1232 2323 toto
1259 2264 1519 2322 derivata
1558 2263 1896 2321 haereditatis

285 2378 538 2431 accessu,
582 2359 976 2433 phantasmatis
1023 2358 1166 2415 linea
1221 2358 1477 2423 ducatur,
1521 2371 1590 2412 an
1632 2356 1892 2412 traducis.

287 2453 462 2509 Porro
487 2460 671 2509 autem
700 2450 956 2523 ambiguo
984 2456 1157 2516 caret,
1188 2445 1335 2519 quod
1359 2446 1515 2504 etde
1540 2460 1744 2518 genere
1766 2460 1895 2504 caro

291 2559 421 2601 vera
447 2543 733 2616 processit,
777 2552 833 2600 et
872 2540 1190 2614 phantasma
1218 2554 1393 2612 genus
1434 2538 1636 2596 habere
1659 2552 1768 2595 non
1798 2552 1896 2611 po-

288 2639 411 2693 tuit.
461 2636 822 2707 Experiamur
848 2644 1056 2704 tamen,
1097 2641 1280 2689 utrum
1327 2632 1602 2704 spreverit
1643 2629 1895 2687 Christus

289 2728 535 2801 praefata:
563 2726 898 2784 Cananitidis
927 2727 980 2781 in
1016 2724 1266 2782 oratione
1293 2736 1632 2790 sermonem,
1675 2735 1745 2777 an
1776 2720 1890 2778 lor-

288 2817 454 2873 tassis
478 2828 770 2886 exasperet
796 2814 1052 2885 ineptiam
1075 2810 1455 2884 supplicantis.
1491 2811 1536 2867 Ο
1564 2812 1771 2877 mulier,
1796 2810 1891 2878 ait,

288 2924 479 2981 magna
503 2915 579 2963 est
606 2908 735 2977 fides
764 2916 854 2961 tua
887 2922 908 2961 :
938 2906 1031 2975 ﬁat
1061 2905 1154 2960 tibi
1177 2905 1312 2960 sicut
1350 2903 1447 2960 uis.
1500 2902 1557 2960 Si
1606 2902 1711 2958 ista
1758 2902 1892 2959 tides

287 3005 397 3062 est,
441 2996 627 3067 utique
656 3010 849 3068 magna
894 2995 938 3051 si
968 3002 1203 3061 constat,
1231 3008 1339 3049 non
1368 2993 1475 3049 erit
1500 3002 1685 3058 recta;
1714 2990 1889 3048 altera

287 3094 442 3143 certe
486 3085 661 3142 fuerat
706 3084 775 3141 ad
805 3094 1033 3141 matrem
1077 3083 1167 3139 illa
1206 3082 1514 3154 responsio,
1561 3096 1683 3138 cum
1714 3083 1887 3138 comi-

287 3188 441 3236 tante
481 3178 870 3249 discipulorum
912 3177 1083 3233 choro
1120 3175 1271 3233 festis
1309 3176 1644 3246 nuptialibus
1692 3176 1886 3231 invita-

2000 1981 2163 2041 Pater
2188 2000 2361 2056 meus,
2408 1988 2608 2059 quiest
2638 1990 2692 2047 in
2724 1991 2904 2062 caelis,
2946 1994 3208 2051 revelavit
3250 1996 3347 2052 tibi
3381 1996 3603 2067 Filium,

1997 2078 2084 2132 cui
2115 2077 2357 2135 adbteret
2383 2080 2437 2136 in
2467 2081 2668 2139 terris:
2702 2083 2857 2157 cujus
2896 2085 3067 2158 gloria
3114 2096 3437 2160 paupertate
3460 2105 3608 2150 nunc

2000 2166 2218 2240 tegitur,
2250 2170 2404 2242 cujus
2435 2171 2610 2230 honor
2635 2176 2983 2235 contumeliis
3012 2193 3156 2236 nunc
3184 2179 3417 2237 celatur.
3463 2180 3602 2237 Pen-

1997 2258 2161 2317 dehat
2186 2260 2456 2333 siquidem
2484 2264 2540 2321 in
2567 2266 2701 2338 ligni
2721 2268 2976 2326 salutaris
3013 2271 3234 2329 excelso
3289 2270 3602 2343 triumphali

1998 2354 2428 2423 prmeminentia,
2453 2358 2770 2415 mediatoris
2812 2362 2985 2417 nostri
3013 2376 3213 2433 corpus
3252 2365 3506 2431 altatum,
3545 2373 3603 2420 et

1998 2444 2423 2519 uniuscujusque
2469 2450 2797 2507 sententiam
2860 2452 2931 2509 de
2996 2454 3179 2511 cordis
3232 2457 3604 2525 penetralibus

2000 2537 2173 2594 virtus
2190 2537 2457 2596 salutiferi
2484 2541 2684 2613 stipitis
2712 2543 2985 2616 exigebat.
3033 2543 3292 2615 Iniuriam
3324 2547 3416 2603 ille
3454 2548 3604 2605 deri-

1994 2626 2178 2684 dehat.
2207 2630 2348 2687 Ecce
2368 2631 2460 2703 qui
2488 2631 2822 2703 destruebat,
2871 2634 3066 2707 inquit,
3098 2637 3358 2707 templum
3388 2638 3509 2709 Dei,
3542 2648 3602 2695 ut

1995 2718 2130 2775 illud
2162 2720 2342 2778 triduo
2367 2724 2698 2792 suscitaret;
2747 2724 2887 2783 alter
2929 2726 3069 2783 aceti
3108 2729 3386 2800 potionem
3426 2728 3602 2786 ferino

1996 2811 2120 2869 felle
2150 2826 2466 2886 corruptam
2496 2818 2737 2890 spongiae
2769 2818 2969 2890 poculo
3008 2819 3321 2891 porrigebat
3357 2819 3595 2893 (Matth.

1992 2906 2294 2981 xxvtt,48).
2316 2906 2437 2977 Ipse
2464 2917 2649 2966 tamen
2680 2924 2907 2967 servans
2938 2910 3083 2969 inter
3130 2925 3320 2984 poenas
3358 2911 3599 2970 hominis

1991 2997 2421 3057 misericordiam
2462 3000 2762 3071 Creatoris,
2804 3004 2999 3062 dolens
3042 3019 3140 3062 eos
3165 3021 3263 3076 pro
3284 3004 3479 3075 quibus
3506 3020 3599 3063 vc-

1994 3097 2150 3145 nerat
2177 3089 2356 3149 adhuc
2384 3092 2488 3148 sub
2512 3102 2759 3166 tempore
2788 3095 2958 3166 ipsius
2980 3096 3367 3168 redemptionis
3388 3111 3596 3165 errare,

1987 3178 2260 3238 clamabat
2306 3201 2320 3235 :
2365 3182 2545 3252 Pater,
2594 3186 2804 3253 ignosce
2849 3186 2981 3254 illis,
3028 3188 3153 3260 quia
3196 3188 3434 3245 nesciunt
3471 3188 3596 3260 quid

286 3281 397 3339 tus,
444 3241 737 3327 deﬁciente
760 3268 888 3326 vino
916 3269 983 3325 ad
1012 3268 1317 3325 iaciendum
1348 3241 1661 3324 miraculum
1693 3282 1881 3339 posce-
1911 3241 1960 3305 c
1989 3270 2186 3341 faciunt
2226 3271 2380 3341 (Luc.
2410 3241 2573 3342 xxiii,
2600 3241 2721 3346 ἐι).
2756 3241 2893 3345 Quid
2925 3241 3591 3353 est,'nescitiittnqitid1l‘aj

287 3372 476 3427 retur;
504 3371 668 3432 atque
695 3361 785 3416 ille
810 3377 825 3414 :
854 3359 993 3427 Quid
1031 3361 1157 3414 mihi
1178 3369 1226 3416 et
1254 3361 1348 3415 tibi
1373 3369 1471 3429 est,
1494 3359 1726 3415 mulier?
1749 3376 1883 3417 non-

1988 3365 2281 3431 eiunt,nisi
2300 3366 2425 3437 quia
2443 3366 2673 3423 credunt
2700 3383 2761 3425 se
2790 3370 2964 3425 solum
2992 3371 3267 3427 hominem
3298 3371 3599 3429 adduxisse

284 3456 412 3509 dum
439 3454 573 3510 venit
598 3454 728 3508 hora
755 3453 1070 3526 maonan.
1099 3468 1161 3521 tt,
1190 3451 1269 3525 4).
1306 3452 1468 3508 Velut
1495 3453 1539 3508 si
1567 3451 1711 3508 dicat
1735 3470 1747 3507 :
1775 3452 1884 3509 Cur
1980 3454 2233 3526 judicio?
2262 3454 2475 3527 Ignorat
2502 3456 2634 3528 quid
2663 3456 2848 3530 faciat,
2897 3459 2989 3531 qui
3022 3476 3128 3515 non
3173 3461 3340 3517 sentit
3382 3460 3437 3516 in
3471 3477 3595 3519 cru-
3674 3525 3680 3534 _

282 3546 419 3603 illud
451 3547 823 3603 tantummodo
849 3544 991 3617 quod
1023 3547 1279 3616 peperisti
1308 3561 1433 3603 esse
1463 3561 1551 3603 me
1580 3548 1797 3603 credis?
1822 3546 1881 3603 Si

280 3642 391 3695 hoc
418 3638 593 3695 solum
631 3637 765 3693 mihi
790 3648 943 3709 putas
978 3645 1230 3694 c0nstare
1251 3636 1395 3707 quod
1427 3637 1606 3693 carnis
1634 3647 1738 3700 est.
1772 3653 1879 3693 non

281 3747 505 3804 possum
538 3732 815 3802 complere
842 3730 987 3802 quod
1014 3729 1204 3803 exigis.
1233 3720 1496 3787 Sublimia
1537 3730 1652 3786 haec
1688 3746 1809 3801 qua:
1848 3747 1879 3787 a

282 3840 373 3881 me
395 3822 627 3894 requiris
655 3823 724 3880 de
754 3820 913 3879 Patre
942 3822 1127 3889 attuli,
1172 3835 1279 3879 non
1320 3822 1375 3877 in
1411 3831 1585 3878 matre
1622 3824 1835 3893 suscepi
1862 3840 1876 3878 :

280 3918 517 3973 formato
547 3917 599 3972 in
633 3925 686 3972 te
721 3916 961 3987 corpori,
1001 3915 1182 3971 debita
1220 3914 1551 3971 inﬁrmitatis
1588 3915 1883 3972 institutio-

280 4025 373 4074 ne,
427 4023 591 4079 Opera
639 4008 853 4064 virtutis
899 4007 1157 4078 iniungis.
1210 4006 1356 4062 Bene
1398 4021 1487 4063 me
1536 4016 1691 4078 putas
1716 4022 1879 4079 posse

279 4101 426 4173 quod
459 4101 617 4170 petis,
650 4100 695 4156 si
718 4109 793 4168 te,
821 4101 962 4155 sicut
991 4105 1092 4155 mei
1121 4098 1385 4169 corporis,
1421 4100 1500 4154 sic
1530 4108 1759 4155 matrem
1800 4099 1877 4154 tui

276 4191 551 4261 intelligas
576 4191 870 4247 Creatoris.
898 4188 1054 4259 Quod
1082 4190 1129 4247 si
1154 4190 1328 4247 solum
1362 4197 1416 4246 te
1444 4189 1680 4247 edidisse
1705 4190 1881 4245 homi-

276 4298 403 4340 nem
432 4283 587 4350 velis,
617 4282 848 4337 nondum
875 4283 1008 4339 venit
1036 4282 1163 4337 hora
1208 4298 1343 4337 nica.
1389 4282 1562 4337 Nemo
1589 4292 1771 4338 autem
1801 4283 1880 4339 sic

274 4378 494 4446 ineptus
518 4372 848 4445 reputandus
874 4381 975 4441 est,
1002 4384 1059 4429 ut
1089 4372 1233 4430 istud
1267 4373 1411 4444 quod
1439 4372 1603 4443 dixit,
1645 4375 1879 4429 nondum

276 4468 411 4521 t‘ent't
441 4468 572 4520 hora
603 4481 735 4534 mea,
777 4466 924 4522 velut
950 4479 1139 4523 errore
1170 4465 1380 4537 gentili,
1416 4466 1722 4522 constitutis
1749 4467 1879 4523 velit

1985 3551 2127 3606 ciato
2175 3564 2404 3621 corpore
2444 3551 2807 3623 maiestatem.
2863 3553 2933 3609 Et
2978 3554 3025 3610 si
3065 3553 3143 3611 illi
3197 3555 3367 3611 solius
3404 3557 3596 3613 matris

1986 3641 2154 3707 lilium
2185 3642 2494 3699 interficere
2523 3657 2584 3701 se
2614 3643 2900 3701 credentes
2927 3645 3056 3715 quid
3088 3645 3330 3702 facerent
3373 3646 3590 3720 ignora-

1985 3734 2136 3804 bant,
2167 3751 2265 3792 cur
2296 3737 2475 3793 adhuc
2506 3738 2669 3794 hodie
2690 3737 2967 3809 Eutyches
3017 3739 3270 3809 ignorare
3310 3754 3371 3795 se
3411 3740 3589 3796 simu-

1985 3830 2079 3898 lat,
2121 3830 2265 3901 quod
2306 3830 2353 3886 si
2397 3832 2474 3887 illi
2509 3839 2637 3887 tunc
2686 3833 2938 3899 scissent,
2989 3832 3208 3888 Christo
3247 3842 3302 3889 et
3344 3828 3594 3903 apostolo

1985 3931 2342 3991 protestante,
2389 3939 2663 3993 nunquam
2714 3925 3003 3979 Dominum
3056 3927 3246 3995 glorite
3282 3925 3592 3982 cruciﬁxis-

1983 4016 2139 4071 sentt
2194 4016 2349 4072 Unde
2397 4017 2540 4087 quod
2591 4016 2681 4071 hic
2730 4016 2994 4073 Dominus
3038 4018 3409 4075 nescientibus
3437 4030 3593 4091 optat

1982 4108 2209 4175 ignosci,
2235 4116 2451 4163 constat
2482 4117 2833 4177 expertorum
2885 4109 3237 4166 conscientiae
3281 4125 3386 4167 non
3430 4125 3591 4181 posse

1982 4197 2230 4253 concedi.
2296 4198 2381 4253 An
2424 4197 2563 4256 forte
2608 4199 2902 4266 miramur,
2959 4201 3103 4270 quod
3158 4210 3269 4258 tam
3306 4203 3592 4261 evidenter

1982 4289 2227 4346 Christus
2259 4292 2529 4362 passionis
2570 4308 2684 4349 sua:
2739 4292 3062 4365 mysterium
3114 4292 3367 4366 dignatur
3420 4311 3590 4368 expo-

1982 4380 2152 4437 nt-rel
2199 4382 2387 4437 Ausim
2439 4382 2647 4452 dicere,
2694 4382 2958 4441 habemus
3005 4383 3095 4441 hic
3133 4383 3313 4442 adhuc
3357 4386 3591 4458 amplius

1981 4472 2125 4541 quod
2172 4472 2377 4530 mirari.
2433 4473 2701 4530 Comitata
2752 4484 2858 4543 est,
2917 4485 2977 4532 ut
3016 4476 3213 4548 legitis,
3257 4477 3588 4536 dominicam

274 4556 529 4612 fatalibus
579 4556 876 4627 applicare.
936 4556 1019 4613 Ad
1073 4556 1481 4627 intelligendum
1540 4556 1690 4613 hora:
1735 4557 1877 4613 illius
1904 4617 1952 4641 ἢ
1984 4576 2213 4622 mortem
2238 4566 2804 4638 circumpendentium
2842 4570 3115 4625 latronum
3145 4570 3432 4641 conjuncta
3463 4588 3589 4628 cru—

276 4649 595 4719 ntystcrium
653 4648 1037 4704 discretionem
1110 4648 1288 4718 potius
1342 4649 1543 4719 requiri
1597 4652 1871 4719 convenit,

274 4756 439 4811 quam
467 4742 740 4796 decretum
775 4758 787 4795 :
817 4742 958 4813 quod
980 4756 1101 4797 cum
1128 4742 1238 4812 ipsa
1264 4756 1477 4813 quoque
1499 4752 1698 4800 nostris
1728 4761 1874 4799 mor-

274 4834 499 4889 tilitatis
529 4834 767 4890 conditio
788 4851 895 4889 non
913 4834 1161 4905 eligatur,
1185 4835 1278 4890 sed
1302 4838 1481 4891 omnis
1510 4845 1679 4893 status
1704 4840 1872 4895 nostri

1902 4617 1952 4676 D

1978 4655 2185 4725 citixio;
2227 4672 2364 4727 quos
2402 4667 2582 4715 tamen
2632 4660 2907 4716 temeritas
2945 4660 3185 4718 crudelis
3223 4662 3433 4733 iudicii,
3477 4681 3587 4722 non

1977 4750 2195 4805 servilis
2214 4749 2388 4819 culpae
2415 4751 2695 4819 meritum,
2722 4762 3107 4822 comquaverat
3134 4753 3436 4811 innocenti.
3468 4755 3586 4812 Non

1977 4842 2122 4897 enim
2161 4852 2371 4910 poterat
2412 4844 2588 4898 sancti
2631 4844 2897 4915 germinis
2929 4845 3303 4917 incorruptum
3354 4848 3585 4904 nitorem

273 4924 573 4981 necessitas
594 4924 968 4995 gubernatoris
994 4927 1235 4996 perpetui
1263 4927 1333 4983 sit
1371 4928 1620 4986 voluntas
1640 4948 1651 4983 :
1672 4940 1873 5001 quanto
1975 4932 2171 4987 vicinae
2202 4932 2513 5002 pollutionis
2568 4934 2760 4990 horror
2798 4948 3129 5006 aspergere:
3162 4937 3300 4992 sicut
3328 4947 3382 4995 et
3409 4941 3515 5007 sol,
3539 4943 3584 4995 si

274 5014 448 5084 magis
497 5012 774 5084 Christus,
825 5017 918 5086 qui
967 5025 1288 5085 potestatem
1348 5017 1581 5074 habebat
1635 5024 1869 5091 pt-nendi

275 5104 512 5159 animam
540 5119 711 5171 suam,
750 5117 803 5161 et
830 5106 1025 5162 iterum
1053 5109 1295 5163 sumendi
1325 5124 1445 5165 eam
1470 5109 1650 5181 (Joan.
1677 5130 1730 5179 s,
1758 5115 1869 5183 l8),

274 5196 423 5251 nullo
453 5210 513 5251 se
539 5194 632 5251 fati
662 5197 830 5251 voluit
860 5196 1136 5267 implicare
1176 5202 1536 5270 praescripto?
1592 5202 1696 5259 Sed
1746 5220 1869 5261 cum

272 5287 482 5343 venerit
509 5286 771 5343 subeundi
797 5288 930 5343 hora
956 5289 1211 5359 patibuli,
1250 5292 1587 5361 apparebunt
1633 5298 1870 5356 cmlestia

269 5395 391 5447 qua
442 5387 594 5448 pater
646 5379 849 5447 genuit,
892 5389 946 5435 et
984 5395 1245 5450 corporea
1296 5398 1417 5453 qua:
1462 5385 1618 5441 alvus
1658 5387 1865 5447 eﬂ‘udit.

270 5472 415 5540 Ergo
445 5485 567 5525 cum
610 5470 724 5539 ipse
762 5470 1017 5526 Dominus
1048 5472 1165 5539 hic,
1228 5471 1556 5543 perﬁciendo
1605 5481 1868 5538 miraculo

269 5575 422 5619 actus
442 5563 635 5630 divini,
668 5578 774 5617 non
799 5563 1056 5632 repulerit
1084 5567 1424 5635 genitricem,
1465 5571 1559 5625 Sed
1593 5571 1867 5631 instruxe-

270 5658 339 5711 rit
373 5657 730 5727 ignorantem,
780 5655 1057 5712 videamus
1102 5657 1227 5727 quid
1274 5659 1401 5715 hinc
1431 5677 1553 5718 cum
1587 5665 1867 5735 Apostolis

269 5754 378 5808 suis
438 5760 667 5807 tractatu
730 5750 1055 5821 impensiore
1109 5754 1419 5810 contulerit.
1494 5756 1866 5830 interrogabat

269 5853 443 5901 autem
493 5857 586 5902 eos
617 5842 845 5915 quodam
884 5842 1155 5917 Evangelii
1188 5847 1329 5919 loco,
1367 5867 1486 5921 qtnn
1524 5852 1591 5910 de
1622 5869 1855 5925 persona

1980 5023 2190 5078 radium
2215 5024 2267 5078 in
2291 5024 2575 5080 {esculenta
2601 5025 3137 5097 dimittat,intactum
3160 5043 3383 5098 prorsus
3413 5031 3585 5087 nescit

1979 5117 2184 5173 sentire
2238 5119 2572 5188 contagium.
2626 5118 2829 5176 Horum
2881 5119 3046 5191 igitur
3097 5137 3238 5177 unus
3289 5122 3582 5191 latronum,

1980 5204 2127 5277 longi
2159 5208 2383 5264 sceleris
2404 5210 2569 5265 vitam
2590 5211 2768 5267 brevis
2784 5213 3095 5281 compendii
3120 5212 3227 5267 ﬁne
3249 5222 3585 5283 permutans,

1977 5314 2045 5355 ex
2100 5299 2451 5359 interfectore
2498 5302 2767 5369 medicus,
2824 5312 3030 5375 martyr
3095 5319 3159 5359 ex
3219 5303 3361 5372 ΐιιιιε,
3414 5320 3585 5359 nexus

1980 5394 2262 5459 membris,
2289 5395 2609 5452 criminibus
2639 5396 2940 5463 absolutus,
2975 5396 3113 5451 ﬁxus
3135 5396 3307 5462 clavo,
3351 5396 3487 5452 liber
3505 5398 3584 5451 al-

1978 5489 2126 5547 fecm
2159 5507 2173 5543 :
2222 5487 2462 5557 Domine,
2495 5490 2692 5561 inquit,
2723 5501 2975 5546 memento
2997 5492 3115 5559 mei,
3164 5509 3277 5547 cum
3306 5494 3503 5549 veneris
3532 5494 3583 5550 in

1976 5600 2191 5654 regnum
2220 5593 2387 5640 tuum.
2414 5585 2459 5640 Ο
2482 5583 2659 5641 felicis
2685 5585 2960 5641 beatitudo
2984 5586 3308 5641 testimonii!
3338 5600 3372 5641 ο
3398 5586 3582 5642 ineffa-

1978 5675 2101 5730 biiis
2140 5675 2407 5732 fortitudo
2437 5678 2729 5733 credendi!
2778 5677 2894 5734 Non
2937 5679 3125 5746 istum,
3163 5686 3221 5734 ut
3248 5678 3580 5734 divinitatem

1975 5767 2029 5822 in
2064 5767 2282 5824 homine
2314 5767 2567 5835 sentiret,
2598 5767 2748 5839 signa
2772 5770 3057 5836 vicerant;
3091 5771 3184 5827 sed
3213 5769 3428 5825 virtutis
3454 5769 3576 5823 dile-

1977 5859 2210 5920 ctionem
2243 5862 2619 5920 inﬂrmitatutu
2651 5862 2870 5935 collegit
2902 5863 3124 5920 indicio.
3151 5860 3465 5935 Concupivit
3495 5864 3574 5915 in-
