4190 6462
769 431 873 486 9l5

2031 423 2090 480 S.
2131 422 2309 480 AVITI
2353 421 2750 483 VlENNENSlS

3914 411 4011 464 'Ilti

768 557 957 601 vorare
977 540 1222 599 similiter
1237 540 1500 607 vinctum;
1522 548 1574 593 et
1593 537 1768 598 adhuc
1788 537 2055 612 Eutyche:
2069 554 2223 596 orare
2235 538 2330 596 de-
2357 540 2408 598 Δ
2432 540 2854 596 commentitium
2874 579 2890 606 ,
2938 555 3044 595 non
3091 538 3263 609 potuit
3318 538 3480 598 livore
3524 540 3854 598 simulatum.
3903 540 4004 598 Sed

765 636 921 705 spicit
942 634 1308 690 suhlimatum.
1323 632 1614 699 Ohauntem
1637 630 1730 687 ille
1740 631 2088 702 contremuit:
2111 645 2336 702 regnan-

768 737 875 784 tem
896 726 997 782 iste
1010 724 1228 781 fastidit.
1258 723 1360 780 Iste
1377 729 1599 778 mortem
1617 736 1723 777 non
1746 723 2003 778 timebata
2012 721 2333 793 iudicaturo,

769 807 890 877 cum
931 820 1018 875 ille
1054 819 1214 873 vitam
1256 815 1494 886 requirat
1529 830 1558 869 a
1597 823 1828 871 mortuo.
1877 813 1982 872 Sed
2014 815 2332 884 redemptori

771 915 870 967 auo
897 909 1184 981 squalentis
1206 906 1408 963 veterni
1432 907 1840 964 mortiﬁcatione
1865 921 2198 978 compassus,
2216 908 2335 977 jun-

771 1002 848 1057 xit
889 999 1167 1054 dominica:
1205 997 1473 1068 propriam
1504 1013 1740 1055 crucem.
1782 997 2040 1054 Adoravit
2063 1008 2334 1068 expertem

770 1090 938 1158 culpae
967 1089 1234 1159 particeps
1264 1102 1438 1159 preme
1476 1105 1489 1141 :
1537 1087 1733 1144 dudum
1775 1086 2058 1144 invadendi
2092 1085 2334 1158 cupidus,

770 1179 994 1248 mutavit
1030 1190 1158 1235 vota
1200 1178 1472 1250 praedandi
1516 1195 1531 1232 :
1564 1185 1801 1233 armatus
1841 1178 2130 1234 trabalibus
2169 1177 2338 1235 clavis

769 1269 877 1324 vim
934 1270 1104 1325 intulit
1152 1283 1317 1340 regno
1363 1267 1638 1324 calorum.
1711 1267 1975 1326 intellexit
2026 1268 2080 1325 in
2125 1267 2337 1324 Christo

770 1375 1063 1430 pauperem
1095 1359 1430 1430 locupletem,
1462 1357 1692 1414 vicinum
1724 1360 1925 1416 invenit
1953 1360 2094 1431 quod
2125 1360 2337 1416 tolleret

771 1451 934 1514 nudo,
955 1449 1180 1520 sumpsit
1200 1449 1366 1505 venia
1387 1449 1794 1521 plenitudittrm,
1814 1451 1987 1522 rapuit
2023 1451 2336 1508 innocentia:

771 1543 1088 1611 portionem.
1133 1539 1190 1596 in
1221 1540 1363 1611 ligno
1387 1541 1554 1610 Deum
1584 1543 1880 1609 contuitus,
1913 1543 1964 1598 in
1992 1543 2129 1600 calo
2157 1543 2334 1599 homi-

772 1648 894 1688 nem
944 1643 1282 1688 consecutus.
1313 1639 1342 1670 ι
1369 1631 1485 1688 iam
1531 1647 1721 1703 porro,
1775 1636 2021 1707 quoniam
2073 1643 2334 1691 transacta

772 1723 948 1792 passio
972 1723 1129 1779 docet
1165 1724 1436 1780 hominem
1472 1740 1685 1792 verum,
1714 1729 2003 1783 cruciatum
2040 1727 2336 1801 doloribus,

771 1813 1064 1870 latronibus
1092 1823 1480 1886 comparatum,
1519 1817 1818 1873 confectum
1849 1817 2130 1888 supplicio,
2164 1828 2334 1875 tumu-

2435 633 2598 689 etiam
2644 633 2699 687 in
2739 631 2841 689 hoc
2880 631 3156 702 propheta:
3192 647 3440 690 sermone
3473 633 3695 692 evidens
3727 635 4008 705 geminata

2437 721 2749 777 substantia
2771 722 3072 792 proprietas
3089 722 3384 779 invenitur.
3411 723 3560 790 Vere,
3583 725 3771 796 inquit,
3795 726 4007 796 languo-

2436 829 2518 869 res
2555 823 2754 870 nostros
2785 814 2895 886 ipse
2920 814 3055 877 tulit,
3086 823 3135 870 et
3163 815 3367 871 dolores
3400 824 3599 873 nostros
3635 819 3744 887 ipse
3772 818 4006 885 portarit.

2439 902 2556 958 Duo
2589 910 2715 960 sunt
2753 903 2876 970 ista,
2922 919 3157 978 quorum
3191 912 3283 961 aut
3324 905 3464 961 Deus
3509 906 3678 973 solus,
3722 916 3813 962 aut
3849 907 4008 962 homo

2436 994 2618 1058 solus,
2651 1005 2934 1063 utrumque
2963 1009 3067 1049 non
3100 994 3305 1062 iecerit,
3340 994 3435 1051 sed
3479 1010 3640 1051 unum
3671 995 3840 1058 Deus.
3863 995 4008 1051 aliud

2439 1084 2606 1152 possit
2629 1084 2806 1139 homo.
2830 1083 3064 1140 Dicendo
3083 1095 3261 1143 autem
3287 1085 3575 1157 propheta:
3601 1085 3724 1155 Ipse
3742 1087 4008 1158 (nam

2437 1175 2578 1244 tulit,
2604 1177 2714 1245 ipse
2730 1176 2937 1233 dolores
2963 1179 3200 1250 portavit,
3229 1196 3390 1236 unum
3422 1181 3698 1238 evidenter
3723 1182 4009 1253 expressit,

2437 1265 2526 1336 qui
2567 1283 2633 1322 cx
2670 1261 2955 1323 divinita‘te
3001 1275 3278 1326 constaret
3315 1279 3371 1327 et
3407 1284 3654 1342 corpore.
3705 1271 4013 1342 Languores

2435 1359 2577 1414 enim
2607 1372 2744 1428 quos
2773 1358 2902 1415 Adze
2938 1361 3174 1416 sauciata
3214 1363 3496 1433 progenies
3532 1378 3596 1419 ex
3637 1364 3854 1420 vulnere
3891 1379 4014 1421 cor-

2436 1460 2604 1520 rupta:
2624 1451 2846 1522 originis
2865 1452 3187 1520 attrahebat,
3213 1453 3303 1510 ille
3319 1454 3464 1510 solus
3483 1455 3689 1510 sanavit
3706 1455 3794 1524 qui
3820 1467 4011 1510 sanum

2437 1549 2562 1596 ante
2596 1539 2931 1599 condiderat.
2965 1542 3186 1600 Dolores
3222 1557 3350 1599 vero
3388 1551 3604 1601 nostros
3638 1544 3887 1614 portavit,
3922 1545 4015 1614 qui

2437 1632 2701 1688 desudare
2726 1633 2907 1702 praelia
2935 1634 3220 1703 passionis,
3245 1634 3345 1691 nisi
3367 1634 3687 1691 cruciatibus
3711 1649 3776 1690 ac
3797 1634 4004 1698 labore,

2440 1739 2545 1778 non
2583 1723 2775 1793 potuit.
2815 1721 3075 1790 Quocirca
3101 1724 3247 1795 quod
3287 1723 3344 1781 in
3380 1733 3568 1781 natura
3601 1724 3797 1780 malum
3829 1724 4019 1780 habui-

2442 1828 2582 1880 mus,
2625 1811 2747 1868 tulit
2771 1813 2915 1869 Deus
2955 1830 2971 1867 :
3013 1813 3156 1883 quod
3187 1816 3237 1870 in
3267 1829 3494 1886 corpore
3539 1818 3735 1872 malum
3764 1816 4015 1886 patimur,

771 1906 938 1964 latum
981 1907 1257 1978 sepulcro;
1291 1922 1383 1977 per
1403 1907 1517 1964 hzec
1546 1909 1721 1964 omnia
1753 1909 2137 1980 phantasmatis
2164 1925 2340 1967 asser-
2372 1889 2417 1951 Β
2447 1905 2667 1974 pertulit
2695 1905 2963 1960 Christum
2998 1903 3150 1962 Unde
3178 1905 3572 1976 respiciendum
3601 1915 3684 1963 est
3710 1906 3821 1974 hie,
3850 1923 4022 1977 quatt-

772 1998 977 2054 toribus
1006 1999 1266 2067 assumpti
1304 2000 1544 2070 corporis
1583 1999 1780 2056 veritas
1819 2002 2154 2058 contradicit.
2195 2002 2341 2071 Quos

772 2103 894 2144 eum
922 2088 974 2143 in
996 2087 1207 2145 Christo
1232 2089 1405 2146 unitas
1429 2090 1704 2162 utriusque
1730 2092 2040 2149 substantia:
2069 2095 2344 2163 perspicua

773 2179 1200 2235 testimoniorum
1229 2181 1345 2236 luce
1371 2181 1657 2250 convincit,
1683 2197 1897 2240 omnem
1926 2201 2044 2255 quae
2075 2187 2130 2242 in
2157 2202 2344 2244 conse-

772 2271 1061 2338 quentibus
1118 2270 1434 2340 replicatur,
1486 2271 1770 2329 dominicae
1822 2288 2017 2330 sencm
2077 2278 2345 2347 passionis

771 2361 1101 2422 phantastica
1146 2360 1362 2418 honoris
1409 2364 1784 2419 contumeliosi
1823 2366 2100 2423 molitione
2140 2379 2346 2438 pertur-

774 2450 898 2506 hat:
922 2462 1222 2508 asserentes
1249 2453 1516 2522 quoddam
1543 2455 1782 2511 nebulosi
1810 2457 2052 2527 corporis
2079 2459 2346 2516 exstitisse

773 2540 1116 2609 tigmehtum,
1175 2541 1314 2612 quod
1363 2556 1459 2614 pro
1513 2543 1854 2614 redemptore
1907 2555 2091 2601 nostro
2137 2547 2346 2616 injuriis

775 2643 1049 2698 pinnarum
1095 2631 1446 2701 dolorumque
1493 2632 1734 2690 videatur
1776 2636 2106 2705 oppositum,
2155 2645 2210 2692 et
2250 2651 2346 2706 per

775 2720 948 2777 inanis
980 2722 1210 2778 hominis
1253 2723 1677 2793 similitudinem,
1722 2726 1896 2795 penis
1935 2742 2067 2798 quas
2096 2729 2343 2798 maiestas

773 2813 1050 2868 incurrere
1078 2827 1186 2868 non
1214 2814 1402 2886 possit,
1427 2814 1637 2870 addicta
1664 2831 1874 2886 quoque
1903 2831 2028 2873 vera
2069 2833 2194 2873 caro
2239 2832 2342 2872 non

775 2904 1054 2969 exstiterit,
1093 2920 1251 2975 quam
1282 2915 1592 2961 exsecratur
1636 2908 1881 2978 populus,
1926 2909 2131 2964 cruciat
2157 2909 2342 2979 iudex,

775 2997 986 3066 pulsant
1015 2998 1258 3065 verbera,
1299 3013 1456 3068 quam
1500 3001 1839 3056 contumelia:
1879 3001 2135 3070 illuduut,
2179 3003 2346 3070 spina:

776 3098 1191 3160 transpungunt,
1242 3090 1326 3146 cui
1369 3091 1604 3146 calamus
1651 3091 1896 3156 illidi1ur,
1947 3091 2124 3161 (igitur
2159 3092 2341 3154 clavis,

773 3183 989 3252 sanguis
1017 3183 1300 3237 excutitur.
1330 3179 1518 3236 Adhuc
1546 3196 1664 3237 cum
1693 3196 1852 3237 omne
1878 3183 2016 3253 quod
2041 3186 2151 3252 spei
2182 3190 2264 3238 est
2291 3183 2342 3236 in

2447 2003 2558 2050 tum
2597 1994 2915 2067 Eutychiani
2944 1993 2973 2035 δ
3001 1995 3314 2052 Bonosiacis
3368 1996 3624 2054 barathro
3679 1999 4025 2070 profundiore

2445 2095 2774 2157 mergantur.
2813 2087 2895 2143 illi
2920 2085 3136 2144 Christo
3163 2087 3461 2147 divinitatis
3491 2090 3749 2147 honorem
3793 2101 4025 2148 tantum-

2444 2179 2604 2234 modo
2632 2179 2896 2246 adimunt,
2939 2181 3025 2236 isti
3067 2189 3122 2237 et
3168 2182 3410 2252 corporis
3435 2181 3736 2238 veritatem.
3766 2181 4026 2239 Photinus

2446 2269 2675 2326 hominis
2698 2285 2984 2340 personam
3014 2284 3112 2326 nos
3136 2271 3361 2328 adorare
3389 2271 3617 2338 deridet,
3641 2271 3727 2328 hic
3749 2273 4025 2330 nchulam.

2446 2361 2528 2414 An
2556 2359 2690 2415 forte
2717 2359 2956 2416 haeretici
2983 2360 3144 2428 hujus
3171 2359 3339 2433 ipsius
3361 2362 3625 2418 illusionis
3648 2362 3928 2419 exordium
3959 2363 4027 2419 ab

2448 2449 2577 2520 ipsis
2613 2451 2666 2506 in
2693 2451 2908 2508 Christo
2934 2467 3105 2509 sacra:
3133 2455 3424 2512 nativitatis
3465 2457 3769 2526 crepundiis
3805 2458 4027 2515 ordiun-

2450 2548 2553 2609 tur,
2583 2556 2648 2597 ac
2686 2541 2907 2612 perinde
2951 2542 3144 2600 falsum
3186 2545 3308 2613 erit,
3339 2548 3477 2618 quod
3513 2547 3681 2618 jacuit
3713 2548 3768 2604 in
3809 2550 4026 2620 pannis,

2447 2630 2588 2702 quod
2619 2633 2866 2702 apparuit
2894 2635 3085 2705 magis,
3117 2634 3260 2706 quod
3291 2635 3497 2707 planxit
3523 2636 3577 2692 in
3608 2638 3806 2694 cunis?
3853 2638 4026 2696 Taceo

2447 2722 2682 2794 reliquos
2713 2723 2767 2778 in
2793 2725 3044 2781 succidua
3073 2735 3232 2783 atate
3255 2726 3542 2798 proiectus,
3571 2728 3765 2799 quibus
3789 2729 4024 2786 divinam

2446 2813 2648 2882 pariter
2676 2811 3071 2886 humanamque
3102 2825 3346 2874 naturam
3377 2819 3763 2890 complectens,
3807 2823 4028 2884 lassitu-

2445 2905 2626 2962 dinem
2669 2907 2889 2963 ret‘ectio
2917 2910 3153 2980 pertulit,
3182 2912 3478 2968 consolatio
3520 2911 3779 2986 lacrymas
3818 2915 4024 2981 eil‘udit,

2448 2999 2536 3053 lux
2553 2999 2822 3065 dormivit,
2847 3001 3000 3068 panis
3020 3003 3228 3067 esuriit,
3244 3001 3363 3058 fons
3383 3003 3744 3059 sitivit.'i‘aceo
3755 3004 4027 3074 planctum

2449 3088 2594 3144 illum
2625 3104 2783 3162 quem
2814 3104 2976 3159 super
3009 3088 3316 3146 defunctum
3341 3091 3597 3147 Lazarum
3635 3093 3818 3149 habuit
3839 3092 4024 3163 (1m.

2449 3199 2524 3248 xt,
2539 3182 2653 3255 35),
2666 3192 2947 3252 antequam
2969 3182 3117 3239 eﬂ'ec‘
3128 3199 3161 3238 u
3179 3183 3532 3240 resuscitandi
3545 3184 3844 3241 ostenderet
3859 3186 4026 3242 Deum

773 3274 888 3328 solo
917 3271 1301 3342 redemptionis
1342 3281 1535 3326 nostra:
1578 3273 1832 3343 mysterio
1869 3273 2212 3336 collocemus,
2244 3288 2344 3329 nec
2369 3254 2414 3315 ο
2447 3279 2770 3350 praemisisse
2796 3278 3044 3334 humanae
3074 3280 3398 3336 conditionis
3427 3279 3694 3338 affectum.
3722 3283 3874 3351 Quod
3896 3285 3943 3339 si
3973 3285 4027 3343 in

772 3364 845 3420 sit
871 3363 1010 3418 aliud
1040 3371 1276 3419 nostrum
1301 3363 1642 3428 reviviscere,
1666 3379 1821 3433 quam
1844 3365 2124 3419 Dominum
2157 3380 2339 3421 necem

773 3455 1062 3523 pertulisse
1100 3472 1112 3507 :
1159 3455 1348 3509 falsum
1393 3462 1476 3508 est
1521 3454 1661 3524 quod
1701 3471 1791 3508 sua
1838 3456 2202 3511 incarnatione
2245 3471 2344 3510 nos

777 3547 966 3610 salvat,
994 3545 1036 3601 si
1073 3555 1127 3601 et
1156 3545 1257 3600 hoc
1292 3545 1345 3599 in
1387 3544 1603 3599 dubium
1635 3546 1796 3608 venit,
1825 3546 1966 3616 quod
2011 3546 2343 3603 tolerandum

776 3651 875 3703 pro
917 3636 1069 3691 nobis
1108 3635 1158 3690 in
1197 3649 1357 3690 carne
1397 3644 1720 3705 susceperat.
1759 3635 1887 3690 Veni
1929 3636 2123 3705 potius,
2164 3645 2347 3692 sant-te

771 3724 931 3790 lsaia,
992 3723 1251 3796 propheta
1283 3725 1496 3790 quidem
1528 3725 1621 3790 tui,
1656 3726 1748 3780 sed
1780 3727 2104 3798 evangelista
2137 3736 2344 3795 tempo-

776 3819 852 3873 ris
882 3818 1046 3872 nostri
1083 3834 1096 3871 :
1129 3817 1246 3872 veni
1289 3817 1538 3873 celeriter
1573 3818 1640 3872 ad
1681 3818 1926 3873 tuendam
1970 3827 2153 3873 contra
2178 3819 2343 3891 Euty-

778 3911 949 3967 chetis
977 3913 1181 3968 menda.
1203 3913 1251 3968 ia
1283 3912 1705 3968 Christianorum
1755 3913 2015 3992 Salutem:
2059 3914 2245 3967 Dicere
2292 3922 2346 3967 te

779 4005 846 4059 de
873 4004 1102 4069 Chri-to,
1135 4006 1241 4060 imo
1269 4007 1426 4060 etiam
1454 4005 1634 4073 iurare
1664 4021 1767 4059 non
1800 4006 1973 4075 pigeat
2002 3997 2019 4056 Ξ
2060 4005 2188 4058 Vere
2231 4005 2344 4058 lan-

777 4109 962 4163 guores
992 4106 1188 4149 nostros
1218 4096 1327 4163 ipse
1354 4095 1489 4160 tulit,
1517 4104 1563 4147 et
1587 4094 1786 4149 dolores
1815 4105 2013 4148 nostros
2043 4096 2151 4164 ipse
2177 4108 2350 4165 porta-

779 4187 844 4240 vit
874 4184 1030 4256 (Isai.
1060 4201 1170 4249 Lili,
1199 4186 1274 4255 4).
1306 4185 1403 4240 Et:
1434 4187 1614 4240 Lioore
1643 4187 1752 4257 ejus
1779 4189 1944 4240 sanati
1981 4203 2196 4242 sumus:
2241 4203 2348 4243 non

778 4275 1025 4330 medendi
1065 4276 1312 4330 facultate
1349 4289 1555 4341 secura,
1594 4276 1690 4331 sed
1723 4277 2025 4331 voluntarie
2064 4291 2158 4346 pro
2194 4278 2347 4333 nobis

779 4364 991 4419 dolendi
1014 4365 1232 4420 veritate
1253 4375 1518 4433 suscepta.
1540 4366 1593 4422 Si
1619 4368 1880 4420 veraciter
1900 4366 2113 4420 dolores
2136 4377 2346 4422 nostros

781 4457 894 4523 ipse
929 4456 1176 4524 portavit,
1201 4456 1308 4524 jam
1348 4466 1403 4510 et
1440 4471 1539 4510 nos
1568 4457 1741 4511 securi
1778 4472 1985 4522 sumus,
2021 4458 2161 4527 quod
2193 4473 2347 4513 veros

781 4544 993 4598 dolores
1032 4545 1451 4599 commentitium
1493 4546 1801 4612 phantasma
1841 4562 1944 4603 non
1985 4548 2200 4616 pertulit
2240 4565 2252 4602 :
2293 4558 2346 4604 et

2444 3370 2662 3427 dubium
2703 3382 2923 3426 vocatur
2960 3373 3050 3442 qui
3091 3381 3236 3427 tanta
3277 3373 3551 3442 praestitit,
3591 3389 3812 3430 necesse
3851 3387 4022 3432 estut

2447 3463 2693 3533 amegua
2726 3462 2979 3531 incipiant
3015 3477 3136 3519 esse
3171 3478 3290 3532 quae
3315 3467 3479 3533 gessit
3508 3481 3522 3516 :
3556 3479 3618 3519 ac
3645 3465 3867 3535 perinde
3893 3465 4027 3522 falso

2448 3567 2509 3608 se
2539 3561 2687 3623 putat
2715 3561 2957 3608 sanatum
2985 3554 3337 3624 paralyticus,
3369 3554 3588 3610 claudus
3617 3563 3851 3611 erectum
3871 3598 3885 3623 ,
3915 3559 4026 3612 cir-

2448 3644 2888 3700 cumscrihendus
2934 3644 3064 3699 solis
3107 3643 3308 3712 radius,
3358 3659 3515 3714 quem
3559 3659 3728 3700 caesus
3766 3647 3833 3699 ab
3873 3654 4027 3702 utero

2449 3746 2569 3806 post
2597 3736 2763 3791 nativi
2784 3736 3016 3791 carceris
3043 3735 3294 3791 tenebras
3314 3736 3545 3792 intuetur
3568 3753 3583 3793 :
3607 3746 3698 3792 aut
3725 3736 3828 3793 hoc
3857 3738 4028 3806 phan~

2451 3837 2673 3881 tasmate
2700 3827 2932 3881 Lazarus
2961 3826 3074 3896 ipse
3103 3826 3321 3882 delusus
3349 3834 3452 3893 est,
3485 3837 3541 3882 ut
3570 3843 3690 3904 cum
3719 3828 3858 3883 inter
3885 3844 4028 3883 mor-

2448 3927 2567 3971 tuos
2594 3917 2873 3984 dormiret,
2900 3917 3008 3987 jam
3051 3919 3413 3974 resurrexisse
3456 3935 3515 3974 se
3558 3920 3822 3975 crederet.
3867 3920 4018 3986 Quod

2449 4009 2491 4060 si
2522 4008 2636 4062 haec
2660 4009 2837 4064 omnia
2865 4023 2991 4064 vera
3024 4024 3143 4064 esse
3172 4011 3454 4079 recipiunt,
3483 4020 3538 4066 et
3565 4013 3728 4066 solius
3754 4013 4022 4080 passionis

2451 4095 2656 4164 injuriis
2683 4097 3070 4163 contradicunt;
3094 4099 3452 4167 respondeant
3475 4099 3560 4154 ubi
3593 4108 3717 4154 tunc
3747 4100 3904 4155 fuerit
3935 4101 4022 4155 Fi-

2450 4187 2557 4241 lius
2586 4185 2840 4256 Virginis,
2871 4202 2990 4243 cum
3022 4187 3264 4244 umbram
3300 4189 3444 4246 tenui
3477 4190 3618 4245 nube
3643 4189 3909 4246 fallenlem
3931 4207 4028 4261 pro

2447 4292 2508 4332 se
2534 4276 2796 4344 oii‘erens,
2829 4293 2984 4347 quem
3031 4294 3128 4347 pro
3174 4279 3329 4334 nobis
3363 4288 3610 4348 putamus
3655 4281 3858 4349 offerri,
3887 4298 4022 4337 vana

2449 4368 2530 4423 sui
2561 4370 2740 4438 specie
2765 4377 2820 4424 et
2849 4380 3228 4438 persequentes
3260 4369 3468 4426 ialleret
3493 4379 3548 4426 et
3573 4371 3775 4426 ﬁdeles.
3810 4372 4021 4428 Patrem

2447 4475 2658 4529 quoque
2684 4458 2879 4515 iaciens
2906 4460 3005 4513 hac
3033 4459 3279 4515 illusione
3303 4459 3632 4523 mendacem.
3664 4461 3732 4518 de
3755 4477 3861 4530 quo
3890 4471 4023 4532 Apo-

2450 4550 2619 4604 stolus
2655 4551 2748 4611 ait,
2791 4551 2928 4619 quod
2960 4548 3097 4603 Filio
3126 4567 3216 4603 suo
3243 4567 3343 4604 non
3372 4552 3608 4622 pepercit,
3633 4553 3723 4607 sed
3749 4569 3841 4622 pro
3882 4554 4024 4608 nobis

781 4633 825 4687 si
857 4634 1019 4687 livore
1047 4633 1163 4701 ejus
1192 4633 1359 4687 sanati
1390 4650 1594 4702 sumus,
1643 4634 1908 4690 incassum
1942 4638 2185 4691 collatam
2218 4639 2347 4693 mihi
2379 4613 2426 4672 D
2456 4644 2669 4698 tradidit
2697 4644 2838 4698 illum
2883 4643 3057 4715 (Rotn.
3102 4659 3216 4707 vnt,
3244 4644 3358 4715 δὲ).
3406 4647 3573 4711 Quem
3623 4645 3808 4709 lilium,
3839 4647 3884 4700 si
3918 4661 4022 4701 non

781 4723 1061 4778 sanitatem
1110 4723 1308 4778 invidet
1349 4724 1660 4795 faisiioquus
1711 4727 1861 4780 livor.
1903 4725 2165 4783 Cant-rum
2204 4743 2348 4787 recte

784 4816 926 4868 omni
980 4815 1287 4871 definitione
1328 4819 1692 4886 concluditur,
1741 4819 1882 4889 quod
1934 4822 1976 4875 si
2021 4825 2189 4891 potuit
2227 4838 2349 4882 esse

856 4936 883 4966 ⁸
914 4928 1023 4984 Hoc
1051 4930 1465 5000 alterumcaput
1498 4930 1890 5000 disputationis,
1923 4933 2192 4988 Chrismm
2224 4950 2354 4990 vero

786 5006 841 5053 et
890 4998 1320 5054 consubstantiah
1376 5002 1527 5054 nobis
1584 4998 1807 5068 corpore
1865 5002 2141 5069 praeditum
2193 5004 2357 5062 fuisse

787 5077 966 5143 contra
991 5084 1145 5136 quam
1170 5072 1332 5143 sensit
1356 5071 1637 5143 Eutychos,
1666 5075 1754 5140 qui
1779 5071 2016 5128 ﬁctitium
2047 5075 2118 5129 illi
2142 5089 2352 5143 corpus,

788 5149 842 5215 et
873 5139 1241 5215 _p_ltant_asm_ati
1289 5141 1464 5215 simile
1507 5139 1797 5215 tribuebat.
1830 5143 1978 5215 Unde
2027 5145 2106 5200 his
2144 5139 2353 5215 quoque

790 5207 1219 5280 Aviti_epistoiis
1270 5227 1388 5279 qua:
1433 5211 1674 5268 delirium
1726 5213 1824 5266 hoc
1870 5214 2118 5280 refutant,
2160 5207 2354 5272 titulus

791 5279 915 5352 olim
940 5275 1125 5352 Contra
1152 5275 1482 5352 Phantasma.
1503 5282 1602 5334 Par
1633 5281 1831 5352 itaque,
1860 5285 1950 5338 sed
1981 5275 2263 5352 contraria,
2296 5297 2353 5342 ut

793 5346 1046 5422 Leontius
1085 5350 1683 5422 monachusgohservat,
1719 5346 1767 5406 in
1800 5346 2066 5408 Christum
2114 5346 2356 5422 impietas

792 5415 1329 5515 Eiestorianorgm‘et
1367 5420 1854 5515 AEutyehianoﬁrum,
1999 5429 2084 5487 μέν
2129 5415 2229 5515 γάζρ
2272 5435 2359 5488 τὴν

791 5487 1021 5548 aramve.
1046 5489 1180 5567 _o_i__64‘
1198 5495 1286 5567 rev
1306 5487 1663 5567 a'ngmfrérnra
1687 5487 1889 5567 δοκήσει
1909 5487 2150 5567 λέγουσιν’
2164 5487 2285 5556 εἶναι
2312 5487 2362 5554 ἓν

793 5567 1000 5639 Euripi.
1035 5557 1124 5610 Illi
1153 5561 1301 5639 enim,
1329 5557 1524 5639 inquit,
1555 5563 1882 5639 divinitatem,
1918 5557 1980 5618 In"
2000 5567 2362 5622 humanitatem

797 5628 1034 5705 opinione
1055 5637 1264 5705 tenus_e_t
1288 5630 1553 5705 phantasia
1575 5631 1830 5686 Servatori
1853 5639 2158 5690 asserebant.
2187 5640 2364 5705 Quare

797 5697 929 5776 grite
943 5705 1194 5776 utrosque
1207 5698 1422 5752 Nonnus
1436 5701 1599 5776 abbas
1611 5705 2022 5776 Ἐναντιοδοκίτας
2041 5697 2245 5776 appeiia
2254 5710 2359 5763 bat.

798 5763 926 5847 μυξη
956 5777 1006 5847 et
1037 5763 1243 5823 Docitas
1267 5785 1474 5847 qumtue
1507 5773 1624 5847 illos
1654 5775 1740 5841 qui
1772 5776 1820 5827 id
1851 5763 2020 5846 genus
2054 5763 2361 5847 phantasma

799 5836 1135 5906 inducebant,
1167 5836 1317 5895 vocat
1347 5836 1711 5901 Theodoretus
1743 5836 1925 5902 nost'er
1955 5836 2106 5904 lihfv
2137 5850 2360 5906 lla-reti-

2456 4737 2684 4789 verum?
2719 4735 2983 4805 quomodo
3014 4735 3246 4799 tradidit,
3287 4736 3329 4790 si
3372 4736 3614 4791 collusit?
3655 4736 3884 4806 qualiter
3920 4753 4026 4793 non

2452 4829 2710 4898 pepercit,
2735 4830 2778 4883 si
2804 4829 2988 4884 dolore
3011 4827 3315 4897 prohibuit?
3339 4828 3429 4883 Vel
3460 4839 3624 4894 certe,
3647 4845 3747 4899 qua
3773 4829 4026 4886 Dominus

2464 4956 2645 4992 carum
2689 4940 3027 4995 Fabularum.
3050 4939 3170 5012 _Uhi
3203 4938 3444 4993 eumdem
3470 4941 3542 5012 de
3571 4940 3761 4995 Christi
3806 4955 4030 5012 corpore

2463 5013 2635 5063 locum
2668 5020 2917 5075 tractans,
2966 5009 3152 5065 iisdem
3175 5011 3365 5075 quibus
3387 5011 3566 5064 Avitus
3591 5009 3916 5080 argumentis
3935 5013 4025 5067 do-

2461 5090 2573 5142 cet,
2599 5081 2705 5150 pati
2729 5091 2783 5135 et
2813 5084 2979 5150 mori,
3027 5080 3232 5135 esurire
3253 5089 3308 5134 et
3340 5080 3613 5149 defetigari
3647 5097 3838 5148 corpus
3875 5098 4028 5136 suum

2463 5149 2769 5218 permisisse
2793 5169 2805 5204 :
2832 5149 2940 5224 ἰνα
2979 5151 3229 5224 μηδεμίαν
3261 5151 3482 5224 λᾴϐωσιν
3519 5155 3742 5224 ἀρρρμήν
3761 5154 3804 5206 οἱ
3829 5163 4030 5209 Auximi

2462 5225 2706 5296 aputeum
2745 5221 3089 5296 foﬁdsudou;
3259 5223 3450 5296 «ipsum
3490 5239 3502 5274 :
3545 5221 3816 5296 Nequam
3857 5240 4030 5276 ansam

2463 5289 2699 5360 haberent
2734 5289 2953 5354 Docitm,
3012 5309 3108 5350 quo
3145 5289 3325 5360 [αἰειαηὶ
3377 5293 3607 5346 Ιιωνεεὺη
3656 5293 4029 5360 conﬁrmarent.

2536 5359 2562 5397 δ
2589 5362 2829 5415 Bonosus
2861 5359 3170 5415 Naissitina:
3199 5362 3249 5414 in
3276 5363 3434 5416 Dacia
3469 5361 3632 5425 sedis,
3663 5373 3717 5416 ut
3751 5378 3816 5416 uo
3849 5373 3926 5416 tra
3953 5375 4033 5418 est

2466 5432 2790 5495 ennjectuva,
2814 5435 3118 5500 episcopus,
3139 5433 3452 5486 catholicam
3473 5433 3746 5494 deserens,
3765 5433 3828 5485 ad
3850 5447 4032 5487 eorum

2469 5501 2680 5572 transiit
2711 5503 2954 5556 ltmresim
2987 5504 3074 5572 qui
3111 5503 3314 5556 Photini
3346 5517 3550 5557 venena
3589 5503 3944 5568 sectabantur,
3984 5514 4034 5558 ei

2465 5570 2732 5624 Christum
2762 5573 2935 5642 Deum
2972 5570 3255 5641 negabant,
3297 5575 3564 5628 hominem
3611 5581 3811 5626 tantum
3843 5574 4035 5642 prsidi-

2469 5651 2673 5695 carries.
2752 5641 3062 5697 Bonosiacos
3118 5645 3235 5710 ejus
3294 5644 3583 5712 discipulos
3638 5653 3828 5698 vocant
3879 5646 4034 5698 etiam

2468 5713 2691 5765 euincilia
2719 5714 3028 5768 Arelatense
3069 5730 3100 5767 ιι
3126 5725 3178 5768 et
3206 5715 3587 5768 Aurelianense
3630 5729 3720 5777 ill;
3753 5712 4034 5781 Gregorius

2470 5798 2596 5834 νοτ-υ
2644 5797 2864 5851 magnus
2901 5783 3240 5848 Bonosiauos,
3286 5786 3419 5838 Iihro
3459 5801 3531 5848 rx,
3578 5784 3800 5852 epistola
3843 5787 3932 5852 61,
3973 5786 4034 5842 συὶ

2470 5852 2747 5920 Quirinum
2782 5863 2832 5909 et
2860 5856 2990 5910 alios
3021 5856 3296 5921 episcopos
3329 5855 3617 5912 llihernim.
