4190 6400
284 425 392 479 ’.ΖΠ

1705 406 2042 466 EPISTOLA
2083 407 2171 463 Ill.

3485 411 3583 467 2Ιὲ

288 546 478 594 noster
508 536 679 590 moit-
711 531 891 588 finitus
920 528 1011 595 sit,
1042 527 1131 599 qui
1162 540 1268 583 non
1300 524 1471 596 potuit
1499 520 1883 590 non'aliquan-
1912 520 1963 579 Δ
1992 539 2159 579 sano:
2208 532 2264 580 et
2309 532 2453 580 tactu
2500 524 2781 581 convictus
2828 532 2935 593 est,
2976 522 3119 593 quod
3168 522 3385 581 additur
3421 542 3582 585 ea-co.

289 626 462 680 tulam
494 633 719 679 mortem
752 636 848 692 pro
881 618 1071 675 matris
1109 616 1435 673 mortalitate
1471 613 1704 677 debere,
1736 610 1887 663 stilu-

287 724 453 772 turus
475 714 837 770 conditionem
862 708 1095 764 obeundi
1120 707 1438 779 legitimam,
1464 703 1560 758 sed
1584 701 1890 768 corruptio-

285 822 419 864 nem
447 820 543 878 pro
570 801 884 874 resurgendi
912 801 1162 856 instantia
1193 814 1297 853 non
1326 795 1577 851 visurus?
1606 793 1778 861 Quam
1812 792 1888 847 leo

284 913 415 970 gem
459 896 739 964 utriusque
786 902 994 948 natura:
1034 890 1359 961 signiﬁcavit
1410 886 1481 943 fel
1527 884 1701 950 istud,
1744 881 1886 953 quod

282 994 560 1057 gustatum
588 983 761 1040 noluit
788 982 992 1047 bibere,
1019 981 1147 1036 dum
1179 988 1409 1033 mortem
1438 990 1597 1047 quam
1623 988 1692 1030 ex
1715 973 1887 1028 Adam

284 1086 519 1148 parente
540 1090 730 1132 omnes
749 1074 1033 1138 debemus,
1059 1086 1155 1142 pro
1179 1069 1460 1126 divinitate
1480 1065 1655 1122 noluit
1676 1064 1884 1129 bibere,

284 1167 391 1224 sed
419 1168 605 1224 debuit
639 1182 736 1238 pro
776 1164 1182 1235 dispensatione
1209 1171 1451 1233 gustare.
1497 1159 1567 1214 At
1596 1173 1727 1213 vero
1762 1172 1885 1213 cum

285 1259 497 1317 factum
521 1270 601 1317 est
630 1258 771 1331 quod
796 1256 1079 1327 Apostolus
1102 1255 1257 1316 dixit.
1280 1252 1421 1324 quod
1448 1266 1717 1320 resurgens
1738 1248 1889 1304 Chri-

286 1360 406 1407 stus
430 1353 544 1424 jam
574 1368 676 1405 non
705 1351 948 1414 moritur,
988 1357 1037 1402 et
1064 1362 1202 1401 mors
1225 1346 1272 1401 ei
1303 1347 1441 1400 ultra
1470 1360 1570 1397 non
1600 1342 1888 1398 dominabi-

287 1451 383 1497 tur
410 1441 587 1515 (lieni.
611 1456 687 1508 vt,
715 1440 804 1511 9);
836 1440 1033 1495 audeat
1057 1452 1229 1507 nunc,
1260 1437 1306 1492 si
1335 1436 1465 1507 quid
1497 1435 1636 1490 valet
1671 1433 1887 1489 haereti—

285 1545 412 1601 cus,
445 1541 535 1587 aut
560 1529 832 1587 Christum
870 1532 989 1586 sine
1020 1530 1150 1595 Deo,
1181 1537 1273 1583 aut
1312 1528 1431 1583 sine
1462 1526 1682 1581 homine
1716 1524 1882 1581 Deum

286 1622 559 1682 conﬁteri.
618 1623 876 1680 Abfucrat
922 1631 1139 1679 sanctus
1184 1621 1419 1677 Thomas
1463 1619 1643 1692 (Joan.
1682 1634 1776 1685 xx,
1814 1618 1886 1675 24

286 1717 460 1789 seq.),
512 1731 635 1773 cum
682 1729 933 1772 reversus
962 1714 1211 1772 Salvator
1256 1728 1289 1769 a
1326 1713 1552 1769 mortuis
1598 1714 1884 1784 praesentia

286 1806 490 1863 visibili
526 1805 946 1877 praestolantium
987 1804 1376 1876 discipulorum
1422 1813 1546 1860 vota
1585 1813 1879 1874 repararet,

1992 616 2099 672 Sed
2129 627 2278 673 caret
2308 614 2553 672 remedio
2581 624 2774 686 sponte
2800 614 2967 685 petita
2995 611 3245 674 debilitas
3277 634 3291 670 :
3331 619 3584 690 quidquid

1991 707 2121 765 libet
2149 706 2519 765 medicaminis
2548 708 2719 762 oculis
2751 708 3103 779 lippientibus
3133 712 3463 783 imponatur,
3494 727 3583 766 cu-

1989 798 2098 853 rari
2130 813 2235 852 non
2265 806 2445 868 potest
2472 797 2562 868 qui
2593 807 2826 855 caecatos
2857 801 2935 856 ire
2961 800 3219 857 delectat.
3249 800 3359 856 Aut
3385 800 3507 871 quis
3532 801 3587 859 in

1992 887 2083 943 tali
2113 888 2477 945 obstinatione
2514 902 2644 943 usus
2670 890 2950 945 oculorum
2978 901 3083 957 est,
3115 891 3207 962 qui
3248 908 3437 948 verum
3467 906 3587 949 esse

1991 980 2170 1035 renuit
2186 981 2328 1048 quod
2352 981 2543 1034 annuit
2568 980 2774 1035 visum?
2800 982 2955 1052 quasi
2990 998 3095 1038 non
3125 984 3300 1038 minus
3327 990 3393 1039 sit
3418 983 3588 1039 Detur.

1988 1080 2302 1141 penetrasse
2329 1073 2601 1137 conclusa,
2628 1087 2786 1143 quam
2816 1072 3019 1128 homini
3046 1074 3283 1142 patuisse
3307 1073 3587 1130 cmie-t’a:

1989 1163 2095 1238 qui
2121 1172 2300 1217 tamen
2349 1165 2464 1218 suis
2508 1175 2631 1233 post
2674 1165 3127 1222 resurrectionem
3170 1181 3315 1235 stupe
3361 1176 3588 1223 testatus

1988 1261 2110 1307 est:
2135 1251 2354 1325 Palpate
2377 1263 2425 1308 et
2450 1253 2637 1316 videte,
2659 1256 2782 1326 quia
2803 1257 3015 1328 spiritus
3042 1274 3247 1313 carnem
3274 1268 3323 1313 et
3350 1274 3467 1313 ossa
3486 1273 3587 1312 non

1988 1342 2157 1409 habet,
2188 1344 2317 1398 sicut
2358 1361 2437 1399 me
2477 1345 2659 1401 uidetis
2696 1346 2884 1401 habere
2920 1347 3075 1418 (Luc.
3099 1365 3249 1414 sxrv,
3278 1349 3395 1417 59).
3446 1349 3585 1417 Quid

1987 1434 2215 1503 Eutycbi
2249 1445 2355 1490 tam
2384 1437 2663 1493 clausum?
2692 1438 2821 1508 quid
2854 1450 3042 1494 contra
3074 1440 3447 1510 phantasmata
3475 1450 3585 1497 tam

1986 1526 2272 1594 apertum?
2306 1526 2453 1581 velut
2488 1528 2533 1582 si
2559 1527 2721 1593 dicat,
2756 1529 2953 1585 molem
2992 1532 3195 1586 ossium
3235 1532 3587 1604 carniumque

1987 1618 2198 1687 species
2246 1627 2470 1673 ventura
2516 1634 2623 1674 non
2673 1621 2885 1692 recipit.
2926 1620 3111 1677 Noluit
3153 1638 3236 1687 se,
3281 1624 3367 1679 vel
3410 1625 3585 1679 solum

1986 1707 2279 1777 quemlibet
2324 1708 2532 1775 virum,
2584 1708 2688 1765 hoc
2735 1720 2819 1766 est
2862 1712 2983 1766 siue
3028 1726 3285 1784 corpore,
3334 1714 3587 1783 spiritum

1986 1798 2093 1855 dici
2125 1817 2138 1853 :
2165 1800 2261 1857 sed
2297 1809 2354 1855 ut
2392 1800 2551 1856 talem
2590 1803 2990 1871 recognoscatis
3034 1804 3086 1857 in
3114 1804 3338 1873 judicio,
3372 1807 3586 1876 qualem

284 1908 342 1955 et
374 1898 713 1954 vacillantem
761 1896 1158 1969 quodammodo
1208 1895 1365 1951 tidem
1414 1910 1633 1950 suorum
1678 1894 1885 1949 revale-
1914 1879 1958 1936 Β
1989 1893 2192 1949 redisse
2233 1894 2544 1964 conspicitis
2581 1909 2613 1950 e
2650 1896 2922 1965 sepulcro.
2968 1895 3124 1954 Unde
3162 1898 3269 1968 iam
3316 1908 3439 1969 post
3467 1916 3589 1969 pas-

284 2005 451 2047 scens
478 2006 507 2044 a
539 1990 762 2045 mortuis
792 1991 897 2044 vita
932 1998 1303 2059 componeret.
1344 1987 1605 2043 Referunt
1642 2002 1771 2057 ergo
1799 1987 1883 2041 di-

284 2082 486 2153 scipuli
519 2081 799 2137 Dominum
843 2096 902 2136 se
936 2080 1159 2137 vidisse.
1208 2079 1377 2151 Negat
1414 2078 1509 2135 ille
1548 2093 1609 2135 se
1637 2078 1885 2147 credere,

286 2188 394 2229 nec
437 2187 497 2229 se
534 2172 900 2229 adhibituram
937 2172 1209 2227 ullatenus
1254 2172 1410 2227 [idem
1457 2173 1740 2242 promittit,
1786 2170 1887 2226 ubi

284 2262 749 2337 contemplatione
786 2258 1077 2333 percepta.
1103 2262 1399 2317 Transacto
1425 2263 1684 2334 temporis
1720 2263 1890 2317 inter-

286 2356 457 2432 vallo,
481 2354 868 2427 superveniens
898 2355 1137 2411 secundo
1164 2353 1343 2421 Jesus,
1374 2354 1468 2409 sed
1495 2354 1603 2424 jam
1635 2355 1888 2410 omnibus

286 2447 474 2512 simul,
494 2447 640 2517 pacis
663 2446 986 2503 salutatione
1008 2445 1309 2517 praemissa,
1330 2446 1503 2516 arguit
1524 2444 1888 2515 increpatione

288 2538 577 2594 mitissima
608 2537 913 2592 cunctantis
938 2536 1183 2606 Apostoli
1214 2536 1519 2591 tarditatem
1548 2553 1563 2592 :
1590 2546 1643 2591 et
1664 2535 1889 2606 jubente

291 2631 545 2696 Domino,
593 2648 661 2689 ne
706 2632 881 2688 adhuc
928 2646 1119 2702 parum
1163 2633 1235 2686 sit
1281 2629 1423 2702 quod
1465 2629 1613 2685 visus
1653 2629 1887 2699 judicat,

287 2724 456 2781 [idem
487 2732 657 2779 tactus
681 2722 951 2794 explorat.
984 2720 1157 2793 Infer,
1190 2722 1387 2793 inquit,
1416 2721 1635 2793 digitum
1665 2732 1809 2775 tuum
1838 2723 1889 2774 iu

286 2817 432 2871 tatus
469 2832 655 2881 meum,
689 2826 735 2869 et
774 2814 881 2869 noli
920 2830 1029 2869 esse
1061 2813 1357 2887 ambigens,
1388 2816 1476 2869 sed
1505 2815 1674 2884 ﬁdelis
1707 2814 1888 2883 (loon.

286 2921 393 2975 xx,
416 2906 512 2978 9.7)
540 2924 552 2959 :
578 2907 666 2978 qui
698 2907 880 2977 utique
910 2906 1355 2962 inexcusabiliter
1376 2904 1489 2976 jam
1520 2906 1892 2975 perseverabis

290 2998 628 3063 incredulus,
674 3012 793 3052 cum
822 2996 1089 3067 palpando
1131 2996 1375 3054 reddaris
1422 3006 1697 3065 expertus.
1729 2998 1892 3054 Scru-

287 3098 438 3145 tatur
488 3088 579 3144 ille
618 3088 782 3160 digito
832 3089 1053 3159 vestigia
1098 3088 1386 3159 passionis.
1432 3088 1791 3145 Permanebat
1836 3098 1892 3144 ut

287 3181 551 3239 inuictum
586 3182 760 3236 fuerat
798 3182 1066 3236 medicum
1106 3182 1321 3249 vulnus,
1362 3191 1417 3237 et
1448 3182 1682 3236 hiulcum
1714 3192 1885 3238 trans-

288 3277 479 3348 puncti
522 3276 703 3329 lateris
732 3274 932 3329 aditum
963 3273 1107 3329 felici
1139 3274 1337 3329 indicio
1367 3274 1546 3329 vitalis
1586 3276 1736 3344 plaga
1775 3290 1890 3330 ser-

288 3368 479 3422 vabat.
551 3366 704 3421 Tunc
752 3368 967 3421 demum
1010 3365 1065 3421 in
1108 3368 1458 3437 semetipsum
1524 3383 1795 3434 reversus,
1835 3377 1892 3423 et

288 3469 481 3515 sancto
530 3458 855 3515 illuminatus
902 3474 1151 3529 corpore,
1192 3460 1334 3516 Deus
1375 3477 1539 3529 meus,
1588 3462 1792 3532 inquit,
1842 3472 1891 3516 et

289 3550 551 3607 Dominus
570 3568 729 3608 meus.
760 3551 919 3620 Quid,
954 3566 1105 3622 rogo,
1130 3567 1285 3608 sacer
1314 3554 1592 3621 apostolus
1621 3554 1689 3609 de
1719 3553 1884 3609 caele-

288 3645 465 3701 stibus
495 3644 761 3701 intellexit
790 3644 841 3698 in
880 3645 1078 3700 carne?
1121 3645 1247 3715 quid
1278 3646 1503 3701 curiosa
1536 3661 1728 3701 manus
1758 3654 1890 3701 atta-

289 3744 385 3791 ctu
412 3734 651 3790 divinum
675 3736 844 3790 sensit
884 3736 937 3789 in
966 3737 1224 3791 vulnere?
1255 3736 1357 3790 nisi
1386 3737 1506 3807 quia
1534 3739 1644 3806 jam
1679 3739 1887 3807 pridem

289 3825 580 3890 didicerat,
618 3825 890 3881 Christum
918 3827 1036 3881 sine
1062 3827 1174 3883 Deo
1203 3842 1322 3883 esse
1350 3843 1456 3881 non
1488 3843 1666 3897 posse,
1696 3837 1750 3884 et
1780 3832 1891 3884 haec

290 3915 410 3985 ipsa
443 3917 662 3971 vulnera
694 3931 811 3984 quae
843 3917 1114 3986 palpabat,
1150 3918 1497 3989 prmvaluisse
1530 3921 1749 3988 quidem
1796 3922 1893 3974 bo-

291 4010 448 4076 mini,
482 4008 575 4064 sed
606 4010 832 4064 cessisse
862 4008 1052 4066 victori
1086 4028 1099 4063 :
1134 4022 1311 4065 tamen
1344 4025 1441 4066 nec
1472 4011 1689 4069 allicrre
1719 4023 1891 4068 morte

292 4104 397 4158 nisi
431 4102 727 4171 hominem,
770 4119 869 4159 nec
895 4106 1037 4159 vinci
1065 4120 1095 4159 a
1125 4104 1235 4160 lleo
1263 4106 1366 4161 nisi
1402 4108 1761 4161 resuscitante
1794 4122 1889 4174 po-

292 4206 537 4253 tuerunt.
586 4198 684 4254 Hic
728 4200 936 4269 itaque,
988 4216 1184 4270 magno
1239 4203 1620 4257 miraculorum
1672 4210 1891 4272 stupore

292 4288 535 4345 εοειοιυεί
563 4330 579 4357 ,
628 4303 749 4345 cum
800 4293 1024 4346 audiunt
1070 4293 1353 4349 Dominum
1400 4305 1641 4351 nostrum
1688 4294 1889 4365 recepti

293 4381 538 4449 corporis
567 4380 697 4449 situ,
724 4376 987 4438 visibilem
1015 4384 1206 4451 oculis,
1235 4386 1520 4456 digitisque
1549 4386 1889 4455 palpabilem,

293 4477 475 4530 locum
519 4491 625 4545 quo
655 4478 897 4548 Apostoli
947 4493 1265 4532 consueram
1324 4478 1523 4534 clausis
1573 4478 1775 4534 foribus
1819 4481 1893 4533 in-

296 4568 513 4634 troisse,
547 4568 613 4622 ad
642 4558 1305 4626 familiarecommeutum
1346 4572 1621 4626 asserendi
1668 4576 1890 4641 phanta-

294 4661 517 4725 smatis,
561 4670 616 4716 et
661 4676 757 4730 per
796 4663 1010 4718 fallaces
1055 4663 1290 4717 inanium
1340 4664 1656 4718 nebularum
1706 4665 1891 4719 fraude

297 4751 627 4822 praestigias,
662 4752 847 4807 illusos
878 4752 1125 4807 humanm
1164 4755 1408 4824 caliginis
1448 4764 1750 4824 queruntur
1788 4756 1888 4811 ob-

300 4848 465 4896 tutus.
505 4842 751 4897 Sentium
794 4844 936 4899 enim
978 4846 1028 4897 in
1071 4844 1192 4899 facti
1234 4845 1602 4913 magnitudine
1638 4846 1889 4914 quiddam

298 4930 563 4994 divinum,
604 4934 951 5003 vigoremque
1008 4934 1150 4989 illius
1195 4935 1509 5001 subtiltatis,
1546 4953 1651 5005 quo
1693 4938 1893 4995 foribus

298 5023 564 5078 obseratis
608 5024 879 5092 penefrale
924 5034 1193 5081 secretum
1234 5027 1350 5082 sine
1392 5030 1540 5083 aditu
1582 5044 1776 5099 corpus
1808 5031 1892 5085 ἰη-

299 5114 551 5174 traverit.
599 5130 664 5168 ne
707 5129 965 5186 cogantur
1008 5116 1186 5172 facere
1235 5120 1517 5175 miriticum
1544 5161 1559 5186 ,
1609 5122 1893 5176 commini-

299 5222 526 5267 scuntur
568 5211 853 5267 incertum.
900 5212 1052 5279 Quod
1092 5212 1270 5268 videte
1304 5215 1372 5270 ad
1404 5225 1656 5285 quantam
1687 5228 1893 5280 spectet

300 5301 607 5355 Divinitatis
638 5302 905 5369 injuriam,
940 5305 983 5357 si
1016 5305 1258 5359 veritat‘s
1299 5308 1570 5375 magister,
1616 5307 1705 5376 qui
1740 5309 1895 5365 nobis

298 5393 461 5447 etiam
503 5391 787 5446 verborum
819 5393 1092 5448 mendacia
1125 5396 1415 5460 interdicit,
1448 5397 1564 5466 ipse
1595 5398 1750 5454 factis
1777 5415 1895 5455 cre-

299 5482 462 5536 datur
500 5482 739 5549 potuisse
770 5484 1004 5538 mentiri.
1041 5484 1231 5539 Procul
1265 5484 1428 5540 dubio
1455 5488 1596 5542 enim
1630 5489 1895 5543 mendacii

298 5590 472 5644 genus
505 5573 665 5639 foret,
697 5574 743 5629 si
769 5578 909 5643 quod
941 5576 1056 5644 ipse
1097 5593 1201 5630 non
1246 5576 1424 5640 fuerit,
1455 5594 1513 5633 se
1550 5580 1694 5635 credi
1726 5595 1753 5634 a
1784 5583 1895 5637 suis

301 5680 347 5716 vi
370 5667 452 5729 lit,
497 5674 551 5721 et
579 5674 853 5733 putaretur
886 5658 1081 5721 factum
1121 5682 1150 5720 a
1178 5666 1416 5734 Christo,
1461 5670 1600 5738 quod
1636 5685 1739 5725 non
1774 5674 1899 5728 licet

301 5757 477 5811 facere
523 5756 845 5813 Christiano.
917 5758 1017 5825 Qui
1062 5758 1126 5813 ad
1175 5762 1603 5827 cognoscendam
1656 5766 1895 5835 mysterii

301 5847 639 5919 dispensatio
662 5864 760 5904 rem
815 5861 867 5906 et
927 5852 1039 5905 visu
1101 5850 1428 5923 instructus,
1496 5855 1637 5929 quod
1698 5855 1896 5912 suliicit

1918 4616 1967 4676 D

1989 1987 2157 2043 sionis
2195 1990 2493 2044 certamina
2539 1989 2903 2059 triumphator
2943 1991 3077 2045 nihil
3118 1992 3334 2063 quidem
3376 1993 3585 2058 habuit,

1987 2078 2130 2149 quod
2164 2080 2493 2137 mundanum
2528 2081 2823 2152 indigentia
2854 2083 3078 2140 redivivi
3110 2086 3357 2155 corporis
3405 2094 3591 2154 postu.

1989 2169 2145 2226 laret.
2184 2169 2303 2226 Non
2344 2170 2421 2225 illi
2461 2172 2659 2243 quippe
2696 2182 2789 2229 aut
2826 2172 2999 2231 fames
3035 2175 3235 2242 cibum,
3273 2185 3366 2231 aut
3405 2185 3589 2245 potum

1987 2263 2128 2332 sitis,
2159 2272 2251 2319 aut
2288 2264 2527 2333 requiem
2571 2265 2744 2331 labor,
2775 2276 2869 2322 aut
2902 2282 3152 2323 somnum
3182 2273 3430 2339 poposcit
3458 2286 3587 2341 ope-

1990 2356 2147 2411 ratio.
2201 2356 2333 2424 Quae
2359 2359 2538 2411 omnia
2569 2373 2677 2413 non
2710 2360 2885 2415 solum
2916 2360 2969 2415 in
2998 2363 3176 2432 capite
3208 2372 3413 2431 nostro,
3446 2364 3590 2434 quod

1990 2453 2072 2500 est
2093 2444 2372 2511 Christus,
2405 2446 2599 2517 exigua
2629 2447 2720 2502 illa
2750 2448 2900 2517 parvi
2932 2452 3192 2520 temporis
3222 2463 3398 2507 morte
3427 2454 3591 2507 deco-

1993 2546 2075 2591 cta
2111 2546 2273 2591 sunt:
2306 2538 2400 2592 sed
2445 2540 2609 2593 etiam
2652 2539 2705 2593 in
2750 2538 2906 2596 nobis
2941 2539 3022 2595 sic
3063 2556 3235 2612 usque
3274 2542 3340 2597 ad
3384 2543 3592 2600 obitum

1991 2627 2273 2692 valebunt,
2314 2628 2457 2699 quod
2500 2631 2900 2686 resurrectione
2943 2630 3197 2687 ﬁnientur
3234 2650 3248 2686 :
3291 2642 3347 2689 et
3387 2643 3592 2700 tamen,

1994 2731 2049 2774 ut
2070 2720 2251 2777 dicere
2278 2736 2572 2791 cmperam,
2600 2738 2720 2779 cum
2749 2724 2995 2780 membra
3024 2723 3115 2780 illa
3143 2724 3432 2791 dominica,
3464 2728 3593 2786 nulli

1987 2810 2098 2881 jam
2132 2812 2443 2883 indigentiae
2478 2814 2713 2870 obnoxia
2755 2823 3089 2883 tenerentur,
3124 2816 3191 2871 ad
3228 2819 3593 2887 suspicionem

1995 2904 2384 2972 pbautasmatis
2439 2921 2662 2961 suorum
2720 2907 2977 2962 cordibus
3031 2908 3415 2976 eximendam,
3472 2926 3593 2967 cum

1994 2996 2253 3065 apostolis
2281 2998 2427 3053 visus
2456 3008 2563 3065 est,
2590 3000 2770 3058 cibum
2796 3000 2960 3069 jussit
2986 3006 3206 3071 apponi,
3238 3002 3433 3071 quibus
3461 3017 3593 3059 con-

1993 3088 2138 3142 vesoi
2175 3090 2460 3144 commissa
2506 3090 2884 3149 benedictione
2914 3093 3164 3165 dignatus
3193 3104 3295 3149 est.
3335 3094 3486 3162 Quod
3520 3094 3594 3149 fa-

1994 3178 2211 3235 ciebant
2258 3180 2332 3236 illi
2373 3180 2551 3239 adhuc
2591 3198 2693 3253 pro
2734 3184 3107 3253 redemptione
3145 3186 3421 3254 corporis,
3473 3184 3595 3241 iecit

1996 3272 2169 3328 bonus
2196 3274 2451 3344 magister
2474 3291 2569 3342 pro
2600 3276 2913 3331 testimonio
2940 3277 3204 3331 veritatis.
3234 3277 3346 3333 Nisi
3373 3277 3594 3333 forsitan

1996 3364 2139 3419 dicat
2202 3365 2591 3433 pbantasmatis
2656 3368 2996 3435 praniicator,
3061 3370 3349 3434 caliginem
3416 3369 3591 3439 illum,

1994 3455 2360 3512 membrorum
2382 3458 2615 3526 speciem
2642 3457 3024 3524 s-iductricem,
3045 3475 3165 3529 qua:
3187 3461 3597 3528 opponebantur

1993 3562 2289 3614 assumere,
2328 3564 2427 3603 nec
2463 3564 2642 3603 escam
2685 3549 2834 3602 illam
2870 3550 3110 3617 pignoris
3140 3551 3311 3604 sancti
3344 3552 3394 3603 iu
3426 3551 3594 3606 domi-

1995 3642 2171 3695 nicum
2213 3656 2409 3709 corpus
2446 3643 2563 3695 sine
2602 3656 2768 3696 onere
2815 3644 3177 3713 corruptionis
3217 3644 3454 3710 intrare,
3500 3644 3595 3699 sed

1996 3726 2209 3787 in'inem
2265 3742 2508 3787 ventrem
2560 3732 2748 3787 incerti
2795 3748 2922 3789 esus
2980 3748 3205 3804 gravare
3244 3736 3575 3805 ponderibus

1994 3824 2164 3889 Quum
2204 3832 2352 3878 certe
2387 3834 2599 3893 pastum
2643 3824 2837 3879 fallens
2870 3824 3075 3894 imago,
3108 3834 3198 3879 aut
3229 3825 3408 3881 futura
3437 3838 3521 3881 est
3550 3841 3594 3882 st

1995 3915 2284 3983 subripuit,
2318 3923 2409 3968 aut
2432 3928 2538 3968 non
2568 3924 2647 3969 est
2678 3916 2847 3979 aeria,
2879 3916 2924 3969 si
2960 3915 3214 3969 comedit.
3260 3916 3384 3971 Scio
3418 3927 3595 3973 tamen

1993 4008 2133 4074 quod
2181 4021 2287 4061 non
2317 4009 2452 4060 alter
2494 4021 2653 4076 quam
2682 4005 2954 4071 Christus,
3006 4007 3147 4061 inter
3194 4022 3445 4076 suprema
3490 4008 3595 4063 cibi

1996 4098 2139 4153 illius
2160 4098 2489 4151 monimenta
2522 4104 2778 4151 testatur:
2809 4096 2945 4163 Quia
2968 4109 3165 4168 oportet
3193 4098 3398 4166 impleri
3425 4103 3595 4153 omnia

1993 4208 2105 4260 quis
2133 4192 2324 4259 scripta
2352 4199 2470 4243 sunt
2505 4190 2559 4244 in
2590 4190 2701 4261 lege
2736 4199 2782 4243 et
2814 4192 3076 4261 prophetis
3107 4201 3153 4244 et
3183 4192 3396 4261 psalmis
3428 4194 3491 4246 de
3518 4211 3595 4248 me

1996 4283 2184 4355 (Ib'd.,
2214 4284 2331 4354 44).
2379 4283 2445 4339 Et
2495 4299 2594 4338 nos
2636 4298 2801 4352 pauca
2854 4286 3228 4354 exemplorum
3281 4286 3593 4356 quaerimus,

1994 4391 2115 4431 cum
2167 4376 2259 4432 ille
2304 4376 2524 4432 omnino
2563 4375 2898 4446 Scripturam
2947 4378 2999 4431 in
3046 4392 3143 4431 sua
3196 4376 3341 4432 dicat
3393 4380 3594 4435 unitate

1994 4470 2276 4537 compleri.
2314 4467 2382 4522 Et
2414 4476 2527 4537 post
2555 4469 2683 4535 lucc,
2719 4469 2911 4539 inquit,
2953 4486 3066 4523 cum
3096 4470 3410 4525 benedicere!
3450 4488 3594 4542 suos,

2001 4560 2257 4630 ferebatur
2288 4562 2338 4613 in
2366 4560 2548 4615 aulum
2580 4558 2770 4631 (Ibid.,
2798 4558 2911 4631 51).
2946 4560 3159 4616 Recede
3189 4563 3397 4630 procul,
3434 4562 3590 4632 Euty.

1997 4654 2148 4718 cbes,
2189 4667 2308 4708 cum
2356 4652 2642 4722 prmstigiis
2683 4666 2816 4721 quas
2856 4654 3037 4707 animo
3074 4652 3393 4721 concepisti.
3438 4652 3596 4708 Solus

1998 4743 2098 4797 hac
2138 4744 2513 4797 benedictione
2547 4750 2754 4807 careat,
2795 4743 2883 4810 qui
2925 4758 2985 4797 se
3025 4758 3054 4796 a
3087 4742 3464 4812 phantasmate
3508 4752 3594 4799 aut

1998 4835 2243 4889 benedici
2295 4835 2506 4888 lzntatur
2552 4844 2644 4888 aut
2693 4834 2908 4890 redimi.
2958 4834 3173 4889 Interim
3224 4836 3497 4891 ferebatur
3543 4837 3595 4892 itt

1998 4928 2192 4982 coelum
2218 4926 2387 4979 FlllllS
2419 4926 2674 4995 hominis,
2706 4928 2795 4996 qui
2825 4937 2940 4981 erat
2973 4927 3025 4982 in
3056 4931 3196 4983 caelo
3218 4928 3419 4984 dudum
3455 4946 3585 4999 prac-

1998 5017 2248 5082 scieutia,
2291 5033 2429 5071 nunc
2468 5027 2679 5071 natura.
2735 5017 2846 5071 Nec
2888 5018 3069 5088 aliquo
3105 5012 3591 5090 arigelicze’mauus

2002 5111 2231 5177 auxilio,
2264 5125 2569 5180 quanquam
2600 5109 2801 5178 portari
2833 5110 3070 5177 dicatur,
3106 5110 3359 5180 indiguit;
3392 5114 3484 5166 sed
3516 5114 3590 5166 le-

2000 5204 2155 5259 rebat
2181 5204 2367 5257 matris
2394 5202 2556 5256 [ilium
2586 5202 2723 5255 illius
2752 5202 2949 5270 patris;
2983 5201 3092 5256 ibat
3122 5204 3263 5271 quod
3292 5204 3430 5257 Deus
3456 5210 3589 5267 erat,

2002 5298 2142 5368 quod
2172 5297 2353 5363 homo,
2383 5295 2672 5349 ferebatur.
2726 5295 2949 5349 Patebat
2978 5296 3223 5349 redeunti
3254 5306 3401 5364 porta
3433 5298 3595 5351 cmico

2003 5391 2120 5453 stis,
2153 5396 2204 5443 et
2238 5387 2407 5441 Deum
2440 5401 2594 5441 suum
2638 5400 2759 5441 cum
2790 5401 3010 5442 accessu
3042 5388 3286 5456 corporis
3318 5396 3593 5443 reverten-

2004 5490 2111 5537 tem
2139 5480 2413 5550 originalis
2441 5479 2628 5549 patrizc
2657 5479 2872 5533 claritas
2904 5478 3183 5534 inritabat.
3215 5480 3331 5547 Quo
3352 5490 3594 5547 recepto,

2004 5575 2143 5640 Duo,
2168 5574 2361 5642 inquit,
2380 5574 2551 5645 angeli
2571 5573 2860 5637 astiterunt,
2882 5572 3155 5641 Αροειοιιε
3184 5574 3261 5628 sic
3286 5575 3593 5642 loquentes:

2008 5668 2118 5722 Viri
2148 5666 2370 5733 Galilazi,
2395 5665 2545 5719 Jesus
2577 5667 2656 5719 hic
2683 5666 2769 5736 qui
2798 5678 3026 5732 receptus
3058 5675 3133 5718 est
3162 5682 3192 5718 a
3223 5664 3361 5719 vobis
3394 5663 3529 5735 (.«trt.
3558 5682 3596 5729 t,

2004 5762 2113 5831 ll),
2144 5760 2196 5815 id
2224 5770 2326 5826 est,
2360 5774 2517 5830 quem
2549 5760 2599 5813 in
2629 5760 2756 5813 sede
2788 5757 2963 5823 Pater,
2998 5772 3094 5811 seu
3124 5772 3282 5827 quem
3322 5770 3418 5811 vos
3447 5769 3591 5808 recc-

2004 5856 2156 5926 pistis
2189 5854 2241 5911 itt
2272 5854 2397 5923 (ide,
2435 5852 2509 5908 sic
2557 5852 2737 5918 renict,
2779 5850 3204 5921 quemadmodum
3244 5848 3438 5906 uidistis
3471 5859 3587 5899 eunt
