4154 6396
692 367 796 422 EID

1959 367 2016 423 S.
2058 361 2238 421 AVITI
2276 361 2678 425 VIENNENSIS

3840 367 3937 426 220

685 489 880 533 euntem
909 479 961 533 in
989 477 1193 536 calum.
1237 480 1442 536 llabent
1467 494 1600 552 ergo
1629 481 1682 549 in
1712 480 1810 536 hoc
1839 493 2088 535 sermone
2115 476 2254 547 quod
2283 471 2334 533 Α
2363 479 2610 550 ambiguo
2634 457 3009 552 quistionum,
3052 489 3148 536 aut
3187 478 3381 551 dignus
3417 480 3679 552 rescripto
3709 481 3938 552 posteris

685 579 901 638 sperent
929 570 1122 639 quibus
1150 570 1460 640 phantasma
1490 570 1695 626 videtur
1729 584 1849 626 esse
1879 569 2020 640 quod
2049 578 2254 638 gestum

683 666 784 723 est,
814 657 860 714 si
901 657 978 714 sic
1014 660 1190 714 veniet
1227 659 1494 729 quomodo
1533 659 1741 714 vidistis
1778 673 1901 714 eum
1945 665 2158 714 euntem
2201 658 2253 712 in

682 751 902 804 ccelum.
955 750 1053 805 Ubi
1088 751 1334 805 \idebunt
1381 749 1628 806 catholici
1667 765 1824 821 quem
1866 750 2128 815 ambiunt,
2165 748 2258 801 ad-

684 840 903 893 vcrsarii
940 855 1094 909 quem
1131 839 1496 907 conliserunt;
1539 840 1630 896 ubi
1657 843 1723 896 ad
1756 841 1942 896 eadem
1978 841 2250 896 clavorum

685 930 904 999 vestigia
935 944 1052 999 qum
1080 939 1324 996 cernunt,
1355 931 1438 987 vel
1471 932 1589 987 illos
1618 932 1769 1004 ignes
1794 933 2062 1006 Eutycbes
2090 934 2253 987 simu-

683 1021 817 1074 latos
841 1028 1026 1087 putare
1045 1021 1271 1089 desinat,
1289 1023 1482 1092 quibus
1503 1032 1623 1094 pust
1643 1023 2021 1094 phanta‘smatis
2049 1024 2249 1080 fumum

681 1121 800 1161 sera
842 1108 1176 1178 paenitudine
1219 1122 1476 1181 perpetuo
1517 1113 1676 1168 torris
1719 1115 1943 1170 ardebit.
1989 1114 2070 1169 Ad
2099 1115 2252 1183 cujus

681 1197 961 1265 pristinum
996 1199 1188 1270 dogma
1220 1199 1604 1269 denotanilum,
1641 1205 1722 1260 vel
1765 1205 2109 1274 corrigendos
2147 1206 2251 1261 ali-

679 1287 1012 1358 quantisper,
1061 1291 1200 1345 sicut
1240 1292 1531 1360 optandum
1574 1305 1677 1363 est,
1718 1305 2033 1364 sectatores,
2083 1311 2248 1366 pauca

683 1379 799 1433 haec
824 1378 1030 1436 dixis:e
1052 1380 1283 1438 sufﬁciat
1312 1400 1325 1436 :
1361 1391 1419 1438 ut
1444 1399 1506 1438 ex
1539 1383 1887 1442 similitudine
1915 1389 2247 1445 testimonio.

681 1482 800 1522 rnm
831 1483 950 1540 quae
979 1471 1270 1540 posuimus,
1295 1472 1452 1526 etiam
1480 1473 1580 1542 ipsi
1607 1474 1706 1530 sibi
1738 1478 2040 1534 necessarie
2064 1492 2251 1534 nume-

681 1559 883 1613 rosiora
928 1559 1255 1629 perquirant.
1309 1561 1458 1627 Quod
1504 1563 1548 1620 si
1597 1561 1739 1622 forte
1789 1567 2010 1634 pristino
2053 1569 2247 1626 sceleri

679 1646 939 1715 dogmatis
963 1650 1063 1718 sui,
1082 1660 1173 1706 aut
1197 1651 1527 1710 inﬁdelitatis
1543 1659 1987 1724 perseverantiam
2011 1672 2247 1733 servant,

677 1746 768 1792 aut
804 1738 998 1808 aliquid
1039 1756 1190 1797 nova:
1229 1744 1519 1801 molitiouis
1561 1750 1897 1806 accumulant
1928 1769 1943 1806 :
1985 1753 2246 1826 siquidem

2359 572 2685 627 reservanda
2731 580 2964 642 potuert
3012 572 3265 630 inveniri.
3298 569 3598 640 Cujuslibet
3642 581 3821 628 tamen
3847 587 3938 630 eo-

2357 677 2475 717 rum
2505 663 2556 718 in
2583 678 2771 719 manus
2797 675 3004 720 vestras
3033 664 3177 720 dicta
3205 665 3569 735 pervenerint,
3598 665 3806 734 sancte,
3838 666 3938 722 sol-

2357 751 2522 821 licite,
2571 754 2716 825 regie
2761 769 2855 810 vos
2902 764 3201 812 moverunt.
3254 754 3284 795 δ
3330 756 3729 821 Pmnitentiam,
3777 771 3936 826 quam

2357 844 2573 912 proprie
2601 851 3032 901 momentaneam
3065 846 3412 912 nominastis;
3463 845 3515 902 id
3559 854 3644 902 est
3685 846 3742 902 in
3783 845 3936 915 aegri-

2358 935 2540 992 tudine
2567 937 2716 1006 quasi
2758 937 2858 993 sub
2897 946 3171 993 momento
3217 937 3410 992 mortis
3455 946 3753 1008 acceptam,
3803 937 3936 993 nihil

2355 1033 2448 1078 aut
2498 1026 2627 1082 nulli
2681 1026 2972 1094 prodesse,
3019 1027 3244 1083 adversa
3293 1027 3500 1082 veritati
3555 1037 3609 1082 et
3648 1027 3935 1084 admodum

2355 1114 2518 1170 cruda
2548 1115 2786 1171 deﬁnitio
2820 1128 2924 1172 est.
2959 1118 3108 1185 Apud
3138 1116 3374 1172 divinam
3401 1118 3598 1186 quippe
3627 1116 3935 1172 misericor-

2356 1205 2495 1259 diam
2528 1205 2609 1260 vel
2637 1206 2748 1274 ipsa
2798 1204 3071 1262 humilitas
3124 1205 3428 1264 conﬁtentis
3473 1204 3578 1261 dici
3622 1219 3730 1260 non
3774 1205 3936 1262 debet

2354 1297 2530 1353 fructu
2559 1312 2764 1354 carere.
2793 1298 2926 1365 Quia
2953 1313 3075 1353 cum
3100 1297 3348 1369 legimus,
3370 1297 3513 1368 quod
3535 1297 3793 1368 qualitate
3815 1297 3936 1352 vitae

2353 1389 2637 1444 auter-loris
2666 1388 2884 1456 abolita,
2939 1389 3062 1458 quia
3098 1389 3413 1459 plerumque
3441 1388 3703 1458 contingit
3731 1397 3787 1442 et
3812 1401 3935 1455 pce-

2352 1493 2476 1534 c.nre
2496 1479 2692 1550 justos,
2719 1488 2776 1536 et
2803 1479 3119 1551 resipiscere
3150 1489 3484 1550 peccatores,
3529 1481 3582 1536 in
3619 1494 3682 1535 ea
3708 1479 3828 1550 quis
3849 1479 3934 1536 via

2351 1570 2627 1640 jitdicetur
2650 1588 2755 1644 qua
2775 1575 2953 1630 obitus
2982 1574 3064 1631 sui
3091 1584 3331 1645 tempore
3356 1573 3516 1631 fuerit
3541 1573 3931 1645 deprehensas,

2352 1661 2718 1721 incunctanter
2745 1666 3012 1722 credenda
3053 1677 3136 1724 est
3173 1667 3256 1722 vel
3304 1668 3417 1738 ipsa
3446 1665 3802 1724 correctionis
3841 1679 3933 1722 vo-

2364 1754 2540 1813 luntas
2570 1757 2800 1826 placere,
2831 1761 2878 1814 si
2905 1775 3027 1816 vera
3050 1761 3138 1816 sit.
3171 1761 3278 1817 Sed
3303 1770 3470 1816 totum
3500 1759 3640 1830 apud
3660 1760 3934 1816 caelestem

677 1830 963 1898 peculiaris
993 1835 1296 1891 errantibus
1335 1853 1452 1892 mos
1493 1848 1594 1903 est,
1643 1841 1696 1897 in
1736 1843 2092 1905 obstinatione
2132 1863 2253 1919 per-
2281 1829 2330 1890 Β
2358 1846 2695 1904 clementiam
2723 1849 2842 1905 ﬁdei
2873 1851 3132 1920 qualitate
3175 1859 3452 1920 pensatur.
3499 1829 3654 1906 Unde
3697 1858 3753 1904 et
3794 1848 3933 1904 inter

682 1935 837 1977 versa
878 1938 1092 1992 semper
1111 1925 1292 1983 dicere
1318 1929 1455 1987 velle
1483 1947 1589 2001 quo
1615 1944 1839 2003 pereant
1867 1955 1882 1990 :
1915 1938 2060 1994 dabit
2090 1940 2251 2006 Deus,

679 2024 737 2069 ut
779 2014 930 2084 jussu
978 2029 1188 2088 vestro,
1236 2034 1464 2092 meoque
1520 2023 1808 2097 famulatu,
1860 2031 2092 2099 pravitas
2135 2047 2253 2102 qua:

680 2104 857 2161 adhuc
895 2118 1182 2177 augmento
1219 2111 1548 2183 accenditur,
1587 2130 1694 2170 uno
1726 2126 1780 2172 et
1813 2133 2030 2188 semper
2063 2108 2252 2192 aquali

681 2194 1076 2264 Scripturarum
1104 2197 1402 2255 caelestium
1433 2204 1740 2272 magisterio
1761 2207 2120 2279 propulsetur.

1239 2288 1571 2350 EPISTOLA
1611 2293 1697 2351 IV.

675 2372 853 2431 Auitus
898 2375 1198 2434 Viennensis
1241 2381 1508 2452 episcopus
1549 2385 1738 2443 domno
1765 2387 2087 2447 Gundobade
2122 2395 2248 2465 regi.

746 2467 1050 2525 Sciscitatio
1099 2479 1277 2527 vestra
1333 2474 1493 2544 plena
1535 2476 1806 2547 religionis
1844 2490 2005 2553 atque
2040 2485 2254 2556 pietatis

673 2565 778 2612 est.
829 2557 935 2614 Sed
985 2560 1110 2631 quia
1169 2560 1510 2634 inquisitione
1565 2572 1872 2640 proposita,
1928 2577 2252 2635 wnsultnris

675 2648 759 2704 vel
797 2649 1167 2719 respondentis
1204 2654 1420 2711 nomina
1466 2660 1820 2728 prmmisistis,
1859 2668 2246 2736 suggerendum

675 2749 825 2810 puto,
869 2741 1035 2799 fuisse
1081 2743 1136 2800 in
1162 2745 1340 2803 Alrica
1387 2751 1670 2819 quemdam
1701 2753 1955 2812 Faustum
1979 2766 2005 2796 ι
2035 2759 2244 2829 episco-

673 2847 801 2900 pum
846 2841 990 2889 secta
1036 2834 1409 2902 Manicheum,
1451 2842 1826 2911 opusculorum
1870 2851 2246 2922 quorumpiam

674 2925 1033 2996 cotiditorem,
1078 2929 1492 2988 exsecrabilium
1541 2948 1710 3003 sane,
1760 2948 1816 2994 et
1874 2941 1928 2996 in
1973 2945 2248 3002 nonnullis

673 3019 836 3073 etiam
857 3032 1114 3076 sermone
1143 3021 1598 3093 turpissimorum.
1639 3027 1736 3085 Ille
1760 3039 1962 3100 autem,
1992 3048 2247 3106 quantum

2359 1937 2476 1993 illos
2503 1938 2777 2008 operarios
2799 1954 2934 2010 quos
2975 1940 3028 1996 in
3060 1940 3352 2012 Evangelio
3383 1939 3597 2012 (blattis.
3631 1954 3726 2005 as,
3756 1938 3813 2007 9)
3857 1937 3933 1994 le-

2356 2028 2478 2098 gitis
2503 2044 2624 2085 esse
2653 2029 2968 2098 conductos,
3017 2039 3115 2102 pro
3143 2030 3442 2089 devotionis
3468 2028 3686 2098 ardore,
3727 2042 3932 2086 merce-

2353 2117 2474 2174 dem
2503 2119 2768 2190 prioribus
2793 2130 3125 2193 exrequatam
3145 2124 3306 2178 etiam
3330 2120 3421 2192 qui
3449 2120 3656 2177 tardius
3673 2126 3932 2176 venerant

2351 2212 2668 2265 sortiuntur.
2685 2211 2836 2268 Sicut
2849 2221 2905 2267 et
2920 2211 3272 2267 Ninivitarum
3295 2210 3610 2268 brevissima
3631 2207 3928 2281 pmnltudo.

2352 2313 2567 2357 omnem
2595 2301 2937 2375 indulgentia
2964 2318 3227 2360 summam
3254 2303 3436 2360 triduo
3460 2302 3701 2360 fervente
3726 2315 3932 2358 merca-

2356 2399 2429 2458 ta,
2457 2391 2691 2460 gladium
2723 2395 3038 2463 peccatricis
3068 2394 3220 2451 urbis
3238 2392 3538 2450 cervicibus
3563 2392 3929 2449 imminentem

2354 2499 2512 2555 quem
2533 2486 2643 2555 jam
2675 2486 2800 2540 ictui
2821 2485 3090 2544 destinato
3115 2501 3215 2558 per
3233 2501 3448 2542 manum
3476 2486 3628 2542 Iona
3656 2482 3931 2557 propr

2354 2576 2528 2648 (June
2553 2586 2629 2641 tn,
2664 2578 2754 2650 10)
2781 2577 2900 2634 dics
2925 2586 3123 2635 statuta
3151 2577 3472 2646 vibrarent,
3519 2575 3774 2648 repagqu
3800 2589 3931 2632 eon-

2351 2683 2501 2725 sona:
2517 2669 2900 2728 satisfactionis
2914 2670 3145 2728 obtudit.
3156 2669 3538 2727 Contradicant
3552 2677 3731 2726 autem
3747 2680 3929 2725 exem-

2348 2759 2453 2830 plis
2483 2759 2814 2829 huiusmodi,
2848 2775 2984 2831 quos
3011 2761 3195 2818 verius
3212 2759 3389 2816 reddit
3412 2758 3650 2830 appetita
3677 2758 3929 2830 superbia

2349 2850 2610 2921 turgidos,
2643 2867 2802 2922 quam
2831 2853 3160 2910 conscientia
3190 2853 3394 2910 illibata
3434 2865 3675 2910 securos.
3709 2851 3821 2908 Hoc
3847 2859 3928 2908 ta-

2350 2959 2472 3001 men
2504 2945 2621 3000 loco
2649 2944 2775 3015 quid
2819 2957 2965 3015 sape
3011 2943 3241 3012 doleam,
3293 2945 3422 3016 quia
3471 2941 3613 2999 fandi
3662 2942 3928 3000 licentiam

2351 3037 2660 3108 di’gnaminie
2683 3045 2964 3107 praestare,
3011 3034 3294 3092 conﬁteor.
3349 3033 3746 3090 Contristamur
3791 3049 3930 3089 non-

673 3107 741 3161 ad
764 3106 993 3164 frontem
1038 3112 1288 3180 pertinet,
1337 3115 1491 3185 quasi
1535 3118 2041 3182 abstinentissimam
2082 3127 2244 3184 vitam
2280 3188 2319 3199 _
2356 3106 2630 3199 nunquam
2657 3106 2712 3183 in
2741 3127 2841 3182 hac
2861 3133 3164 3184 nostrorum
3193 3124 3470 3192 facilitate,
3507 3125 3649 3197 quod
3675 3140 3788 3180 rem
3821 3133 3929 3181 tam

670 3200 975 3270 professus;
1019 3213 1075 3260 et
1103 3219 1207 3262 non
1249 3217 1511 3264 seaetam
1554 3226 1788 3282 crucem,
1836 3217 1932 3272 sed
1982 3219 2245 3287 publicam
2272 3188 2320 3251 θ
2353 3188 2642 3293 pretiosam
2689 3231 2789 3287 pro
2837 3217 2940 3275 levi
2986 3215 3232 3285 accipere
3277 3188 3774 3288 grave—discrimen
3824 3223 3927 3275 est.

668 3298 956 3356 vanitatem
1007 3301 1265 3372 jactantia
1328 3307 1539 3364 ventosi
1608 3311 1831 3379 tumoris
1892 3327 2242 3386 exaggerans,

667 3401 922 3460 quantum
965 3394 1158 3464 patuit,
1207 3396 1541 3456 auditoribus
1572 3412 1886 3459 venenatam
1930 3404 2246 3476 disputatiu-

669 3498 793 3540 nem
839 3484 988 3541 velut
1026 3485 1414 3545 indeclinabilis
1440 3491 1695 3547 virtutum
1747 3504 1988 3551 servator
2033 3498 2242 3555 indixit.

671 3573 740 3628 Et
764 3573 886 3645 quia
932 3575 1165 3646 legistis,
1210 3579 1506 3636 consulenti
1547 3581 1755 3638 cuidam
1792 3583 2012 3642 Paulino
2044 3588 2246 3646 Burde-

665 3664 888 3731 palensi,
908 3665 974 3722 ab
992 3666 1248 3738 episcopo
1268 3669 1558 3739 supradicti
1582 3675 1813 3730 nominis
1832 3675 2002 3733 fuisse
2023 3695 2244 3750 respon-

663 3769 780 3810 sum
805 3775 818 3811 :
843 3758 994 3826 cujus
1013 3759 1344 3828 temporibus
1367 3760 1614 3818 Paulinus
1633 3765 1870 3836 quidam,
1888 3768 2027 3824 Deus
2047 3771 2240 3827 viderit

665 3860 840 3902 utrum
867 3849 912 3903 is
932 3863 1091 3920 quem
1131 3854 1461 3919 memoratis,
1504 3863 1683 3912 tamen
1716 3859 1934 3927 perinde
1960 3862 2237 3935 Burdega-

665 3935 832 3994 lensis
856 3979 872 4004 ,
911 3954 1018 3994 non
1064 3953 1232 4009 pauca
1278 3942 1420 4012 ston
1465 3943 1728 4002 catholico
1757 3957 1813 4003 et
1855 3937 2242 4020 irreprebcnsi-

665 4026 757 4080 bili
811 4027 916 4083 ﬁde
956 4031 1277 4100 conscripsit
1313 4048 1327 4086 :
1366 4032 1572 4099 prmfati
1619 4033 1854 4092 haeretici
1914 4043 2238 4099 mentionem

663 4114 863 4170 idcirco
915 4118 1170 4187 prtemisi,
1229 4133 1296 4176 ne
1323 4120 1604 4177 Manicbzei
1658 4123 1826 4194 ipsius
1876 4127 2056 4184 Fausti
2104 4146 2240 4204 opus

661 4206 972 4274 infaustum,
1004 4209 1083 4264 vel
1116 4209 1343 4265 alterum
1374 4227 1531 4282 quem
1559 4214 1720 4270 etiam
1741 4216 1912 4288 gloria
1935 4231 2110 4277 vestra
2143 4240 2240 4280 no-

655 4308 826 4364 nerat,
855 4306 973 4355 ortu
1003 4301 1335 4370 Britannum,
1370 4305 1673 4363 babitaculo
1702 4307 2047 4382 Regiensem,
2082 4317 2237 4373 titulo

653 4391 893 4446 nominis
919 4402 1233 4449 accusaret:
1258 4395 1417 4452 simul
1447 4406 1502 4454 et
1527 4399 1614 4469 qui
1646 4410 1738 4456 aut
1763 4405 2048 4464 consulere
2071 4422 2232 4479 supra

2349 3312 2481 3369 Cum
2506 3311 2649 3368 enim
2677 3310 2928 3366 videntur
2963 3308 3332 3380 paenitentiam
3372 3306 3621 3378 precibus
3665 3321 3727 3363 ac
3751 3306 3927 3379 lacry-

2349 3405 2453 3459 mis
2480 3417 2729 3475 poscere,
2777 3401 2999 3472 impium
3045 3399 3276 3454 dicimus
3311 3397 3598 3468 denegare.
3629 3397 3723 3452 Sin
3769 3397 3928 3468 igitur

2348 3494 2626 3566 contingat
2665 3492 2956 3555 in'erdum,
3001 3498 3069 3545 ut
3111 3497 3384 3558 acceptam
3416 3488 3717 3558 quicunque
3762 3487 3930 3555 pmni~

2352 3586 2594 3655 tentiam,
2622 3584 2970 3645 sileanitatem
2998 3579 3239 3652 corporis
3281 3578 3494 3649 recipit,
3537 3587 3629 3633 aut
3677 3577 3928 3650 negligat.

2352 3688 2446 3735 aut
2469 3678 2639 3734 factus
2667 3676 2756 3745 sit,
2788 3683 2845 3732 ut
2869 3673 3142 3746 apostolus
3167 3671 3242 3726 ait
3269 3668 3358 3741 (11
3386 3669 3527 3724 Pctr.
3557 3685 3616 3735 tt,
3640 3668 3761 3739 92),
3784 3668 3927 3726 canis

2350 3782 2601 3826 reversus
2649 3767 2702 3823 in
2759 3766 3052 3834 vomitum,
3117 3764 3208 3834 qui
3249 3762 3563 3819 veniabilius
3608 3763 3927 3818 onerabatur

2347 3860 2630 3932 fragilitate
2658 3860 2892 3930 peccati,
2939 3856 3262 3927 plectibilins
3304 3855 3638 3925 opprimetur
3667 3852 3927 3909 abusione

2342 3949 2599 4015 remedii;
2648 3957 2708 4004 et
2739 3947 2948 4002 dicetur
2990 3946 3118 4002 il!ud
3163 3943 3304 4015 quod
3354 3944 3575 4000 Ananie
3618 3943 3673 3999 in
3709 3944 3926 3999 Actibus

2347 4040 2708 4109 apostolorum
2737 4053 2754 4094 :
2781 4036 2971 4093 Nonne
2997 4052 3203 4091 manens
3230 4036 3321 4090 tibi
3349 4044 3627 4103 manserat,
3659 4046 3704 4090 et
3726 4035 3790 4088 de
3815 4050 3926 4105 pre-

2350 4132 2595 4187 mittendo
2624 4133 2676 4185 in
2702 4139 2792 4184 tua
2822 4137 3069 4201 potestate
3106 4128 3352 4200 pendebat
3397 4127 3533 4196 (Act.
3560 4141 3614 4192 v,
3644 4125 3701 4194 4)
3737 4124 3925 4180 Melius

2352 4234 2424 4280 est
2457 4233 2648 4290 autem,
2678 4231 2737 4278 ut
2763 4223 2837 4277 ait
2873 4222 3155 4292 propheta,
3202 4236 3305 4274 non
3331 4235 3522 4286 vovere,
3564 4235 3718 4290 quam
3751 4234 3928 4275 rosere

2345 4334 2522 4375 etnon
2559 4321 2769 4375 reddere
2800 4315 3022 4390 (Eccles.
3046 4331 3099 4381 v,
3123 4313 3180 4385 ι)
3226 4312 3673 4369 Undecmitraxit
3705 4325 3926 4368 consue~

2348 4414 2476 4470 tudo
2522 4413 2808 4477 sermonis,
2867 4419 2926 4464 ut
2974 4406 3148 4464 donec
3189 4407 3416 4477 quisque
3456 4411 3699 4460 nostrum
3746 4413 3926 4460 votum

732 4574 759 4648 ξι
789 4564 1252 4649 Adversus'quem
1299 4575 1509 4649 exstant
1552 4567 1674 4649 libri
1718 4573 1886 4649 sancti
1933 4573 2241 4647 Augustini,
2273 4581 2324 4641 D
2353 4583 2598 4644 minosus,
2630 4598 2836 4638 exerceo
2855 4597 2873 4644 ;
2893 4598 3007 4635 cum
3037 4582 3170 4634 diem
3201 4579 3440 4633 humana
3460 4581 3611 4635 sortis
3633 4579 3924 4649 implevero,

656 4634 919 4722 tr-‘njnsque
949 4636 1000 4688 in
1026 4635 1421 4722 aliin'ejusde‘m
1451 4639 1701 4722 operibus
1731 4639 2001 4722 frequens;
2015 4634 2240 4706 mentio:

662 4704 924 4777 Cancrum
952 4717 1000 4759 et
1026 4704 1228 4759 Paulini
1254 4706 1317 4777 ad
1341 4704 1593 4762 Faustum
1617 4704 1864 4777 epistola,
1891 4724 1943 4767 et
1963 4714 2147 4773 Fausti
2178 4704 2244 4776 ad

662 4774 780 4843 rjus
809 4781 1026 4846 qumsita
1056 4775 1353 4846 responsio,
1384 4791 1504 4846 qua:
1546 4774 1687 4834 nunc
1718 4774 1858 4835 inter
1887 4783 2072 4842 Fausti
2103 4774 2246 4845 libo;

2350 4653 2694 4724 penitentiam
2731 4652 2952 4708 subitam
2975 4668 3089 4724 sum
3117 4662 3442 4716 consecutus;
3485 4653 3531 4704 si
3564 4650 3924 4724 excludatpro

2387 4733 2494 4777 arte
2522 4732 2802 4792 peccatum,
2819 4737 2887 4774 an
2916 4722 2984 4774 ad
3003 4723 3271 4789 integrum.
3293 4732 3412 4789 opto
3436 4736 3756 4792 cognoscere.
3777 4721 3922 4777 Hanc

2395 4791 2580 4847 austns
2625 4793 2866 4848 inutilem
2910 4805 3031 4847 esse
3077 4791 3371 4859 τεψυηάίι.
3430 4791 3583 4855 Quod
3639 4792 3771 4844 falso
3818 4792 3923 4848 dici

661 4845 863 4930 giensis
905 4859 1065 4930 opera
1112 4844 1532 4930 leguntur,_quo
1579 4849 1646 4930 de
1685 4849 2016 4930 Faustobic
2057 4844 2246 4930 agatur
2349 4844 2511 4918 docet
2533 4844 3232 4930 iAmittit—ts,“ettantalavitum
3270 4861 3322 4914 in
3350 4844 3537 4915 eadem
3577 4859 3761 4915 Galliae
3802 4844 3922 4930 pii;

660 4913 857 4984 ambigi
887 4930 990 4968 non
1016 4913 1216 4968 sinunt.
1245 4913 1550 4971 Britannum
1581 4919 1721 4974 ltttnc
1752 4932 1870 4976 ortu
1898 4922 2066 4982 fuisse
2087 4913 2242 4985 δοεέὶ

663 4985 851 5055 Avitus
887 4999 902 5035 :
935 4986 1211 5055 quodnon
1250 4986 1316 5039 de
1363 4987 1653 5055 lusulanis,
1697 4990 1790 5046 sed
1835 4992 1904 5048 de
1943 4996 2237 5054 Armoricis

659 5053 1360 5139 ilri-tanni‘s'accipiepditm
1397 5053 1698 5139 monuimus
1747 5063 1800 5139 in
1837 5065 2072 5139 notis_ad
2121 5053 2237 5139 cpi;

661 5124 852 5194 stolam
882 5124 1112 5179 Facundi
1141 5125 1204 5178 ad
1235 5125 1525 5182 Mutiannm
1554 5131 1947 5190 scholasticam.
1980 5124 2235 5194 Paulinus

661 5193 942 5273 bicfntem
969 5195 1480 5273 Burdegalensisqui
1510 5200 1574 5252 ad
1599 5199 1850 5273 Faustum
1879 5208 2084 5273 scribit,
2109 5193 2231 5264 cum

655 5261 726 5340 de
750 5263 970 5340 Ραριίηο
1001 5261 1256 5340 episcopo
1285 5261 1491 5340 Nolano
1517 5271 1681 5340 accipi
1721 5285 1965 5340 nequeat,
1997 5261 2234 5334 de'Pau:

659 5331 770 5419 lino
811 5331 1154 5419 Eucharistici
1178 5331 1421 5419 _'auc_tore_
1466 5331 1837 5419 intelligendus
1867 5331 2119 5419 vitetur,—
2141 5331 2233 5419 qui

655 5404 855 5486 clipeo
897 5415 1013 5486 ortu
1052 5405 1455 5486 Burdegalensis
1490 5404 1731 5486 fuit,'_e_t
1774 5414 2019 5486 Massiliae
2066 5404 2231 5476 larétn

663 5473 845 5553 relicta
879 5473 1046 5543 patria
1081 5489 1204 5529 cum
1235 5473 1463 5544 ﬁxisset,
1490 5473 1668 5534 Fausti
1696 5481 1974 5553 Regiensis
2001 5473 2233 5548 consita:

663 5543 844 5594 tudine
872 5546 944 5594 uti
975 5545 1161 5594 notuit.

657 5545 844 5612 tudine
872 5546 944 5596 uti
975 5545 1161 5612 potuit.

732 5611 760 5650 δ
791 5611 1200 5692 Nomentanum
1227 5615 1688 5692 Faustusqnoqne
1710 5624 2023 5692 appellarat,
2045 5627 2230 5685 Pauli-

656 5696 761 5769 nus
786 5684 1022 5769 subit'a‘m.
1049 5684 1428 5769 Percunctator,
1453 5684 1640 5768 inquit,
1662 5684 1864 5748 accedo.
1888 5684 2021 5751 Sani
2050 5684 2230 5769 pecca-

651 5756 722 5807 tis
746 5753 1036 5810 carnalibus
1065 5754 1347 5825 involutus;
1391 5753 1561 5814 omnia
1591 5753 1898 5832 qatccunque
1927 5753 2090 5836 poteit
2115 5753 2222 5826 cri-

2349 4934 2518 4988 vincin
2551 4929 2809 4987 docuerat
2835 4929 3139 4986 Gennadius
3162 4931 3503 4986 Massiliensis
3524 4929 3920 4987 Erclesiastico~

2353 5020 2470 5058 rum
2505 5005 2817 5074 Dogmatum
2845 5016 2962 5070 cap.
2996 5002 3086 5074 48.
3113 5000 3446 5064 Paenitentia,
3478 5001 3687 5074 inquit,
3729 5003 3921 5057 aboleri

2347 5085 2551 5144 peccata
2586 5072 2927 5144 indubitanter
2967 5073 3248 5140 credimus,
3289 5072 3487 5144 etiamsi
3516 5073 3569 5126 in
3593 5073 3777 5126 ultimo
3807 5075 3921 5126 uitta

2346 5143 2527 5209 spiritu
2559 5143 2905 5198 admissurum
2931 5144 3188 5211 paeniteat,
3238 5153 3289 5197 et
3325 5143 3530 5213 publica
3562 5144 3921 5196 lamentatione

2347 5225 2551 5282 peccata
2583 5215 2866 5284 prodantur
2891 5228 2908 5266 :
2932 5214 3048 5282 quia
3075 5212 3389 5282 propositum
3430 5212 3526 5284 D_ei
3562 5229 3664 5283 quo
3703 5213 3920 5267 decrevit

2347 5280 2541 5355 sulcare
2565 5280 2699 5355 quod
2734 5280 2973 5352 perierat,
3007 5280 3103 5338 stat
3129 5280 3402 5338 inamabile.
3443 5280 3507 5355 Et
3540 5280 3651 5336 ideo
3680 5283 3804 5355 quia
3828 5299 3918 5355 rae

2345 5353 2514 5408 lunias
2552 5353 2664 5426 ejus
2711 5371 2812 5426 non
2849 5364 3104 5421 mutatur,
3149 5355 3251 5426 sire
3302 5354 3654 5426 emenda'ione
3696 5354 3830 5426 uite,
3876 5354 3920 5409 si

2346 5432 2543 5493 tempus
2572 5423 2895 5490 conceditur,
2943 5427 3046 5479 sire
3088 5423 3302 5494 supplici
3342 5424 3678 5494 confessione,
3723 5423 3768 5476 si
3793 5439 3916 5476 con-

2346 5492 2491 5548 tinuo
2520 5496 2926 5566 vitarexceditur;
2959 5496 3104 5548 renia
3130 5492 3446 5566 peccatorum
3476 5492 3696 5566 ﬁdeliter
3723 5509 3920 5562 prmu-

2342 5566 2496 5618 mitur
2524 5566 2587 5617 ab
2614 5565 2705 5618 illo
2738 5565 2826 5633 qui
2866 5582 2966 5618 non
2997 5567 3102 5618 uult
3132 5565 3352 5620 mortem
3396 5565 3696 5632 peccatoris,
3744 5567 3835 5618 sed
3866 5574 3918 5617 ut

2338 5644 2660 5707 conseruatur
2684 5652 2714 5707 a
2745 5636 3027 5707 perditione
3050 5637 3357 5707 paenitendo,
3385 5644 3433 5689 et
3459 5634 3916 5707 salvatus_miserao

2335 5704 2471 5765 tione
2494 5704 2698 5778 Domini
2720 5706 2869 5778 uiuat.
2900 5706 2966 5778 Si
2993 5704 3106 5775 quis
3130 5707 3668 5778 aliterﬁdejustissima.
3687 5705 3781 5759 Dei
3809 5707 3913 5778 pie-

2334 5784 2434 5830 tate
2457 5775 2629 5840 sentit,
2661 5791 2758 5832 non
2793 5775 3107 5834 Christianus
3137 5779 3225 5834 sed
3259 5777 3576 5834 Horatianus
3600 5784 3697 5833 est.
