4154 6432
323 397 427 453 2‘21

1751 381 2085 440 EPISTULA
2130 384 2219 440 IV.

3510 386 3613 441 aes

324 510 613 579 compleat,
640 505 750 562 voti
777 518 904 560 rens
930 501 1158 558 dicatur.
1195 498 1462 569 Quocirca
1492 497 1688 564 fateor,
1736 495 1787 551 in
1822 511 1913 550 ne-
1940 497 1989 555 Α
2021 507 2187 552 tatam
2213 504 2296 553 est
2324 497 2400 553 illi
2432 496 2499 552 ad
2525 496 2787 567 justitiam
2812 497 2992 567 (Rom.
3028 513 3101 565 tv,
3136 499 3217 570 5).
3264 497 3413 554 Raab
3443 516 3609 556 more.

323 604 577 658 cessitate
610 600 792 669 positis
818 613 925 652 non
951 594 1067 649 sine
1098 601 1243 648 metu
1272 590 1388 647 dari
1416 590 1617 646 debere
1641 587 1915 659 paeniten-

326 696 456 748 tiam
481 710 494 745 :
522 704 657 759 quos
680 691 727 745 si
752 689 952 755 absque
973 684 1289 754 capitalibus
1309 682 1508 749 culpis,
1533 690 1559 717 ι
1583 681 1635 733 in
1659 693 1757 732 usu
1786 693 1911 732 con-

322 781 519 852 iugalis
545 779 756 851 copula
782 778 897 832 dies
940 789 1189 845 suprema
1232 772 1488 841 reperiat,
1533 779 1592 824 ut
1644 778 1768 840 pote
1797 784 1910 824 rem

326 874 526 929 licitam
557 877 965 941 praesumentes,
1012 880 1113 921 nec
1141 863 1483 919 damnatione
1519 861 1710 929 dignos
1752 870 1913 930 puta-

327 976 469 1027 mus,
514 974 613 1015 nec
635 977 666 1013 a
691 957 958 1013 sacriﬁcio
984 952 1510 1011 commemorationis
1545 951 1907 1018 excludimus,

328 1057 370 1111 E
414 1066 622 1114 contra.
653 1053 696 1108 si
738 1051 1035 1122 professam
1065 1047 1533 1117 compunctionem
1578 1044 1776 1100 sicculo
1824 1060 1913 1100 re-

326 1149 573 1204 traliente
602 1144 970 1209 racuaverint,
1003 1142 1155 1213 quasi
1176 1141 1288 1212 jam
1317 1149 1612 1207 apostatas,
1657 1139 1706 1192 id
1734 1148 1818 1194 est
1846 1138 1914 1192 ab

322 1237 502 1291 standi
531 1234 782 1290 ﬁrmitate
809 1231 1087 1296 decidnos,
1118 1241 1343 1285 necesse
1371 1236 1455 1283 est
1480 1241 1509 1280 a
1531 1226 1914 1281 communione

323 1324 580 1396 suspendi
605 1340 622 1375 :
645 1338 765 1380 cum
797 1321 990 1378 melius
1018 1321 1091 1375 sit
1128 1332 1349 1373 manere
1394 1318 1534 1372 intra
1560 1316 1913 1386 quantulam-

322 1434 535 1489 cunque
560 1418 787 1472 salutem
817 1414 1118 1470 humilitate
1145 1409 1523 1475 mediocrium,
1552 1422 1711 1479 quam
1740 1407 1911 1477 ipsam

322 1512 550 1564 salutem
595 1523 659 1563 ex
711 1514 824 1562 toto
872 1504 1077 1561 destrui
1125 1501 1416 1556 violatione
1462 1508 1916 1555 summorum:et

324 1605 490 1658 tutius
535 1601 835 1657 inveniatur
880 1612 1003 1655 cum
1054 1596 1331 1653 honestate
1378 1594 1431 1649 in
1464 1593 1805 1648 matrimonio
1834 1592 1915 1647 vi-

322 1707 474 1756 vere,
523 1706 681 1762 quam
728 1689 973 1745 castitate
1028 1686 1254 1742 mentita
1305 1682 1508 1739 illicitis
1540 1682 1685 1739 licita
1732 1697 1911 1738 macu-

2020 590 2122 645 trix
2152 592 2314 647 vitam
2349 590 2675 661 prieteritam
2697 592 3073 661 prostitutione
3088 592 3422 656 sordentem,
3443 592 3610 650 lsraeo

2020 684 2233 737 litorum
2269 683 2524 753 populum
2553 697 2649 751 per
2677 681 2834 736 ﬁdem
2866 683 3446 751 prmstolatapurgavit
3472 682 3610 751 (los.

2017 791 2077 840 tt,
2109 774 2184 845 5).
2216 774 2306 830 Sic
2338 774 2431 829 illa
2466 772 2741 843 Evangelii
2771 772 3045 828 Cananitis
3118 772 3333 843 (Matth.
3367 788 3460 837 xv,
3493 773 3609 844 27).

2015 880 2322 935 quanquam
2350 866 2569 934 repulsa
2598 864 2862 929 convicio,
2908 862 3024 918 dari
3056 874 3233 918 tamen
3279 864 3474 918 catulis
3500 866 3611 921 suis

2018 957 2249 1013 ﬁliorum
2278 970 2471 1025 panem
2506 956 2912 1025 perseverantia
2941 954 3213 1024 petitionis
3244 956 3446 1010 elicuit.
3490 957 3607 1009 Alia

2015 1049 2217 1103 ﬁuxum
2245 1048 2579 1103 carnalitatis
2609 1048 2861 1104 obscenae
2896 1058 3037 1103 tactu
3084 1046 3316 1103 ﬁdeliter
3358 1050 3610 1104 ntedcnte

2020 1154 2042 1183 ε
2058 1144 2335 1200 restrinxit
2349 1142 2563 1216 (Matth.
2586 1159 2660 1212 tx,
2674 1145 2787 1214 20).
2805 1144 3071 1199 Suadetur
3087 1152 3261 1199 tamen
3276 1145 3605 1200 etbonorum

2015 1253 2240 1309 operum
2268 1236 2537 1307 jungeuda
2567 1236 2803 1302 devotio,
2851 1252 3009 1305 quam
3040 1237 3309 1306 negligere
3339 1252 3444 1291 non
3478 1252 3607 1306 per-

2014 1332 2150 1387 tinet
2175 1330 2240 1386 ad
2271 1329 2505 1385 ﬁdelem.
2536 1329 2642 1385 Sed
2666 1344 2787 1384 cum
2814 1330 2956 1382 dicat
2976 1328 3302 1397 Apostolus:
3339 1327 3607 1399 Quidquid

2013 1430 2205 1479 nonest
2245 1437 2309 1475 ea:
2346 1422 2469 1491 ﬁds,
2493 1428 2755 1490 peccatum
2791 1428 2865 1473 est
2892 1419 3070 1485 (Rom.
3098 1434 3209 1483 xtv,
3234 1416 3363 1488 25),
3413 1418 3605 1473 videtis

2009 1513 2184 1583 ipsam
2216 1527 2431 1584 quoque
2458 1526 2613 1579 quam
2646 1517 2848 1564 rectam
2893 1508 3163 1565 credimus
3210 1508 3603 1577 Operationem,

2013 1603 2115 1659 nisi
2147 1602 2267 1659 ﬁdei
2296 1600 2549 1673 suffragio
2580 1600 2850 1668 fulciatur,
2898 1604 2951 1655 tn
2982 1609 3259 1671 peccatum
3302 1614 3462 1669 posse
3489 1614 3609 1653 mu-

2016 1695 2136 1751 tari.
2184 1695 2451 1765 Expertus
2486 1702 2571 1749 est
2620 1694 2724 1749 hoc
2770 1691 3020 1748 nimirum
3053 1692 3357 1747 Pltarisaeus
3404 1691 3499 1747 ille
3548 1692 3604 1745 in

322 1782 457 1839 lare.
489 1780 641 1848 Quod
678 1778 981 1850 pravidens
1022 1775 1310 1845 Apostolus
1353 1772 1407 1844 (I
1429 1773 1565 1827 Tim.
1599 1788 1652 1840 v,
1703 1772 1816 1843 12),
1859 1781 1910 1827 et

2018 1785 2305 1855 Evangelio
2333 1784 2487 1856 (Luc.
2523 1798 2677 1851 xvttt,
2705 1781 2921 1852 lO-H),
2946 1782 3037 1852 qui
3064 1781 3264 1852 gratias
3287 1796 3347 1836 se
3377 1780 3603 1849 referre,

323 1873 514 1928 viduas
538 1886 658 1941 quae
682 1848 913 1940 primam
940 1866 1097 1922 ﬁdem
1127 1863 1334 1921 irritam
1376 1862 1617 1928 fecerint,
1653 1863 1909 1932 majorem
1943 1848 1990 1910 Β
2016 1848 2293 1945 (πυράήοη
2339 1848 2483 1930 esset
2511 1848 3178 1937 sicm'wteri’ho'miﬁes,
3223 1882 3490 1940 ηριοι-οε,
3524 1871 3606 1927 in-

322 1966 726 2021 damnationem
755 1962 1077 2019 denuntians
1104 1961 1397 2027 subituras,
1431 1961 1449 1992 ¹
1475 1974 1523 2016 et
1556 1952 1814 2030 personas
1844 1961 1915 2017 le-

320 2060 499 2131 gitimi
538 2066 700 2129 atque
739 2052 1225 2125 irreprebensibilis
1274 2052 1377 2107 tori
1432 2065 1567 2122 pace
1610 2050 1908 2121 devinctas,

320 2164 518 2206 vacare
560 2146 790 2205 orationi
838 2147 906 2202 ad
955 2156 1186 2215 tempus,
1236 2156 1302 2198 ac
1343 2156 1533 2198 rursus
1575 2141 1627 2197 in
1655 2141 1706 2196 id
1736 2142 1909 2212 ipsum

322 2239 533 2313 regredi
561 2240 727 2295 sinit:
762 2254 831 2293 ne
857 2236 1103 2301 Satanas,
1134 2234 1304 2304 inquit
1333 2232 1387 2306 (1
1415 2232 1537 2288 Cor.
1562 2246 1659 2298 vtt,
1689 2231 1769 2303 5),
1814 2247 1911 2299 per

322 2329 763 2387 incontinentiam
791 2326 1027 2393 illorum,
1081 2330 1249 2380 tentet
1277 2324 1329 2377 in
1364 2322 1721 2393 promissione
1748 2321 1911 2391 perﬁ-

319 2421 422 2478 dos
449 2434 585 2492 quos
607 2420 663 2474 in
689 2432 852 2475 carne
873 2432 981 2473 non
1006 2416 1213 2472 vicerat
1236 2412 1568 2484 coniugatus.
1595 2411 1651 2467 ln
1672 2410 1907 2468 secunda

318 2526 538 2584 quoque
562 2511 881 2583 quastione,
910 2506 1054 2580 quod
1080 2520 1339 2577 negamus
1362 2499 1515 2569 est)
1544 2503 1706 2559 ﬁdem
1734 2502 1907 2560 solam

320 2601 527 2659 homini
561 2602 818 2672 prodesse
841 2614 949 2656 non
979 2611 1159 2670 posse,
1199 2596 1305 2653 hoc
1328 2595 1549 2653 minime
1577 2595 1782 2664 probo;
1813 2611 1909 2651 ne-

318 2710 427 2763 que
449 2696 520 2753 ab
539 2696 748 2752 illorum
779 2700 931 2765 parte
954 2691 1231 2763 proﬁteor,
1261 2689 1376 2760 qui,
1400 2689 1542 2745 sicut
1556 2688 1632 2743 ait
1647 2687 1906 2744 Dominus

320 2786 543 2857 (Matth.
578 2800 727 2850 xant,
756 2783 839 2856 ι),
864 2796 1025 2854 grave
1053 2795 1216 2852 super
1245 2778 1500 2835 humeros
1519 2778 1904 2848 discipulorum

321 2875 533 2947 pondus
581 2874 883 2943 imponunt,
936 2872 1077 2943 quod
1104 2871 1203 2942 ipsi
1251 2879 1429 2926 tamen
1455 2883 1565 2926 uno
1596 2868 1764 2940 digito
1791 2884 1907 2925 mo-

320 2984 451 3025 vere
505 2969 825 3025 detrwtant.
874 2965 1101 3035 Propter
1151 2962 1334 3035 quod,
1400 2970 1509 3019 tam
1563 2962 1790 3033 rigidam
1836 2962 1905 3018 de

318 3058 426 3115 tide
451 3056 771 3115 sententiam
801 3062 893 3111 au’t
922 3064 1211 3110 extraneas
1238 3055 1406 3124 potuit
1433 3067 1779 3124 pmumere,
1812 3062 1905 3109 aut

320 3159 510 3206 noster
532 3147 716 3204 debuit
746 3154 1068 3216 temperare.
1092 3143 1245 3211 Quod
1265 3145 1308 3200 si
1340 3142 1623 3215 dignanter
1641 3142 1901 3210 admittis,

319 3243 631 3315 conjectura
659 3239 893 3297 breviter
922 3236 1289 3306 exemplisque
1325 3234 1666 3307 patefaciam.
1718 3235 1902 3292 Fidem
1931 3216 1976 3277 C

318 3347 446 3391 esse
492 3331 730 3388 omnium
773 3328 1035 3385 honorum
1070 3324 1429 3396 spiritualium
1472 3323 1905 3393 fundamentum,

318 3441 419 3497 per
470 3426 608 3479 hanc
653 3420 904 3495 primitus
952 3417 1238 3475 informata
1284 3415 1713 3473 Christianorum
1761 3417 1909 3473 rndi-

320 3526 501 3575 menta
534 3525 817 3573 testantur.
845 3513 978 3570 Nam
1001 3512 1047 3569 si
1075 3509 1399 3581 baptizatus,
1430 3517 1522 3564 aut
1547 3508 1709 3564 etiam
1737 3517 1912 3564 trans-

319 3610 461 3666 latus
489 3608 559 3663 ab
590 3605 781 3663 haresl
812 3603 1048 3675 qual.bet
1084 3601 1368 3674 parvulus,
1413 3599 1497 3655 vel
1536 3599 1763 3655 forsitan
1792 3614 1909 3655 :evo

319 3701 565 3772 longiore
590 3705 896 3769 provectus,
938 3693 1098 3752 celeri
1129 3700 1248 3763 post
1290 3692 1558 3747 lavacrum
1584 3689 1691 3747 ﬁne
1728 3692 1909 3760 rapia-

320 3803 433 3859 tur,
483 3802 583 3847 nec
620 3790 734 3861 ipse
774 3788 952 3860 operis
998 3785 1273 3856 jactitator
1318 3781 1588 3849 abnuerit,
1637 3782 1908 3837 hominem

320 3883 437 3940 sola
466 3883 569 3938 ﬁde
594 3880 876 3936 salvatnm.
922 3877 1084 3932 Extra
1111 3889 1273 3945 quam
1304 3872 1448 3944 quod
1493 3868 1626 3929 nihil
1659 3873 1913 3945 qualibet

322 3978 484 4033 bonae
510 3973 807 4045 profuerint
826 3968 1088 4033 actiones,
1113 3966 1183 4023 de
1209 3966 1390 4023 saeculi
1410 3965 1744 4038 philosophis
1766 3967 1912 4021 aesti-

320 4078 533 4123 memus
560 4078 733 4134 :qnoa
758 4069 1158 4131 contemptores
1188 4057 1372 4113 mundi
1422 4068 1797 4130 amatoresque
1821 4073 1909 4114 sa-

322 4157 565 4230 pientiae,
593 4155 839 4211 castitate
868 4150 1163 4222 proposita,
1183 4149 1434 4205 facultate
1453 4149 1728 4230 despecta,
1752 4150 1910 4220 quid-

322 4228 448 4321 quid
481 4248 641 4305 hodie
668 4246 914 4303 catholici
959 4242 1331 4313 praedicamus,
1383 4243 1505 4313 quia
1546 4228 1678 4299 ﬁdes
1721 4243 1910 4308 defuit,

324 4355 431 4397 noti
461 4338 659 4409 profuit
687 4347 957 4408 operatos.
982 4335 1132 4391 Adeo
1160 4334 1407 4388 machina
1435 4333 1712 4399 vanitatis,
1757 4344 1910 4389 nuta-

323 4433 523 4491 bundis
544 4430 752 4488 exculta
784 4428 1027 4499 fastigiis,
1056 4426 1176 4497 quia
1203 4426 1321 4480 sine
1352 4424 1701 4479 iundamento
1727 4440 1910 4481 surie-

324 4523 423 4591 xit,
458 4522 773 4594 persesola
795 4529 1046 4574 constare
1089 4533 1195 4572 non
1244 4515 1437 4584 potuit.
1487 4515 1625 4583 Quid
1676 4515 1722 4570 si
1771 4530 1913 4571 nunc

2011 1968 2161 2037 justi,
2188 1966 2440 2033 adulteri,
2484 1965 2855 2035 eleem0synas
2895 1963 3126 2019 subinde
3176 1962 3371 2026 facere,
3420 1962 3501 2016 bis
3551 1964 3605 2017 in

2015 2060 2241 2115 sabbato
2266 2057 2543 2129 jejunare,
2592 2056 2797 2112 tumido
2822 2070 2885 2111 ac
2908 2054 3163 2124 resupino
3195 2061 3412 2123 pectore
3449 2054 3607 2123 jacti-

2013 2148 2193 2214 tabat;
2225 2164 2345 2205 cum
2378 2148 2722 2213 Publicanus,
2753 2147 2930 2204 fronte
2974 2161 3228 2207 cernuus.
3278 2144 3384 2201 ﬁde
3425 2155 3606 2201 rectus

2012 2244 2204 2298 merita
2246 2242 2505 2298 bonorum
2534 2241 2649 2298 sola
2689 2240 2993 2296 humilitate
3020 2240 3357 2309 praeripiens,
3383 2238 3603 2293 domum

2011 2346 2164 2388 suam
2190 2332 2258 2387 de
2282 2346 2385 2403 qua
2410 2346 2520 2386 non
2554 2331 2730 2400 justus
2750 2329 2977 2395 exierat,
3006 2328 3325 2399 instiﬁcatus
3355 2329 3605 2384 intraret.

2008 2422 2147 2492 Quid
2198 2423 2346 2493 plura
2391 2420 2850 2477 commemorem!
2894 2418 3085 2475 Adhuc
3124 2434 3288 2474 unum
3338 2421 3605 2489 patienter

2007 2513 2256 2585 accipite.
2303 2513 2466 2570 Latro
2492 2511 2583 2569 ille
2611 2511 2767 2583 (Luc.
2800 2527 2955 2577 xxttt,
2996 2511 3175 2567 40-43
3214 2509 3369 2579 cujus
3417 2525 3605 2566 assue-

2009 2612 2120 2663 tum
2148 2606 2450 2663 sceleribus
2474 2620 2691 2677 corpus,
2718 2605 2869 2675 juxta
2898 2618 3112 2660 crucem
3139 2602 3427 2659 dominicae
3454 2602 3605 2673 puri-

2007 2700 2133 2756 tatis
2162 2699 2345 2755 servili
2371 2697 2613 2769 patibulo
2639 2696 2926 2753 criminum
2953 2694 3188 2751 vindicta
3218 2693 3604 2764 suspenderat,

2005 2790 2248 2848 sentiens
2295 2791 2348 2845 in
2394 2788 2675 2857 morientis
2720 2787 2920 2843 Christi
2964 2799 3198 2857 corpore
3238 2785 3601 2854 maiestatem,

2008 2901 2106 2957 pro
2134 2884 2408 2957 practtiissa
2434 2881 2617 2940 crudel
2643 2890 2752 2938 tate
2774 2877 3328 2951 addictus-supplicio,
3354 2892 3453 2951 pro
3472 2875 3603 2934 sub-

2004 2988 2191 3036 secuta
2233 2976 2574 3033 confessione
2611 2974 2826 3030 additus
2875 2972 3147 3044 paradiso,
3202 2986 3299 3041 per
3342 2969 3601 3040 injustnm

2005 3067 2266 3124 deductus
2312 3073 2396 3121 est
2444 3079 2663 3129 avum,
2736 3071 2795 3118 ut
2838 3050 2907 3118 de
2958 3062 3102 3132 justa
3161 3069 3374 3131 raperet
3427 3068 3601 3115 morte

2012 3158 2351 3232 martyrium.
2409 3157 2549 3213 Ecce‘
2593 3166 2718 3212 sunt
2762 3157 2991 3212 virtutes
3034 3170 3100 3211 ex
3150 3154 3254 3210 ﬁde
3296 3172 3311 3207 :
3351 3154 3605 3209 ostendat

2013 3249 2261 3319 quisque,
2310 3248 2355 3301 si
2388 3256 2582 3315 potest,
2632 3248 2749 3302 sine
2782 3245 2887 3301 ﬁde
2917 3247 3189 3301 virtutem.
3246 3244 3507 3298 Dominus
3548 3244 3603 3297 in

2015 3340 2303 3410 Evangelio
2329 3337 2544 3410 (Matth.
2573 3342 2691 3403 xm,
2738 3338 2841 3405 3i;
2890 3336 3020 3391 Luc.
3059 3353 3177 3405 xttt,
3224 3336 3313 3407 i9)
3343 3336 3603 3406 exiguita-

2014 3440 2121 3487 tem
2174 3430 2297 3485 ﬁdei
2336 3443 2506 3501 grano
2552 3429 2755 3498 sinapis
2801 3438 3169 3498 comparatam
3196 3471 3212 3497 ,
3273 3442 3607 3499 quaecunque

2012 3524 2247 3579 voluerit
2276 3522 2559 3579 valituram
2592 3523 2874 3592 promittit.
2926 3521 3016 3577 Sic
3073 3522 3133 3575 ﬁt
3160 3531 3239 3585 ut,
3290 3534 3413 3576 cum
3440 3533 3607 3590 opera

2014 3615 2134 3672 sine
2161 3615 2266 3671 ﬁde
2296 3614 2505 3684 possint
2533 3629 2675 3678 esse,
2718 3613 2851 3669 ﬁdes
2897 3617 3015 3668 sine
3060 3613 3314 3681 operibus
3342 3625 3463 3667 esse
3494 3624 3603 3665 non

2014 3708 2215 3779 possit;
2245 3707 2369 3776 quia
2400 3706 2444 3760 si
2491 3705 2655 3761 corde
2689 3704 2941 3760 credatur
2985 3704 3053 3760 ad
3080 3704 3363 3773 justitiam,
3415 3710 3473 3757 et
3510 3716 3607 3758 ore

2015 3798 2105 3852 ﬁat
2132 3797 2401 3853 confessio
2442 3795 2508 3852 ad
2537 3796 2765 3851 salutem
2811 3795 2992 3865 (Rom.
3024 3811 3078 3860 x,
3112 3794 3221 3866 IO).
3276 3797 3429 3865 Apud
3477 3808 3605 3849 sen-

2012 3903 2130 3945 sum
2155 3887 2388 3958 Spiritus
2416 3886 2608 3953 sancti,
2640 3884 3030 3957 promissiones
3073 3893 3412 3954 sequentem,
3462 3885 3606 3953 priu-

2012 3980 2209 4051 cipium
2241 3988 2325 4035 est
2350 3979 2472 4035 boni
2499 3979 2678 4047 operis
2706 3980 2917 4048 integre
2944 3976 3274 4042 credidisse;
3323 3977 3367 4030 si
3402 3988 3600 4043 tamen,

2014 4083 2073 4127 ut
2100 4071 2388 4143 Apostolus
2419 4069 2493 4125 ait
2522 4069 2699 4141 (Rom.
2728 4083 2845 4134 vni,
2881 4067 2995 4138 lii),
3046 4068 3161 4138 ipse
3199 4066 3421 4136 spiritus
3452 4069 3605 4121 testi-

2015 4163 2253 4219 monium
2283 4160 2473 4216 reddat
2506 4159 2715 4229 spiritui
2744 4168 2931 4214 nostro
2963 4177 2977 4212 :
3010 4172 3140 4223 non,
3170 4166 3231 4210 ut
3259 4170 3421 4224 super
3449 4155 3603 4209 audi-

2015 4253 2115 4309 stis
2145 4260 2432 4315 assertum,
2482 4249 2572 4319 qui
2617 4257 2861 4302 creatura
2921 4244 3097 4312 nobis,
3143 4242 3239 4300 sed
3270 4244 3358 4313 qui
3396 4252 3607 4298 creator

2017 4343 2247 4409 infusus,
2280 4350 2468 4397 auctor
2506 4350 2561 4394 et
2590 4340 2743 4395 testis
2767 4350 2847 4393 est
2879 4338 3047 4392 nostri
3080 4335 3321 4406 spiritus,
3376 4349 3482 4389 non
3507 4350 3606 4389 na-

2016 4444 2159 4490 tura.
2181 4433 2324 4489 Ecce
2347 4431 2415 4486 ad
2444 4430 2731 4501 epistolam
2767 4429 2947 4483 Fausti
2968 4427 3229 4497 episcopi,
3262 4441 3361 4481 nec
3384 4426 3607 4481 interest

2017 4526 2168 4595 cujus
2192 4544 2205 4579 :
2236 4539 2357 4595 quae
2379 4520 2591 4578 veritati
2614 4522 2844 4576 arbitror
2869 4520 3161 4575 convenire
3189 4520 3451 4587 suggessi.
3479 4519 3606 4573 Mihi

323 4612 660 4669 diversorum
691 4611 744 4666 in
771 4607 1064 4678 Scripturis
1091 4606 1402 4662 coelestibus
1440 4605 1599 4660 lidem
1647 4614 1905 4676 retexam,
1938 4582 1992 4643 Ῐ)
2016 4582 2173 4671 ειέίε
2201 4582 2427 4686 quorum
2455 4613 2680 4668 salutem
2710 4610 2853 4675 sitio,
2892 4610 3015 4663 ﬁdei
3046 4582 3319 4678 plenitudo
3345 4609 3603 4675 donetur;

323 4720 485 4776 quam
518 4718 734 4775 semper
780 4701 1030 4757 desiderii
1072 4709 1377 4768 compotem
1420 4698 1653 4753 reddidit
1697 4700 1909 4757 laudata

322 4797 646 4855 credulitas?
674 4796 940 4852 Abraham
963 4792 1106 4864 quod
1134 4790 1309 4846 solum
1331 4790 1560 4846 credidit
1592 4790 1721 4858 Deo,
1750 4808 1911 4864 repu.

1514 4942 1600 4996 uia
1642 4944 1912 5012 prenitcn-

397 4958 423 4987 ³
454 4948 770 5018 Conjuginm
808 4945 1032 5028 opponit
1077 4942 1431 5023 paenitentiae,
1466 4942 1600 5067 lquia
1642 4944 1841 5012 prenitc

404 5035 452 5067 tn
481 5018 710 5067 nrufessi
739 5018 1076 5067 abstinebant
1099 5031 1129 5067 a
1160 5028 1427 5067 ccutumo.
1511 5014 1613 5067 nde
1640 5024 1690 5067 et
1721 5016 1841 5067 coni

1511 5029 1613 5067 nae
1640 5029 1690 5085 et
1721 5029 1912 5085 conju-

323 5019 452 5075 tiam
481 5015 711 5088 professi
739 5018 1076 5071 abstinebant
1099 5031 1129 5069 a
1160 5015 1427 5082 c0njngio.

321 5084 514 5160 εςιιίες
546 5089 647 5142 nisi
695 5103 761 5144 ex
813 5096 999 5160 mutuo
1033 5100 1319 5147 consensu.
1376 5084 1741 5160 ναξρθιθιιιίεξιη
1791 5084 1909 5160 uitri

321 5152 552 5215 concilia
584 5167 779 5223 vetant,
831 5158 1142 5212 Arelatense
1168 5171 1228 5223 tt,
1278 5166 1399 5207 can.
1431 5152 1535 5222 22;
1582 5164 1637 5209 et
1665 5157 1908 5211 Aurelia-

321 5238 490 5286 nense
512 5244 590 5289 ut.
622 5244 740 5281 can.
765 5227 857 5281 24.

393 5298 422 5338 ιι
452 5298 604 5368 Quod
630 5296 851 5352 Paulino
876 5294 1227 5368 reaponderat
1255 5293 1502 5368 Faustus,
1527 5292 1681 5368 ﬁdem
1707 5295 1902 5368 nudam

324 5364 531 5424 meritis
574 5368 639 5421 ad
670 5369 896 5422 salutem
928 5382 1035 5421 non
1083 5364 1382 5434 proﬁcere,
1432 5365 1500 5419 de
1543 5365 1606 5419 iis
1653 5366 1905 5422 videlicet

320 5438 729 5507 afﬁrmabatqui
755 5438 987 5491 adultam
1018 5437 1083 5491 ad
1111 5443 1323 5489 aetatem
1358 5435 1696 5507 perveniunt.
1716 5438 1905 5491 Avitus

322 5520 506 5564 autem
533 5506 717 5563 contra
750 5507 899 5561 illum
931 5509 1009 5561 sic
1037 5507 1294 5573 disputat,
1330 5507 1479 5574 quasi
1509 5506 1668 5559 etiam
1703 5521 1903 5574 parvu-

322 5580 406 5634 los
434 5578 882 5647 comprettendat:
907 5580 1046 5645 quod
1067 5576 1321 5647 abhorret
1346 5592 1374 5627 a
1400 5574 1588 5647 Fausti
1608 5578 1898 5647 sententia,

322 5649 413 5719 qui
446 5644 701 5718 utrosque
719 5644 1020 5717 distinguit,
1048 5655 1103 5700 et
1122 5646 1260 5714 apud
1279 5644 1448 5700 Deum
1469 5645 1719 5715 diatingui
1745 5645 1904 5701 docet

2018 4710 2126 4765 illis
2170 4723 2336 4779 opera
2366 4722 2481 4773 sua,
2513 4708 2555 4760 si
2588 4704 2692 4761 ﬁde
2718 4703 2917 4759 fuerint
2944 4702 3229 4769 viviﬁcata,
3262 4700 3548 4756 sufﬁcient.
3662 4727 3670 4734 -

2018 4950 2159 5005 libro
2192 4964 2207 5003 ι
2237 4948 2306 5003 de
2333 4946 2513 5002 Gratia
2545 4958 2595 5002 et
2627 4946 2822 5001 Libero
2850 4945 3088 5001 Arbitrio
3136 4959 3254 5011 cap.
3289 4946 3358 4999 7:
3392 4941 3600 4999 Fidem:

2017 5021 2214 5089 inquit,
2244 5028 2555 5089 exspectata
2582 5018 2824 5089 part-alis,
2859 5034 3014 5087 opera
3040 5032 3163 5089 cunt
3183 5015 3293 5089 ﬁde
3308 5031 3340 5068 α
3369 5024 3604 5089 consuin'

2016 5087 2169 5145 matis
2192 5087 2425 5159 requirit.
2475 5087 2656 5155 Neque
2695 5088 2849 5159 aliter
2894 5087 3235 5159 accipiendos
3267 5087 3321 5140 S.
3354 5087 3605 5159 Angusti-

2018 5176 2119 5215 nus
2141 5157 2288 5225 cum,
2320 5162 2380 5213 iis
2410 5158 2739 5226 respondens
2757 5157 2845 5227 qui
2877 5157 2992 5211 sine
3021 5158 3125 5211 lide
3153 5170 3255 5211 non
3288 5170 3467 5224 posse,
3487 5158 3605 5209 sine

2018 5234 2273 5301 Operibus
2294 5239 2471 5285 autem
2499 5243 2655 5297 posse
2686 5228 2949 5301 perveniri
2980 5230 3221 5301 dicerent
3248 5228 3317 5301 ad
3344 5236 3603 5301 aeternam

2018 5296 2182 5356 vitam
2208 5341 2223 5367 ,
2278 5304 2435 5353 Ιίὼοιη
2485 5296 2597 5366 ipse
2624 5299 2792 5352 solam
2823 5314 2926 5352 non
2958 5298 3208 5353 sufﬁcere
3255 5298 3319 5351 ad
3350 5296 3601 5367 salutem,

2016 5374 2112 5426 sed
2140 5365 2302 5438 opera
2334 5385 2454 5423 cum
2489 5365 2589 5423 ίίάιε
2636 5369 2833 5438 requiri
2870 5368 3029 5422 docet
3057 5372 3105 5422 itt
3140 5368 3368 5438 librnde
3391 5365 3521 5420 Fide
3551 5375 3607 5420 et

2013 5437 2298 5510 Uperibus.
2332 5441 2403 5493 De
2434 5442 2499 5494 iis
2528 5441 2670 5494 enim
2701 5437 2880 5495 sermo
2902 5449 2983 5494 est
3009 5440 3100 5509 qui
3128 5437 3445 5510 grandiores
3472 5437 3606 5493 ﬁunt

2013 5523 2139 5581 post
2172 5513 2519 5581 baptismum.

2086 5592 2108 5621 ο
2137 5586 2217 5635 An
2248 5580 2481 5635 restinxit
2503 5583 2528 5639 .7

394 5790 411 5821 ¹
444 5784 761 5861 Conjunctio
804 5794 872 5852 et,
906 5799 1060 5851 quam
1088 5788 1369 5838 contextus
1398 5782 1644 5849 requirit,
1676 5781 1830 5839 deest
1860 5784 1909 5838 in
1943 5783 2087 5839 edito
2120 5782 2392 5843 Sitntond.
