4154 6404
694 398 799 455 2'23

1261 507 1588 565 EPISTOLA
1629 504 1691 560 ν.

692 616 878 658 Ατιτω
908 615 1214 658 τιεκιιειεςιε
1244 613 1514 657 ειηιεορω
1533 607 1559 636 ⁸
1585 611 1757 652 υοικο
1785 604 2262 661 αοδυοοιυοίιςι.

761 694 817 751 Si
847 696 1071 764 gratiam
1106 695 1290 764 prisca!
1318 691 1525 762 pietatis
1552 706 1612 746 ei
1625 699 1828 759 pertus,
1859 689 1960 744 rite
1981 687 2262 742 artificium

692 797 894 844 sancta:
917 786 1238 854 dignationis
1262 787 1604 852 interpretor,
1650 781 1717 836 ad
1746 779 2127 835 consolandum
2156 793 2261 844 me,

692 876 950 931 dominos
981 890 1029 931 et
1060 887 1346 929 conservos
1378 887 1528 927 meos
1570 871 1876 927 sacerdotes
1906 870 2054 925 vobis
2075 867 2266 939 juben—

693 968 836 1020 tibus
863 973 990 1034 puto
1016 965 1243 1019 venisse.
1291 962 1445 1029 Quod
1474 977 1599 1018 ecce
1629 961 1727 1018 sub
1755 961 1934 1016 divino
1964 957 2264 1014 testimonio

697 1055 903 1123 loquar,
931 1067 1026 1122 pro
1047 1051 1210 1108 debiti
1235 1051 1519 1108 famulatus
1539 1051 1835 1107 reverentia
1859 1064 1951 1118 pr.t
1967 1046 2263 1103 celsis-imo

699 1144 897 1198 domno
920 1143 1228 1213 dependere
1256 1158 1360 1198 non
1391 1141 1722 1212 praesumpsi.
1756 1138 1943 1193 Virtuti
1992 1137 2134 1192 enim
2167 1151 2260 1191 ve-

693 1242 823 1290 stne
840 1235 1085 1305 derogat,
1115 1225 1176 1289 si"
1195 1234 1314 1304 quis
1341 1247 1503 1302 super
1528 1245 1655 1286 casn
1682 1230 1769 1298 qui
1796 1228 2036 1296 contigit,
2067 1239 2258 1282 causo-

698 1325 912 1382 lationis
935 1326 1133 1397 aliquid
1163 1323 1363 1394 scripto
1393 1324 1658 1392 verboque
1703 1321 2048 1392 suggesserit.
2082 1319 2262 1388 Neque

698 1431 858 1487 porro
893 1415 1046 1472 cedet
1092 1417 1144 1471 in
1191 1415 1390 1486 regiam
1433 1412 1674 1484 quidem,
1715 1412 1807 1466 sed
1839 1410 2258 1481 philosophicant

696 1515 929 1562 tuentem
978 1504 1224 1562 mmroris
1267 1502 1519 1572 abjectio.
1568 1501 1882 1567 Laeessivit,
1937 1516 2121 1556 verum
2155 1508 2259 1565 est,

692 1606 1008 1652 cunctorum
1053 1596 1312 1651 iacrvmas
1339 1608 1490 1648 amor
1519 1602 1714 1647 vester.
1773 1592 1879 1649 Sed
1917 1592 1963 1647 si
2008 1591 2260 1647 ambenti

692 1686 892 1742 Iaculo
914 1685 1056 1741 salus
1085 1696 1258 1740 vestra
1289 1684 1619 1751 conceditur,
1657 1698 1840 1751 parum
1869 1691 1953 1737 est
1974 1682 2113 1753 quod
2142 1696 2265 1752 per-

691 1776 827 1832 didit
855 1791 1015 1832 unum
1043 1777 1232 1847 pignus
1259 1776 1495 1831 omnium
1532 1783 1702 1846 pater.
1729 1775 2063 1844 Tempe-ralis
2090 1776 2260 1830 luctus

1960 390 2020 448 S.
2065 389 2246 447 AVITI
2287 386 2686 445 VIENNENSIS

2294 507 2339 565 Α
2371 515 2479 570 que
2505 500 2559 555 in
2583 510 2806 571 paterno
2832 494 3085 566 regioque
3112 493 3232 550 sinu
3260 490 3564 563 receptam?
3589 489 3702 549 Nec
3720 491 3941 552 mutavit

3837 376 3939 434 291

2364 589 2574 658 sedem,
2605 603 2705 645 nec
2731 587 2954 658 contigit
3001 585 3484 657 peregrinationem
3518 601 3534 639 :
3565 583 3657 640 ubi
3701 597 3808 640 non
3849 581 3937 638 diu

2363 695 2488 738 esse
2515 681 2688 752 potuit
2722 678 2962 744 domina,
3010 690 3111 733 nec
3141 676 3374 732 breviter
3400 674 3604 732 exstitit
3635 672 3936 744 peregrina.

2367 769 2519 826 Unde
2548 784 2670 826 cum
2703 758 2938 824 laetitiam
2968 775 3226 831 vestram,
3251 765 3405 837 quasi
3424 764 3767 820 serenitatem
3793 762 3937 831 celi,

2362 868 2637 931 exspectet
2661 859 3001 923 universitas,
3020 856 3228 913 reddite
3247 871 3346 913 vos
3367 856 3576 928 gaudiis
3591 855 3938 927 populorum:

2362 948 2486 1020 quia
2517 963 2785 1020 nunquam
2807 946 3110 1017 respublica
3130 943 3487 1016 orpbanitatis
3511 945 3738 1001 incurrit
3761 944 3940 1016 perni-

2362 1039 2525 1105 ciem,
2556 1037 2790 1110 quandiu
2831 1036 3259 1093 sustentantihus
3303 1034 3456 1092 vobis
3505 1044 3678 1092 mater
3704 1034 3940 1094 Ecclesia

2362 1145 2473 1186 non
2501 1130 2732 1188 senserit
2756 1129 3064 1184 orbitatem.

2925 1215 3256 1274 ΕΙ)ιὸΤοιὸ
3296 1216 3384 1273 Vl.

2433 1325 2623 1367 Αγιτυι
2647 1324 2952 1367 ’1131388118
2977 1325 3258 1366 ιριιεοιιυι
3276 1319 3301 1351 ⁸
3335 1323 3580 1368 νιςτοιιο
3604 1322 3871 1367 ειηκονο.

2500 1403 2526 1439 ά
2567 1401 2643 1457 De
2674 1401 3028 1456 harem-ornus
3057 1402 3298 1456 oratoriis
3339 1417 3441 1455 non
3464 1401 3790 1472 recipiendis.

2433 1492 2639 1558 Petistl,
2677 1494 2785 1548 imo
2821 1493 2997 1562 potius
3037 1492 3363 1563 pracepisti,
3397 1493 3561 1548 frater
3591 1493 3852 1564 piissime,
3882 1501 3939 1549 ut

2362 1583 2506 1642 datis
2547 1585 2613 1640 ad
2645 1584 3026 1641 beatitudinem
3054 1594 3197 1639 tuam
3225 1585 3418 1640 litteris
3443 1583 3736 1642 indicarem
3766 1594 3940 1642 utrum

2365 1675 2737 1731 haereticorum
2769 1675 3004 1731 oratoria
3035 1677 3149 1731 sive
3189 1674 3428 1730 basilica:
3473 1674 3540 1730 ad
3569 1689 3696 1731 usus
3725 1683 3942 1746 possent

2363 1773 2562 1820 nostra
2594 1763 2868 1834 religionis
2905 1764 3118 1834 aptari,
3160 1779 3283 1819 cum
3325 1764 3633 1821 conditores
3667 1780 3852 1820 earum
3878 1764 3942 1821 ad

689 1878 796 1935 est,
823 1867 1038 1924 ubitam
1064 1868 1320 1922 innocens
1345 1866 1464 1939 quis
1478 1867 1631 1936 obiit,
1655 1867 1811 1936 cujus
1833 1877 2057 1922 mortem
2087 1865 2261 1922 nullus

2364 1855 2678 1911 catholicam
2729 1869 2789 1911 se
2833 1855 3003 1924 legem
3047 1856 3247 1911 erroris
3290 1857 3624 1914 correctione
3659 1856 3942 1913 transtule-

694 1959 918 2029 putavit.
933 1977 941 2018 ί
962 1958 1173 2013 Judioet
1214 1959 1579 2027 unusquisque
1602 1956 1742 2021 quod
1783 1956 1986 2012 sentit:
2015 1955 2143 2010 nihil
2163 1970 2262 2009 un-

691 2067 852 2121 quam
871 2049 1063 2104 vestris
1091 2048 1417 2118 temporibus
1439 2049 1754 2115 enut‘ngere
1775 2055 1970 2116 potest,
1993 2043 2133 2115 quod
2156 2060 2260 2100 non

697 2154 911 2208 semper
935 2138 1164 2193 arbitrer
1208 2138 1489 2208 profuisse.
1538 2133 1690 2191 Unde
1721 2135 1866 2190 .nThil
1915 2135 2003 2190 hic
2048 2134 2263 2190 casuale

693 2243 977 2299 prasumo,
1007 2226 1138 2282 nihil
1167 2242 1438 2297 asperum.
1469 2226 1748 2282 Ordinavit
1791 2226 1932 2281 hunc
1960 2227 2134 2295 potius
2173 2239 2264 2279 oc-

692 2320 832 2374 culta
857 2318 1205 2390 dispensatio,
1236 2333 1394 2390 quam
1426 2317 1637 2381 inﬂixit,
1670 2331 1942 2384 angorem.
1973 2313 2002 2354 δ
2030 2314 2263 2371 Flebatis

692 2409 958 2477 quondam
992 2412 1188 2480 pietate
1231 2407 1481 2464 ineffab'li
1513 2407 1698 2462 funera
1734 2421 2132 2477 germanorum,
2179 2421 2264 2461 se-

692 2499 951 2566 quebatur
993 2499 1177 2554 ﬁctum
1209 2498 1475 2567 publicum
1524 2495 1895 2553 universitatis
1923 2495 2165 2562 afflictio,
2212 2505 2267 2551 et

693 2590 906 2645 occulto
936 2589 1233 2645 Divinitatis
1259 2589 1390 2644 intui
1420 2606 1473 2655 υ,
1507 2591 1858 2644 instrumenta
1885 2587 2149 2643 maestitia
2175 2602 2268 2657 pa-

690 2679 942 2735 rabantur
963 2679 1030 2734 ad
1060 2680 1330 2750 gaudium.
1358 2679 1624 2735 Minuebat
1647 2679 1797 2750 regni
1820 2678 2048 2734 felicitas
2070 2693 2263 2733 nume-

693 2784 811 2825 rum
837 2770 1092 2841 regalium
1123 2784 1493 2840 personarum,
1542 2777 1597 2824 et
1623 2771 1722 2823 hoc
1755 2767 1929 2822 solum
1950 2768 2264 2824 servabatur

696 2860 917 2927 mundo,
945 2861 1086 2932 quod
1115 2859 1412 2914 subiciebat
1438 2860 1680 2929 imperio.
1704 2858 1819 2913 illic
1845 2860 2138 2927 repositum
2159 2865 2262 2920 est,

691 2952 944 3023 quidquid
969 2965 1278 3022 prosperum
1312 2951 1409 3005 fuit
1431 2951 1708 3006 catholica:
1730 2951 1960 3007 veritati.
1980 2951 2046 3005 Et
2061 2950 2265 3006 nescio-

692 3043 879 3097 bamus
905 3042 1031 3097 illud
1065 3051 1188 3096 tunc
1216 3042 1382 3111 frangi
1420 3041 1808 3108 tantummodo,
1843 3041 1982 3111 quod
2011 3041 2264 3109 deinceps

691 3139 923 3195 nesciret
975 3139 1195 3196 inﬂecti.
1253 3138 1357 3194 Aut
1385 3138 1506 3209 quid
1541 3137 1608 3192 de
1651 3137 1884 3194 fraterna
1932 3146 2076 3192 sorte
2117 3137 2265 3192 dica-

2363 1959 2510 2004 runt.
2550 1949 2714 2020 Digna
2759 1947 2994 2019 profecto
3037 1963 3127 2005 res
3154 1947 3225 2001 de
3243 1963 3344 2017 qua
3375 1957 3431 2005 tu
3461 1949 3732 2016 consulis,
3757 1949 3804 2005 si
3835 1964 3943 2005 res-

2363 2040 2634 2111 pondendi
2674 2040 2925 2095 idoneum
2976 2039 3295 2110 reperisses.
3331 2041 3466 2109 Quia
3507 2042 3713 2111 jussisti
3743 2050 3944 2107 tamen,

2365 2131 2618 2188 reserabo
2645 2130 2699 2186 in
2729 2131 2958 2187 subditis
2983 2131 3112 2200 quid
3140 2145 3476 2199 consequens
3502 2143 3681 2202 putem
3709 2151 3722 2187 :
3747 2147 3811 2188 ea
3839 2132 3944 2188 sci-

2365 2221 2490 2276 licet
2525 2220 2856 2286 dednitione,
2900 2230 2957 2276 ut
2986 2223 3158 2277 locum
3189 2222 3538 2278 succensendi
3569 2222 3690 2278 aliis
3723 2236 3830 2278 non
3860 2237 3946 2279 re-

2364 2325 2602 2380 servem,
2649 2311 2886 2370 simodo
2923 2311 2976 2366 id
3007 2311 3148 2379 quod
3194 2312 3535 2368 statuendum
3577 2312 3940 2379 erediJerunt,

2367 2404 2450 2458 vel
2496 2404 2704 2459 ratione
2731 2403 3014 2474 perspicua
3038 2403 3124 2459 vel
3161 2403 3364 2474 prolata
3394 2404 3464 2462 de
3505 2406 3778 2460 canonicis
3799 2405 3944 2460 volu-

2367 2493 2600 2549 minibus
2618 2493 2936 2551 auetoritate
2959 2496 3298 2551 confirment.
3330 2495 3476 2553 Istud
3498 2497 3643 2568 quod
3663 2497 3734 2554 de
3758 2506 3944 2554 orato-

2369 2587 2462 2641 riis
2493 2587 2575 2643 vel
2605 2588 2896 2644 basilicuiis
2921 2589 3144 2659 privatis
3159 2588 3523 2661 interrogasti,
3545 2589 3770 2661 perinde
3800 2599 3858 2646 nt
3876 2590 3943 2647 de

2367 2679 2614 2737 ecclesiis
2642 2695 2853 2749 eorum,
2884 2680 3102 2739 difficile
3131 2682 3403 2739 definitur.
3435 2683 3548 2740 Hoc
3567 2698 3799 2755 namque
3825 2697 3942 2739 sua-

2365 2770 2598 2827 dendum
2618 2783 2702 2828 est
2723 2773 3003 2829 catholicis
3030 2775 3248 2845 regibus
3263 2817 3278 2842 ,
3308 2775 3451 2845 quod
3487 2775 3555 2833 de
3573 2775 3832 2846 subjectis
3853 2791 3942 2833 eo-

2364 2877 2484 2918 rum
2509 2863 2671 2920 fuerit
2697 2864 3066 2922 constitutum.
3097 2866 3250 2922 Unde
3273 2868 3535 2937 primum,
3578 2882 3764 2939 quaeso
3782 2909 3798 2934 ,
3838 2868 3886 2924 si
3913 2881 3943 2926 a

2368 2957 2610 3026 principe
2637 2958 2872 3028 reg’onis
2901 2967 3102 3014 nostrae
3137 2959 3289 3029 cujus
3336 2961 3490 3018 nobis
3529 2961 3669 3018 Deus
3699 2962 3944 3032 praestitit

2369 3048 2422 3104 in
2450 3063 2574 3104 vera
2620 3048 2880 3119 religione
2930 3064 3249 3105 consensum
3277 3091 3291 3116 ,
3337 3053 3500 3108 sortis
3535 3067 3648 3108 suae
3672 3052 3944 3109 antistites

2368 3138 2742 3206 consulantur,
2775 3150 2950 3195 utrum
2979 3141 3307 3210 respondere
3338 3143 3624 3212 possimus,
3658 3143 3888 3200 fabricas
3913 3159 3941 3199 s

693 3229 847 3284 mus?
870 3229 988 3298 ipse
1016 3242 1175 3298 quem
1205 3227 1424 3282 vocitari
1473 3242 1692 3297 parvum
1725 3237 1900 3281 vestra
1932 3237 2118 3281 natura
2156 3227 2262 3281 cir-
2294 3219 2340 3282 C
2371 3238 2522 3296 patre
2549 3243 2646 3284 suo
2677 3228 2944 3286 haereticis
2965 3231 3234 3287 institutas
3261 3233 3536 3289 catholicis
3561 3233 3758 3291 debere
3779 3237 3943 3305 parti-

690 3318 978 3388 cumdedit,
1005 3317 1159 3373 bonis
1188 3319 1378 3373 vestris
1408 3317 1608 3388 absque
1646 3319 1790 3372 omni
1832 3318 2031 3371 malitia
2059 3317 2260 3372 milita-

690 3411 786 3474 vit,
816 3425 936 3463 cum
965 3411 1192 3464 serviret
1235 3410 1386 3464 vobis
1413 3409 1771 3464 nescientibus
1816 3411 2106 3477 periculum
2136 3424 2263 3478 gen-

696 3505 781 3562 tis.
800 3514 919 3554 cum
951 3499 1174 3554 futuram
1208 3515 1390 3569 pacem
1415 3499 1724 3567 disponeret
1753 3501 1981 3554 turbatio
2006 3502 2258 3568 regionis.

696 3591 930 3659 Experto
959 3591 1180 3656 credite,
1235 3591 1486 3660 quidqu’d
1520 3591 1603 3645 hic
1649 3591 1847 3657 nocuit,
1894 3592 1978 3645 hic
2009 3596 2260 3661 profecit;

691 3679 944 3749 quidquid
972 3689 1095 3735 tunc
1121 3679 1382 3747 ﬂevimus,
1412 3696 1552 3734 nunc
1579 3696 1842 3735 amamus.
1889 3681 2004 3736 Non
2038 3683 2260 3738 valenti-

693 3770 790 3826 bus
820 3772 917 3827 ista
965 3771 1213 3841 pr:eseire
1246 3782 1416 3841 potest
1442 3772 1684 3842 equidem
1716 3772 1907 3826 durum
1939 3771 2127 3835 videri,
2179 3775 2259 3830 vi-

691 3862 860 3915 cinam
890 3861 1135 3916 thalamis
1173 3863 1425 3932 virginem
1474 3863 1630 3915 taedio
1685 3864 2020 3918 incumbente
2065 3881 2260 3934 prmre—

694 3963 836 4022 ptam
860 3969 876 4008 :
901 3968 1019 4022 qua:
1045 3962 1221 4006 tamen
1243 3954 1436 4006 ambita
1465 3964 1542 4006 est
1570 3963 1628 4006 ut
1655 3954 1858 4020 regina,
1904 3953 2148 4008 defuncta
2181 3966 2263 4010 est

693 4043 1126 4099 incontaminata.
1175 4044 1490 4111 Quanquam
1523 4058 1707 4098 revera
1760 4043 2015 4112 majorem
2046 4060 2260 4101 causam

691 4137 860 4189 luotus
897 4135 977 4187 sui
1007 4133 1285 4201 reliquisee
1317 4133 1570 4198 dixerim,
1628 4133 1670 4186 si
1703 4133 1841 4187 diem
1867 4135 2110 4192 ult'ntum
2144 4149 2262 4204 post

691 4226 923 4281 recentia
951 4235 1070 4281 vota
1099 4225 1396 4280 clausisset.
1424 4223 1492 4278 Ibi
1523 4225 1662 4278 enim
1691 4225 1824 4280 forte
1857 4227 2087 4294 potuerit
2113 4229 2262 4284 inve-

692 4315 817 4380 niri,
847 4315 937 4370 ubi
964 4315 1090 4369 mihi
1126 4322 1243 4383 post
1275 4313 1485 4368 invidia:
1511 4315 1727 4378 nodum,
1753 4316 2109 4373 insultationis
2130 4320 2262 4373 den-

693 4415 798 4460 tem
833 4405 1030 4460 lixisset
1060 4405 1281 4460 tumulus
1313 4405 1465 4458 livnr.
1518 4407 1586 4459 At
1615 4390 1740 4460 vero
1773 4422 1932 4472 nunc,
1967 4424 2083 4478 quae
2111 4425 2261 4466 mens

694 4503 798 4549 tam
829 4485 1049 4549 barbara
1077 4509 1178 4548 non
1206 4495 1521 4548 misereatur
1543 4495 1897 4564 virginitatem
1931 4498 2256 4556 felicitatem-

2361 3319 2462 3376 bus
2486 3321 2760 3391 applicari.
2777 3321 2927 3390 Quod
2943 3323 2989 3378 si
3014 3333 3106 3378 aut
3134 3338 3231 3379 nos
3255 3324 3565 3391 suademus,
3594 3338 3686 3382 aut
3709 3343 3940 3384 consen-

2363 3412 2478 3478 tiat,
2530 3415 2959 3482 persecutionem
3005 3414 3058 3469 in
3101 3430 3162 3470 se
3199 3426 3521 3471 commotam
3565 3417 3804 3479 haeretici
3837 3435 3941 3475 non

2362 3505 2630 3560 immerito
2653 3505 3050 3573 causabuntur,
3073 3521 3193 3562 cum
3224 3508 3543 3563 catholicam
3576 3512 3941 3566 mansuetudi-

2365 3607 2485 3649 nem
2509 3594 2804 3649 eaiumnias
2828 3594 3200 3651 hatreticorum
3224 3606 3382 3668 atque
3402 3599 3678 3668 gentilium
3709 3600 3827 3670 plus
3851 3602 3942 3658 de-

2362 3693 2478 3765 cent
2518 3685 2785 3739 sustinere
2815 3699 2974 3755 quam
3017 3686 3215 3743 facere.
3239 3687 3375 3756 Quid
3417 3690 3558 3743 enim
3591 3698 3697 3744 tam
3728 3691 3941 3758 durum,

2363 3791 2521 3845 quam
2553 3778 2596 3830 si
2631 3777 2705 3832 illi
2726 3779 2816 3850 qui
2839 3790 3021 3848 aperta
3045 3781 3400 3849 perversitate
3431 3791 3676 3851 pereunt,
3707 3783 3776 3840 de
3810 3799 3943 3840 con-

2363 3867 2595 3924 fessione
2635 3869 2737 3924 sibi
2765 3863 3136 3939 aut'martyrio
3166 3871 3542 3926 blandiantur?
3573 3873 3639 3928 Et
3663 3875 3787 3937 quia
3827 3883 3942 3944 post

2364 3974 2482 4025 nos,
2510 3961 2785 4031 nostrique
2811 3963 2953 4032 regis
2978 4007 2992 4030 ,
3015 3963 3156 4019 Deus
3187 3964 3406 4035 tribuat,
3439 3964 3804 4022 felicissimum
3831 3969 3943 4023 lon-

2363 4053 2685 4122 gaevitatem,
2712 4054 2973 4124 siquidem
2992 4055 3124 4109 nihil
3150 4055 3216 4110 de
3247 4071 3498 4124 processu
3517 4067 3814 4127 temporum
3843 4059 3943 4114 im-

2365 4142 2604 4197 mutabili
2629 4144 2776 4200 credi
2805 4143 3004 4210 debet,
3034 4147 3228 4213 poterit
3259 4145 3476 4201 forsitan
3510 4147 3792 4204 haereticus
3831 4151 3943 4219 qui-

2362 4248 2570 4304 cunque
2615 4249 2857 4306 regnare,
2895 4243 2947 4290 et
2976 4234 3232 4305 quidquid
3273 4236 3660 4306 persecutionis
3691 4239 3942 4295 Ecelesiis

2365 4327 2712 4396 personisque
2747 4331 3120 4396 commoverit,
3150 4345 3253 4383 non
3283 4337 3444 4385 sectae
3465 4345 3576 4386 stne
3605 4332 3803 4398 studio,
3851 4335 3941 4389 sed

2364 4432 2429 4470 ex
2457 4417 2840 4473 vicissitudinis
2868 4420 3214 4474 retributione
3243 4420 3434 4475 fecisse
3462 4422 3689 4489 dicetur,
3715 4433 3769 4478 et
3793 4425 3941 4478 nobis

2367 4509 2526 4563 etiam
2558 4519 2677 4580 post
2704 4519 2930 4564 mortem
2960 4510 3244 4578 gravandis
3264 4510 3330 4564 ad
3363 4521 3638 4580 peccatum
3670 4515 3942 4583 reputabi-

763 4649 1625 4744 ἶᾟῗἯἾῗἿέ.ξ’],θδῖίΣὶΡῘῙΞῗν
1646 4653 1938 4744 εξιυέῗηῖῗὲί
1960 4652 2253 4744 ἐξξρριξεεξε

2367 4662 2662 4744 Vielurius,
2699 4665 2750 4744 in
2779 4667 2968 4744 codice
2990 4673 3163 4722 autem
3181 4668 3522 4740 Lugdunenst
3560 4671 3826 4730 Vietortus
3853 4689 3944 4744 ap-

694 4730 749 4776 et
774 4723 952 4787 regina
983 4735 1102 4774 mox
1133 4722 1327 4782 futura,
1382 4720 1616 4788 paternis
1646 4720 1696 4772 in
1728 4720 1930 4775 aedibus
1955 4720 2258 4780 decesserat

695 4799 818 4844 ante
839 4791 1069 4912 nttpltias.
1098 4790 1248 4857 Quod
1275 4805 1400 4845 vero
1433 4790 1509 4843 illi
1535 4789 1616 4845 vel
1644 4805 1841 4859 sponso
1863 4807 2052 4848 nomen
2078 4795 2258 4862 fuerit,

697 4876 802 4912 non
830 4874 931 4912 exn
957 4870 1075 4912 tc..t.

697 4876 802 4917 non
830 4861 1075 4917 exolic..t.

866 4877 893 4912 x
937 4877 948 4912 i
1006 4877 1075 4912 ..ι.

765 4877 1029 4984 εὲιιῗιέξα
1059 4929 1266 5000 fievis-e
1300 4930 1389 4993 ait,
1435 4944 1659 5000 quorum
1689 4939 1877 4984 auctor
1921 4933 2035 5000 ipse
2067 4932 2255 4989 fuerat.

697 5001 771 5054 Ex
806 4999 970 5073 tribus
998 4999 1439 5073 e_nim_f_ra_tribu~',
1471 5001 1602 5073 duos
1621 4998 1981 5073 Gundobatlus
2005 5004 2261 5073 principio

699 5069 844 5139 regni
872 5069 1102 5133 sustulit,
1135 5069 1489 5135 Chilpericum
1518 5069 1760 5139 Ciotiidis
1804 5069 2256 5138 nostritz'patre'm,

697 5153 744 5193 et
771 5138 1175 5210 'Godomarum:
1214 5153 1334 5193 cum
1369 5141 1524 5192 tertio
1554 5138 1857 5208 Godegisilo
1888 5158 2105 5206 regnum
2139 5159 2258 5210 par-

698 5212 844 5272 titus,
872 5209 1172 5278 complures
1201 5224 1370 5262 annos
1397 5223 1514 5262 cum
1543 5224 1606 5262 eo
1638 5213 1893 5278 regnavit.
1939 5209 2176 5267 Tandem
2206 5226 2260 5269 et

701 5283 840 5353 hunc
868 5293 1076 5353 quoque
1118 5279 1304 5347 injuria
1352 5279 1630 5333 lacessitus
1656 5279 1961 5353 _iuterfecit,
2008 5285 2259 5353 SoluSque

700 5349 948 5416 deinceps
997 5349 1199 5414 integro
1243 5363 1408 5417 regno
1457 5364 1551 5414 per
1576 5349 1805 5402 sedecim
1845 5368 2014 5407 annos
2064 5349 2259 5418 potitus

703 5428 804 5490 est,
833 5430 1000 5490 usque
1023 5420 1086 5470 ad
1121 5418 1257 5471 Petri
1289 5420 1647 5490 consulatum,
1674 5422 1787 5490 sub
1818 5436 1923 5490 quo
1952 5423 2254 5478 defunctum

701 5488 1262 5612 ggndpbgzlgm‘notat
1285 5487 1602 5543 Chronicum
1636 5489 1808 5554 Marii,
1838 5487 1957 5545 'hoc
1990 5505 2072 5548 est
2116 5509 2259 5550 anno

787 5574 856 5609 l‘lS
885 5576 894 5606 Ι
1033 5597 1047 5610 .

731 5559 894 5609 ibristi
924 5559 1047 5612 516.

772 5636 797 5666 ε
839 5625 1347 5703 Gratianopolitano.
1391 5628 1542 5703 {hinc
1581 5629 1720 5683 enim
1765 5643 1884 5703 esse
1911 5632 2142 5703 arbitror
2170 5637 2260 5703 qui

700 5710 821 5769 eum
879 5696 1032 5769 Avito
1086 5696 1199 5764 ipso
1250 5699 1495 5769 interfuit
1557 5711 1610 5753 et
1667 5701 1984 5769 subscripsit
2037 5696 2263 5758 concilio

704 5765 1002 5827 Enaonensi
1020 5807 1035 5835 ,
1067 5777 1224 5838 atque
1249 5767 1299 5824 'n
1329 5769 1552 5838 migatis
1569 5765 1893 5826 editionibus
1917 5773 2259 5830 conciliorum

2367 4736 2614 4803 pellatur,
2651 4743 2708 4790 ut
2736 4737 2837 4790 hoc
2863 4738 2999 4790 loco.

2434 4801 2458 4841 (ι
2487 4807 2584 4878 Qui
2609 4805 2776 4878 _hanc
2816 4807 3094 4878 epistolam
3128 4808 3417 4878 contulerit
3452 4825 3570 4864 cum
3619 4826 3824 4867 canone
3851 4815 3941 4878 '53,

2367 4875 2577 4948 concilii
2609 4875 2939 4944 Epaonensis
2961 4916 2977 4942 ,
3013 4874 3089 4928 De
3117 4877 3337 4931 basilicis
3370 4881 3721 4934 htcretirorum
3745 4925 3758 4948 ,
3791 4874 3942 4939 facile

2364 4944 2751 5019 animadvertet
2778 4987 2792 5010 ,
2839 4961 3098 5019 canonem
3120 4962 3229 5019 _non
3261 4950 3433 5019 solum
3480 4965 3547 5004 ex
3575 4944 3753 5006 mente
3779 4955 3936 5019 Aviti,

2364 5018 2449 5081 qui
2486 5026 2710 5083 przeerat
2755 5016 2983 5069 concilio
3001 5058 3016 5081 ,
3041 5015 3133 5069 sed
3161 5017 3340 5088 _ipsius
3370 5033 3580 5088 quoque
3607 5025 3784 5076 verbis
3809 5015 3941 5078 con;

2365 5095 2577 5153 ceptum
2609 5093 2767 5154 atque
2795 5101 3124 5154 expressum.
3153 5086 3239 5142 Sic
3260 5086 3402 5141 enim
3434 5086 3715 5145 sehabet:
3749 5092 3940 5148 Basili-

2362 5169 2447 5207 cas
2479 5155 2830 5209 Iurreticorum
2855 5170 2984 5224 quas
3014 5165 3156 5208 tanta
3181 5160 3525 5212 exsecratione
3552 5161 3789 5216 habemus
3824 5181 3939 5218 exo-

2361 5240 2444 5278 sas
2468 5266 2482 5288 ,
2513 5236 2566 5302 ut
2595 5227 3150 5302 pollutionenrearunr
3180 5229 3515 5302 purgabifem_
3528 5245 3629 5302 non
3673 5241 3935 5302 putemus,

2360 5296 2551 5348 sanctis
2595 5297 2767 5372 usibus
2815 5295 3076 5365 applicare
3119 5295 3445 5372 despicimus.
3492 5295 3715 5372 Diversa
3758 5295 3940 5372 paucis

2361 5375 2487 5417 ante
2516 5365 2883 5438 annisfuerat
2930 5367 3192 5438 sententia
3216 5367 3434 5421 concilii
3487 5368 3642 5438 pritni
3693 5365 3939 5427 Aurelia-

2364 5438 2545 5488 nensis
2566 5475 2579 5498 ,
2607 5437 2693 5512 _cui
2731 5436 2983 5512 basilicas
3022 5433 3313 5512 Gothorum
3348 5433 3540 5512 recipi,
3568 5449 3622 5493 et
3653 5441 3811 5497 simili
3836 5459 3938 5512 quo

2368 5519 2563 5576 nostrm
2607 5506 2847 5560 innovari
2907 5505 3081 5559 solent
3127 5508 3320 5576 placuit
3375 5509 3564 5563 ordine
3614 5505 3936 5566 consecrari.

2363 5574 2516 5650 Quod
2563 5576 2760 5650 ubique
2807 5577 3046 5645 gentium
3105 5574 3356 5650 in'more
3412 5592 3627 5650 usuque
3656 5581 3765 5650 jam
3811 5583 3938 5637 olim

2364 5646 2692 5769 it;isse,lllim
2723 5645 2945 5714 Grmcae,
2970 5660 3090 5702 cum
3124 5645 3323 5707 Latina:
3352 5645 3549 5718 passim
3581 5645 3823 5708 historia:
3848 5653 3936 5710 de-

2364 5730 2391 5769 c
2416 5729 2539 5769 aran
2572 5755 2585 5769 .
2737 5767 2744 5769 _

2364 5725 2585 5770 οιπίιηῑ.
