  <div class='ocr_page' id='page_1' title='image "/cluster/home/n/w/nwhite01/storage/ocr_20150623/58-59/uc1.31175013991289/732.png"; bbox 0 0 4154 6412; ppageno 0'>
   <div class='ocr_carea' id='block_1_1' title="bbox 321 403 433 462">
    <p class='ocr_par' dir='ltr' id='par_1_1' title="bbox 321 403 433 462">
     <span class='ocr_line' id='line_1_1' title="bbox 321 403 433 462; baseline -0.009 0"><span class='ocrx_word' id='word_1_1' title='bbox 321 403 433 462; x_wconf 65' lang='lat'><strong>2‘13</strong></span> 
     </span>
    </p>
   </div>
   <div class='ocr_carea' id='block_1_2' title="bbox 1726 388 2190 451">
    <p class='ocr_par' dir='ltr' id='par_1_2' title="bbox 1726 388 2190 451">
     <span class='ocr_line' id='line_1_2' title="bbox 1726 388 2190 451; baseline -0.011 -2"><span class='ocrx_word' id='word_1_2' title='bbox 1726 389 2059 451; x_wconf 70' lang='lat' dir='ltr'><strong>EPiSTOLA</strong></span> <span class='ocrx_word' id='word_1_3' title='bbox 2100 388 2190 445; x_wconf 67' lang='lat' dir='ltr'><strong>Vl.</strong></span> 
     </span>
    </p>
   </div>
   <div class='ocr_carea' id='block_1_3' title="bbox 3527 398 3633 454">
    <p class='ocr_par' dir='ltr' id='par_1_3' title="bbox 3527 398 3633 454">
     <span class='ocr_line' id='line_1_3' title="bbox 3527 398 3633 454; baseline -0.038 0"><span class='ocrx_word' id='word_1_4' title='bbox 3527 398 3633 454; x_wconf 68' lang='lat' dir='ltr'><strong>92f!</strong></span> 
     </span>
    </p>
   </div>
   <div class='ocr_carea' id='block_1_4' title="bbox 321 498 3634 589">
    <p class='ocr_par' dir='ltr' id='par_1_4' title="bbox 321 498 3634 589">
     <span class='ocr_line' id='line_1_4' title="bbox 321 498 3634 589; baseline -0.004 -14"><span class='ocrx_word' id='word_1_5' title='bbox 321 528 432 585; x_wconf 90' lang='lat' dir='ltr'><strong>tur,</strong></span> <span class='ocrx_word' id='word_1_6' title='bbox 462 514 722 589; x_wconf 84' lang='lat' dir='ltr'><strong>quidquid</strong></span> <span class='ocrx_word' id='word_1_7' title='bbox 762 512 926 571; x_wconf 88' lang='lat' dir='ltr'><strong>fuerit</strong></span> <span class='ocrx_word' id='word_1_8' title='bbox 973 525 1229 584; x_wconf 61' lang='lat' dir='ltr'><strong>perpessa</strong></span> <span class='ocrx_word' id='word_1_9' title='bbox 1264 509 1573 581; x_wconf 69' lang='lat' dir='ltr'><strong>posteritas.</strong></span> <span class='ocrx_word' id='word_1_10' title='bbox 1611 506 1679 562; x_wconf 78' lang='lat' dir='ltr'><strong>Et</strong></span> <span class='ocrx_word' id='word_1_11' title='bbox 1701 504 1927 561; x_wconf 85' lang='lat' dir='ltr'><strong>forsitan</strong></span> <span class='ocrx_word' id='word_1_12' title='bbox 1957 506 2005 567; x_wconf 78' lang='grc' dir='ltr'>Α</span> <span class='ocrx_word' id='word_1_13' title='bbox 2034 500 2087 555; x_wconf 91' lang='lat' dir='ltr'><strong>in</strong></span> <span class='ocrx_word' id='word_1_14' title='bbox 2118 499 2271 570; x_wconf 84' lang='lat' dir='ltr'><strong>cuius</strong></span> <span class='ocrx_word' id='word_1_15' title='bbox 2305 514 2501 570; x_wconf 65' lang='lat' dir='ltr'><strong>corpus</strong></span> <span class='ocrx_word' id='word_1_16' title='bbox 2531 500 2676 556; x_wconf 87' lang='lat' dir='ltr'><strong>unita</strong></span> <span class='ocrx_word' id='word_1_17' title='bbox 2704 498 2938 571; x_wconf 66' lang='lat' dir='ltr'><strong>Christi,</strong></span> <span class='ocrx_word' id='word_1_18' title='bbox 2971 502 3024 558; x_wconf 92' lang='lat' dir='ltr'><strong>id</strong></span> <span class='ocrx_word' id='word_1_19' title='bbox 3065 512 3151 560; x_wconf 87' lang='lat' dir='ltr'><strong>est</strong></span> <span class='ocrx_word' id='word_1_20' title='bbox 3184 503 3513 579; x_wconf 87' lang='lat' dir='ltr'><strong>Christiani,</strong></span> <span class='ocrx_word' id='word_1_21' title='bbox 3536 525 3634 579; x_wconf 74' lang='lat' dir='ltr'><strong>per</strong></span> 
     </span>
    </p>
   </div>
   <div class='ocr_carea' id='block_1_5' title="bbox 318 598 1928 683">
    <p class='ocr_par' dir='ltr' id='par_1_5' title="bbox 318 598 1928 683">
     <span class='ocr_line' id='line_1_5' title="bbox 318 598 1928 683; baseline -0.011 -14"><span class='ocrx_word' id='word_1_22' title='bbox 318 610 541 683; x_wconf 80' lang='lat' dir='ltr'><strong>adiiciet</strong></span> <span class='ocrx_word' id='word_1_23' title='bbox 566 607 748 665; x_wconf 91' lang='lat' dir='ltr'><strong>divina</strong></span> <span class='ocrx_word' id='word_1_24' title='bbox 790 606 1065 663; x_wconf 85' lang='lat' dir='ltr'><strong>miseratio</strong></span> <span class='ocrx_word' id='word_1_25' title='bbox 1084 644 1100 669; x_wconf 92' lang='lat'><strong>,</strong></span> <span class='ocrx_word' id='word_1_26' title='bbox 1142 612 1202 656; x_wconf 78' lang='lat' dir='ltr'><strong>nt</strong></span> <span class='ocrx_word' id='word_1_27' title='bbox 1231 602 1412 672; x_wconf 90' lang='lat' dir='ltr'><strong>proles</strong></span> <span class='ocrx_word' id='word_1_28' title='bbox 1441 599 1701 672; x_wconf 80' lang='lat' dir='ltr'><strong>principis</strong></span> <span class='ocrx_word' id='word_1_29' title='bbox 1722 598 1790 653; x_wconf 91' lang='lat' dir='ltr'><strong>de</strong></span> <span class='ocrx_word' id='word_1_30' title='bbox 1818 610 1928 667; x_wconf 90' lang='lat' dir='ltr'><strong>quo</strong></span> 
     </span>
    </p>
   </div>
   <div class='ocr_carea' id='block_1_6' title="bbox 320 687 1927 775">
    <p class='ocr_par' dir='ltr' id='par_1_6' title="bbox 320 687 1927 775">
     <span class='ocr_line' id='line_1_6' title="bbox 320 687 1927 775; baseline -0.011 -15"><span class='ocrx_word' id='word_1_31' title='bbox 320 701 591 775; x_wconf 79' lang='lat' dir='ltr'><strong>loquimur</strong></span> <span class='ocrx_word' id='word_1_32' title='bbox 617 738 635 766; x_wconf 86' lang='lat'><strong>,</strong></span> <span class='ocrx_word' id='word_1_33' title='bbox 664 713 762 769; x_wconf 88' lang='lat' dir='ltr'><strong>per</strong></span> <span class='ocrx_word' id='word_1_34' title='bbox 802 712 840 753; x_wconf 69' lang='lat' dir='ltr'><strong>r.</strong></span> <span class='ocrx_word' id='word_1_35' title='bbox 862 706 1074 766; x_wconf 74' lang='lat' dir='ltr'><strong>ceptum</strong></span> <span class='ocrx_word' id='word_1_36' title='bbox 1112 693 1239 751; x_wconf 83' lang='lat' dir='ltr'><strong>fidei</strong></span> <span class='ocrx_word' id='word_1_37' title='bbox 1281 691 1671 764; x_wconf 79' lang='lat' dir='ltr'><strong>plenitudinem</strong></span> <span class='ocrx_word' id='word_1_38' title='bbox 1699 687 1927 745; x_wconf 84' lang='lat' dir='ltr'><strong>catholi-</strong></span> 
     </span>
    </p>
   </div>
   <div class='ocr_carea' id='block_1_7' title="bbox 316 779 1927 859">
    <p class='ocr_par' dir='ltr' id='par_1_7' title="bbox 316 779 1927 859">
     <span class='ocr_line' id='line_1_7' title="bbox 316 779 1927 859; baseline -0.011 -9"><span class='ocrx_word' id='word_1_39' title='bbox 316 807 446 851; x_wconf 88' lang='lat' dir='ltr'><strong>cum</strong></span> <span class='ocrx_word' id='word_1_40' title='bbox 488 798 747 859; x_wconf 61' lang='lat' dir='ltr'><strong>minatur</strong></span> <span class='ocrx_word' id='word_1_41' title='bbox 785 798 1089 843; x_wconf 87' lang='lat' dir='ltr'><strong>auctorem.</strong></span> <span class='ocrx_word' id='word_1_42' title='bbox 1115 785 1254 853; x_wconf 85' lang='lat' dir='ltr'><strong>Quid</strong></span> <span class='ocrx_word' id='word_1_43' title='bbox 1282 793 1464 838; x_wconf 88' lang='lat' dir='ltr'><strong>tamen</strong></span> <span class='ocrx_word' id='word_1_44' title='bbox 1484 824 1499 845; x_wconf 93' lang='lat'><strong>,</strong></span> <span class='ocrx_word' id='word_1_45' title='bbox 1532 781 1579 837; x_wconf 92' lang='lat' dir='ltr'><strong>si</strong></span> <span class='ocrx_word' id='word_1_46' title='bbox 1608 795 1755 837; x_wconf 86' lang='lat' dir='ltr'><strong>nunc</strong></span> <span class='ocrx_word' id='word_1_47' title='bbox 1778 779 1927 849; x_wconf 80' lang='lat' dir='ltr'><strong>quis-</strong></span> 
     </span>
    </p>
   </div>
   <div class='ocr_carea' id='block_1_8' title="bbox 316 872 1927 957">
    <p class='ocr_par' dir='ltr' id='par_1_8' title="bbox 316 872 1927 957">
     <span class='ocr_line' id='line_1_8' title="bbox 316 872 1927 957; baseline -0.008 -16"><span class='ocrx_word' id='word_1_48' title='bbox 316 898 483 957; x_wconf 89' lang='lat' dir='ltr'><strong>quam</strong></span> <span class='ocrx_word' id='word_1_49' title='bbox 498 882 568 938; x_wconf 87' lang='lat' dir='ltr'><strong>de</strong></span> <span class='ocrx_word' id='word_1_50' title='bbox 582 880 774 937; x_wconf 87' lang='lat' dir='ltr'><strong>vicinis</strong></span> <span class='ocrx_word' id='word_1_51' title='bbox 787 879 1002 949; x_wconf 86' lang='lat' dir='ltr'><strong>regibus</strong></span> <span class='ocrx_word' id='word_1_52' title='bbox 1026 879 1158 947; x_wconf 89' lang='lat' dir='ltr'><strong>legis</strong></span> <span class='ocrx_word' id='word_1_53' title='bbox 1187 875 1381 931; x_wconf 65' lang='lat' dir='ltr'><strong>alienae</strong></span> <span class='ocrx_word' id='word_1_54' title='bbox 1407 873 1595 930; x_wconf 82' lang='lat' dir='ltr'><strong>ulcisci</strong></span> <span class='ocrx_word' id='word_1_55' title='bbox 1618 872 1674 928; x_wconf 92' lang='lat' dir='ltr'><strong>in</strong></span> <span class='ocrx_word' id='word_1_56' title='bbox 1704 872 1927 943; x_wconf 77' lang='lat' dir='ltr'><strong>regione</strong></span> 
     </span>
    </p>
   </div>
   <div class='ocr_carea' id='block_1_9' title="bbox 316 962 1923 1039">
    <p class='ocr_par' dir='ltr' id='par_1_9' title="bbox 316 962 1923 1039">
     <span class='ocr_line' id='line_1_9' title="bbox 316 962 1923 1039; baseline -0.008 -7"><span class='ocrx_word' id='word_1_57' title='bbox 316 989 418 1032; x_wconf 88' lang='lat' dir='ltr'><strong>sua</strong></span> <span class='ocrx_word' id='word_1_58' title='bbox 448 971 697 1028; x_wconf 72' lang='lat' dir='ltr'><strong>similiter</strong></span> <span class='ocrx_word' id='word_1_59' title='bbox 721 969 873 1035; x_wconf 80' lang='lat' dir='ltr'><strong>velit,</strong></span> <span class='ocrx_word' id='word_1_60' title='bbox 903 968 1045 1039; x_wconf 71' lang='lat' dir='ltr'><strong>quad</strong></span> <span class='ocrx_word' id='word_1_61' title='bbox 1070 968 1157 1023; x_wconf 91' lang='lat' dir='ltr'><strong>hic</strong></span> <span class='ocrx_word' id='word_1_62' title='bbox 1179 966 1556 1023; x_wconf 75' lang='lat' dir='ltr'><strong>sacerdotibus</strong></span> <span class='ocrx_word' id='word_1_63' title='bbox 1581 964 1697 1020; x_wconf 89' lang='lat' dir='ltr'><strong>suis</strong></span> <span class='ocrx_word' id='word_1_64' title='bbox 1726 962 1923 1019; x_wconf 83' lang='lat' dir='ltr'><strong>dolue-</strong></span> 
     </span>
    </p>
   </div>
   <div class='ocr_carea' id='block_1_10' title="bbox 318 1053 1925 1139">
    <p class='ocr_par' dir='ltr' id='par_1_10' title="bbox 318 1053 1925 1139">
     <span class='ocr_line' id='line_1_10' title="bbox 318 1053 1925 1139; baseline -0.011 -13"><span class='ocrx_word' id='word_1_65' title='bbox 318 1068 394 1126; x_wconf 86' lang='lat' dir='ltr'><strong>rit</strong></span> <span class='ocrx_word' id='word_1_66' title='bbox 423 1066 683 1139; x_wconf 77' lang='lat' dir='ltr'><strong>irrogaril</strong></span> <span class='ocrx_word' id='word_1_67' title='bbox 706 1066 784 1120; x_wconf 82' lang='lat' dir='ltr'><strong>At</strong></span> <span class='ocrx_word' id='word_1_68' title='bbox 796 1066 842 1119; x_wconf 88' lang='lat' dir='ltr'><strong>si</strong></span> <span class='ocrx_word' id='word_1_69' title='bbox 863 1064 982 1134; x_wconf 91' lang='lat' dir='ltr'><strong>quis</strong></span> <span class='ocrx_word' id='word_1_70' title='bbox 1004 1058 1310 1131; x_wconf 83' lang='lat' dir='ltr'><strong>huiusmodi</strong></span> <span class='ocrx_word' id='word_1_71' title='bbox 1331 1074 1419 1116; x_wconf 87' lang='lat' dir='ltr'><strong>me</strong></span> <span class='ocrx_word' id='word_1_72' title='bbox 1443 1055 1702 1113; x_wconf 88' lang='lat' dir='ltr'><strong>deridens</strong></span> <span class='ocrx_word' id='word_1_73' title='bbox 1724 1056 1776 1111; x_wconf 91' lang='lat' dir='ltr'><strong>in</strong></span> <span class='ocrx_word' id='word_1_74' title='bbox 1809 1053 1925 1109; x_wconf 70' lang='lat' dir='ltr'><strong>hzcc</strong></span> 
     </span>
    </p>
   </div>
   <div class='ocr_carea' id='block_1_11' title="bbox 322 1146 1925 1228">
    <p class='ocr_par' dir='ltr' id='par_1_11' title="bbox 322 1146 1925 1228">
     <span class='ocr_line' id='line_1_11' title="bbox 322 1146 1925 1228; baseline -0.008 -15"><span class='ocrx_word' id='word_1_75' title='bbox 322 1160 491 1221; x_wconf 87' lang='lat' dir='ltr'><strong>verba</strong></span> <span class='ocrx_word' id='word_1_76' title='bbox 533 1163 886 1228; x_wconf 84' lang='lat' dir='ltr'><strong>prorumpat,</strong></span> <span class='ocrx_word' id='word_1_77' title='bbox 920 1162 1039 1206; x_wconf 87' lang='lat' dir='ltr'><strong>utar</strong></span> <span class='ocrx_word' id='word_1_78' title='bbox 1058 1152 1233 1222; x_wconf 89' lang='lat' dir='ltr'><strong>gloria</strong></span> <span class='ocrx_word' id='word_1_79' title='bbox 1264 1152 1522 1220; x_wconf 77' lang='lat' dir='ltr'><strong>temporis</strong></span> <span class='ocrx_word' id='word_1_80' title='bbox 1552 1147 1678 1212; x_wconf 89' lang='lat' dir='ltr'><strong>mei,</strong></span> <span class='ocrx_word' id='word_1_81' title='bbox 1714 1146 1925 1216; x_wconf 89' lang='lat' dir='ltr'><strong>prospi-</strong></span> 
     </span>
    </p>
   </div>
   <div class='ocr_carea' id='block_1_12' title="bbox 318 1239 1923 1316">
    <p class='ocr_par' dir='ltr' id='par_1_12' title="bbox 318 1239 1923 1316">
     <span class='ocr_line' id='line_1_12' title="bbox 318 1239 1923 1316; baseline -0.009 -9"><span class='ocrx_word' id='word_1_82' title='bbox 318 1250 433 1308; x_wconf 87' lang='lat' dir='ltr'><strong>ciat</strong></span> <span class='ocrx_word' id='word_1_83' title='bbox 458 1248 621 1305; x_wconf 84' lang='lat' dir='ltr'><strong>statui</strong></span> <span class='ocrx_word' id='word_1_84' title='bbox 652 1262 755 1303; x_wconf 85' lang='lat' dir='ltr'><strong>suo</strong></span> <span class='ocrx_word' id='word_1_85' title='bbox 784 1247 1123 1316; x_wconf 75' lang='lat' dir='ltr'><strong>subsequens</strong></span> <span class='ocrx_word' id='word_1_86' title='bbox 1152 1251 1306 1298; x_wconf 79' lang='lat' dir='ltr'><strong>tetas.</strong></span> <span class='ocrx_word' id='word_1_87' title='bbox 1336 1241 1443 1297; x_wconf 85' lang='lat' dir='ltr'><strong>Sed</strong></span> <span class='ocrx_word' id='word_1_88' title='bbox 1471 1240 1560 1312; x_wconf 87' lang='lat' dir='ltr'><strong>qui</strong></span> <span class='ocrx_word' id='word_1_89' title='bbox 1591 1239 1714 1295; x_wconf 86' lang='lat' dir='ltr'><strong>talia</strong></span> <span class='ocrx_word' id='word_1_90' title='bbox 1739 1253 1923 1293; x_wconf 80' lang='lat' dir='ltr'><strong>secum</strong></span> 
     </span>
    </p>
   </div>
   <div class='ocr_carea' id='block_1_13' title="bbox 320 1322 1926 1411">
    <p class='ocr_par' dir='ltr' id='par_1_13' title="bbox 320 1322 1926 1411">
     <span class='ocr_line' id='line_1_13' title="bbox 320 1322 1926 1411; baseline -0.008 -12"><span class='ocrx_word' id='word_1_91' title='bbox 320 1350 540 1406; x_wconf 86' lang='lat' dir='ltr'><strong>tractat,</strong></span> <span class='ocrx_word' id='word_1_92' title='bbox 563 1339 832 1411; x_wconf 82' lang='lat' dir='ltr'><strong>paulisper</strong></span> <span class='ocrx_word' id='word_1_93' title='bbox 862 1336 997 1399; x_wconf 87' lang='lat' dir='ltr'><strong>mihi</strong></span> <span class='ocrx_word' id='word_1_94' title='bbox 1025 1322 1315 1392; x_wconf 88' lang='lat' dir='ltr'><strong>redhibcat</strong></span> <span class='ocrx_word' id='word_1_95' title='bbox 1334 1348 1494 1404; x_wconf 91' lang='lat' dir='ltr'><strong>quam</strong></span> <span class='ocrx_word' id='word_1_96' title='bbox 1520 1330 1734 1403; x_wconf 91' lang='lat' dir='ltr'><strong>postulo</strong></span> <span class='ocrx_word' id='word_1_97' title='bbox 1758 1331 1926 1386; x_wconf 71' lang='lat' dir='ltr'><strong>ratio-</strong></span> 
     </span>
    </p>
   </div>
   <div class='ocr_carea' id='block_1_14' title="bbox 321 1422 1925 1503">
    <p class='ocr_par' dir='ltr' id='par_1_14' title="bbox 321 1422 1925 1503">
     <span class='ocr_line' id='line_1_14' title="bbox 321 1422 1925 1503; baseline -0.01 -10"><span class='ocrx_word' id='word_1_98' title='bbox 321 1451 472 1503; x_wconf 87' lang='lat' dir='ltr'><strong>nem,</strong></span> <span class='ocrx_word' id='word_1_99' title='bbox 501 1442 680 1489; x_wconf 88' lang='lat' dir='ltr'><strong>utrum</strong></span> <span class='ocrx_word' id='word_1_100' title='bbox 711 1430 950 1487; x_wconf 63' lang='lat' dir='ltr'><strong>haeretici</strong></span> <span class='ocrx_word' id='word_1_101' title='bbox 980 1444 1011 1485; x_wconf 88' lang='lat' dir='ltr'><strong>a</strong></span> <span class='ocrx_word' id='word_1_102' title='bbox 1047 1427 1203 1485; x_wconf 90' lang='lat' dir='ltr'><strong>nobis</strong></span> <span class='ocrx_word' id='word_1_103' title='bbox 1230 1440 1352 1483; x_wconf 89' lang='lat' dir='ltr'><strong>cum</strong></span> <span class='ocrx_word' id='word_1_104' title='bbox 1382 1425 1607 1481; x_wconf 77' lang='lat' dir='ltr'><strong>veritate</strong></span> <span class='ocrx_word' id='word_1_105' title='bbox 1632 1422 1800 1494; x_wconf 88' lang='lat' dir='ltr'><strong>recipi</strong></span> <span class='ocrx_word' id='word_1_106' title='bbox 1830 1422 1925 1478; x_wconf 86' lang='lat' dir='ltr'><strong>de-</strong></span> 
     </span>
    </p>
   </div>
   <div class='ocr_carea' id='block_1_15' title="bbox 320 1514 1925 1594">
    <p class='ocr_par' dir='ltr' id='par_1_15' title="bbox 320 1514 1925 1594">
     <span class='ocr_line' id='line_1_15' title="bbox 320 1514 1925 1594; baseline -0.01 -10"><span class='ocrx_word' id='word_1_107' title='bbox 320 1526 520 1592; x_wconf 87' lang='lat' dir='ltr'><strong>beant,</strong></span> <span class='ocrx_word' id='word_1_108' title='bbox 544 1523 879 1594; x_wconf 82' lang='lat' dir='ltr'><strong>recipiantur</strong></span> <span class='ocrx_word' id='word_1_109' title='bbox 906 1540 919 1575; x_wconf 90' lang='lat'><strong>:</strong></span> <span class='ocrx_word' id='word_1_110' title='bbox 955 1519 1285 1576; x_wconf 74' lang='lat' dir='ltr'><strong>lucidissima</strong></span> <span class='ocrx_word' id='word_1_111' title='bbox 1313 1516 1460 1572; x_wconf 89' lang='lat' dir='ltr'><strong>salus</strong></span> <span class='ocrx_word' id='word_1_112' title='bbox 1480 1526 1564 1572; x_wconf 90' lang='lat' dir='ltr'><strong>est</strong></span> <span class='ocrx_word' id='word_1_113' title='bbox 1582 1556 1598 1582; x_wconf 89' lang='lat'><strong>,</strong></span> <span class='ocrx_word' id='word_1_114' title='bbox 1628 1514 1751 1586; x_wconf 90' lang='lat' dir='ltr'><strong>quia</strong></span> <span class='ocrx_word' id='word_1_115' title='bbox 1782 1516 1925 1569; x_wconf 87' lang='lat' dir='ltr'><strong>sicut</strong></span> 
     </span>
    </p>
   </div>
   <div class='ocr_carea' id='block_1_16' title="bbox 317 1602 1920 1685">
    <p class='ocr_par' dir='ltr' id='par_1_16' title="bbox 317 1602 1920 1685">
     <span class='ocr_line' id='line_1_16' title="bbox 317 1602 1920 1685; baseline -0.011 -11"><span class='ocrx_word' id='word_1_116' title='bbox 317 1615 582 1685; x_wconf 76' lang='lat' dir='ltr'><strong>scriptum</strong></span> <span class='ocrx_word' id='word_1_117' title='bbox 603 1624 687 1669; x_wconf 83' lang='lat' dir='ltr'><strong>est</strong></span> <span class='ocrx_word' id='word_1_118' title='bbox 710 1630 725 1667; x_wconf 92' lang='lat'><strong>:</strong></span> <span class='ocrx_word' id='word_1_119' title='bbox 748 1609 1193 1680; x_wconf 84' lang='lat' dir='ltr'><strong>Credidi.propter</strong></span> <span class='ocrx_word' id='word_1_120' title='bbox 1218 1606 1360 1678; x_wconf 86' lang='lat' dir='ltr'><strong>quod</strong></span> <span class='ocrx_word' id='word_1_121' title='bbox 1388 1607 1589 1660; x_wconf 83' lang='lat' dir='ltr'><strong>locutus</strong></span> <span class='ocrx_word' id='word_1_122' title='bbox 1607 1621 1722 1659; x_wconf 86' lang='lat' dir='ltr'><strong>sum</strong></span> <span class='ocrx_word' id='word_1_123' title='bbox 1745 1602 1920 1677; x_wconf 85' lang='lat' dir='ltr'><strong>(Psal.</strong></span> 
     </span>
    </p>
   </div>
   <div class='ocr_carea' id='block_1_17' title="bbox 316 1697 1918 1777">
    <p class='ocr_par' dir='ltr' id='par_1_17' title="bbox 316 1697 1918 1777">
     <span class='ocr_line' id='line_1_17' title="bbox 316 1697 1918 1777; baseline -0.006 -16"><span class='ocrx_word' id='word_1_124' title='bbox 316 1717 447 1773; x_wconf 81' lang='lat' dir='ltr'><strong>cxv,</strong></span> <span class='ocrx_word' id='word_1_125' title='bbox 474 1706 555 1777; x_wconf 75' lang='lat' dir='ltr'><strong>i).</strong></span> <span class='ocrx_word' id='word_1_126' title='bbox 589 1702 852 1760; x_wconf 75' lang='lat' dir='ltr'><strong>Prmcedit</strong></span> <span class='ocrx_word' id='word_1_127' title='bbox 876 1701 1009 1758; x_wconf 77' lang='lat' dir='ltr'><strong>fides</strong></span> <span class='ocrx_word' id='word_1_128' title='bbox 1036 1700 1366 1757; x_wconf 82' lang='lat' dir='ltr'><strong>locutionem</strong></span> <span class='ocrx_word' id='word_1_129' title='bbox 1384 1743 1397 1767; x_wconf 88' lang='lat'><strong>,</strong></span> <span class='ocrx_word' id='word_1_130' title='bbox 1425 1706 1482 1754; x_wconf 91' lang='lat' dir='ltr'><strong>et</strong></span> <span class='ocrx_word' id='word_1_131' title='bbox 1510 1697 1755 1769; x_wconf 80' lang='lat' dir='ltr'><strong>sequitur</strong></span> <span class='ocrx_word' id='word_1_132' title='bbox 1781 1711 1918 1752; x_wconf 85' lang='lat' dir='ltr'><strong>con-</strong></span> 
     </span>
    </p>
   </div>
   <div class='ocr_carea' id='block_1_18' title="bbox 320 1792 1917 1864">
    <p class='ocr_par' dir='ltr' id='par_1_18' title="bbox 320 1792 1917 1864">
     <span class='ocr_line' id='line_1_18' title="bbox 320 1792 1917 1864; baseline -0.007 -10"><span class='ocrx_word' id='word_1_133' title='bbox 320 1797 488 1855; x_wconf 82' lang='lat' dir='ltr'><strong>fessio</strong></span> <span class='ocrx_word' id='word_1_134' title='bbox 512 1795 885 1853; x_wconf 83' lang='lat' dir='ltr'><strong>credulitatem</strong></span> <span class='ocrx_word' id='word_1_135' title='bbox 912 1810 927 1860; x_wconf 90' lang='lat'><strong>;</strong></span> <span class='ocrx_word' id='word_1_136' title='bbox 958 1804 1011 1850; x_wconf 91' lang='lat' dir='ltr'><strong>et</strong></span> <span class='ocrx_word' id='word_1_137' title='bbox 1038 1808 1136 1864; x_wconf 90' lang='lat' dir='ltr'><strong>per</strong></span> <span class='ocrx_word' id='word_1_138' title='bbox 1164 1792 1565 1863; x_wconf 88' lang='lat' dir='ltr'><strong>impositionem</strong></span> <span class='ocrx_word' id='word_1_139' title='bbox 1594 1804 1790 1846; x_wconf 88' lang='lat' dir='ltr'><strong>manus</strong></span> <span class='ocrx_word' id='word_1_140' title='bbox 1828 1805 1917 1843; x_wconf 78' lang='lat' dir='ltr'><strong>sa-</strong></span> 
     </span>
    </p>
   </div>
   <div class='ocr_carea' id='block_1_19' title="bbox 2031 591 3634 661">
    <p class='ocr_par' dir='ltr' id='par_1_19' title="bbox 2031 591 3634 661">
     <span class='ocr_line' id='line_1_19' title="bbox 2031 591 3634 661; baseline 0.007 -16"><span class='ocrx_word' id='word_1_141' title='bbox 2031 591 2380 661; x_wconf 88' lang='lat' dir='ltr'><strong>pollutionem</strong></span> <span class='ocrx_word' id='word_1_142' title='bbox 2433 592 2679 648; x_wconf 89' lang='lat' dir='ltr'><strong>membra</strong></span> <span class='ocrx_word' id='word_1_143' title='bbox 2725 603 3026 655; x_wconf 75' lang='lat' dir='ltr'><strong>vertuntur.</strong></span> <span class='ocrx_word' id='word_1_144' title='bbox 3076 593 3231 653; x_wconf 82' lang='lat' dir='ltr'><strong>Unde</strong></span> <span class='ocrx_word' id='word_1_145' title='bbox 3259 608 3315 652; x_wconf 91' lang='lat' dir='ltr'><strong>ct</strong></span> <span class='ocrx_word' id='word_1_146' title='bbox 3354 597 3464 655; x_wconf 87' lang='lat' dir='ltr'><strong>alio</strong></span> <span class='ocrx_word' id='word_1_147' title='bbox 3515 599 3634 657; x_wconf 78' lang='lat' dir='ltr'><strong>loco</strong></span> 
     </span>
    </p>
   </div>
   <div class='ocr_carea' id='block_1_20' title="bbox 2028 682 3634 757">
    <p class='ocr_par' dir='ltr' id='par_1_20' title="bbox 2028 682 3634 757">
     <span class='ocr_line' id='line_1_20' title="bbox 2028 682 3634 757; baseline 0.007 -19"><span class='ocrx_word' id='word_1_148' title='bbox 2028 684 2324 754; x_wconf 74' lang='lat' dir='ltr'><strong>ApOstolus</strong></span> <span class='ocrx_word' id='word_1_149' title='bbox 2353 682 2486 739; x_wconf 90' lang='lat' dir='ltr'><strong>dicit</strong></span> <span class='ocrx_word' id='word_1_150' title='bbox 2512 682 2733 756; x_wconf 80' lang='lat' dir='ltr'><strong>(Ephes.</strong></span> <span class='ocrx_word' id='word_1_151' title='bbox 2764 701 2797 739; x_wconf 93' lang='lat' dir='ltr'><strong>v</strong></span> <span class='ocrx_word' id='word_1_152' title='bbox 2822 729 2837 755; x_wconf 93' lang='lat'><strong>,</strong></span> <span class='ocrx_word' id='word_1_153' title='bbox 2885 684 2980 757; x_wconf 65' lang='grc' dir='ltr'><strong>Ξῖ)</strong></span> <span class='ocrx_word' id='word_1_154' title='bbox 2998 730 3014 756; x_wconf 88' lang='grc'><em>,</em></span> <span class='ocrx_word' id='word_1_155' title='bbox 3046 687 3211 745; x_wconf 81' lang='lat' dir='ltr'><strong>talem</strong></span> <span class='ocrx_word' id='word_1_156' title='bbox 3240 704 3302 746; x_wconf 89' lang='lat' dir='ltr'><strong>se</strong></span> <span class='ocrx_word' id='word_1_157' title='bbox 3331 691 3634 751; x_wconf 79' lang='lat' dir='ltr'><strong>Eccicsiam</strong></span> 
     </span>
    </p>
   </div>
   <div class='ocr_carea' id='block_1_21' title="bbox 2031 774 3635 857">
    <p class='ocr_par' dir='ltr' id='par_1_21' title="bbox 2031 774 3635 857">
     <span class='ocr_line' id='line_1_21' title="bbox 2031 774 3635 857; baseline 0.009 -30"><span class='ocrx_word' id='word_1_158' title='bbox 2031 775 2330 846; x_wconf 58' lang='lat' dir='ltr'><strong>vellemus</strong></span> <span class='ocrx_word' id='word_1_159' title='bbox 2351 790 2459 831; x_wconf 89' lang='lat' dir='ltr'><strong>non</strong></span> <span class='ocrx_word' id='word_1_160' title='bbox 2482 774 2677 831; x_wconf 88' lang='lat' dir='ltr'><strong>habeat</strong></span> <span class='ocrx_word' id='word_1_161' title='bbox 2699 777 2963 833; x_wconf 79' lang='lat' dir='ltr'><strong>maculam</strong></span> <span class='ocrx_word' id='word_1_162' title='bbox 2985 788 3081 834; x_wconf 90' lang='lat' dir='ltr'><strong>aut</strong></span> <span class='ocrx_word' id='word_1_163' title='bbox 3105 795 3292 849; x_wconf 85' lang='lat' dir='ltr'><strong>rugam</strong></span> <span class='ocrx_word' id='word_1_164' title='bbox 3319 792 3413 837; x_wconf 90' lang='lat' dir='ltr'><strong>aut</strong></span> <span class='ocrx_word' id='word_1_165' title='bbox 3433 784 3635 857; x_wconf 88' lang='lat' dir='ltr'><strong>aliquid</strong></span> 
     </span>
    </p>
   </div>
   <div class='ocr_carea' id='block_1_22' title="bbox 2028 865 3636 940">
    <p class='ocr_par' dir='ltr' id='par_1_22' title="bbox 2028 865 3636 940">
     <span class='ocr_line' id='line_1_22' title="bbox 2028 865 3636 940; baseline 0.008 -20"><span class='ocrx_word' id='word_1_166' title='bbox 2028 865 2355 935; x_wconf 89' lang='lat' dir='ltr'><strong>huiusmodi.</strong></span> <span class='ocrx_word' id='word_1_167' title='bbox 2388 866 2639 937; x_wconf 78' lang='lat' dir='ltr'><strong>Nunquid</strong></span> <span class='ocrx_word' id='word_1_168' title='bbox 2671 867 2781 923; x_wconf 86' lang='lat' dir='ltr'><strong>ullo</strong></span> <span class='ocrx_word' id='word_1_169' title='bbox 2822 878 2981 938; x_wconf 87' lang='lat' dir='ltr'><strong>pacto</strong></span> <span class='ocrx_word' id='word_1_170' title='bbox 3022 871 3221 940; x_wconf 90' lang='lat' dir='ltr'><strong>poterit</strong></span> <span class='ocrx_word' id='word_1_171' title='bbox 3252 873 3395 929; x_wconf 90' lang='lat' dir='ltr'><strong>istud</strong></span> <span class='ocrx_word' id='word_1_172' title='bbox 3419 874 3489 931; x_wconf 93' lang='lat' dir='ltr'><strong>de</strong></span> <span class='ocrx_word' id='word_1_173' title='bbox 3517 876 3636 933; x_wconf 67' lang='lat' dir='ltr'><strong>ha-</strong></span> 
     </span>
    </p>
   </div>
   <div class='ocr_carea' id='block_1_23' title="bbox 2027 959 3633 1035">
    <p class='ocr_par' dir='ltr' id='par_1_23' title="bbox 2027 959 3633 1035">
     <span class='ocr_line' id='line_1_23' title="bbox 2027 959 3633 1035; baseline 0.004 -18"><span class='ocrx_word' id='word_1_174' title='bbox 2027 961 2319 1017; x_wconf 85' lang='lat' dir='ltr'><strong>reticorum</strong></span> <span class='ocrx_word' id='word_1_175' title='bbox 2352 959 2573 1017; x_wconf 86' lang='lat' dir='ltr'><strong>fabricis</strong></span> <span class='ocrx_word' id='word_1_176' title='bbox 2616 960 2758 1016; x_wconf 79' lang='lat' dir='ltr'><strong>dici?</strong></span> <span class='ocrx_word' id='word_1_177' title='bbox 2782 962 3095 1019; x_wconf 83' lang='lat' dir='ltr'><strong>Benedictio</strong></span> <span class='ocrx_word' id='word_1_178' title='bbox 3128 980 3251 1035; x_wconf 78' lang='lat' dir='ltr'><strong>qua:</strong></span> <span class='ocrx_word' id='word_1_179' title='bbox 3283 966 3447 1021; x_wconf 84' lang='lat' dir='ltr'><strong>rebus</strong></span> <span class='ocrx_word' id='word_1_180' title='bbox 3468 982 3633 1025; x_wconf 84' lang='lat' dir='ltr'><strong>sensu</strong></span> 
     </span>
    </p>
   </div>
   <div class='ocr_carea' id='block_1_24' title="bbox 2026 1051 3633 1127">
    <p class='ocr_par' dir='ltr' id='par_1_24' title="bbox 2026 1051 3633 1127">
     <span class='ocr_line' id='line_1_24' title="bbox 2026 1051 3633 1127; baseline 0.005 -20"><span class='ocrx_word' id='word_1_181' title='bbox 2026 1052 2336 1107; x_wconf 79' lang='lat' dir='ltr'><strong>carentibus</strong></span> <span class='ocrx_word' id='word_1_182' title='bbox 2364 1065 2430 1107; x_wconf 88' lang='lat' dir='ltr'><strong>ac</strong></span> <span class='ocrx_word' id='word_1_183' title='bbox 2460 1051 2680 1122; x_wconf 88' lang='lat' dir='ltr'><strong>pollutis</strong></span> <span class='ocrx_word' id='word_1_184' title='bbox 2709 1051 3039 1123; x_wconf 85' lang='lat' dir='ltr'><strong>impenditur</strong></span> <span class='ocrx_word' id='word_1_185' title='bbox 3058 1095 3074 1120; x_wconf 94' lang='lat'><strong>,</strong></span> <span class='ocrx_word' id='word_1_186' title='bbox 3105 1069 3205 1111; x_wconf 87' lang='lat' dir='ltr'><strong>nec</strong></span> <span class='ocrx_word' id='word_1_187' title='bbox 3225 1065 3420 1127; x_wconf 89' lang='lat' dir='ltr'><strong>purgat</strong></span> <span class='ocrx_word' id='word_1_188' title='bbox 3441 1073 3633 1115; x_wconf 86' lang='lat' dir='ltr'><strong>macu-</strong></span> 
     </span>
    </p>
   </div>
   <div class='ocr_carea' id='block_1_25' title="bbox 2026 1143 3635 1217">
    <p class='ocr_par' dir='ltr' id='par_1_25' title="bbox 2026 1143 3635 1217">
     <span class='ocr_line' id='line_1_25' title="bbox 2026 1143 3635 1217; baseline 0.004 -18"><span class='ocrx_word' id='word_1_189' title='bbox 2026 1143 2155 1210; x_wconf 87' lang='lat' dir='ltr'><strong>lam,</strong></span> <span class='ocrx_word' id='word_1_190' title='bbox 2184 1159 2287 1199; x_wconf 91' lang='lat' dir='ltr'><strong>nec</strong></span> <span class='ocrx_word' id='word_1_191' title='bbox 2316 1143 2558 1215; x_wconf 79' lang='lat' dir='ltr'><strong>explicat</strong></span> <span class='ocrx_word' id='word_1_192' title='bbox 2588 1158 2799 1215; x_wconf 90' lang='lat' dir='ltr'><strong>rugam.</strong></span> <span class='ocrx_word' id='word_1_193' title='bbox 2831 1144 2942 1201; x_wconf 87' lang='lat' dir='ltr'><strong>imo</strong></span> <span class='ocrx_word' id='word_1_194' title='bbox 2974 1148 3180 1217; x_wconf 89' lang='lat' dir='ltr'><strong>magis,</strong></span> <span class='ocrx_word' id='word_1_195' title='bbox 3204 1148 3252 1202; x_wconf 89' lang='lat' dir='ltr'><strong>si</strong></span> <span class='ocrx_word' id='word_1_196' title='bbox 3284 1150 3441 1217; x_wconf 79' lang='lat' dir='ltr'><strong>paulo</strong></span> <span class='ocrx_word' id='word_1_197' title='bbox 3462 1160 3635 1207; x_wconf 86' lang='lat' dir='ltr'><strong>atten-</strong></span> 
     </span>
    </p>
   </div>
   <div class='ocr_carea' id='block_1_26' title="bbox 2027 1237 3635 1311">
    <p class='ocr_par' dir='ltr' id='par_1_26' title="bbox 2027 1237 3635 1311">
     <span class='ocr_line' id='line_1_26' title="bbox 2027 1237 3635 1311; baseline 0.004 -19"><span class='ocrx_word' id='word_1_198' title='bbox 2027 1238 2133 1293; x_wconf 89' lang='lat' dir='ltr'><strong>tius</strong></span> <span class='ocrx_word' id='word_1_199' title='bbox 2176 1238 2479 1305; x_wconf 83' lang='lat' dir='ltr'><strong>intuemur,</strong></span> <span class='ocrx_word' id='word_1_200' title='bbox 2513 1246 2664 1293; x_wconf 86' lang='lat' dir='ltr'><strong>caret</strong></span> <span class='ocrx_word' id='word_1_201' title='bbox 2689 1237 2899 1294; x_wconf 88' lang='lat' dir='ltr'><strong>macula</strong></span> <span class='ocrx_word' id='word_1_202' title='bbox 2933 1238 3077 1309; x_wconf 91' lang='lat' dir='ltr'><strong>quod</strong></span> <span class='ocrx_word' id='word_1_203' title='bbox 3106 1240 3411 1311; x_wconf 85' lang='lat' dir='ltr'><strong>symbolum</strong></span> <span class='ocrx_word' id='word_1_204' title='bbox 3435 1253 3517 1298; x_wconf 88' lang='lat' dir='ltr'><strong>est</strong></span> <span class='ocrx_word' id='word_1_205' title='bbox 3538 1260 3635 1299; x_wconf 83' lang='lat' dir='ltr'><strong>no-</strong></span> 
     </span>
    </p>
   </div>
   <div class='ocr_carea' id='block_1_27' title="bbox 2025 1329 3634 1401">
    <p class='ocr_par' dir='ltr' id='par_1_27' title="bbox 2025 1329 3634 1401">
     <span class='ocr_line' id='line_1_27' title="bbox 2025 1329 3634 1401; baseline 0.002 -15"><span class='ocrx_word' id='word_1_206' title='bbox 2025 1331 2193 1386; x_wconf 87' lang='lat' dir='ltr'><strong>vitate</strong></span> <span class='ocrx_word' id='word_1_207' title='bbox 2234 1344 2515 1401; x_wconf 88' lang='lat' dir='ltr'><strong>rugosum.</strong></span> <span class='ocrx_word' id='word_1_208' title='bbox 2556 1330 2728 1385; x_wconf 78' lang='lat' dir='ltr'><strong>Porro</strong></span> <span class='ocrx_word' id='word_1_209' title='bbox 2779 1329 2923 1400; x_wconf 90' lang='lat' dir='ltr'><strong>quod</strong></span> <span class='ocrx_word' id='word_1_210' title='bbox 2973 1330 3258 1386; x_wconf 85' lang='lat' dir='ltr'><strong>iteratione</strong></span> <span class='ocrx_word' id='word_1_211' title='bbox 3300 1331 3634 1401; x_wconf 85' lang='lat' dir='ltr'><strong>duplic..tnut</strong></span> 
     </span>
    </p>
   </div>
   <div class='ocr_carea' id='block_1_28' title="bbox 2023 1421 3636 1494">
    <p class='ocr_par' dir='ltr' id='par_1_28' title="bbox 2023 1421 3636 1494">
     <span class='ocr_line' id='line_1_28' title="bbox 2023 1421 3636 1494; baseline 0.004 -18"><span class='ocrx_word' id='word_1_212' title='bbox 2023 1430 2128 1487; x_wconf 80' lang='lat' dir='ltr'><strong>est,</strong></span> <span class='ocrx_word' id='word_1_213' title='bbox 2160 1436 2290 1491; x_wconf 87' lang='lat' dir='ltr'><strong>ruga</strong></span> <span class='ocrx_word' id='word_1_214' title='bbox 2327 1422 2526 1491; x_wconf 75' lang='lat' dir='ltr'><strong>tegitur</strong></span> <span class='ocrx_word' id='word_1_215' title='bbox 2558 1436 2577 1477; x_wconf 87' lang='lat'><strong>:</strong></span> <span class='ocrx_word' id='word_1_216' title='bbox 2610 1421 2771 1477; x_wconf 81' lang='lat' dir='ltr'><strong>talem</strong></span> <span class='ocrx_word' id='word_1_217' title='bbox 2810 1436 3149 1494; x_wconf 82' lang='lat' dir='ltr'><strong>nequaquam</strong></span> <span class='ocrx_word' id='word_1_218' title='bbox 3195 1435 3383 1480; x_wconf 70' lang='lat' dir='ltr'><strong>sancta</strong></span> <span class='ocrx_word' id='word_1_219' title='bbox 3412 1427 3636 1483; x_wconf 81' lang='lat' dir='ltr'><strong>sinceri-</strong></span> 
     </span>
    </p>
   </div>
   <div class='ocr_carea' id='block_1_29' title="bbox 2026 1511 3636 1585">
    <p class='ocr_par' dir='ltr' id='par_1_29' title="bbox 2026 1511 3636 1585">
     <span class='ocr_line' id='line_1_29' title="bbox 2026 1511 3636 1585; baseline 0.004 -18"><span class='ocrx_word' id='word_1_220' title='bbox 2026 1521 2129 1580; x_wconf 81' lang='lat' dir='ltr'><strong>tas,</strong></span> <span class='ocrx_word' id='word_1_221' title='bbox 2159 1525 2214 1568; x_wconf 90' lang='lat' dir='ltr'><strong>et</strong></span> <span class='ocrx_word' id='word_1_222' title='bbox 2256 1511 2429 1568; x_wconf 81' lang='lat' dir='ltr'><strong>Adam</strong></span> <span class='ocrx_word' id='word_1_223' title='bbox 2480 1520 2719 1568; x_wconf 80' lang='lat' dir='ltr'><strong>veterem</strong></span> <span class='ocrx_word' id='word_1_224' title='bbox 2776 1528 3002 1580; x_wconf 85' lang='lat' dir='ltr'><strong>exuens,</strong></span> <span class='ocrx_word' id='word_1_225' title='bbox 3057 1528 3196 1570; x_wconf 91' lang='lat' dir='ltr'><strong>novo</strong></span> <span class='ocrx_word' id='word_1_226' title='bbox 3237 1516 3380 1585; x_wconf 89' lang='lat' dir='ltr'><strong>quod</strong></span> <span class='ocrx_word' id='word_1_227' title='bbox 3411 1516 3636 1573; x_wconf 80' lang='lat' dir='ltr'><strong>olfertur</strong></span> 
     </span>
    </p>
   </div>
   <div class='ocr_carea' id='block_1_30' title="bbox 2025 1602 3635 1675">
    <p class='ocr_par' dir='ltr' id='par_1_30' title="bbox 2025 1602 3635 1675">
     <span class='ocr_line' id='line_1_30' title="bbox 2025 1602 3635 1675; baseline 0.005 -17"><span class='ocrx_word' id='word_1_228' title='bbox 2025 1602 2229 1659; x_wconf 86' lang='lat' dir='ltr'><strong>homini</strong></span> <span class='ocrx_word' id='word_1_229' title='bbox 2258 1612 2625 1675; x_wconf 81' lang='lat' dir='ltr'><strong>comparetur.</strong></span> <span class='ocrx_word' id='word_1_230' title='bbox 2650 1604 2820 1670; x_wconf 81' lang='lat' dir='ltr'><strong>Quam</strong></span> <span class='ocrx_word' id='word_1_231' title='bbox 2839 1606 3135 1662; x_wconf 84' lang='lat' dir='ltr'><strong>novitatem</strong></span> <span class='ocrx_word' id='word_1_232' title='bbox 3157 1607 3314 1663; x_wconf 87' lang='lat' dir='ltr'><strong>nobis</strong></span> <span class='ocrx_word' id='word_1_233' title='bbox 3338 1610 3635 1665; x_wconf 79' lang='lat' dir='ltr'><strong>auctoritas</strong></span> 
     </span>
    </p>
   </div>
   <div class='ocr_carea' id='block_1_31' title="bbox 2027 1695 3636 1766">
    <p class='ocr_par' dir='ltr' id='par_1_31' title="bbox 2027 1695 3636 1766">
     <span class='ocr_line' id='line_1_31' title="bbox 2027 1695 3636 1766; baseline 0.004 -16"><span class='ocrx_word' id='word_1_234' title='bbox 2027 1695 2360 1752; x_wconf 84' lang='lat' dir='ltr'><strong>Testameuti</strong></span> <span class='ocrx_word' id='word_1_235' title='bbox 2432 1695 2571 1751; x_wconf 81' lang='lat' dir='ltr'><strong>Novi</strong></span> <span class='ocrx_word' id='word_1_236' title='bbox 2628 1696 3046 1766; x_wconf 84' lang='lat' dir='ltr'><strong>Evangeliorum</strong></span> <span class='ocrx_word' id='word_1_237' title='bbox 3105 1713 3239 1755; x_wconf 89' lang='lat' dir='ltr'><strong>voce</strong></span> <span class='ocrx_word' id='word_1_238' title='bbox 3280 1701 3636 1757; x_wconf 78' lang='lat' dir='ltr'><strong>commendat</strong></span> 
     </span>
    </p>
   </div>
   <div class='ocr_carea' id='block_1_32' title="bbox 2026 1786 3636 1859">
    <p class='ocr_par' dir='ltr' id='par_1_32' title="bbox 2026 1786 3636 1859">
     <span class='ocr_line' id='line_1_32' title="bbox 2026 1786 3636 1859; baseline 0.003 -17"><span class='ocrx_word' id='word_1_239' title='bbox 2026 1786 2243 1859; x_wconf 72' lang='lat' dir='ltr'><strong>(Matth.</strong></span> <span class='ocrx_word' id='word_1_240' title='bbox 2298 1802 2410 1853; x_wconf 71' lang='lat' dir='ltr'><strong>xix,</strong></span> <span class='ocrx_word' id='word_1_241' title='bbox 2460 1788 2577 1859; x_wconf 75' lang='lat'><strong>50).</strong></span> <span class='ocrx_word' id='word_1_242' title='bbox 2635 1786 2790 1844; x_wconf 80' lang='lat' dir='ltr'><strong>Unde</strong></span> <span class='ocrx_word' id='word_1_243' title='bbox 2836 1788 3001 1844; x_wconf 89' lang='lat' dir='ltr'><strong>etiam</strong></span> <span class='ocrx_word' id='word_1_244' title='bbox 3058 1787 3174 1858; x_wconf 88' lang='lat' dir='ltr'><strong>ipse</strong></span> <span class='ocrx_word' id='word_1_245' title='bbox 3222 1789 3323 1844; x_wconf 84' lang='lat' dir='ltr'><strong>sibi</strong></span> <span class='ocrx_word' id='word_1_246' title='bbox 3375 1790 3636 1847; x_wconf 79' lang='lat' dir='ltr'><strong>Dominus</strong></span> 
     </span>
    </p>
   </div>
   <div class='ocr_carea' id='block_1_33' title="bbox 319 1868 3635 1958">
    <p class='ocr_par' dir='ltr' id='par_1_33' title="bbox 319 1868 3635 1958">
     <span class='ocr_line' id='line_1_33' title="bbox 319 1868 3635 1958; baseline -0.003 -11"><span class='ocrx_word' id='word_1_247' title='bbox 319 1888 613 1947; x_wconf 88' lang='lat' dir='ltr'><strong>cerdotalis</strong></span> <span class='ocrx_word' id='word_1_248' title='bbox 649 1887 709 1943; x_wconf 88' lang='lat' dir='ltr'><strong>lit</strong></span> <span class='ocrx_word' id='word_1_249' title='bbox 748 1886 1027 1958; x_wconf 80' lang='lat' dir='ltr'><strong>pravitatis</strong></span> <span class='ocrx_word' id='word_1_250' title='bbox 1047 1885 1269 1940; x_wconf 85' lang='lat' dir='ltr'><strong>amissio</strong></span> <span class='ocrx_word' id='word_1_251' title='bbox 1291 1925 1308 1952; x_wconf 92' lang='lat'><strong>,</strong></span> <span class='ocrx_word' id='word_1_252' title='bbox 1341 1883 1465 1940; x_wconf 89' lang='lat' dir='ltr'><strong>fidei</strong></span> <span class='ocrx_word' id='word_1_253' title='bbox 1492 1883 1732 1939; x_wconf 88' lang='lat' dir='ltr'><strong>redditur</strong></span> <span class='ocrx_word' id='word_1_254' title='bbox 1753 1881 1923 1954; x_wconf 86' lang='lat' dir='ltr'><strong>pleni-</strong></span> <span class='ocrx_word' id='word_1_255' title='bbox 1956 1868 2001 1929; x_wconf 74' lang='grc' dir='ltr'><strong><em>Β</em></strong></span> <span class='ocrx_word' id='word_1_256' title='bbox 2030 1880 2202 1939; x_wconf 87' lang='lat' dir='ltr'><strong>sterni</strong></span> <span class='ocrx_word' id='word_1_257' title='bbox 2234 1880 2439 1951; x_wconf 90' lang='lat' dir='ltr'><strong>pullum</strong></span> <span class='ocrx_word' id='word_1_258' title='bbox 2472 1882 2728 1952; x_wconf 69' lang='lat' dir='ltr'><strong>praecepit</strong></span> <span class='ocrx_word' id='word_1_259' title='bbox 2752 1922 2767 1949; x_wconf 89' lang='lat'><strong>,</strong></span> <span class='ocrx_word' id='word_1_260' title='bbox 2801 1882 2887 1937; x_wconf 90' lang='lat' dir='ltr'><strong>cui</strong></span> <span class='ocrx_word' id='word_1_261' title='bbox 2915 1890 3043 1937; x_wconf 90' lang='lat' dir='ltr'><strong>ante</strong></span> <span class='ocrx_word' id='word_1_262' title='bbox 3072 1882 3247 1953; x_wconf 87' lang='lat' dir='ltr'><strong>ipsum</strong></span> <span class='ocrx_word' id='word_1_263' title='bbox 3278 1882 3457 1938; x_wconf 89' lang='lat' dir='ltr'><strong>nullus</strong></span> <span class='ocrx_word' id='word_1_264' title='bbox 3484 1882 3635 1939; x_wconf 85' lang='lat' dir='ltr'><strong>inse-</strong></span> 
     </span>
    </p>
   </div>
   <div class='ocr_carea' id='block_1_34' title="bbox 319 1974 1919 2046">
    <p class='ocr_par' dir='ltr' id='par_1_34' title="bbox 319 1974 1919 2046">
     <span class='ocr_line' id='line_1_34' title="bbox 319 1974 1919 2046; baseline -0.008 -6"><span class='ocrx_word' id='word_1_265' title='bbox 319 1982 479 2039; x_wconf 84' lang='lat' dir='ltr'><strong>tudo.</strong></span> <span class='ocrx_word' id='word_1_266' title='bbox 521 1980 630 2036; x_wconf 82' lang='lat' dir='ltr'><strong>Res</strong></span> <span class='ocrx_word' id='word_1_267' title='bbox 675 1989 854 2035; x_wconf 87' lang='lat' dir='ltr'><strong>autem</strong></span> <span class='ocrx_word' id='word_1_268' title='bbox 887 1976 1215 2033; x_wconf 58' lang='lat' dir='ltr'><strong>in+ensihiiis</strong></span> <span class='ocrx_word' id='word_1_269' title='bbox 1240 1990 1361 2045; x_wconf 66' lang='lat' dir='ltr'><strong>quae</strong></span> <span class='ocrx_word' id='word_1_270' title='bbox 1388 1976 1619 2046; x_wconf 90' lang='lat' dir='ltr'><strong>primum</strong></span> <span class='ocrx_word' id='word_1_271' title='bbox 1664 1974 1919 2030; x_wconf 82' lang='lat' dir='ltr'><strong>innovata</strong></span> 
     </span>
    </p>
   </div>
   <div class='ocr_carea' id='block_1_35' title="bbox 319 2066 1921 2146">
    <p class='ocr_par' dir='ltr' id='par_1_35' title="bbox 319 2066 1921 2146">
     <span class='ocr_line' id='line_1_35' title="bbox 319 2066 1921 2146; baseline -0.006 -18"><span class='ocrx_word' id='word_1_272' title='bbox 319 2072 585 2146; x_wconf 91' lang='lat' dir='ltr'><strong>polluitur</strong></span> <span class='ocrx_word' id='word_1_273' title='bbox 608 2111 624 2139; x_wconf 92' lang='lat'><strong>,</strong></span> <span class='ocrx_word' id='word_1_274' title='bbox 654 2072 903 2142; x_wconf 87' lang='lat' dir='ltr'><strong>ignorare</strong></span> <span class='ocrx_word' id='word_1_275' title='bbox 933 2083 1019 2125; x_wconf 89' lang='lat' dir='ltr'><strong>me</strong></span> <span class='ocrx_word' id='word_1_276' title='bbox 1049 2067 1222 2123; x_wconf 86' lang='lat' dir='ltr'><strong>fateor</strong></span> <span class='ocrx_word' id='word_1_277' title='bbox 1248 2082 1352 2138; x_wconf 87' lang='lat' dir='ltr'><strong>qua</strong></span> <span class='ocrx_word' id='word_1_278' title='bbox 1392 2066 1651 2137; x_wconf 87' lang='lat' dir='ltr'><strong>deinceps</strong></span> <span class='ocrx_word' id='word_1_279' title='bbox 1680 2066 1921 2121; x_wconf 84' lang='lat' dir='ltr'><strong>sanctifi-</strong></span> 
     </span>
    </p>
   </div>
   <div class='ocr_carea' id='block_1_36' title="bbox 318 2153 1921 2233">
    <p class='ocr_par' dir='ltr' id='par_1_36' title="bbox 318 2153 1921 2233">
     <span class='ocr_line' id='line_1_36' title="bbox 318 2153 1921 2233; baseline -0.007 -12"><span class='ocrx_word' id='word_1_280' title='bbox 318 2164 539 2221; x_wconf 82' lang='lat' dir='ltr'><strong>catione</strong></span> <span class='ocrx_word' id='word_1_281' title='bbox 565 2170 846 2233; x_wconf 82' lang='lat' dir='ltr'><strong>purgetur.</strong></span> <span class='ocrx_word' id='word_1_282' title='bbox 898 2158 1027 2215; x_wconf 90' lang='lat' dir='ltr'><strong>Dico</strong></span> <span class='ocrx_word' id='word_1_283' title='bbox 1054 2167 1223 2224; x_wconf 87' lang='lat' dir='ltr'><strong>certe,</strong></span> <span class='ocrx_word' id='word_1_284' title='bbox 1267 2158 1315 2213; x_wconf 89' lang='lat' dir='ltr'><strong>si</strong></span> <span class='ocrx_word' id='word_1_285' title='bbox 1357 2164 1536 2229; x_wconf 85' lang='lat' dir='ltr'><strong>potest</strong></span> <span class='ocrx_word' id='word_1_286' title='bbox 1562 2156 1824 2227; x_wconf 89' lang='lat' dir='ltr'><strong>pollutum</strong></span> <span class='ocrx_word' id='word_1_287' title='bbox 1851 2153 1921 2210; x_wconf 87' lang='lat' dir='ltr'><strong>ab</strong></span> 
     </span>
    </p>
   </div>
   <div class='ocr_carea' id='block_1_37' title="bbox 321 2248 1922 2322">
    <p class='ocr_par' dir='ltr' id='par_1_37' title="bbox 321 2248 1922 2322">
     <span class='ocr_line' id='line_1_37' title="bbox 321 2248 1922 2322; baseline -0.007 -9"><span class='ocrx_word' id='word_1_288' title='bbox 321 2254 597 2313; x_wconf 61' lang='lat' dir='ltr'><strong>haereticis</strong></span> <span class='ocrx_word' id='word_1_289' title='bbox 637 2253 806 2309; x_wconf 88' lang='lat' dir='ltr'><strong>altare</strong></span> <span class='ocrx_word' id='word_1_290' title='bbox 845 2250 1052 2308; x_wconf 68' lang='lat' dir='ltr'><strong>sacrari</strong></span> <span class='ocrx_word' id='word_1_291' title='bbox 1080 2292 1095 2318; x_wconf 92' lang='lat'><strong>,</strong></span> <span class='ocrx_word' id='word_1_292' title='bbox 1126 2263 1288 2322; x_wconf 83' lang='lat' dir='ltr'><strong>posse</strong></span> <span class='ocrx_word' id='word_1_293' title='bbox 1333 2260 1389 2306; x_wconf 93' lang='lat' dir='ltr'><strong>et</strong></span> <span class='ocrx_word' id='word_1_294' title='bbox 1416 2264 1609 2320; x_wconf 82' lang='lat' dir='ltr'><strong>panem</strong></span> <span class='ocrx_word' id='word_1_295' title='bbox 1637 2248 1728 2319; x_wconf 90' lang='lat' dir='ltr'><strong>qui</strong></span> <span class='ocrx_word' id='word_1_296' title='bbox 1756 2260 1922 2319; x_wconf 83' lang='lat' dir='ltr'><strong>super</strong></span> 
     </span>
    </p>
   </div>
   <div class='ocr_carea' id='block_1_38' title="bbox 319 2338 1919 2417">
    <p class='ocr_par' dir='ltr' id='par_1_38' title="bbox 319 2338 1919 2417">
     <span class='ocr_line' id='line_1_38' title="bbox 319 2338 1919 2417; baseline -0.009 -11"><span class='ocrx_word' id='word_1_297' title='bbox 319 2348 473 2407; x_wconf 88' lang='lat' dir='ltr'><strong>illum</strong></span> <span class='ocrx_word' id='word_1_298' title='bbox 498 2346 707 2417; x_wconf 88' lang='lat' dir='ltr'><strong>positus</strong></span> <span class='ocrx_word' id='word_1_299' title='bbox 723 2354 830 2410; x_wconf 87' lang='lat' dir='ltr'><strong>cst,</strong></span> <span class='ocrx_word' id='word_1_300' title='bbox 850 2343 917 2400; x_wconf 86' lang='lat' dir='ltr'><strong>ad</strong></span> <span class='ocrx_word' id='word_1_301' title='bbox 939 2342 1205 2399; x_wconf 86' lang='lat' dir='ltr'><strong>sacrificia</strong></span> <span class='ocrx_word' id='word_1_302' title='bbox 1242 2350 1425 2397; x_wconf 82' lang='lat' dir='ltr'><strong>nostra</strong></span> <span class='ocrx_word' id='word_1_303' title='bbox 1451 2338 1749 2395; x_wconf 87' lang='lat' dir='ltr'><strong>transferri.</strong></span> <span class='ocrx_word' id='word_1_304' title='bbox 1776 2338 1919 2393; x_wconf 88' lang='lat' dir='ltr'><strong>idem</strong></span> 
     </span>
    </p>
   </div>
   <div class='ocr_carea' id='block_1_39' title="bbox 319 2432 1923 2512">
    <p class='ocr_par' dir='ltr' id='par_1_39' title="bbox 319 2432 1923 2512">
     <span class='ocr_line' id='line_1_39' title="bbox 319 2432 1923 2512; baseline -0.007 -16"><span class='ocrx_word' id='word_1_305' title='bbox 319 2438 577 2512; x_wconf 87' lang='lat' dir='ltr'><strong>primitus</strong></span> <span class='ocrx_word' id='word_1_306' title='bbox 607 2440 893 2494; x_wconf 65' lang='lat' dir='ltr'><strong>hereticus</strong></span> <span class='ocrx_word' id='word_1_307' title='bbox 919 2436 1173 2493; x_wconf 79' lang='lat' dir='ltr'><strong>conditor</strong></span> <span class='ocrx_word' id='word_1_308' title='bbox 1200 2434 1352 2491; x_wconf 90' lang='lat' dir='ltr'><strong>fecit.</strong></span> <span class='ocrx_word' id='word_1_309' title='bbox 1404 2433 1626 2489; x_wconf 80' lang='lat' dir='ltr'><strong>Transit</strong></span> <span class='ocrx_word' id='word_1_310' title='bbox 1646 2432 1711 2487; x_wconf 90' lang='lat' dir='ltr'><strong>ad</strong></span> <span class='ocrx_word' id='word_1_311' title='bbox 1738 2445 1923 2502; x_wconf 86' lang='lat' dir='ltr'><strong>repro-</strong></span> 
     </span>
    </p>
   </div>
   <div class='ocr_carea' id='block_1_40' title="bbox 318 2522 1922 2594">
    <p class='ocr_par' dir='ltr' id='par_1_40' title="bbox 318 2522 1922 2594">
     <span class='ocr_line' id='line_1_40' title="bbox 318 2522 1922 2594; baseline -0.008 -5"><span class='ocrx_word' id='word_1_312' title='bbox 318 2530 639 2589; x_wconf 81' lang='lat' dir='ltr'><strong>missionem</strong></span> <span class='ocrx_word' id='word_1_313' title='bbox 697 2528 938 2585; x_wconf 86' lang='lat' dir='ltr'><strong>divinam</strong></span> <span class='ocrx_word' id='word_1_314' title='bbox 998 2542 1017 2581; x_wconf 91' lang='lat'><strong>:</strong></span> <span class='ocrx_word' id='word_1_315' title='bbox 1084 2526 1332 2582; x_wconf 85' lang='lat' dir='ltr'><strong>libertate</strong></span> <span class='ocrx_word' id='word_1_316' title='bbox 1387 2523 1630 2594; x_wconf 81' lang='lat' dir='ltr'><strong>gaudens</strong></span> <span class='ocrx_word' id='word_1_317' title='bbox 1685 2522 1922 2578; x_wconf 86' lang='lat' dir='ltr'><strong>dimittat</strong></span> 
     </span>
    </p>
   </div>
   <div class='ocr_carea' id='block_1_41' title="bbox 322 2618 1924 2696">
    <p class='ocr_par' dir='ltr' id='par_1_41' title="bbox 322 2618 1924 2696">
     <span class='ocr_line' id='line_1_41' title="bbox 322 2618 1924 2696; baseline -0.004 -18"><span class='ocrx_word' id='word_1_318' title='bbox 322 2622 639 2696; x_wconf 64' lang='lat' dir='ltr'><strong>Egyptum.</strong></span> <span class='ocrx_word' id='word_1_319' title='bbox 683 2622 766 2676; x_wconf 78' lang='lat' dir='ltr'><strong>Ad</strong></span> <span class='ocrx_word' id='word_1_320' title='bbox 808 2619 968 2676; x_wconf 87' lang='lat' dir='ltr'><strong>fidem</strong></span> <span class='ocrx_word' id='word_1_321' title='bbox 997 2627 1200 2676; x_wconf 88' lang='lat' dir='ltr'><strong>rectam</strong></span> <span class='ocrx_word' id='word_1_322' title='bbox 1246 2618 1386 2675; x_wconf 82' lang='lat' dir='ltr'><strong>felici</strong></span> <span class='ocrx_word' id='word_1_323' title='bbox 1418 2618 1716 2672; x_wconf 90' lang='lat' dir='ltr'><strong>mutatione</strong></span> <span class='ocrx_word' id='word_1_324' title='bbox 1746 2626 1924 2672; x_wconf 77' lang='lat' dir='ltr'><strong>trans-</strong></span> 
     </span>
    </p>
   </div>
   <div class='ocr_carea' id='block_1_42' title="bbox 318 2709 1918 2788">
    <p class='ocr_par' dir='ltr' id='par_1_42' title="bbox 318 2709 1918 2788">
     <span class='ocr_line' id='line_1_42' title="bbox 318 2709 1918 2788; baseline -0.004 -15"><span class='ocrx_word' id='word_1_325' title='bbox 318 2718 589 2788; x_wconf 84' lang='lat' dir='ltr'><strong>migrans,</strong></span> <span class='ocrx_word' id='word_1_326' title='bbox 638 2715 857 2785; x_wconf 90' lang='lat' dir='ltr'><strong>reliquit</strong></span> <span class='ocrx_word' id='word_1_327' title='bbox 895 2713 1075 2784; x_wconf 90' lang='lat' dir='ltr'><strong>potius</strong></span> <span class='ocrx_word' id='word_1_328' title='bbox 1123 2712 1389 2768; x_wconf 84' lang='lat' dir='ltr'><strong>maculam</strong></span> <span class='ocrx_word' id='word_1_329' title='bbox 1428 2725 1589 2781; x_wconf 87' lang='lat' dir='ltr'><strong>quam</strong></span> <span class='ocrx_word' id='word_1_330' title='bbox 1635 2709 1918 2767; x_wconf 87' lang='lat' dir='ltr'><strong>attrahat:</strong></span> 
     </span>
    </p>
   </div>
   <div class='ocr_carea' id='block_1_43' title="bbox 319 2802 1921 2876">
    <p class='ocr_par' dir='ltr' id='par_1_43' title="bbox 319 2802 1921 2876">
     <span class='ocr_line' id='line_1_43' title="bbox 319 2802 1921 2876; baseline -0.004 -13"><span class='ocrx_word' id='word_1_331' title='bbox 319 2822 444 2863; x_wconf 87' lang='lat' dir='ltr'><strong>cum</strong></span> <span class='ocrx_word' id='word_1_332' title='bbox 474 2804 675 2876; x_wconf 84' lang='lat' dir='ltr'><strong>aliquid</strong></span> <span class='ocrx_word' id='word_1_333' title='bbox 716 2820 823 2860; x_wconf 91' lang='lat' dir='ltr'><strong>non</strong></span> <span class='ocrx_word' id='word_1_334' title='bbox 848 2804 1149 2875; x_wconf 63' lang='lat' dir='ltr'><strong>legitimum</strong></span> <span class='ocrx_word' id='word_1_335' title='bbox 1191 2802 1534 2874; x_wconf 83' lang='lat' dir='ltr'><strong>imourgabili</strong></span> <span class='ocrx_word' id='word_1_336' title='bbox 1563 2802 1759 2869; x_wconf 85' lang='lat' dir='ltr'><strong>errori,</strong></span> <span class='ocrx_word' id='word_1_337' title='bbox 1793 2817 1921 2875; x_wconf 77' lang='lat' dir='ltr'><strong>gra-</strong></span> 
     </span>
    </p>
   </div>
   <div class='ocr_carea' id='block_1_44' title="bbox 323 2892 1925 2969">
    <p class='ocr_par' dir='ltr' id='par_1_44' title="bbox 323 2892 1925 2969">
     <span class='ocr_line' id='line_1_44' title="bbox 323 2892 1925 2969; baseline -0.003 -17"><span class='ocrx_word' id='word_1_338' title='bbox 323 2908 455 2954; x_wconf 84' lang='lat' dir='ltr'><strong>vant</strong></span> <span class='ocrx_word' id='word_1_339' title='bbox 498 2899 669 2969; x_wconf 67' lang='lat' dir='ltr'><strong>magis</strong></span> <span class='ocrx_word' id='word_1_340' title='bbox 704 2896 904 2967; x_wconf 90' lang='lat' dir='ltr'><strong>polluta</strong></span> <span class='ocrx_word' id='word_1_341' title='bbox 942 2904 1253 2951; x_wconf 87' lang='lat' dir='ltr'><strong>contactum</strong></span> <span class='ocrx_word' id='word_1_342' title='bbox 1280 2910 1439 2965; x_wconf 88' lang='lat' dir='ltr'><strong>quam</strong></span> <span class='ocrx_word' id='word_1_343' title='bbox 1487 2892 1705 2963; x_wconf 88' lang='lat' dir='ltr'><strong>capiant</strong></span> <span class='ocrx_word' id='word_1_344' title='bbox 1743 2908 1774 2948; x_wconf 89' lang='lat' dir='ltr'><strong>a</strong></span> <span class='ocrx_word' id='word_1_345' title='bbox 1807 2901 1925 2947; x_wconf 84' lang='lat' dir='ltr'><strong>tan-</strong></span> 
     </span>
    </p>
   </div>
   <div class='ocr_carea' id='block_1_45' title="bbox 318 2982 1924 3060">
    <p class='ocr_par' dir='ltr' id='par_1_45' title="bbox 318 2982 1924 3060">
     <span class='ocr_line' id='line_1_45' title="bbox 318 2982 1924 3060; baseline -0.006 -14"><span class='ocrx_word' id='word_1_346' title='bbox 318 2999 483 3060; x_wconf 84' lang='lat' dir='ltr'><strong>geute</strong></span> <span class='ocrx_word' id='word_1_347' title='bbox 507 2986 825 3044; x_wconf 88' lang='lat' dir='ltr'><strong>remedium.</strong></span> <span class='ocrx_word' id='word_1_348' title='bbox 859 2985 1015 3044; x_wconf 84' lang='lat' dir='ltr'><strong>Unde</strong></span> <span class='ocrx_word' id='word_1_349' title='bbox 1044 2996 1100 3042; x_wconf 91' lang='lat' dir='ltr'><strong>ct</strong></span> <span class='ocrx_word' id='word_1_350' title='bbox 1130 2988 1182 3041; x_wconf 90' lang='lat' dir='ltr'><strong>in</strong></span> <span class='ocrx_word' id='word_1_351' title='bbox 1226 2990 1425 3056; x_wconf 57' lang='lat' dir='ltr'><strong>Aggaeo</strong></span> <span class='ocrx_word' id='word_1_352' title='bbox 1452 2984 1713 3055; x_wconf 81' lang='lat' dir='ltr'><strong>propheta</strong></span> <span class='ocrx_word' id='word_1_353' title='bbox 1746 3000 1761 3038; x_wconf 90' lang='lat'><strong>:</strong></span> <span class='ocrx_word' id='word_1_354' title='bbox 1793 2982 1924 3038; x_wconf 75' lang='grc' dir='ltr'><em>Ηωο</em></span> 
     </span>
    </p>
   </div>
   <div class='ocr_carea' id='block_1_46' title="bbox 319 3075 1923 3149">
    <p class='ocr_par' dir='ltr' id='par_1_46' title="bbox 319 3075 1923 3149">
     <span class='ocr_line' id='line_1_46' title="bbox 319 3075 1923 3149; baseline -0.002 -16"><span class='ocrx_word' id='word_1_355' title='bbox 319 3080 445 3135; x_wconf 79' lang='lat' dir='ltr'><strong>dicit</strong></span> <span class='ocrx_word' id='word_1_356' title='bbox 471 3078 726 3136; x_wconf 83' lang='lat' dir='ltr'><strong>Dominus</strong></span> <span class='ocrx_word' id='word_1_357' title='bbox 769 3079 1101 3145; x_wconf 71' lang='lat' dir='ltr'><strong>exercituum,</strong></span> <span class='ocrx_word' id='word_1_358' title='bbox 1150 3078 1411 3149; x_wconf 84' lang='lat' dir='ltr'><strong>interroga</strong></span> <span class='ocrx_word' id='word_1_359' title='bbox 1459 3078 1751 3131; x_wconf 77' lang='lat' dir='ltr'><strong>sacerdotes</strong></span> <span class='ocrx_word' id='word_1_360' title='bbox 1796 3075 1923 3147; x_wconf 81' lang='lat' dir='ltr'><strong>legis</strong></span> 
     </span>
    </p>
   </div>
   <div class='ocr_carea' id='block_1_47' title="bbox 319 3168 1920 3237">
    <p class='ocr_par' dir='ltr' id='par_1_47' title="bbox 319 3168 1920 3237">
     <span class='ocr_line' id='line_1_47' title="bbox 319 3168 1920 3237; baseline -0.005 -9"><span class='ocrx_word' id='word_1_361' title='bbox 319 3173 538 3228; x_wconf 78' lang='lat' dir='ltr'><strong>dicens:</strong></span> <span class='ocrx_word' id='word_1_362' title='bbox 584 3171 646 3229; x_wconf 96' lang='lat' dir='ltr'><strong>Si</strong></span> <span class='ocrx_word' id='word_1_363' title='bbox 682 3171 945 3225; x_wconf 78' lang='lat' dir='ltr'><strong>sustulerit</strong></span> <span class='ocrx_word' id='word_1_364' title='bbox 993 3169 1145 3223; x_wconf 79' lang='lat' dir='ltr'><strong>homo</strong></span> <span class='ocrx_word' id='word_1_365' title='bbox 1185 3184 1391 3223; x_wconf 80' lang='lat' dir='ltr'><strong>carnem</strong></span> <span class='ocrx_word' id='word_1_366' title='bbox 1424 3168 1820 3237; x_wconf 75' lang='lat' dir='ltr'><strong>sanctiﬁcatum,</strong></span> <span class='ocrx_word' id='word_1_367' title='bbox 1872 3175 1920 3220; x_wconf 84' lang='lat' dir='ltr'><strong>et</strong></span> 
     </span>
    </p>
   </div>
   <div class='ocr_carea' id='block_1_48' title="bbox 320 3231 1992 3335">
    <p class='ocr_par' dir='ltr' id='par_1_48' title="bbox 320 3231 1992 3335">
     <span class='ocr_line' id='line_1_48' title="bbox 320 3231 1992 3335; baseline -0.006 -16"><span class='ocrx_word' id='word_1_368' title='bbox 320 3264 542 3335; x_wconf 76' lang='lat' dir='ltr'><strong>tetigerit</strong></span> <span class='ocrx_word' id='word_1_369' title='bbox 561 3262 624 3318; x_wconf 86' lang='lat' dir='ltr'><strong>de</strong></span> <span class='ocrx_word' id='word_1_370' title='bbox 649 3262 940 3317; x_wconf 80' lang='lat' dir='ltr'><strong>summitate</strong></span> <span class='ocrx_word' id='word_1_371' title='bbox 963 3262 1078 3331; x_wconf 80' lang='lat' dir='ltr'><strong>ejus</strong></span> <span class='ocrx_word' id='word_1_372' title='bbox 1101 3274 1310 3329; x_wconf 80' lang='lat' dir='ltr'><strong>partem.</strong></span> <span class='ocrx_word' id='word_1_373' title='bbox 1342 3268 1433 3313; x_wconf 89' lang='lat' dir='ltr'><strong>aut</strong></span> <span class='ocrx_word' id='word_1_374' title='bbox 1453 3231 1921 3330; x_wconf 19' lang='lat' dir='ltr'><strong>quodcunquetali-</strong></span> <span class='ocrx_word' id='word_1_375' title='bbox 1946 3231 1992 3295; x_wconf 69' lang='grc' dir='ltr'><strong>θ</strong></span> 
     </span>
    </p>
   </div>
   <div class='ocr_carea' id='block_1_49' title="bbox 320 3348 1920 3427">
    <p class='ocr_par' dir='ltr' id='par_1_49' title="bbox 320 3348 1920 3427">
     <span class='ocr_line' id='line_1_49' title="bbox 320 3348 1920 3427; baseline -0.005 -17"><span class='ocrx_word' id='word_1_376' title='bbox 320 3354 449 3427; x_wconf 85' lang='lat' dir='ltr'><strong>quid</strong></span> <span class='ocrx_word' id='word_1_377' title='bbox 466 3396 484 3424; x_wconf 92' lang='lat'><strong>,</strong></span> <span class='ocrx_word' id='word_1_378' title='bbox 506 3352 740 3425; x_wconf 81' lang='lat' dir='ltr'><strong>nunquid</strong></span> <span class='ocrx_word' id='word_1_379' title='bbox 762 3350 1204 3421; x_wconf 74' lang='lat' dir='ltr'><strong>sancti/icaltitur?</strong></span> <span class='ocrx_word' id='word_1_380' title='bbox 1228 3348 1610 3420; x_wconf 72' lang='lat' dir='ltr'><strong>Respondentes</strong></span> <span class='ocrx_word' id='word_1_381' title='bbox 1643 3356 1813 3403; x_wconf 81' lang='lat' dir='ltr'><strong>autem</strong></span> <span class='ocrx_word' id='word_1_382' title='bbox 1832 3364 1920 3402; x_wconf 85' lang='lat' dir='ltr'><strong>sa-</strong></span> 
     </span>
    </p>
   </div>
   <div class='ocr_carea' id='block_1_50' title="bbox 320 3438 1921 3513">
    <p class='ocr_par' dir='ltr' id='par_1_50' title="bbox 320 3438 1921 3513">
     <span class='ocr_line' id='line_1_50' title="bbox 320 3438 1921 3513; baseline -0.007 -10"><span class='ocrx_word' id='word_1_383' title='bbox 320 3447 552 3503; x_wconf 82' lang='lat' dir='ltr'><strong>cerdotes</strong></span> <span class='ocrx_word' id='word_1_384' title='bbox 575 3445 853 3513; x_wconf 68' lang='lat' dir='ltr'><strong>dixerunt,</strong></span> <span class='ocrx_word' id='word_1_385' title='bbox 898 3440 1045 3497; x_wconf 82' lang='lat' dir='ltr'><strong>Non.</strong></span> <span class='ocrx_word' id='word_1_386' title='bbox 1079 3439 1144 3495; x_wconf 75' lang='lat' dir='ltr'><strong>Et</strong></span> <span class='ocrx_word' id='word_1_387' title='bbox 1166 3441 1297 3495; x_wconf 73' lang='lat' dir='ltr'><strong>dixit</strong></span> <span class='ocrx_word' id='word_1_388' title='bbox 1322 3438 1543 3513; x_wconf 81' lang='lat' dir='ltr'><strong>Aggteus</strong></span> <span class='ocrx_word' id='word_1_389' title='bbox 1566 3454 1586 3494; x_wconf 90' lang='lat'><strong><em>:</em></strong></span> <span class='ocrx_word' id='word_1_390' title='bbox 1618 3438 1681 3496; x_wconf 89' lang='lat' dir='ltr'><strong>Si</strong></span> <span class='ocrx_word' id='word_1_391' title='bbox 1700 3438 1921 3510; x_wconf 74' lang='lat' dir='ltr'><strong>tetigerit</strong></span> 
     </span>
    </p>
   </div>
   <div class='ocr_carea' id='block_1_51' title="bbox 326 3530 1923 3610">
    <p class='ocr_par' dir='ltr' id='par_1_51' title="bbox 326 3530 1923 3610">
     <span class='ocr_line' id='line_1_51' title="bbox 326 3530 1923 3610; baseline -0.004 -18"><span class='ocrx_word' id='word_1_392' title='bbox 326 3538 560 3610; x_wconf 71' lang='lat' dir='ltr'><strong>pollutus</strong></span> <span class='ocrx_word' id='word_1_393' title='bbox 612 3551 678 3592; x_wconf 65' lang='lat' dir='ltr'><strong>es</strong></span> <span class='ocrx_word' id='word_1_394' title='bbox 729 3534 963 3589; x_wconf 72' lang='lat' dir='ltr'><strong>omnibus</strong></span> <span class='ocrx_word' id='word_1_395' title='bbox 1001 3531 1083 3588; x_wconf 76' lang='lat' dir='ltr'><strong>his</strong></span> <span class='ocrx_word' id='word_1_396' title='bbox 1106 3572 1124 3599; x_wconf 87' lang='lat'><strong>,</strong></span> <span class='ocrx_word' id='word_1_397' title='bbox 1178 3532 1411 3604; x_wconf 75' lang='lat' dir='ltr'><strong>nunquid</strong></span> <span class='ocrx_word' id='word_1_398' title='bbox 1454 3530 1923 3586; x_wconf 80' lang='lat' dir='ltr'><strong>contaminabitur?</strong></span> 
     </span>
    </p>
   </div>
   <div class='ocr_carea' id='block_1_52' title="bbox 322 3619 1917 3698">
    <p class='ocr_par' dir='ltr' id='par_1_52' title="bbox 322 3619 1917 3698">
     <span class='ocr_line' id='line_1_52' title="bbox 322 3619 1917 3698; baseline -0.008 -12"><span class='ocrx_word' id='word_1_399' title='bbox 322 3630 377 3687; x_wconf 90' lang='lat' dir='ltr'><strong>id</strong></span> <span class='ocrx_word' id='word_1_400' title='bbox 406 3638 513 3697; x_wconf 87' lang='lat' dir='ltr'><strong>est,</strong></span> <span class='ocrx_word' id='word_1_401' title='bbox 542 3628 632 3685; x_wconf 81' lang='lat' dir='ltr'><strong>ille</strong></span> <span class='ocrx_word' id='word_1_402' title='bbox 662 3627 815 3698; x_wconf 83' lang='lat' dir='ltr'><strong>panis</strong></span> <span class='ocrx_word' id='word_1_403' title='bbox 841 3625 932 3697; x_wconf 88' lang='lat' dir='ltr'><strong>qui</strong></span> <span class='ocrx_word' id='word_1_404' title='bbox 972 3623 1175 3681; x_wconf 90' lang='lat' dir='ltr'><strong>dudum</strong></span> <span class='ocrx_word' id='word_1_405' title='bbox 1221 3632 1442 3680; x_wconf 89' lang='lat' dir='ltr'><strong>sanctus</strong></span> <span class='ocrx_word' id='word_1_406' title='bbox 1486 3625 1809 3678; x_wconf 88' lang='lat' dir='ltr'><strong>exstiterat:</strong></span> <span class='ocrx_word' id='word_1_407' title='bbox 1850 3619 1917 3675; x_wconf 85' lang='lat' dir='ltr'><strong>Et</strong></span> 
     </span>
    </p>
   </div>
   <div class='ocr_carea' id='block_1_53' title="bbox 323 3711 1920 3787">
    <p class='ocr_par' dir='ltr' id='par_1_53' title="bbox 323 3711 1920 3787">
     <span class='ocr_line' id='line_1_53' title="bbox 323 3711 1920 3787; baseline -0.006 -10"><span class='ocrx_word' id='word_1_408' title='bbox 323 3723 567 3777; x_wconf 67' lang='lat' dir='ltr'><strong>dixerunt</strong></span> <span class='ocrx_word' id='word_1_409' title='bbox 616 3719 924 3785; x_wconf 74' lang='lat' dir='ltr'><strong>sacerdotes,</strong></span> <span class='ocrx_word' id='word_1_410' title='bbox 970 3716 1416 3787; x_wconf 81' lang='lat' dir='ltr'><strong>Contaminabitur</strong></span> <span class='ocrx_word' id='word_1_411' title='bbox 1459 3715 1614 3786; x_wconf 72' lang='lat'><strong>(.499.</strong></span> <span class='ocrx_word' id='word_1_412' title='bbox 1669 3729 1706 3769; x_wconf 82' lang='grc' dir='ltr'>ιι</span> <span class='ocrx_word' id='word_1_413' title='bbox 1732 3753 1747 3780; x_wconf 85' lang='grc'><strong><em>,</em></strong></span> <span class='ocrx_word' id='word_1_414' title='bbox 1804 3711 1920 3785; x_wconf 71' lang='grc'><strong>12).</strong></span> 
     </span>
    </p>
   </div>
   <div class='ocr_carea' id='block_1_54' title="bbox 323 3804 1920 3883">
    <p class='ocr_par' dir='ltr' id='par_1_54' title="bbox 323 3804 1920 3883">
     <span class='ocr_line' id='line_1_54' title="bbox 323 3804 1920 3883; baseline -0.002 -19"><span class='ocrx_word' id='word_1_415' title='bbox 323 3814 663 3883; x_wconf 80' lang='lat' dir='ltr'><strong>Quapropter</strong></span> <span class='ocrx_word' id='word_1_416' title='bbox 693 3806 1096 3880; x_wconf 80' lang='lat' dir='ltr'><strong>conjiciendum</strong></span> <span class='ocrx_word' id='word_1_417' title='bbox 1121 3815 1224 3871; x_wconf 86' lang='lat' dir='ltr'><strong>est,</strong></span> <span class='ocrx_word' id='word_1_418' title='bbox 1256 3808 1301 3862; x_wconf 91' lang='lat' dir='ltr'><strong>si</strong></span> <span class='ocrx_word' id='word_1_419' title='bbox 1333 3814 1511 3875; x_wconf 83' lang='lat' dir='ltr'><strong>potest</strong></span> <span class='ocrx_word' id='word_1_420' title='bbox 1541 3807 1631 3861; x_wconf 92' lang='lat' dir='ltr'><strong>ille</strong></span> <span class='ocrx_word' id='word_1_421' title='bbox 1663 3804 1816 3875; x_wconf 89' lang='lat' dir='ltr'><strong>panis</strong></span> <span class='ocrx_word' id='word_1_422' title='bbox 1866 3805 1920 3861; x_wconf 88' lang='lat' dir='ltr'><strong>in</strong></span> 
     </span>
    </p>
   </div>
   <div class='ocr_carea' id='block_1_55' title="bbox 325 3896 1923 3971">
    <p class='ocr_par' dir='ltr' id='par_1_55' title="bbox 325 3896 1923 3971">
     <span class='ocr_line' id='line_1_55' title="bbox 325 3896 1923 3971; baseline -0.006 -9"><span class='ocrx_word' id='word_1_423' title='bbox 325 3905 411 3962; x_wconf 85' lang='lat' dir='ltr'><strong>his</strong></span> <span class='ocrx_word' id='word_1_424' title='bbox 448 3903 711 3959; x_wconf 87' lang='lat' dir='ltr'><strong>altaribus</strong></span> <span class='ocrx_word' id='word_1_425' title='bbox 751 3900 1099 3967; x_wconf 83' lang='lat' dir='ltr'><strong>consecrari,</strong></span> <span class='ocrx_word' id='word_1_426' title='bbox 1130 3912 1291 3971; x_wconf 86' lang='lat' dir='ltr'><strong>quem</strong></span> <span class='ocrx_word' id='word_1_427' title='bbox 1317 3899 1364 3955; x_wconf 91' lang='lat' dir='ltr'><strong>si</strong></span> <span class='ocrx_word' id='word_1_428' title='bbox 1393 3907 1744 3955; x_wconf 78' lang='lat' dir='ltr'><strong>consecratus</strong></span> <span class='ocrx_word' id='word_1_429' title='bbox 1768 3896 1923 3966; x_wconf 83' lang='lat' dir='ltr'><strong>panis</strong></span> 
     </span>
    </p>
   </div>
   <div class='ocr_carea' id='block_1_56' title="bbox 326 3991 1923 4069">
    <p class='ocr_par' dir='ltr' id='par_1_56' title="bbox 326 3991 1923 4069">
     <span class='ocr_line' id='line_1_56' title="bbox 326 3991 1923 4069; baseline -0.006 -15"><span class='ocrx_word' id='word_1_430' title='bbox 326 3997 589 4069; x_wconf 87' lang='lat' dir='ltr'><strong>tetigerit,</strong></span> <span class='ocrx_word' id='word_1_431' title='bbox 622 3995 864 4051; x_wconf 89' lang='lat' dir='ltr'><strong>redditur</strong></span> <span class='ocrx_word' id='word_1_432' title='bbox 893 3991 1225 4065; x_wconf 89' lang='lat' dir='ltr'><strong>inquinatus.</strong></span> <span class='ocrx_word' id='word_1_433' title='bbox 1254 3991 1546 4047; x_wconf 70' lang='lat' dir='ltr'><strong>Malachfas</strong></span> <span class='ocrx_word' id='word_1_434' title='bbox 1569 4004 1782 4062; x_wconf 90' lang='lat' dir='ltr'><strong>quoque</strong></span> <span class='ocrx_word' id='word_1_435' title='bbox 1807 4003 1923 4061; x_wconf 42' lang='lat' dir='ltr'><strong>pro.</strong></span> 
     </span>
    </p>
   </div>
   <div class='ocr_carea' id='block_1_57' title="bbox 324 4083 1923 4162">
    <p class='ocr_par' dir='ltr' id='par_1_57' title="bbox 324 4083 1923 4162">
     <span class='ocr_line' id='line_1_57' title="bbox 324 4083 1923 4162; baseline -0.005 -17"><span class='ocrx_word' id='word_1_436' title='bbox 324 4091 488 4162; x_wconf 87' lang='lat' dir='ltr'><strong>pheta</strong></span> <span class='ocrx_word' id='word_1_437' title='bbox 517 4088 594 4143; x_wconf 85' lang='lat' dir='ltr'><strong>sic</strong></span> <span class='ocrx_word' id='word_1_438' title='bbox 619 4086 752 4143; x_wconf 86' lang='lat' dir='ltr'><strong>dicit</strong></span> <span class='ocrx_word' id='word_1_439' title='bbox 776 4103 790 4138; x_wconf 92' lang='lat'><strong>:</strong></span> <span class='ocrx_word' id='word_1_440' title='bbox 820 4086 883 4142; x_wconf 91' lang='lat' dir='ltr'><strong>Si</strong></span> <span class='ocrx_word' id='word_1_441' title='bbox 912 4085 1140 4155; x_wconf 71' lang='lat' dir='ltr'><strong>offeratis</strong></span> <span class='ocrx_word' id='word_1_442' title='bbox 1181 4099 1372 4140; x_wconf 71' lang='lat' dir='ltr'><strong>eccum</strong></span> <span class='ocrx_word' id='word_1_443' title='bbox 1410 4083 1478 4139; x_wconf 81' lang='lat' dir='ltr'><strong>ad</strong></span> <span class='ocrx_word' id='word_1_444' title='bbox 1521 4084 1923 4151; x_wconf 73' lang='lat' dir='ltr'><strong>immolandum,</strong></span> 
     </span>
    </p>
   </div>
   <div class='ocr_carea' id='block_1_58' title="bbox 327 4177 1926 4246">
    <p class='ocr_par' dir='ltr' id='par_1_58' title="bbox 327 4177 1926 4246">
     <span class='ocr_line' id='line_1_58' title="bbox 327 4177 1926 4246; baseline -0.003 -9"><span class='ocrx_word' id='word_1_445' title='bbox 327 4198 499 4237; x_wconf 84' lang='lat' dir='ltr'><strong>nonne</strong></span> <span class='ocrx_word' id='word_1_446' title='bbox 526 4182 720 4235; x_wconf 85' lang='lat' dir='ltr'><strong>malum</strong></span> <span class='ocrx_word' id='word_1_447' title='bbox 750 4181 860 4235; x_wconf 81' lang='lat' dir='ltr'><strong>est?</strong></span> <span class='ocrx_word' id='word_1_448' title='bbox 885 4188 931 4233; x_wconf 86' lang='lat' dir='ltr'><strong>et</strong></span> <span class='ocrx_word' id='word_1_449' title='bbox 966 4179 1008 4233; x_wconf 87' lang='lat' dir='ltr'><strong>si</strong></span> <span class='ocrx_word' id='word_1_450' title='bbox 1045 4177 1272 4246; x_wconf 74' lang='lat' dir='ltr'><strong>oﬂ&#39;eratis</strong></span> <span class='ocrx_word' id='word_1_451' title='bbox 1308 4178 1553 4234; x_wconf 83' lang='lat' dir='ltr'><strong>claudum</strong></span> <span class='ocrx_word' id='word_1_452' title='bbox 1575 4220 1591 4246; x_wconf 95' lang='lat'><strong>,</strong></span> <span class='ocrx_word' id='word_1_453' title='bbox 1617 4194 1789 4233; x_wconf 81' lang='lat' dir='ltr'><strong>nonne</strong></span> <span class='ocrx_word' id='word_1_454' title='bbox 1813 4194 1926 4232; x_wconf 81' lang='lat' dir='ltr'><strong>ma-</strong></span> 
     </span>
    </p>
   </div>
   <div class='ocr_carea' id='block_1_59' title="bbox 326 4266 1921 4344">
    <p class='ocr_par' dir='ltr' id='par_1_59' title="bbox 326 4266 1921 4344">
     <span class='ocr_line' id='line_1_59' title="bbox 326 4266 1921 4344; baseline -0.004 -16"><span class='ocrx_word' id='word_1_455' title='bbox 326 4275 438 4328; x_wconf 83' lang='lat' dir='ltr'><strong>lum</strong></span> <span class='ocrx_word' id='word_1_456' title='bbox 465 4280 539 4327; x_wconf 91' lang='lat' dir='ltr'><strong>est</strong></span> <span class='ocrx_word' id='word_1_457' title='bbox 565 4269 824 4344; x_wconf 76' lang='lat' dir='ltr'><strong>(Malaclt.</strong></span> <span class='ocrx_word' id='word_1_458' title='bbox 873 4284 912 4335; x_wconf 85' lang='grc' dir='ltr'><strong>ι,</strong></span> <span class='ocrx_word' id='word_1_459' title='bbox 963 4267 1061 4341; x_wconf 74' lang='lat'><strong>8)?</strong></span> <span class='ocrx_word' id='word_1_460' title='bbox 1094 4269 1162 4324; x_wconf 82' lang='lat' dir='ltr'><strong>Et</strong></span> <span class='ocrx_word' id='word_1_461' title='bbox 1191 4269 1350 4339; x_wconf 86' lang='lat' dir='ltr'><strong>paulo</strong></span> <span class='ocrx_word' id='word_1_462' title='bbox 1399 4280 1558 4339; x_wconf 86' lang='lat' dir='ltr'><strong>post:</strong></span> <span class='ocrx_word' id='word_1_463' title='bbox 1590 4266 1921 4335; x_wconf 75' lang='lat' dir='ltr'><strong>Halsdictus,</strong></span> 
     </span>
    </p>
   </div>
   <div class='ocr_carea' id='block_1_60' title="bbox 326 4360 1925 4437">
    <p class='ocr_par' dir='ltr' id='par_1_60' title="bbox 326 4360 1925 4437">
     <span class='ocr_line' id='line_1_60' title="bbox 326 4360 1925 4437; baseline -0.004 -15"><span class='ocrx_word' id='word_1_464' title='bbox 326 4366 524 4437; x_wconf 89' lang='lat' dir='ltr'><strong>inquit,</strong></span> <span class='ocrx_word' id='word_1_465' title='bbox 554 4365 764 4420; x_wconf 80' lang='lat' dir='ltr'><strong>dolosas</strong></span> <span class='ocrx_word' id='word_1_466' title='bbox 783 4402 802 4430; x_wconf 88' lang='lat'><strong>,</strong></span> <span class='ocrx_word' id='word_1_467' title='bbox 845 4362 934 4434; x_wconf 86' lang='lat' dir='ltr'><strong>qui</strong></span> <span class='ocrx_word' id='word_1_468' title='bbox 974 4360 1125 4416; x_wconf 78' lang='lat' dir='ltr'><strong>habet</strong></span> <span class='ocrx_word' id='word_1_469' title='bbox 1154 4362 1206 4415; x_wconf 91' lang='lat' dir='ltr'><strong>in</strong></span> <span class='ocrx_word' id='word_1_470' title='bbox 1230 4376 1382 4435; x_wconf 82' lang='lat' dir='ltr'><strong>grege</strong></span> <span class='ocrx_word' id='word_1_471' title='bbox 1408 4377 1504 4417; x_wconf 79' lang='lat' dir='ltr'><strong>suo</strong></span> <span class='ocrx_word' id='word_1_472' title='bbox 1532 4360 1854 4426; x_wconf 77' lang='lat' dir='ltr'><strong>masculum,</strong></span> <span class='ocrx_word' id='word_1_473' title='bbox 1876 4370 1925 4416; x_wconf 85' lang='lat' dir='ltr'><strong>et</strong></span> 
     </span>
    </p>
   </div>
   <div class='ocr_carea' id='block_1_61' title="bbox 329 4450 1923 4528">
    <p class='ocr_par' dir='ltr' id='par_1_61' title="bbox 329 4450 1923 4528">
     <span class='ocr_line' id='line_1_61' title="bbox 329 4450 1923 4528; baseline -0.003 -16"><span class='ocrx_word' id='word_1_474' title='bbox 329 4466 506 4511; x_wconf 78' lang='lat' dir='ltr'><strong>votum</strong></span> <span class='ocrx_word' id='word_1_475' title='bbox 530 4455 722 4528; x_wconf 76' lang='lat' dir='ltr'><strong>faciens</strong></span> <span class='ocrx_word' id='word_1_476' title='bbox 742 4452 971 4507; x_wconf 86' lang='lat' dir='ltr'><strong>immolat</strong></span> <span class='ocrx_word' id='word_1_477' title='bbox 994 4452 1161 4508; x_wconf 82' lang='lat' dir='ltr'><strong>debile</strong></span> <span class='ocrx_word' id='word_1_478' title='bbox 1184 4451 1405 4508; x_wconf 84' lang='lat' dir='ltr'><strong>Domino</strong></span> <span class='ocrx_word' id='word_1_479' title='bbox 1430 4450 1623 4525; x_wconf 85' lang='lat' dir='ltr'><strong>(lbid.,</strong></span> <span class='ocrx_word' id='word_1_480' title='bbox 1650 4451 1761 4525; x_wconf 67' lang='lat' dir='ltr'><strong>id).</strong></span> <span class='ocrx_word' id='word_1_481' title='bbox 1784 4451 1923 4521; x_wconf 86' lang='lat' dir='ltr'><strong>Quid</strong></span> 
     </span>
    </p>
   </div>
   <div class='ocr_carea' id='block_1_62' title="bbox 331 4544 1925 4615">
    <p class='ocr_par' dir='ltr' id='par_1_62' title="bbox 331 4544 1925 4615">
     <span class='ocr_line' id='line_1_62' title="bbox 331 4544 1925 4615; baseline -0.001 -12"><span class='ocrx_word' id='word_1_482' title='bbox 331 4546 438 4603; x_wconf 91' lang='lat' dir='ltr'><strong>boc</strong></span> <span class='ocrx_word' id='word_1_483' title='bbox 477 4545 681 4615; x_wconf 86' lang='lat' dir='ltr'><strong>judicio</strong></span> <span class='ocrx_word' id='word_1_484' title='bbox 713 4544 1017 4601; x_wconf 81' lang='lat' dir='ltr'><strong>sincerius?</strong></span> <span class='ocrx_word' id='word_1_485' title='bbox 1044 4545 1174 4615; x_wconf 90' lang='lat' dir='ltr'><strong>quid</strong></span> <span class='ocrx_word' id='word_1_486' title='bbox 1224 4545 1315 4600; x_wconf 89' lang='lat' dir='ltr'><strong>tali</strong></span> <span class='ocrx_word' id='word_1_487' title='bbox 1346 4546 1667 4602; x_wconf 86' lang='lat' dir='ltr'><strong>auctoritate</strong></span> <span class='ocrx_word' id='word_1_488' title='bbox 1696 4544 1925 4602; x_wconf 87' lang='lat' dir='ltr'><strong>manife-</strong></span> 
     </span>
    </p>
   </div>
   <div class='ocr_carea' id='block_1_63' title="bbox 327 4610 2007 4707">
    <p class='ocr_par' dir='ltr' id='par_1_63' title="bbox 327 4610 2007 4707">
     <span class='ocr_line' id='line_1_63' title="bbox 327 4610 2007 4707; baseline -0.001 -14"><span class='ocrx_word' id='word_1_489' title='bbox 327 4610 500 4693; x_wconf 45' lang='lat' dir='ltr'><strong>stius?</strong></span> <span class='ocrx_word' id='word_1_490' title='bbox 530 4635 753 4692; x_wconf 79' lang='lat' dir='ltr'><strong>Fabrica</strong></span> <span class='ocrx_word' id='word_1_491' title='bbox 783 4651 943 4707; x_wconf 89' lang='lat' dir='ltr'><strong>quam</strong></span> <span class='ocrx_word' id='word_1_492' title='bbox 967 4610 1156 4692; x_wconf 73' lang='lat' dir='ltr'><strong>iterata</strong></span> <span class='ocrx_word' id='word_1_493' title='bbox 1172 4637 1327 4705; x_wconf 87' lang='lat' dir='ltr'><strong>cupis</strong></span> <span class='ocrx_word' id='word_1_494' title='bbox 1349 4638 1695 4693; x_wconf 87' lang='lat' dir='ltr'><strong>innovatione</strong></span> <span class='ocrx_word' id='word_1_495' title='bbox 1723 4651 1925 4706; x_wconf 74' lang='lat' dir='ltr'><strong>prassu-</strong></span> <span class='ocrx_word' id='word_1_496' title='bbox 1954 4610 2007 4672; x_wconf 79' lang='grc' dir='ltr'><strong>Ῑ)</strong></span> 
     </span>
    </p>
   </div>
   <div class='ocr_carea' id='block_1_64' title="bbox 329 4726 1924 4799">
    <p class='ocr_par' dir='ltr' id='par_1_64' title="bbox 329 4726 1924 4799">
     <span class='ocr_line' id='line_1_64' title="bbox 329 4726 1924 4799; baseline 0.001 -16"><span class='ocrx_word' id='word_1_497' title='bbox 329 4742 504 4794; x_wconf 86' lang='lat' dir='ltr'><strong>mere,</strong></span> <span class='ocrx_word' id='word_1_498' title='bbox 526 4727 572 4782; x_wconf 88' lang='lat' dir='ltr'><strong>si</strong></span> <span class='ocrx_word' id='word_1_499' title='bbox 613 4740 742 4782; x_wconf 87' lang='lat' dir='ltr'><strong>sana</strong></span> <span class='ocrx_word' id='word_1_500' title='bbox 769 4736 873 4794; x_wconf 89' lang='lat' dir='ltr'><strong>est,</strong></span> <span class='ocrx_word' id='word_1_501' title='bbox 898 4726 1023 4798; x_wconf 90' lang='lat' dir='ltr'><strong>quid</strong></span> <span class='ocrx_word' id='word_1_502' title='bbox 1050 4726 1294 4783; x_wconf 74' lang='lat' dir='ltr'><strong>benedici</strong></span> <span class='ocrx_word' id='word_1_503' title='bbox 1323 4726 1423 4782; x_wconf 76' lang='lat' dir='ltr'><strong>ur?</strong></span> <span class='ocrx_word' id='word_1_504' title='bbox 1447 4728 1492 4783; x_wconf 90' lang='lat' dir='ltr'><strong>si</strong></span> <span class='ocrx_word' id='word_1_505' title='bbox 1523 4727 1796 4799; x_wconf 87' lang='lat' dir='ltr'><strong>languida,</strong></span> <span class='ocrx_word' id='word_1_506' title='bbox 1827 4744 1924 4784; x_wconf 90' lang='lat' dir='ltr'><strong>cur</strong></span> 
     </span>
    </p>
   </div>
   <div class='ocr_carea' id='block_1_65' title="bbox 326 4818 1920 4890">
    <p class='ocr_par' dir='ltr' id='par_1_65' title="bbox 326 4818 1920 4890">
     <span class='ocr_line' id='line_1_65' title="bbox 326 4818 1920 4890; baseline 0.001 -13"><span class='ocrx_word' id='word_1_507' title='bbox 326 4818 597 4877; x_wconf 77' lang='lat' dir='ltr'><strong>offertur?</strong></span> <span class='ocrx_word' id='word_1_508' title='bbox 637 4818 1122 4890; x_wconf 85' lang='lat' dir='ltr'><strong>Quantumcunque</strong></span> <span class='ocrx_word' id='word_1_509' title='bbox 1158 4834 1381 4876; x_wconf 89' lang='lat' dir='ltr'><strong>munera</strong></span> <span class='ocrx_word' id='word_1_510' title='bbox 1411 4835 1442 4875; x_wconf 88' lang='lat' dir='ltr'><strong>a</strong></span> <span class='ocrx_word' id='word_1_511' title='bbox 1476 4822 1634 4877; x_wconf 88' lang='lat' dir='ltr'><strong>malis</strong></span> <span class='ocrx_word' id='word_1_512' title='bbox 1658 4821 1834 4877; x_wconf 88' lang='lat' dir='ltr'><strong>oblata</strong></span> <span class='ocrx_word' id='word_1_513' title='bbox 1867 4822 1920 4878; x_wconf 91' lang='lat' dir='ltr'><strong>in</strong></span> 
     </span>
    </p>
   </div>
   <div class='ocr_carea' id='block_1_66' title="bbox 332 4912 1921 4984">
    <p class='ocr_par' dir='ltr' id='par_1_66' title="bbox 332 4912 1921 4984">
     <span class='ocr_line' id='line_1_66' title="bbox 332 4912 1921 4984; baseline 0.002 -16"><span class='ocrx_word' id='word_1_514' title='bbox 332 4915 529 4968; x_wconf 77' lang='lat' dir='ltr'><strong>bonum</strong></span> <span class='ocrx_word' id='word_1_515' title='bbox 557 4912 774 4969; x_wconf 85' lang='lat' dir='ltr'><strong>trahere</strong></span> <span class='ocrx_word' id='word_1_516' title='bbox 801 4913 1153 4981; x_wconf 86' lang='lat' dir='ltr'><strong>concupiscas</strong></span> <span class='ocrx_word' id='word_1_517' title='bbox 1171 4955 1187 4980; x_wconf 89' lang='lat'><strong>,</strong></span> <span class='ocrx_word' id='word_1_518' title='bbox 1234 4913 1385 4984; x_wconf 85' lang='lat' dir='ltr'><strong>sequi</strong></span> <span class='ocrx_word' id='word_1_519' title='bbox 1408 4922 1461 4970; x_wconf 94' lang='lat' dir='ltr'><strong>te</strong></span> <span class='ocrx_word' id='word_1_520' title='bbox 1488 4913 1552 4969; x_wconf 86' lang='lat' dir='ltr'><strong>ad</strong></span> <span class='ocrx_word' id='word_1_521' title='bbox 1582 4917 1921 4971; x_wconf 83' lang='lat' dir='ltr'><strong>sanctitatem</strong></span> 
     </span>
    </p>
   </div>
   <div class='ocr_carea' id='block_1_67' title="bbox 328 5004 1924 5077">
    <p class='ocr_par' dir='ltr' id='par_1_67' title="bbox 328 5004 1924 5077">
     <span class='ocr_line' id='line_1_67' title="bbox 328 5004 1924 5077; baseline 0.001 -17"><span class='ocrx_word' id='word_1_522' title='bbox 328 5004 519 5060; x_wconf 87' lang='lat' dir='ltr'><strong>clauda</strong></span> <span class='ocrx_word' id='word_1_523' title='bbox 547 5018 654 5059; x_wconf 90' lang='lat' dir='ltr'><strong>non</strong></span> <span class='ocrx_word' id='word_1_524' title='bbox 683 5011 956 5074; x_wconf 83' lang='lat' dir='ltr'><strong>poterunt.</strong></span> <span class='ocrx_word' id='word_1_525' title='bbox 982 5004 1119 5061; x_wconf 88' lang='lat' dir='ltr'><strong>Dicit</strong></span> <span class='ocrx_word' id='word_1_526' title='bbox 1143 5005 1454 5076; x_wconf 85' lang='lat' dir='ltr'><strong>Apostolus,</strong></span> <span class='ocrx_word' id='word_1_527' title='bbox 1489 5008 1793 5077; x_wconf 88' lang='lat' dir='ltr'><strong>suscepisse</strong></span> <span class='ocrx_word' id='word_1_528' title='bbox 1818 5008 1924 5062; x_wconf 83' lang='lat' dir='ltr'><strong>viro</strong></span> 
     </span>
    </p>
   </div>
   <div class='ocr_carea' id='block_1_68' title="bbox 327 5094 1924 5170">
    <p class='ocr_par' dir='ltr' id='par_1_68' title="bbox 327 5094 1924 5170">
     <span class='ocr_line' id='line_1_68' title="bbox 327 5094 1924 5170; baseline 0.003 -19"><span class='ocrx_word' id='word_1_529' title='bbox 327 5099 575 5166; x_wconf 72' lang='lat' dir='ltr'><strong>sirg&#39;ncm</strong></span> <span class='ocrx_word' id='word_1_530' title='bbox 612 5107 802 5150; x_wconf 85' lang='lat' dir='ltr'><strong>castam</strong></span> <span class='ocrx_word' id='word_1_531' title='bbox 841 5097 1079 5150; x_wconf 77' lang='lat' dir='ltr'><strong>exhibere</strong></span> <span class='ocrx_word' id='word_1_532' title='bbox 1124 5094 1326 5152; x_wconf 82' lang='lat' dir='ltr'><strong>Christo</strong></span> <span class='ocrx_word' id='word_1_533' title='bbox 1371 5097 1454 5169; x_wconf 88' lang='lat' dir='ltr'><strong>(Il</strong></span> <span class='ocrx_word' id='word_1_534' title='bbox 1502 5096 1622 5153; x_wconf 89' lang='lat' dir='ltr'><strong>Cor.</strong></span> <span class='ocrx_word' id='word_1_535' title='bbox 1656 5114 1732 5165; x_wconf 90' lang='lat' dir='ltr'><strong>xt,</strong></span> <span class='ocrx_word' id='word_1_536' title='bbox 1757 5098 1839 5170; x_wconf 71' lang='lat'><strong>2),</strong></span> <span class='ocrx_word' id='word_1_537' title='bbox 1870 5100 1924 5155; x_wconf 90' lang='lat' dir='ltr'><strong>id</strong></span> 
     </span>
    </p>
   </div>
   <div class='ocr_carea' id='block_1_69' title="bbox 329 5188 1923 5261">
    <p class='ocr_par' dir='ltr' id='par_1_69' title="bbox 329 5188 1923 5261">
     <span class='ocr_line' id='line_1_69' title="bbox 329 5188 1923 5261; baseline 0.001 -15"><span class='ocrx_word' id='word_1_538' title='bbox 329 5199 420 5246; x_wconf 85' lang='lat' dir='ltr'><strong>est</strong></span> <span class='ocrx_word' id='word_1_539' title='bbox 450 5188 765 5246; x_wconf 82' lang='lat' dir='ltr'><strong>Ecclesiatn.</strong></span> <span class='ocrx_word' id='word_1_540' title='bbox 791 5188 1030 5245; x_wconf 79' lang='lat' dir='ltr'><strong>Ecclesia</strong></span> <span class='ocrx_word' id='word_1_541' title='bbox 1062 5205 1222 5260; x_wconf 90' lang='lat' dir='ltr'><strong>porro</strong></span> <span class='ocrx_word' id='word_1_542' title='bbox 1243 5207 1361 5261; x_wconf 73' lang='lat' dir='ltr'><strong>qua:</strong></span> <span class='ocrx_word' id='word_1_543' title='bbox 1386 5192 1771 5248; x_wconf 71' lang='lat' dir='ltr'><strong>haereticorum</strong></span> <span class='ocrx_word' id='word_1_544' title='bbox 1803 5194 1923 5258; x_wconf 83' lang='lat' dir='ltr'><strong>fuit,</strong></span> 
     </span>
    </p>
   </div>
   <div class='ocr_carea' id='block_1_70' title="bbox 329 5281 1926 5359">
    <p class='ocr_par' dir='ltr' id='par_1_70' title="bbox 329 5281 1926 5359">
     <span class='ocr_line' id='line_1_70' title="bbox 329 5281 1926 5359; baseline 0.003 -22"><span class='ocrx_word' id='word_1_545' title='bbox 329 5281 434 5338; x_wconf 91' lang='lat' dir='ltr'><strong>etsi</strong></span> <span class='ocrx_word' id='word_1_546' title='bbox 464 5288 589 5336; x_wconf 80' lang='lat' dir='ltr'><strong>licet</strong></span> <span class='ocrx_word' id='word_1_547' title='bbox 643 5281 852 5337; x_wconf 91' lang='lat' dir='ltr'><strong>meliori</strong></span> <span class='ocrx_word' id='word_1_548' title='bbox 900 5282 1138 5347; x_wconf 87' lang='lat' dir='ltr'><strong>nubere,</strong></span> <span class='ocrx_word' id='word_1_549' title='bbox 1173 5298 1278 5338; x_wconf 92' lang='lat' dir='ltr'><strong>non</strong></span> <span class='ocrx_word' id='word_1_550' title='bbox 1310 5292 1429 5339; x_wconf 89' lang='lat' dir='ltr'><strong>erat</strong></span> <span class='ocrx_word' id='word_1_551' title='bbox 1463 5286 1633 5356; x_wconf 84' lang='lat' dir='ltr'><strong>virgo.</strong></span> <span class='ocrx_word' id='word_1_552' title='bbox 1659 5283 1769 5342; x_wconf 89' lang='lat' dir='ltr'><strong>Cur</strong></span> <span class='ocrx_word' id='word_1_553' title='bbox 1797 5302 1926 5359; x_wconf 85' lang='lat' dir='ltr'><strong>ergo</strong></span> 
     </span>
    </p>
   </div>
   <div class='ocr_carea' id='block_1_71' title="bbox 328 5372 1927 5446">
    <p class='ocr_par' dir='ltr' id='par_1_71' title="bbox 328 5372 1927 5446">
     <span class='ocr_line' id='line_1_71' title="bbox 328 5372 1927 5446; baseline 0.004 -20"><span class='ocrx_word' id='word_1_554' title='bbox 328 5381 548 5443; x_wconf 87' lang='lat' dir='ltr'><strong>appetat</strong></span> <span class='ocrx_word' id='word_1_555' title='bbox 568 5372 824 5427; x_wconf 86' lang='lat' dir='ltr'><strong>sacerdos</strong></span> <span class='ocrx_word' id='word_1_556' title='bbox 856 5374 1116 5438; x_wconf 89' lang='lat' dir='ltr'><strong>illicitam,</strong></span> <span class='ocrx_word' id='word_1_557' title='bbox 1136 5375 1226 5446; x_wconf 89' lang='lat' dir='ltr'><strong>qui</strong></span> <span class='ocrx_word' id='word_1_558' title='bbox 1247 5390 1467 5445; x_wconf 80' lang='lat' dir='ltr'><strong>prorsus</strong></span> <span class='ocrx_word' id='word_1_559' title='bbox 1494 5392 1524 5430; x_wconf 88' lang='lat' dir='ltr'><strong>a</strong></span> <span class='ocrx_word' id='word_1_560' title='bbox 1554 5385 1806 5433; x_wconf 83' lang='lat' dir='ltr'><strong>contactu</strong></span> <span class='ocrx_word' id='word_1_561' title='bbox 1838 5393 1927 5433; x_wconf 85' lang='lat' dir='ltr'><strong>rc-</strong></span> 
     </span>
    </p>
   </div>
   <div class='ocr_carea' id='block_1_72' title="bbox 332 5463 1922 5535">
    <p class='ocr_par' dir='ltr' id='par_1_72' title="bbox 332 5463 1922 5535">
     <span class='ocr_line' id='line_1_72' title="bbox 332 5463 1922 5535; baseline 0.003 -16"><span class='ocrx_word' id='word_1_562' title='bbox 332 5463 565 5535; x_wconf 70' lang='lat' dir='ltr'><strong>pudiatat</strong></span> <span class='ocrx_word' id='word_1_563' title='bbox 610 5478 674 5519; x_wconf 87' lang='lat' dir='ltr'><strong>ac</strong></span> <span class='ocrx_word' id='word_1_564' title='bbox 719 5464 891 5522; x_wconf 72' lang='lat' dir='ltr'><strong>vidum</strong></span> <span class='ocrx_word' id='word_1_565' title='bbox 920 5466 1269 5535; x_wconf 80' lang='lat' dir='ltr'><strong>prohibetur?</strong></span> <span class='ocrx_word' id='word_1_566' title='bbox 1321 5467 1447 5523; x_wconf 64' lang='lat' dir='ltr'><strong>P031</strong></span> <span class='ocrx_word' id='word_1_567' title='bbox 1488 5468 1678 5524; x_wconf 89' lang='lat' dir='ltr'><strong>incesti</strong></span> <span class='ocrx_word' id='word_1_568' title='bbox 1727 5484 1922 5524; x_wconf 80' lang='lat' dir='ltr'><strong>nexum</strong></span> 
     </span>
    </p>
   </div>
   <div class='ocr_carea' id='block_1_73' title="bbox 330 5554 1922 5627">
    <p class='ocr_par' dir='ltr' id='par_1_73' title="bbox 330 5554 1922 5627">
     <span class='ocr_line' id='line_1_73' title="bbox 330 5554 1922 5627; baseline 0.001 -16"><span class='ocrx_word' id='word_1_569' title='bbox 330 5569 453 5611; x_wconf 80' lang='lat' dir='ltr'><strong>sera</strong></span> <span class='ocrx_word' id='word_1_570' title='bbox 479 5554 788 5625; x_wconf 89' lang='lat' dir='ltr'><strong>coniunctio</strong></span> <span class='ocrx_word' id='word_1_571' title='bbox 816 5568 920 5611; x_wconf 90' lang='lat' dir='ltr'><strong>est.</strong></span> <span class='ocrx_word' id='word_1_572' title='bbox 955 5556 1056 5621; x_wconf 83' lang='lat' dir='ltr'><strong>Qui</strong></span> <span class='ocrx_word' id='word_1_573' title='bbox 1095 5558 1341 5622; x_wconf 82' lang='lat' dir='ltr'><strong>sociatur,</strong></span> <span class='ocrx_word' id='word_1_574' title='bbox 1380 5558 1587 5627; x_wconf 88' lang='lat' dir='ltr'><strong>inquit,</strong></span> <span class='ocrx_word' id='word_1_575' title='bbox 1630 5560 1922 5626; x_wconf 83' lang='lat' dir='ltr'><strong>meretrici,</strong></span> 
     </span>
    </p>
   </div>
   <div class='ocr_carea' id='block_1_74' title="bbox 330 5644 1925 5717">
    <p class='ocr_par' dir='ltr' id='par_1_74' title="bbox 330 5644 1925 5717">
     <span class='ocr_line' id='line_1_74' title="bbox 330 5644 1925 5717; baseline 0.003 -19"><span class='ocrx_word' id='word_1_576' title='bbox 330 5660 494 5698; x_wconf 82' lang='lat' dir='ltr'><strong>unum</strong></span> <span class='ocrx_word' id='word_1_577' title='bbox 521 5659 711 5714; x_wconf 79' lang='lat' dir='ltr'><strong>corpus</strong></span> <span class='ocrx_word' id='word_1_578' title='bbox 739 5644 949 5715; x_wconf 66' lang='lat' dir='ltr'><strong>efﬁcitur</strong></span> <span class='ocrx_word' id='word_1_579' title='bbox 980 5660 998 5701; x_wconf 73' lang='grc' dir='ltr'><em>ε</em></span> <span class='ocrx_word' id='word_1_580' title='bbox 1027 5662 1117 5699; x_wconf 86' lang='lat' dir='ltr'><strong>nec</strong></span> <span class='ocrx_word' id='word_1_581' title='bbox 1156 5647 1335 5702; x_wconf 86' lang='lat' dir='ltr'><strong>tollam</strong></span> <span class='ocrx_word' id='word_1_582' title='bbox 1362 5649 1587 5703; x_wconf 84' lang='lat' dir='ltr'><strong>membra</strong></span> <span class='ocrx_word' id='word_1_583' title='bbox 1618 5649 1811 5704; x_wconf 81' lang='lat' dir='ltr'><strong>Christi</strong></span> <span class='ocrx_word' id='word_1_584' title='bbox 1834 5692 1849 5717; x_wconf 91' lang='lat'><strong>,</strong></span> <span class='ocrx_word' id='word_1_585' title='bbox 1880 5660 1925 5705; x_wconf 90' lang='lat' dir='ltr'><strong>et</strong></span> 
     </span>
    </p>
   </div>
   <div class='ocr_carea' id='block_1_75' title="bbox 331 5735 1924 5812">
    <p class='ocr_par' dir='ltr' id='par_1_75' title="bbox 331 5735 1924 5812">
     <span class='ocr_line' id='line_1_75' title="bbox 331 5735 1924 5812; baseline 0.004 -25"><span class='ocrx_word' id='word_1_586' title='bbox 331 5735 525 5806; x_wconf 74' lang='lat' dir='ltr'><strong>[ariam</strong></span> <span class='ocrx_word' id='word_1_587' title='bbox 551 5735 775 5789; x_wconf 78' lang='lat' dir='ltr'><strong>membra</strong></span> <span class='ocrx_word' id='word_1_588' title='bbox 798 5738 1071 5792; x_wconf 85' lang='lat' dir='ltr'><strong>meretricis</strong></span> <span class='ocrx_word' id='word_1_589' title='bbox 1097 5738 1147 5809; x_wconf 93' lang='lat' dir='ltr'><strong>(l</strong></span> <span class='ocrx_word' id='word_1_590' title='bbox 1174 5739 1295 5797; x_wconf 84' lang='lat' dir='ltr'><strong>Cor.</strong></span> <span class='ocrx_word' id='word_1_591' title='bbox 1323 5757 1392 5805; x_wconf 74' lang='lat' dir='ltr'><strong>Vl,</strong></span> <span class='ocrx_word' id='word_1_592' title='bbox 1425 5740 1538 5812; x_wconf 81' lang='lat' dir='ltr'><strong>i3).</strong></span> <span class='ocrx_word' id='word_1_593' title='bbox 1571 5740 1703 5797; x_wconf 79' lang='lat' dir='ltr'><strong>Vide</strong></span> <span class='ocrx_word' id='word_1_594' title='bbox 1732 5742 1776 5795; x_wconf 92' lang='lat' dir='ltr'><strong>si</strong></span> <span class='ocrx_word' id='word_1_595' title='bbox 1804 5758 1924 5810; x_wconf 68' lang='lat' dir='ltr'><strong>pos-</strong></span> 
     </span>
    </p>
   </div>
   <div class='ocr_carea' id='block_1_76' title="bbox 332 5823 1922 5901">
    <p class='ocr_par' dir='ltr' id='par_1_76' title="bbox 332 5823 1922 5901">
     <span class='ocr_line' id='line_1_76' title="bbox 332 5823 1922 5901; baseline 0.004 -20"><span class='ocrx_word' id='word_1_596' title='bbox 332 5833 400 5881; x_wconf 91' lang='lat' dir='ltr'><strong>stt</strong></span> <span class='ocrx_word' id='word_1_597' title='bbox 416 5826 617 5893; x_wconf 87' lang='lat' dir='ltr'><strong>iunctis</strong></span> <span class='ocrx_word' id='word_1_598' title='bbox 639 5824 740 5882; x_wconf 82' lang='lat' dir='ltr'><strong>sibi</strong></span> <span class='ocrx_word' id='word_1_599' title='bbox 765 5823 963 5883; x_wconf 80' lang='lat' dir='ltr'><strong>Christi</strong></span> <span class='ocrx_word' id='word_1_600' title='bbox 992 5830 1247 5887; x_wconf 85' lang='lat' dir='ltr'><strong>membris</strong></span> <span class='ocrx_word' id='word_1_601' title='bbox 1261 5833 1516 5891; x_wconf 81' lang='lat' dir='ltr'><strong>meretrix</strong></span> <span class='ocrx_word' id='word_1_602' title='bbox 1545 5832 1922 5901; x_wconf 81' lang='lat' dir='ltr'><strong>redintegrari,</strong></span> 
     </span>
    </p>
   </div>
   <div class='ocr_carea' id='block_1_77' title="bbox 2024 1970 3635 2043">
    <p class='ocr_par' dir='ltr' id='par_1_77' title="bbox 2024 1970 3635 2043">
     <span class='ocr_line' id='line_1_77' title="bbox 2024 1970 3635 2043; baseline 0.001 -14"><span class='ocrx_word' id='word_1_603' title='bbox 2024 1973 2176 2029; x_wconf 87' lang='lat' dir='ltr'><strong>derat</strong></span> <span class='ocrx_word' id='word_1_604' title='bbox 2204 1970 2400 2043; x_wconf 72' lang='lat' dir='ltr'><strong>(Marc.</strong></span> <span class='ocrx_word' id='word_1_605' title='bbox 2444 1987 2520 2038; x_wconf 85' lang='lat' dir='ltr'><strong>xt,</strong></span> <span class='ocrx_word' id='word_1_606' title='bbox 2550 1971 2608 2043; x_wconf 73' lang='grc'><strong>2)</strong></span> <span class='ocrx_word' id='word_1_607' title='bbox 2644 1990 2658 2025; x_wconf 89' lang='lat'><strong>:</strong></span> <span class='ocrx_word' id='word_1_608' title='bbox 2688 1988 2848 2042; x_wconf 84' lang='lat' dir='ltr'><strong>quem</strong></span> <span class='ocrx_word' id='word_1_609' title='bbox 2879 1973 3049 2029; x_wconf 85' lang='lat' dir='ltr'><strong>tetius</strong></span> <span class='ocrx_word' id='word_1_610' title='bbox 3074 1974 3351 2028; x_wconf 69' lang='lat' dir='ltr'><strong>stecularis</strong></span> <span class='ocrx_word' id='word_1_611' title='bbox 3383 1989 3515 2029; x_wconf 86' lang='lat' dir='ltr'><strong>usus</strong></span> <span class='ocrx_word' id='word_1_612' title='bbox 3537 1990 3635 2030; x_wconf 84' lang='lat' dir='ltr'><strong>ex-</strong></span> 
     </span>
    </p>
   </div>
   <div class='ocr_carea' id='block_1_78' title="bbox 2025 2064 3635 2137">
    <p class='ocr_par' dir='ltr' id='par_1_78' title="bbox 2025 2064 3635 2137">
     <span class='ocr_line' id='line_1_78' title="bbox 2025 2064 3635 2137; baseline -0.001 -16"><span class='ocrx_word' id='word_1_613' title='bbox 2025 2077 2255 2137; x_wconf 85' lang='lat' dir='ltr'><strong>pertem,</strong></span> <span class='ocrx_word' id='word_1_614' title='bbox 2287 2064 2517 2121; x_wconf 82' lang='lat' dir='ltr'><strong>feliciter</strong></span> <span class='ocrx_word' id='word_1_615' title='bbox 2540 2064 2829 2119; x_wconf 85' lang='lat' dir='ltr'><strong>redderent</strong></span> <span class='ocrx_word' id='word_1_616' title='bbox 2854 2080 2961 2120; x_wconf 91' lang='lat' dir='ltr'><strong>non</strong></span> <span class='ocrx_word' id='word_1_617' title='bbox 2990 2066 3241 2134; x_wconf 85' lang='lat' dir='ltr'><strong>imposita</strong></span> <span class='ocrx_word' id='word_1_618' title='bbox 3270 2065 3482 2136; x_wconf 86' lang='lat' dir='ltr'><strong>flagella</strong></span> <span class='ocrx_word' id='word_1_619' title='bbox 3509 2066 3635 2121; x_wconf 63' lang='lat' dir='ltr'><strong>sub.</strong></span> 
     </span>
    </p>
   </div>
   <div class='ocr_carea' id='block_1_79' title="bbox 2023 2155 3632 2239">
    <p class='ocr_par' dir='ltr' id='par_1_79' title="bbox 2023 2155 3632 2239">
     <span class='ocr_line' id='line_1_79' title="bbox 2023 2155 3632 2239; baseline 0.001 -28"><span class='ocrx_word' id='word_1_620' title='bbox 2023 2158 2221 2225; x_wconf 78' lang='lat' dir='ltr'><strong>ditum,</strong></span> <span class='ocrx_word' id='word_1_621' title='bbox 2253 2156 2349 2211; x_wconf 92' lang='lat' dir='ltr'><strong>sed</strong></span> <span class='ocrx_word' id='word_1_622' title='bbox 2400 2155 2621 2210; x_wconf 84' lang='lat' dir='ltr'><strong>exordia</strong></span> <span class='ocrx_word' id='word_1_623' title='bbox 2652 2165 2839 2239; x_wconf 54' lang='lat' dir='ltr'><strong>saneta</strong></span> <span class='ocrx_word' id='word_1_624' title='bbox 2881 2165 3131 2213; x_wconf 79' lang='lat' dir='ltr'><strong>mansuct</strong></span> <span class='ocrx_word' id='word_1_625' title='bbox 3171 2172 3246 2211; x_wconf 92' lang='lat' dir='ltr'><strong>m.</strong></span> <span class='ocrx_word' id='word_1_626' title='bbox 3280 2155 3349 2211; x_wconf 78' lang='lat' dir='ltr'><strong>Et</strong></span> <span class='ocrx_word' id='word_1_627' title='bbox 3375 2165 3432 2212; x_wconf 93' lang='lat' dir='ltr'><strong>ut</strong></span> <span class='ocrx_word' id='word_1_628' title='bbox 3454 2158 3632 2225; x_wconf 89' lang='lat' dir='ltr'><strong>ipsum</strong></span> 
     </span>
    </p>
   </div>
   <div class='ocr_carea' id='block_1_80' title="bbox 2021 2249 3631 2321">
    <p class='ocr_par' dir='ltr' id='par_1_80' title="bbox 2021 2249 3631 2321">
     <span class='ocr_line' id='line_1_80' title="bbox 2021 2249 3631 2321; baseline 0.004 -20"><span class='ocrx_word' id='word_1_629' title='bbox 2021 2264 2239 2321; x_wconf 79' lang='lat' dir='ltr'><strong>quoque</strong></span> <span class='ocrx_word' id='word_1_630' title='bbox 2264 2249 2551 2305; x_wconf 72' lang='lat' dir='ltr'><strong>dominica:</strong></span> <span class='ocrx_word' id='word_1_631' title='bbox 2576 2250 2770 2305; x_wconf 89' lang='lat' dir='ltr'><strong>mortis</strong></span> <span class='ocrx_word' id='word_1_632' title='bbox 2797 2251 3115 2321; x_wconf 86' lang='lat' dir='ltr'><strong>mysterium</strong></span> <span class='ocrx_word' id='word_1_633' title='bbox 3145 2251 3399 2307; x_wconf 81' lang='lat' dir='ltr'><strong>novitatis</strong></span> <span class='ocrx_word' id='word_1_634' title='bbox 3422 2252 3631 2308; x_wconf 85' lang='lat' dir='ltr'><strong>honore</strong></span> 
     </span>
    </p>
   </div>
   <div class='ocr_carea' id='block_1_81' title="bbox 2024 2340 3633 2413">
    <p class='ocr_par' dir='ltr' id='par_1_81' title="bbox 2024 2340 3633 2413">
     <span class='ocr_line' id='line_1_81' title="bbox 2024 2340 3633 2413; baseline 0.001 -17"><span class='ocrx_word' id='word_1_635' title='bbox 2024 2356 2131 2396; x_wconf 92' lang='lat' dir='ltr'><strong>non</strong></span> <span class='ocrx_word' id='word_1_636' title='bbox 2163 2348 2365 2407; x_wconf 85' lang='lat' dir='ltr'><strong>careat,</strong></span> <span class='ocrx_word' id='word_1_637' title='bbox 2399 2340 2453 2395; x_wconf 92' lang='lat' dir='ltr'><strong>in</strong></span> <span class='ocrx_word' id='word_1_638' title='bbox 2486 2352 2837 2396; x_wconf 90' lang='lat' dir='ltr'><strong>monumento</strong></span> <span class='ocrx_word' id='word_1_639' title='bbox 2864 2356 3007 2398; x_wconf 90' lang='lat' dir='ltr'><strong>novo</strong></span> <span class='ocrx_word' id='word_1_640' title='bbox 3043 2343 3186 2412; x_wconf 92' lang='lat' dir='ltr'><strong>quod</strong></span> <span class='ocrx_word' id='word_1_641' title='bbox 3221 2344 3276 2399; x_wconf 92' lang='lat' dir='ltr'><strong>in</strong></span> <span class='ocrx_word' id='word_1_642' title='bbox 3305 2353 3456 2413; x_wconf 89' lang='lat' dir='ltr'><strong>petra</strong></span> <span class='ocrx_word' id='word_1_643' title='bbox 3478 2347 3633 2401; x_wconf 78' lang='lat' dir='ltr'><strong>exci-</strong></span> 
     </span>
    </p>
   </div>
   <div class='ocr_carea' id='block_1_82' title="bbox 2022 2430 3632 2501">
    <p class='ocr_par' dir='ltr' id='par_1_82' title="bbox 2022 2430 3632 2501">
     <span class='ocr_line' id='line_1_82' title="bbox 2022 2430 3632 2501; baseline 0.004 -16"><span class='ocrx_word' id='word_1_644' title='bbox 2022 2445 2142 2487; x_wconf 87' lang='lat' dir='ltr'><strong>sum</strong></span> <span class='ocrx_word' id='word_1_645' title='bbox 2165 2438 2250 2487; x_wconf 90' lang='lat' dir='ltr'><strong>est</strong></span> <span class='ocrx_word' id='word_1_646' title='bbox 2273 2472 2289 2498; x_wconf 88' lang='lat'><strong>,</strong></span> <span class='ocrx_word' id='word_1_647' title='bbox 2332 2430 2747 2501; x_wconf 81' lang='lat' dir='ltr'><strong>redemptricem</strong></span> <span class='ocrx_word' id='word_1_648' title='bbox 2780 2440 3020 2487; x_wconf 89' lang='lat' dir='ltr'><strong>nostram</strong></span> <span class='ocrx_word' id='word_1_649' title='bbox 3050 2432 3379 2489; x_wconf 86' lang='lat' dir='ltr'><strong>dominicam</strong></span> <span class='ocrx_word' id='word_1_650' title='bbox 3409 2448 3632 2491; x_wconf 85' lang='lat' dir='ltr'><strong>carnem</strong></span> 
     </span>
    </p>
   </div>
   <div class='ocr_carea' id='block_1_83' title="bbox 2025 2519 3625 2596">
    <p class='ocr_par' dir='ltr' id='par_1_83' title="bbox 2025 2519 3625 2596">
     <span class='ocr_line' id='line_1_83' title="bbox 2025 2519 3625 2596; baseline 0.002 -18"><span class='ocrx_word' id='word_1_651' title='bbox 2025 2522 2253 2594; x_wconf 87' lang='lat' dir='ltr'><strong>legimus</strong></span> <span class='ocrx_word' id='word_1_652' title='bbox 2282 2522 2598 2594; x_wconf 87' lang='lat' dir='ltr'><strong>quievisse(</strong></span> <span class='ocrx_word' id='word_1_653' title='bbox 2619 2521 2812 2578; x_wconf 75' lang='lat' dir='ltr'><strong>Matth.</strong></span> <span class='ocrx_word' id='word_1_654' title='bbox 2831 2537 3005 2590; x_wconf 83' lang='lat' dir='ltr'><strong>xxvn,</strong></span> <span class='ocrx_word' id='word_1_655' title='bbox 3025 2519 3287 2590; x_wconf 78' lang='lat' dir='ltr'><strong>60).Quis</strong></span> <span class='ocrx_word' id='word_1_656' title='bbox 3322 2539 3455 2596; x_wconf 90' lang='lat' dir='ltr'><strong>ergo</strong></span> <span class='ocrx_word' id='word_1_657' title='bbox 3490 2526 3625 2581; x_wconf 90' lang='lat' dir='ltr'><strong>mihi</strong></span> 
     </span>
    </p>
   </div>
   <div class='ocr_carea' id='block_1_84' title="bbox 2025 2612 3631 2686">
    <p class='ocr_par' dir='ltr' id='par_1_84' title="bbox 2025 2612 3631 2686">
     <span class='ocr_line' id='line_1_84' title="bbox 2025 2612 3631 2686; baseline 0.001 -16"><span class='ocrx_word' id='word_1_658' title='bbox 2025 2612 2355 2685; x_wconf 87' lang='lat' dir='ltr'><strong>persuadere</strong></span> <span class='ocrx_word' id='word_1_659' title='bbox 2386 2622 2632 2679; x_wconf 88' lang='lat' dir='ltr'><strong>conetur,</strong></span> <span class='ocrx_word' id='word_1_660' title='bbox 2665 2624 2782 2684; x_wconf 89' lang='lat' dir='ltr'><strong>post</strong></span> <span class='ocrx_word' id='word_1_661' title='bbox 2807 2628 3026 2671; x_wconf 87' lang='lat' dir='ltr'><strong>errores</strong></span> <span class='ocrx_word' id='word_1_662' title='bbox 3043 2614 3291 2670; x_wconf 89' lang='lat' dir='ltr'><strong>funerum</strong></span> <span class='ocrx_word' id='word_1_663' title='bbox 3321 2616 3631 2686; x_wconf 88' lang='lat' dir='ltr'><strong>sepulcrum</strong></span> 
     </span>
    </p>
   </div>
   <div class='ocr_carea' id='block_1_85' title="bbox 2025 2704 3629 2777">
    <p class='ocr_par' dir='ltr' id='par_1_85' title="bbox 2025 2704 3629 2777">
     <span class='ocr_line' id='line_1_85' title="bbox 2025 2704 3629 2777; baseline 0 -16"><span class='ocrx_word' id='word_1_664' title='bbox 2025 2720 2185 2777; x_wconf 86' lang='lat' dir='ltr'><strong>posse</strong></span> <span class='ocrx_word' id='word_1_665' title='bbox 2214 2705 2499 2761; x_wconf 80' lang='lat' dir='ltr'><strong>mandari?</strong></span> <span class='ocrx_word' id='word_1_666' title='bbox 2524 2705 2781 2773; x_wconf 85' lang='lat' dir='ltr'><strong>Quamvis</strong></span> <span class='ocrx_word' id='word_1_667' title='bbox 2815 2705 3118 2775; x_wconf 89' lang='lat' dir='ltr'><strong>putredinis</strong></span> <span class='ocrx_word' id='word_1_668' title='bbox 3144 2704 3373 2762; x_wconf 88' lang='lat' dir='ltr'><strong>humore</strong></span> <span class='ocrx_word' id='word_1_669' title='bbox 3402 2707 3545 2763; x_wconf 85' lang='lat' dir='ltr'><strong>sicca</strong></span> <span class='ocrx_word' id='word_1_670' title='bbox 3574 2722 3629 2775; x_wconf 79' lang='grc' dir='ltr'><strong>ο,</strong></span> 
     </span>
    </p>
   </div>
   <div class='ocr_carea' id='block_1_86' title="bbox 2024 2796 3631 2868">
    <p class='ocr_par' dir='ltr' id='par_1_86' title="bbox 2024 2796 3631 2868">
     <span class='ocr_line' id='line_1_86' title="bbox 2024 2796 3631 2868; baseline 0.001 -17"><span class='ocrx_word' id='word_1_671' title='bbox 2024 2797 2364 2867; x_wconf 87' lang='lat' dir='ltr'><strong>consumptis</strong></span> <span class='ocrx_word' id='word_1_672' title='bbox 2389 2796 2501 2868; x_wconf 87' lang='lat' dir='ltr'><strong>iam</strong></span> <span class='ocrx_word' id='word_1_673' title='bbox 2533 2796 2789 2853; x_wconf 88' lang='lat' dir='ltr'><strong>carnibus</strong></span> <span class='ocrx_word' id='word_1_674' title='bbox 2813 2837 2828 2863; x_wconf 88' lang='lat'><strong>,</strong></span> <span class='ocrx_word' id='word_1_675' title='bbox 2860 2796 2999 2853; x_wconf 89' lang='lat' dir='ltr'><strong>albis</strong></span> <span class='ocrx_word' id='word_1_676' title='bbox 3027 2796 3247 2852; x_wconf 88' lang='lat' dir='ltr'><strong>tumulis</strong></span> <span class='ocrx_word' id='word_1_677' title='bbox 3270 2798 3590 2853; x_wconf 90' lang='lat' dir='ltr'><strong>attollantur</strong></span> <span class='ocrx_word' id='word_1_678' title='bbox 3612 2840 3631 2866; x_wconf 89' lang='lat'><strong>,</strong></span> 
     </span>
    </p>
   </div>
   <div class='ocr_carea' id='block_1_87' title="bbox 2026 2888 3633 2956">
    <p class='ocr_par' dir='ltr' id='par_1_87' title="bbox 2026 2888 3633 2956">
     <span class='ocr_line' id='line_1_87' title="bbox 2026 2888 3633 2956; baseline 0.001 -10"><span class='ocrx_word' id='word_1_679' title='bbox 2026 2900 2271 2948; x_wconf 88' lang='lat' dir='ltr'><strong>remanet</strong></span> <span class='ocrx_word' id='word_1_680' title='bbox 2318 2889 2656 2944; x_wconf 86' lang='lat' dir='ltr'><strong>immunditia</strong></span> <span class='ocrx_word' id='word_1_681' title='bbox 2708 2888 3118 2956; x_wconf 86' lang='lat' dir='ltr'><strong>recordatione,</strong></span> <span class='ocrx_word' id='word_1_682' title='bbox 3154 2889 3373 2946; x_wconf 87' lang='lat' dir='ltr'><strong>etiamsi</strong></span> <span class='ocrx_word' id='word_1_683' title='bbox 3437 2889 3633 2947; x_wconf 80' lang='lat' dir='ltr'><strong>abesse</strong></span> 
     </span>
    </p>
   </div>
   <div class='ocr_carea' id='block_1_88' title="bbox 2024 2979 3635 3053">
    <p class='ocr_par' dir='ltr' id='par_1_88' title="bbox 2024 2979 3635 3053">
     <span class='ocr_line' id='line_1_88' title="bbox 2024 2979 3635 3053; baseline 0.001 -17"><span class='ocrx_word' id='word_1_684' title='bbox 2024 2992 2242 3053; x_wconf 90' lang='lat' dir='ltr'><strong>putetur</strong></span> <span class='ocrx_word' id='word_1_685' title='bbox 2286 2990 2529 3050; x_wconf 78' lang='lat' dir='ltr'><strong>aspectu.</strong></span> <span class='ocrx_word' id='word_1_686' title='bbox 2566 2979 2835 3052; x_wconf 80' lang='lat' dir='ltr'><strong>Espulisti</strong></span> <span class='ocrx_word' id='word_1_687' title='bbox 2877 2979 3095 3051; x_wconf 89' lang='lat' dir='ltr'><strong>quidem</strong></span> <span class='ocrx_word' id='word_1_688' title='bbox 3127 2981 3470 3037; x_wconf 91' lang='lat' dir='ltr'><strong>morticinum</strong></span> <span class='ocrx_word' id='word_1_689' title='bbox 3498 2982 3635 3052; x_wconf 77' lang='lat' dir='ltr'><strong>dng-</strong></span> 
     </span>
    </p>
   </div>
   <div class='ocr_carea' id='block_1_89' title="bbox 2024 3068 3635 3144">
    <p class='ocr_par' dir='ltr' id='par_1_89' title="bbox 2024 3068 3635 3144">
     <span class='ocr_line' id='line_1_89' title="bbox 2024 3068 3635 3144; baseline -0.002 -14"><span class='ocrx_word' id='word_1_690' title='bbox 2024 3075 2184 3131; x_wconf 86' lang='lat' dir='ltr'><strong>matis</strong></span> <span class='ocrx_word' id='word_1_691' title='bbox 2210 3073 2459 3141; x_wconf 89' lang='lat' dir='ltr'><strong>alieni,et</strong></span> <span class='ocrx_word' id='word_1_692' title='bbox 2484 3068 2855 3128; x_wconf 87' lang='lat' dir='ltr'><strong>fortitudinem</strong></span> <span class='ocrx_word' id='word_1_693' title='bbox 2884 3072 3004 3144; x_wconf 88' lang='lat' dir='ltr'><strong>eius</strong></span> <span class='ocrx_word' id='word_1_694' title='bbox 3024 3082 3329 3130; x_wconf 87' lang='lat' dir='ltr'><strong>emortuam</strong></span> <span class='ocrx_word' id='word_1_695' title='bbox 3359 3074 3431 3129; x_wconf 92' lang='lat' dir='ltr'><strong>de</strong></span> <span class='ocrx_word' id='word_1_696' title='bbox 3450 3076 3635 3144; x_wconf 87' lang='lat' dir='ltr'><strong>sepul-</strong></span> 
     </span>
    </p>
   </div>
   <div class='ocr_carea' id='block_1_90' title="bbox 2024 3168 3633 3240">
    <p class='ocr_par' dir='ltr' id='par_1_90' title="bbox 2024 3168 3633 3240">
     <span class='ocr_line' id='line_1_90' title="bbox 2024 3168 3633 3240; baseline -0.001 -14"><span class='ocrx_word' id='word_1_697' title='bbox 2024 3185 2121 3226; x_wconf 86' lang='lat' dir='ltr'><strong>cro</strong></span> <span class='ocrx_word' id='word_1_698' title='bbox 2150 3183 2251 3223; x_wconf 90' lang='lat' dir='ltr'><strong>suo</strong></span> <span class='ocrx_word' id='word_1_699' title='bbox 2289 3168 2445 3240; x_wconf 86' lang='lat' dir='ltr'><strong>quasi</strong></span> <span class='ocrx_word' id='word_1_700' title='bbox 2495 3181 2621 3222; x_wconf 87' lang='lat' dir='ltr'><strong>ossa</strong></span> <span class='ocrx_word' id='word_1_701' title='bbox 2670 3169 2876 3223; x_wconf 85' lang='lat' dir='ltr'><strong>honore</strong></span> <span class='ocrx_word' id='word_1_702' title='bbox 2916 3169 3154 3224; x_wconf 88' lang='lat' dir='ltr'><strong>carentia</strong></span> <span class='ocrx_word' id='word_1_703' title='bbox 3188 3168 3490 3239; x_wconf 85' lang='lat' dir='ltr'><strong>proiecisti.</strong></span> <span class='ocrx_word' id='word_1_704' title='bbox 3523 3169 3633 3225; x_wconf 85' lang='lat' dir='ltr'><strong>Sed</strong></span> 
     </span>
    </p>
   </div>
   <div class='ocr_carea' id='block_1_91' title="bbox 2025 3258 3635 3333">
    <p class='ocr_par' dir='ltr' id='par_1_91' title="bbox 2025 3258 3635 3333">
     <span class='ocr_line' id='line_1_91' title="bbox 2025 3258 3635 3333; baseline 0.001 -16"><span class='ocrx_word' id='word_1_705' title='bbox 2025 3270 2156 3333; x_wconf 90' lang='lat' dir='ltr'><strong>puto</strong></span> <span class='ocrx_word' id='word_1_706' title='bbox 2180 3260 2323 3332; x_wconf 90' lang='lat' dir='ltr'><strong>quod</strong></span> <span class='ocrx_word' id='word_1_707' title='bbox 2364 3258 2571 3330; x_wconf 81' lang='lat' dir='ltr'><strong>imponi</strong></span> <span class='ocrx_word' id='word_1_708' title='bbox 2617 3258 2673 3315; x_wconf 90' lang='lat' dir='ltr'><strong>in</strong></span> <span class='ocrx_word' id='word_1_709' title='bbox 2715 3258 2918 3316; x_wconf 87' lang='lat' dir='ltr'><strong>fetores</strong></span> <span class='ocrx_word' id='word_1_710' title='bbox 2944 3260 3085 3316; x_wconf 88' lang='lat' dir='ltr'><strong>sacri</strong></span> <span class='ocrx_word' id='word_1_711' title='bbox 3112 3261 3359 3330; x_wconf 76' lang='lat' dir='ltr'><strong>corporis</strong></span> <span class='ocrx_word' id='word_1_712' title='bbox 3390 3261 3635 3318; x_wconf 84' lang='lat' dir='ltr'><strong>membra</strong></span> 
     </span>
    </p>
   </div>
   <div class='ocr_carea' id='block_1_92' title="bbox 2024 3349 3636 3423">
    <p class='ocr_par' dir='ltr' id='par_1_92' title="bbox 2024 3349 3636 3423">
     <span class='ocr_line' id='line_1_92' title="bbox 2024 3349 3636 3423; baseline 0 -14"><span class='ocrx_word' id='word_1_713' title='bbox 2024 3367 2134 3409; x_wconf 91' lang='lat' dir='ltr'><strong>non</strong></span> <span class='ocrx_word' id='word_1_714' title='bbox 2158 3351 2415 3408; x_wconf 88' lang='lat' dir='ltr'><strong>debeant.</strong></span> <span class='ocrx_word' id='word_1_715' title='bbox 2442 3349 2521 3406; x_wconf 82' lang='lat' dir='ltr'><strong>Et</strong></span> <span class='ocrx_word' id='word_1_716' title='bbox 2557 3350 2709 3407; x_wconf 90' lang='lat' dir='ltr'><strong>dices</strong></span> <span class='ocrx_word' id='word_1_717' title='bbox 2750 3349 2977 3407; x_wconf 89' lang='lat' dir='ltr'><strong>forsitan</strong></span> <span class='ocrx_word' id='word_1_718' title='bbox 3016 3350 3336 3422; x_wconf 59' lang='lat' dir='ltr'><strong>haereticos,</strong></span> <span class='ocrx_word' id='word_1_719' title='bbox 3363 3351 3411 3407; x_wconf 86' lang='lat' dir='ltr'><strong>si</strong></span> <span class='ocrx_word' id='word_1_720' title='bbox 3436 3353 3516 3409; x_wconf 91' lang='lat' dir='ltr'><strong>eis</strong></span> <span class='ocrx_word' id='word_1_721' title='bbox 3538 3368 3636 3423; x_wconf 91' lang='lat' dir='ltr'><strong>po-</strong></span> 
     </span>
    </p>
   </div>
   <div class='ocr_carea' id='block_1_93' title="bbox 2027 3440 3637 3512">
    <p class='ocr_par' dir='ltr' id='par_1_93' title="bbox 2027 3440 3637 3512">
     <span class='ocr_line' id='line_1_93' title="bbox 2027 3440 3637 3512; baseline 0.002 -13"><span class='ocrx_word' id='word_1_722' title='bbox 2027 3454 2193 3500; x_wconf 85' lang='lat' dir='ltr'><strong>testas</strong></span> <span class='ocrx_word' id='word_1_723' title='bbox 2212 3442 2393 3510; x_wconf 90' lang='lat' dir='ltr'><strong>detur,</strong></span> <span class='ocrx_word' id='word_1_724' title='bbox 2416 3440 2608 3498; x_wconf 89' lang='lat' dir='ltr'><strong>altaria</strong></span> <span class='ocrx_word' id='word_1_725' title='bbox 2638 3453 2825 3499; x_wconf 66' lang='lat' dir='ltr'><strong>nostra</strong></span> <span class='ocrx_word' id='word_1_726' title='bbox 2852 3451 3141 3500; x_wconf 88' lang='lat' dir='ltr'><strong>temerare.</strong></span> <span class='ocrx_word' id='word_1_727' title='bbox 3174 3442 3378 3501; x_wconf 78' lang='lat' dir='ltr'><strong>Verum</strong></span> <span class='ocrx_word' id='word_1_728' title='bbox 3401 3455 3507 3512; x_wconf 85' lang='lat' dir='ltr'><strong>est,</strong></span> <span class='ocrx_word' id='word_1_729' title='bbox 3532 3461 3637 3503; x_wconf 89' lang='lat' dir='ltr'><strong>nec</strong></span> 
     </span>
    </p>
   </div>
   <div class='ocr_carea' id='block_1_94' title="bbox 2023 3535 3637 3611">
    <p class='ocr_par' dir='ltr' id='par_1_94' title="bbox 2023 3535 3637 3611">
     <span class='ocr_line' id='line_1_94' title="bbox 2023 3535 3637 3611; baseline 0.001 -17"><span class='ocrx_word' id='word_1_730' title='bbox 2023 3536 2239 3594; x_wconf 86' lang='lat' dir='ltr'><strong>refello.</strong></span> <span class='ocrx_word' id='word_1_731' title='bbox 2264 3535 2508 3593; x_wconf 71' lang='lat' dir='ltr'><strong>Statium</strong></span> <span class='ocrx_word' id='word_1_732' title='bbox 2540 3535 2761 3609; x_wconf 89' lang='lat' dir='ltr'><strong>quidem</strong></span> <span class='ocrx_word' id='word_1_733' title='bbox 2782 3551 2905 3593; x_wconf 92' lang='lat' dir='ltr'><strong>cum</strong></span> <span class='ocrx_word' id='word_1_734' title='bbox 2933 3546 3158 3609; x_wconf 87' lang='lat' dir='ltr'><strong>possunt</strong></span> <span class='ocrx_word' id='word_1_735' title='bbox 3178 3537 3341 3595; x_wconf 74' lang='lat' dir='ltr'><strong>fmdis</strong></span> <span class='ocrx_word' id='word_1_736' title='bbox 3370 3539 3637 3611; x_wconf 88' lang='lat' dir='ltr'><strong>unguibus</strong></span> 
     </span>
    </p>
   </div>
   <div class='ocr_carea' id='block_1_95' title="bbox 2024 3626 3635 3700">
    <p class='ocr_par' dir='ltr' id='par_1_95' title="bbox 2024 3626 3635 3700">
     <span class='ocr_line' id='line_1_95' title="bbox 2024 3626 3635 3700; baseline 0 -15"><span class='ocrx_word' id='word_1_737' title='bbox 2024 3627 2325 3685; x_wconf 88' lang='lat' dir='ltr'><strong>alienarum</strong></span> <span class='ocrx_word' id='word_1_738' title='bbox 2374 3627 2573 3684; x_wconf 64' lang='lat' dir='ltr'><strong>adium</strong></span> <span class='ocrx_word' id='word_1_739' title='bbox 2624 3641 2969 3700; x_wconf 76' lang='lat' dir='ltr'><strong>pervasurus.</strong></span> <span class='ocrx_word' id='word_1_740' title='bbox 3014 3626 3124 3686; x_wconf 87' lang='lat' dir='ltr'><strong>Sed</strong></span> <span class='ocrx_word' id='word_1_741' title='bbox 3166 3627 3277 3684; x_wconf 89' lang='lat' dir='ltr'><strong>vim</strong></span> <span class='ocrx_word' id='word_1_742' title='bbox 3323 3629 3635 3693; x_wconf 89' lang='lat' dir='ltr'><strong>intendere.</strong></span> 
     </span>
    </p>
   </div>
   <div class='ocr_carea' id='block_1_96' title="bbox 2026 3718 3635 3792">
    <p class='ocr_par' dir='ltr' id='par_1_96' title="bbox 2026 3718 3635 3792">
     <span class='ocr_line' id='line_1_96' title="bbox 2026 3718 3635 3792; baseline 0.001 -16"><span class='ocrx_word' id='word_1_743' title='bbox 2026 3719 2142 3777; x_wconf 91' lang='lat' dir='ltr'><strong>loca</strong></span> <span class='ocrx_word' id='word_1_744' title='bbox 2173 3718 2473 3792; x_wconf 88' lang='lat' dir='ltr'><strong>pervadere</strong></span> <span class='ocrx_word' id='word_1_745' title='bbox 2493 3762 2510 3788; x_wconf 91' lang='lat'><strong>,</strong></span> <span class='ocrx_word' id='word_1_746' title='bbox 2542 3718 2731 3776; x_wconf 85' lang='lat' dir='ltr'><strong>altaria</strong></span> <span class='ocrx_word' id='word_1_747' title='bbox 2765 3728 3136 3786; x_wconf 87' lang='lat' dir='ltr'><strong>commutare,</strong></span> <span class='ocrx_word' id='word_1_748' title='bbox 3164 3735 3273 3777; x_wconf 91' lang='lat' dir='ltr'><strong>non</strong></span> <span class='ocrx_word' id='word_1_749' title='bbox 3305 3722 3542 3791; x_wconf 89' lang='lat' dir='ltr'><strong>pertinet</strong></span> <span class='ocrx_word' id='word_1_750' title='bbox 3565 3721 3635 3777; x_wconf 89' lang='lat' dir='ltr'><strong>ad</strong></span> 
     </span>
    </p>
   </div>
   <div class='ocr_carea' id='block_1_97' title="bbox 2025 3812 3637 3885">
    <p class='ocr_par' dir='ltr' id='par_1_97' title="bbox 2025 3812 3637 3885">
     <span class='ocr_line' id='line_1_97' title="bbox 2025 3812 3637 3885; baseline 0.001 -15"><span class='ocrx_word' id='word_1_751' title='bbox 2025 3812 2354 3871; x_wconf 84' lang='lat' dir='ltr'><strong>columbam.</strong></span> <span class='ocrx_word' id='word_1_752' title='bbox 2387 3812 2690 3883; x_wconf 80' lang='lat' dir='ltr'><strong>Specialius</strong></span> <span class='ocrx_word' id='word_1_753' title='bbox 2727 3828 2861 3885; x_wconf 86' lang='lat' dir='ltr'><strong>ergo</strong></span> <span class='ocrx_word' id='word_1_754' title='bbox 2905 3812 3217 3884; x_wconf 89' lang='lat' dir='ltr'><strong>fugiendum</strong></span> <span class='ocrx_word' id='word_1_755' title='bbox 3241 3855 3257 3881; x_wconf 92' lang='lat'><strong>,</strong></span> <span class='ocrx_word' id='word_1_756' title='bbox 3287 3813 3432 3884; x_wconf 88' lang='lat' dir='ltr'><strong>quod</strong></span> <span class='ocrx_word' id='word_1_757' title='bbox 3471 3813 3637 3871; x_wconf 91' lang='lat' dir='ltr'><strong>licere</strong></span> 
     </span>
    </p>
   </div>
   <div class='ocr_carea' id='block_1_98' title="bbox 2025 3902 3638 3975">
    <p class='ocr_par' dir='ltr' id='par_1_98' title="bbox 2025 3902 3638 3975">
     <span class='ocr_line' id='line_1_98' title="bbox 2025 3902 3638 3975; baseline -0.002 -13"><span class='ocrx_word' id='word_1_758' title='bbox 2025 3904 2129 3962; x_wconf 89' lang='lat' dir='ltr'><strong>sibi</strong></span> <span class='ocrx_word' id='word_1_759' title='bbox 2162 3904 2453 3961; x_wconf 78' lang='lat' dir='ltr'><strong>hzereticus</strong></span> <span class='ocrx_word' id='word_1_760' title='bbox 2484 3910 2653 3974; x_wconf 87' lang='lat' dir='ltr'><strong>putat.</strong></span> <span class='ocrx_word' id='word_1_761' title='bbox 2688 3903 2772 3958; x_wconf 80' lang='lat' dir='ltr'><strong>Ab</strong></span> <span class='ocrx_word' id='word_1_762' title='bbox 2808 3902 3065 3975; x_wconf 85' lang='lat' dir='ltr'><strong>exemplo</strong></span> <span class='ocrx_word' id='word_1_763' title='bbox 3110 3904 3280 3975; x_wconf 87' lang='lat' dir='ltr'><strong>magis</strong></span> <span class='ocrx_word' id='word_1_764' title='bbox 3308 3903 3481 3961; x_wconf 87' lang='lat' dir='ltr'><strong>vitare</strong></span> <span class='ocrx_word' id='word_1_765' title='bbox 3506 3919 3638 3959; x_wconf 77' lang='lat' dir='ltr'><strong>con-</strong></span> 
     </span>
    </p>
   </div>
   <div class='ocr_carea' id='block_1_99' title="bbox 2024 3994 3638 4068">
    <p class='ocr_par' dir='ltr' id='par_1_99' title="bbox 2024 3994 3638 4068">
     <span class='ocr_line' id='line_1_99' title="bbox 2024 3994 3638 4068; baseline 0 -15"><span class='ocrx_word' id='word_1_766' title='bbox 2024 3998 2173 4054; x_wconf 89' lang='lat' dir='ltr'><strong>venit</strong></span> <span class='ocrx_word' id='word_1_767' title='bbox 2203 3997 2349 4068; x_wconf 88' lang='lat' dir='ltr'><strong>quod</strong></span> <span class='ocrx_word' id='word_1_768' title='bbox 2379 3996 2551 4052; x_wconf 89' lang='lat' dir='ltr'><strong>hostis</strong></span> <span class='ocrx_word' id='word_1_769' title='bbox 2582 3994 2948 4065; x_wconf 83' lang='lat' dir='ltr'><strong>amplectitur.</strong></span> <span class='ocrx_word' id='word_1_770' title='bbox 2982 3995 3093 4052; x_wconf 84' lang='lat' dir='ltr'><strong>Nec</strong></span> <span class='ocrx_word' id='word_1_771' title='bbox 3118 3998 3315 4052; x_wconf 88' lang='lat' dir='ltr'><strong>mirum</strong></span> <span class='ocrx_word' id='word_1_772' title='bbox 3346 4007 3432 4053; x_wconf 83' lang='lat' dir='ltr'><strong>est</strong></span> <span class='ocrx_word' id='word_1_773' title='bbox 3466 3998 3511 4053; x_wconf 88' lang='lat' dir='ltr'><strong>si</strong></span> <span class='ocrx_word' id='word_1_774' title='bbox 3542 3997 3638 4053; x_wconf 89' lang='lat' dir='ltr'><strong>de-</strong></span> 
     </span>
    </p>
   </div>
   <div class='ocr_carea' id='block_1_100' title="bbox 2026 4086 3637 4159">
    <p class='ocr_par' dir='ltr' id='par_1_100' title="bbox 2026 4086 3637 4159">
     <span class='ocr_line' id='line_1_100' title="bbox 2026 4086 3637 4159; baseline 0 -13"><span class='ocrx_word' id='word_1_775' title='bbox 2026 4088 2327 4146; x_wconf 87' lang='lat' dir='ltr'><strong>dicationes</strong></span> <span class='ocrx_word' id='word_1_776' title='bbox 2355 4087 2635 4159; x_wconf 87' lang='lat' dir='ltr'><strong>geminare</strong></span> <span class='ocrx_word' id='word_1_777' title='bbox 2657 4086 2915 4153; x_wconf 83' lang='lat' dir='ltr'><strong>audeant,</strong></span> <span class='ocrx_word' id='word_1_778' title='bbox 2947 4087 3037 4157; x_wconf 90' lang='lat' dir='ltr'><strong>qui</strong></span> <span class='ocrx_word' id='word_1_779' title='bbox 3068 4087 3394 4158; x_wconf 88' lang='lat' dir='ltr'><strong>baptismata</strong></span> <span class='ocrx_word' id='word_1_780' title='bbox 3423 4090 3637 4146; x_wconf 88' lang='lat' dir='ltr'><strong>confre-</strong></span> 
     </span>
    </p>
   </div>
   <div class='ocr_carea' id='block_1_101' title="bbox 2026 4177 3636 4251">
    <p class='ocr_par' dir='ltr' id='par_1_101' title="bbox 2026 4177 3636 4251">
     <span class='ocr_line' id='line_1_101' title="bbox 2026 4177 3636 4251; baseline 0.002 -20"><span class='ocrx_word' id='word_1_781' title='bbox 2026 4188 2303 4251; x_wconf 86' lang='lat' dir='ltr'><strong>quentant.</strong></span> <span class='ocrx_word' id='word_1_782' title='bbox 2356 4177 2509 4246; x_wconf 88' lang='lat' dir='ltr'><strong>Quod</strong></span> <span class='ocrx_word' id='word_1_783' title='bbox 2556 4178 2701 4234; x_wconf 84' lang='lat' dir='ltr'><strong>circa</strong></span> <span class='ocrx_word' id='word_1_784' title='bbox 2754 4193 2860 4233; x_wconf 90' lang='lat' dir='ltr'><strong>non</strong></span> <span class='ocrx_word' id='word_1_785' title='bbox 2909 4178 3040 4249; x_wconf 90' lang='lat' dir='ltr'><strong>quid</strong></span> <span class='ocrx_word' id='word_1_786' title='bbox 3068 4186 3339 4243; x_wconf 87' lang='lat' dir='ltr'><strong>statuam,</strong></span> <span class='ocrx_word' id='word_1_787' title='bbox 3368 4179 3465 4236; x_wconf 86' lang='lat' dir='ltr'><strong>sed</strong></span> <span class='ocrx_word' id='word_1_788' title='bbox 3506 4180 3636 4250; x_wconf 91' lang='lat' dir='ltr'><strong>quid</strong></span> 
     </span>
    </p>
   </div>
   <div class='ocr_carea' id='block_1_102' title="bbox 2027 4269 3634 4343">
    <p class='ocr_par' dir='ltr' id='par_1_102' title="bbox 2027 4269 3634 4343">
     <span class='ocr_line' id='line_1_102' title="bbox 2027 4269 3634 4343; baseline 0.001 -16"><span class='ocrx_word' id='word_1_789' title='bbox 2027 4280 2207 4343; x_wconf 88' lang='lat' dir='ltr'><strong>optem</strong></span> <span class='ocrx_word' id='word_1_790' title='bbox 2232 4272 2470 4327; x_wconf 78' lang='lat' dir='ltr'><strong>breviter</strong></span> <span class='ocrx_word' id='word_1_791' title='bbox 2499 4270 2751 4326; x_wconf 73' lang='lat' dir='ltr'><strong>indicari.</strong></span> <span class='ocrx_word' id='word_1_792' title='bbox 2784 4269 3036 4326; x_wconf 72' lang='lat' dir='ltr'><strong>Hmretici</strong></span> <span class='ocrx_word' id='word_1_793' title='bbox 3067 4270 3249 4327; x_wconf 83' lang='lat' dir='ltr'><strong>cultus</strong></span> <span class='ocrx_word' id='word_1_794' title='bbox 3270 4271 3388 4326; x_wconf 89' lang='lat' dir='ltr'><strong>loca</strong></span> <span class='ocrx_word' id='word_1_795' title='bbox 3413 4272 3634 4341; x_wconf 84' lang='lat' dir='ltr'><strong>pervadi</strong></span> 
     </span>
    </p>
   </div>
   <div class='ocr_carea' id='block_1_103' title="bbox 2027 4360 3611 4434">
    <p class='ocr_par' dir='ltr' id='par_1_103' title="bbox 2027 4360 3611 4434">
     <span class='ocr_line' id='line_1_103' title="bbox 2027 4360 3611 4434; baseline 0.001 -16"><span class='ocrx_word' id='word_1_796' title='bbox 2027 4362 2251 4429; x_wconf 79' lang='lat' dir='ltr'><strong>nollem,</strong></span> <span class='ocrx_word' id='word_1_797' title='bbox 2277 4377 2528 4433; x_wconf 88' lang='lat' dir='ltr'><strong>cuperem</strong></span> <span class='ocrx_word' id='word_1_798' title='bbox 2554 4360 2890 4433; x_wconf 63' lang='lat' dir='ltr'><strong>prastermitti</strong></span> <span class='ocrx_word' id='word_1_799' title='bbox 2906 4362 2958 4417; x_wconf 89' lang='lat' dir='ltr'><strong>in</strong></span> <span class='ocrx_word' id='word_1_800' title='bbox 2981 4376 3193 4418; x_wconf 90' lang='lat' dir='ltr'><strong>morem</strong></span> <span class='ocrx_word' id='word_1_801' title='bbox 3213 4364 3611 4434; x_wconf 86' lang='lat' dir='ltr'><strong>ergastulorum</strong></span> 
     </span>
    </p>
   </div>
   <div class='ocr_carea' id='block_1_104' title="bbox 2026 4454 3636 4527">
    <p class='ocr_par' dir='ltr' id='par_1_104' title="bbox 2026 4454 3636 4527">
     <span class='ocr_line' id='line_1_104' title="bbox 2026 4454 3636 4527; baseline 0.002 -15"><span class='ocrx_word' id='word_1_802' title='bbox 2026 4454 2253 4526; x_wconf 88' lang='lat' dir='ltr'><strong>Semper</strong></span> <span class='ocrx_word' id='word_1_803' title='bbox 2280 4454 2575 4527; x_wconf 86' lang='lat' dir='ltr'><strong>optandum</strong></span> <span class='ocrx_word' id='word_1_804' title='bbox 2601 4462 2687 4512; x_wconf 88' lang='lat' dir='ltr'><strong>est</strong></span> <span class='ocrx_word' id='word_1_805' title='bbox 2708 4496 2726 4522; x_wconf 88' lang='lat'><strong>,</strong></span> <span class='ocrx_word' id='word_1_806' title='bbox 2755 4469 2864 4511; x_wconf 88' lang='lat' dir='ltr'><strong>non</strong></span> <span class='ocrx_word' id='word_1_807' title='bbox 2893 4464 2953 4511; x_wconf 89' lang='lat' dir='ltr'><strong>ut</strong></span> <span class='ocrx_word' id='word_1_808' title='bbox 2980 4465 3185 4512; x_wconf 88' lang='lat' dir='ltr'><strong>mutata</strong></span> <span class='ocrx_word' id='word_1_809' title='bbox 3217 4465 3512 4527; x_wconf 87' lang='lat' dir='ltr'><strong>transeant,</strong></span> <span class='ocrx_word' id='word_1_810' title='bbox 3538 4457 3636 4515; x_wconf 87' lang='lat' dir='ltr'><strong>sed</strong></span> 
     </span>
    </p>
   </div>
   <div class='ocr_carea' id='block_1_105' title="bbox 2030 4545 3635 4619">
    <p class='ocr_par' dir='ltr' id='par_1_105' title="bbox 2030 4545 3635 4619">
     <span class='ocr_line' id='line_1_105' title="bbox 2030 4545 3635 4619; baseline 0.003 -18"><span class='ocrx_word' id='word_1_811' title='bbox 2030 4545 2427 4619; x_wconf 82' lang='lat' dir='ltr'><strong>infrequentata</strong></span> <span class='ocrx_word' id='word_1_812' title='bbox 2454 4555 2786 4616; x_wconf 87' lang='lat' dir='ltr'><strong>torpescant.</strong></span> <span class='ocrx_word' id='word_1_813' title='bbox 2816 4545 3034 4603; x_wconf 87' lang='lat' dir='ltr'><strong>Salubri</strong></span> <span class='ocrx_word' id='word_1_814' title='bbox 3080 4548 3400 4619; x_wconf 90' lang='lat' dir='ltr'><strong>populorum</strong></span> <span class='ocrx_word' id='word_1_815' title='bbox 3443 4564 3635 4606; x_wconf 80' lang='lat' dir='ltr'><strong>corre-</strong></span> 
     </span>
    </p>
   </div>
   <div class='ocr_carea' id='block_1_106' title="bbox 2032 4638 3634 4711">
    <p class='ocr_par' dir='ltr' id='par_1_106' title="bbox 2032 4638 3634 4711">
     <span class='ocr_line' id='line_1_106' title="bbox 2032 4638 3634 4711; baseline 0.002 -17"><span class='ocrx_word' id='word_1_816' title='bbox 2032 4639 2213 4694; x_wconf 91' lang='lat' dir='ltr'><strong>ctione</strong></span> <span class='ocrx_word' id='word_1_817' title='bbox 2240 4638 2461 4694; x_wconf 88' lang='lat' dir='ltr'><strong>defertis</strong></span> <span class='ocrx_word' id='word_1_818' title='bbox 2492 4647 2706 4693; x_wconf 86' lang='lat' dir='ltr'><strong>maneat</strong></span> <span class='ocrx_word' id='word_1_819' title='bbox 2733 4648 2934 4695; x_wconf 67' lang='lat' dir='ltr'><strong>aeterna</strong></span> <span class='ocrx_word' id='word_1_820' title='bbox 2965 4638 3242 4694; x_wconf 82' lang='lat' dir='ltr'><strong>viduitas:</strong></span> <span class='ocrx_word' id='word_1_821' title='bbox 3272 4655 3373 4695; x_wconf 87' lang='lat' dir='ltr'><strong>nec</strong></span> <span class='ocrx_word' id='word_1_822' title='bbox 3394 4656 3634 4711; x_wconf 85' lang='lat' dir='ltr'><strong>unquam</strong></span> 
     </span>
    </p>
   </div>
   <div class='ocr_carea' id='block_1_107' title="bbox 2032 4730 3634 4804">
    <p class='ocr_par' dir='ltr' id='par_1_107' title="bbox 2032 4730 3634 4804">
     <span class='ocr_line' id='line_1_107' title="bbox 2032 4730 3634 4804; baseline 0.001 -18"><span class='ocrx_word' id='word_1_823' title='bbox 2032 4731 2323 4802; x_wconf 86' lang='lat' dir='ltr'><strong>recipiatur</strong></span> <span class='ocrx_word' id='word_1_824' title='bbox 2349 4745 2376 4784; x_wconf 87' lang='lat' dir='ltr'><strong>a</strong></span> <span class='ocrx_word' id='word_1_825' title='bbox 2410 4730 2631 4797; x_wconf 73' lang='lat' dir='ltr'><strong>noetris,</strong></span> <span class='ocrx_word' id='word_1_826' title='bbox 2684 4730 2829 4802; x_wconf 84' lang='lat' dir='ltr'><strong>quod</strong></span> <span class='ocrx_word' id='word_1_827' title='bbox 2858 4731 3233 4787; x_wconf 83' lang='lat' dir='ltr'><strong>conversionis</strong></span> <span class='ocrx_word' id='word_1_828' title='bbox 3260 4733 3443 4800; x_wconf 67' lang='lat' dir='ltr'><strong>studio</strong></span> <span class='ocrx_word' id='word_1_829' title='bbox 3470 4749 3634 4804; x_wconf 86' lang='lat' dir='ltr'><strong>repu-</strong></span> 
     </span>
    </p>
   </div>
   <div class='ocr_carea' id='block_1_108' title="bbox 2031 4824 3636 4899">
    <p class='ocr_par' dir='ltr' id='par_1_108' title="bbox 2031 4824 3636 4899">
     <span class='ocr_line' id='line_1_108' title="bbox 2031 4824 3636 4899; baseline 0.004 -21"><span class='ocrx_word' id='word_1_830' title='bbox 2031 4824 2207 4879; x_wconf 90' lang='lat' dir='ltr'><strong>diatur</strong></span> <span class='ocrx_word' id='word_1_831' title='bbox 2236 4841 2263 4879; x_wconf 90' lang='lat' dir='ltr'><strong>a</strong></span> <span class='ocrx_word' id='word_1_832' title='bbox 2305 4825 2561 4895; x_wconf 84' lang='lat' dir='ltr'><strong>propriis.</strong></span> <span class='ocrx_word' id='word_1_833' title='bbox 2610 4824 2687 4880; x_wconf 87' lang='lat' dir='ltr'><strong>De</strong></span> <span class='ocrx_word' id='word_1_834' title='bbox 2734 4824 3052 4882; x_wconf 68' lang='lat' dir='ltr'><strong>ministeriis</strong></span> <span class='ocrx_word' id='word_1_835' title='bbox 3096 4826 3474 4883; x_wconf 67' lang='lat' dir='ltr'><strong>haereticorum</strong></span> <span class='ocrx_word' id='word_1_836' title='bbox 3514 4844 3636 4899; x_wconf 67' lang='lat' dir='ltr'><strong>qum</strong></span> 
     </span>
    </p>
   </div>
   <div class='ocr_carea' id='block_1_109' title="bbox 2033 4915 3635 4990">
    <p class='ocr_par' dir='ltr' id='par_1_109' title="bbox 2033 4915 3635 4990">
     <span class='ocr_line' id='line_1_109' title="bbox 2033 4915 3635 4990; baseline 0.002 -19"><span class='ocrx_word' id='word_1_837' title='bbox 2033 4915 2143 4971; x_wconf 91' lang='lat' dir='ltr'><strong>illis</strong></span> <span class='ocrx_word' id='word_1_838' title='bbox 2164 4930 2338 4979; x_wconf 84' lang='lat' dir='ltr'><strong>sacra,</strong></span> <span class='ocrx_word' id='word_1_839' title='bbox 2365 4916 2520 4971; x_wconf 88' lang='lat' dir='ltr'><strong>nobis</strong></span> <span class='ocrx_word' id='word_1_840' title='bbox 2542 4915 2896 4972; x_wconf 73' lang='lat' dir='ltr'><strong>exsecrabilis</strong></span> <span class='ocrx_word' id='word_1_841' title='bbox 2924 4915 3258 4986; x_wconf 79' lang='lat' dir='ltr'><strong>iudicantur,</strong></span> <span class='ocrx_word' id='word_1_842' title='bbox 3288 4918 3339 4973; x_wconf 92' lang='lat' dir='ltr'><strong>id</strong></span> <span class='ocrx_word' id='word_1_843' title='bbox 3369 4928 3452 4975; x_wconf 83' lang='lat' dir='ltr'><strong>est</strong></span> <span class='ocrx_word' id='word_1_844' title='bbox 3478 4930 3635 4990; x_wconf 87' lang='lat' dir='ltr'><strong>pate-</strong></span> 
     </span>
    </p>
   </div>
   <div class='ocr_carea' id='block_1_110' title="bbox 2034 5008 3637 5081">
    <p class='ocr_par' dir='ltr' id='par_1_110' title="bbox 2034 5008 3637 5081">
     <span class='ocr_line' id='line_1_110' title="bbox 2034 5008 3637 5081; baseline 0.004 -19"><span class='ocrx_word' id='word_1_845' title='bbox 2034 5008 2118 5063; x_wconf 90' lang='lat' dir='ltr'><strong>nis</strong></span> <span class='ocrx_word' id='word_1_846' title='bbox 2144 5011 2479 5079; x_wconf 88' lang='lat' dir='ltr'><strong>paterisque,</strong></span> <span class='ocrx_word' id='word_1_847' title='bbox 2509 5011 2629 5079; x_wconf 81' lang='lat' dir='ltr'><strong>quia</strong></span> <span class='ocrx_word' id='word_1_848' title='bbox 2653 5009 2779 5078; x_wconf 89' lang='lat' dir='ltr'><strong>quid</strong></span> <span class='ocrx_word' id='word_1_849' title='bbox 2810 5024 3062 5065; x_wconf 89' lang='lat' dir='ltr'><strong>censeam</strong></span> <span class='ocrx_word' id='word_1_850' title='bbox 3088 5011 3312 5081; x_wconf 90' lang='lat' dir='ltr'><strong>perinde</strong></span> <span class='ocrx_word' id='word_1_851' title='bbox 3336 5012 3637 5069; x_wconf 84' lang='lat' dir='ltr'><strong>rescribere</strong></span> 
     </span>
    </p>
   </div>
   <div class='ocr_carea' id='block_1_111' title="bbox 2032 5099 3632 5171">
    <p class='ocr_par' dir='ltr' id='par_1_111' title="bbox 2032 5099 3632 5171">
     <span class='ocr_line' id='line_1_111' title="bbox 2032 5099 3632 5171; baseline 0.001 -16"><span class='ocrx_word' id='word_1_852' title='bbox 2032 5115 2119 5156; x_wconf 91' lang='lat' dir='ltr'><strong>me</strong></span> <span class='ocrx_word' id='word_1_853' title='bbox 2143 5101 2387 5171; x_wconf 87' lang='lat' dir='ltr'><strong>iussisti,</strong></span> <span class='ocrx_word' id='word_1_854' title='bbox 2420 5100 2614 5155; x_wconf 84' lang='lat' dir='ltr'><strong>validae</strong></span> <span class='ocrx_word' id='word_1_855' title='bbox 2644 5099 2862 5171; x_wconf 91' lang='lat' dir='ltr'><strong>quidem</strong></span> <span class='ocrx_word' id='word_1_856' title='bbox 2893 5101 3292 5157; x_wconf 83' lang='lat' dir='ltr'><strong>observationis</strong></span> <span class='ocrx_word' id='word_1_857' title='bbox 3322 5102 3632 5171; x_wconf 85' lang='lat' dir='ltr'><strong>exemplum</strong></span> 
     </span>
    </p>
   </div>
   <div class='ocr_carea' id='block_1_112' title="bbox 2030 5191 3638 5265">
    <p class='ocr_par' dir='ltr' id='par_1_112' title="bbox 2030 5191 3638 5265">
     <span class='ocr_line' id='line_1_112' title="bbox 2030 5191 3638 5265; baseline 0 -17"><span class='ocrx_word' id='word_1_858' title='bbox 2030 5201 2134 5259; x_wconf 83' lang='lat' dir='ltr'><strong>est,</strong></span> <span class='ocrx_word' id='word_1_859' title='bbox 2159 5192 2511 5263; x_wconf 51' lang='lat' dir='ltr'><strong>quodlchtur</strong></span> <span class='ocrx_word' id='word_1_860' title='bbox 2535 5192 2587 5247; x_wconf 89' lang='lat' dir='ltr'><strong>in</strong></span> <span class='ocrx_word' id='word_1_861' title='bbox 2614 5191 2954 5262; x_wconf 82' lang='lat' dir='ltr'><strong>iieptatycho</strong></span> <span class='ocrx_word' id='word_1_862' title='bbox 2980 5192 3171 5263; x_wconf 83' lang='lat' dir='ltr'><strong>(Num.</strong></span> <span class='ocrx_word' id='word_1_863' title='bbox 3207 5192 3342 5265; x_wconf 80' lang='lat' dir='ltr'><strong>xvi),</strong></span> <span class='ocrx_word' id='word_1_864' title='bbox 3366 5192 3433 5248; x_wconf 92' lang='lat' dir='ltr'><strong>de</strong></span> <span class='ocrx_word' id='word_1_865' title='bbox 3454 5192 3638 5248; x_wconf 83' lang='lat' dir='ltr'><strong>tbur&#39;-</strong></span> 
     </span>
    </p>
   </div>
   <div class='ocr_carea' id='block_1_113' title="bbox 2031 5283 3633 5354">
    <p class='ocr_par' dir='ltr' id='par_1_113' title="bbox 2031 5283 3633 5354">
     <span class='ocr_line' id='line_1_113' title="bbox 2031 5283 3633 5354; baseline 0.002 -16"><span class='ocrx_word' id='word_1_866' title='bbox 2031 5284 2170 5338; x_wconf 88' lang='lat' dir='ltr'><strong>bulis</strong></span> <span class='ocrx_word' id='word_1_867' title='bbox 2195 5293 2539 5353; x_wconf 77' lang='lat' dir='ltr'><strong>pecettorum</strong></span> <span class='ocrx_word' id='word_1_868' title='bbox 2568 5328 2582 5353; x_wconf 90' lang='lat'><strong>,</strong></span> <span class='ocrx_word' id='word_1_869' title='bbox 2613 5283 2703 5354; x_wconf 85' lang='lat' dir='ltr'><strong>qui</strong></span> <span class='ocrx_word' id='word_1_870' title='bbox 2734 5285 2911 5354; x_wconf 86' lang='lat' dir='ltr'><strong>ignem</strong></span> <span class='ocrx_word' id='word_1_871' title='bbox 2944 5284 3188 5341; x_wconf 88' lang='lat' dir='ltr'><strong>illicitum</strong></span> <span class='ocrx_word' id='word_1_872' title='bbox 3222 5295 3633 5354; x_wconf 70' lang='lat' dir='ltr'><strong>praesumentes,</strong></span> 
     </span>
    </p>
   </div>
   <div class='ocr_carea' id='block_1_114' title="bbox 2032 5376 3635 5447">
    <p class='ocr_par' dir='ltr' id='par_1_114' title="bbox 2032 5376 3635 5447">
     <span class='ocr_line' id='line_1_114' title="bbox 2032 5376 3635 5447; baseline 0 -16"><span class='ocrx_word' id='word_1_873' title='bbox 2032 5377 2283 5432; x_wconf 73' lang='lat' dir='ltr'><strong>incendio</strong></span> <span class='ocrx_word' id='word_1_874' title='bbox 2307 5376 2617 5446; x_wconf 87' lang='lat' dir='ltr'><strong>temporalis</strong></span> <span class='ocrx_word' id='word_1_875' title='bbox 2646 5377 2911 5447; x_wconf 79' lang='lat' dir='ltr'><strong>geltenna:</strong></span> <span class='ocrx_word' id='word_1_876' title='bbox 2936 5385 3198 5431; x_wconf 78' lang='lat' dir='ltr'><strong>teternam</strong></span> <span class='ocrx_word' id='word_1_877' title='bbox 3226 5377 3474 5446; x_wconf 88' lang='lat' dir='ltr'><strong>signante</strong></span> <span class='ocrx_word' id='word_1_878' title='bbox 3497 5390 3635 5432; x_wconf 87' lang='lat' dir='ltr'><strong>con-</strong></span> 
     </span>
    </p>
   </div>
   <div class='ocr_carea' id='block_1_115' title="bbox 2030 5467 3636 5537">
    <p class='ocr_par' dir='ltr' id='par_1_115' title="bbox 2030 5467 3636 5537">
     <span class='ocr_line' id='line_1_115' title="bbox 2030 5467 3636 5537; baseline 0.002 -18"><span class='ocrx_word' id='word_1_879' title='bbox 2030 5468 2227 5537; x_wconf 78' lang='lat' dir='ltr'><strong>sumpti</strong></span> <span class='ocrx_word' id='word_1_880' title='bbox 2252 5478 2400 5524; x_wconf 81' lang='lat' dir='ltr'><strong>sum.</strong></span> <span class='ocrx_word' id='word_1_881' title='bbox 2432 5467 2693 5523; x_wconf 69' lang='lat' dir='ltr'><strong>iacebant</strong></span> <span class='ocrx_word' id='word_1_882' title='bbox 2724 5482 2957 5537; x_wconf 87' lang='lat' dir='ltr'><strong>namque</strong></span> <span class='ocrx_word' id='word_1_883' title='bbox 2987 5468 3157 5522; x_wconf 90' lang='lat' dir='ltr'><strong>cineri</strong></span> <span class='ocrx_word' id='word_1_884' title='bbox 3191 5469 3486 5537; x_wconf 75' lang='lat' dir='ltr'><strong>primisque</strong></span> <span class='ocrx_word' id='word_1_885' title='bbox 3512 5482 3636 5537; x_wconf 86' lang='lat' dir='ltr'><strong>per-</strong></span> 
     </span>
    </p>
   </div>
   <div class='ocr_carea' id='block_1_116' title="bbox 2034 5558 3636 5631">
    <p class='ocr_par' dir='ltr' id='par_1_116' title="bbox 2034 5558 3636 5631">
     <span class='ocr_line' id='line_1_116' title="bbox 2034 5558 3636 5631; baseline -0.001 -17"><span class='ocrx_word' id='word_1_886' title='bbox 2034 5562 2203 5615; x_wconf 87' lang='lat' dir='ltr'><strong>mixta</strong></span> <span class='ocrx_word' id='word_1_887' title='bbox 2223 5603 2239 5626; x_wconf 88' lang='lat'><strong>,</strong></span> <span class='ocrx_word' id='word_1_888' title='bbox 2267 5560 2334 5614; x_wconf 87' lang='lat' dir='ltr'><strong>ad</strong></span> <span class='ocrx_word' id='word_1_889' title='bbox 2380 5568 2714 5615; x_wconf 90' lang='lat' dir='ltr'><strong>mortuorum</strong></span> <span class='ocrx_word' id='word_1_890' title='bbox 2744 5558 3007 5630; x_wconf 85' lang='lat' dir='ltr'><strong>iudicium</strong></span> <span class='ocrx_word' id='word_1_891' title='bbox 3049 5569 3423 5631; x_wconf 88' lang='lat' dir='ltr'><strong>terroremque</strong></span> <span class='ocrx_word' id='word_1_892' title='bbox 3452 5559 3636 5615; x_wconf 82' lang='lat' dir='ltr'><strong>viven-</strong></span> 
     </span>
    </p>
   </div>
   <div class='ocr_carea' id='block_1_117' title="bbox 2034 5652 3637 5723">
    <p class='ocr_par' dir='ltr' id='par_1_117' title="bbox 2034 5652 3637 5723">
     <span class='ocr_line' id='line_1_117' title="bbox 2034 5652 3637 5723; baseline 0.001 -17"><span class='ocrx_word' id='word_1_893' title='bbox 2034 5652 2189 5718; x_wconf 88' lang='lat' dir='ltr'><strong>tium,</strong></span> <span class='ocrx_word' id='word_1_894' title='bbox 2219 5667 2343 5708; x_wconf 82' lang='lat' dir='ltr'><strong>vasa</strong></span> <span class='ocrx_word' id='word_1_895' title='bbox 2371 5669 2490 5723; x_wconf 69' lang='lat' dir='ltr'><strong>qua:</strong></span> <span class='ocrx_word' id='word_1_896' title='bbox 2514 5653 2770 5711; x_wconf 76' lang='lat' dir='ltr'><strong>diximus.</strong></span> <span class='ocrx_word' id='word_1_897' title='bbox 2804 5661 2861 5708; x_wconf 90' lang='lat' dir='ltr'><strong>et</strong></span> <span class='ocrx_word' id='word_1_898' title='bbox 2899 5654 3158 5709; x_wconf 88' lang='lat' dir='ltr'><strong>odoribus</strong></span> <span class='ocrx_word' id='word_1_899' title='bbox 3187 5652 3365 5707; x_wconf 85' lang='lat' dir='ltr'><strong>thuris</strong></span> <span class='ocrx_word' id='word_1_900' title='bbox 3394 5662 3637 5719; x_wconf 85' lang='lat' dir='ltr'><strong>assueta,</strong></span> 
     </span>
    </p>
   </div>
   <div class='ocr_carea' id='block_1_118' title="bbox 2035 5744 3639 5814">
    <p class='ocr_par' dir='ltr' id='par_1_118' title="bbox 2035 5744 3639 5814">
     <span class='ocr_line' id='line_1_118' title="bbox 2035 5744 3639 5814; baseline 0.001 -17"><span class='ocrx_word' id='word_1_901' title='bbox 2035 5744 2453 5799; x_wconf 88' lang='lat' dir='ltr'><strong>ahomiuabilem</strong></span> <span class='ocrx_word' id='word_1_902' title='bbox 2512 5744 2913 5800; x_wconf 87' lang='lat' dir='ltr'><strong>immunditiam</strong></span> <span class='ocrx_word' id='word_1_903' title='bbox 2972 5744 3217 5814; x_wconf 83' lang='lat' dir='ltr'><strong>perversi</strong></span> <span class='ocrx_word' id='word_1_904' title='bbox 3283 5759 3412 5798; x_wconf 82' lang='lat' dir='ltr'><strong>usus</strong></span> <span class='ocrx_word' id='word_1_905' title='bbox 3467 5744 3639 5798; x_wconf 81' lang='lat' dir='ltr'><strong>fetore</strong></span> 
     </span>
    </p>
   </div>
   <div class='ocr_carea' id='block_1_119' title="bbox 2040 5835 3637 5907">
    <p class='ocr_par' dir='ltr' id='par_1_119' title="bbox 2040 5835 3637 5907">
     <span class='ocr_line' id='line_1_119' title="bbox 2040 5835 3637 5907; baseline 0.001 -17"><span class='ocrx_word' id='word_1_906' title='bbox 2040 5844 2441 5891; x_wconf 75' lang='lat' dir='ltr'><strong>contraxerant.</strong></span> <span class='ocrx_word' id='word_1_907' title='bbox 2476 5836 2627 5892; x_wconf 86' lang='lat' dir='ltr'><strong>Tunc</strong></span> <span class='ocrx_word' id='word_1_908' title='bbox 2657 5836 2777 5893; x_wconf 90' lang='lat' dir='ltr'><strong>duci</strong></span> <span class='ocrx_word' id='word_1_909' title='bbox 2816 5836 3038 5907; x_wconf 78' lang='lat' dir='ltr'><strong>legifero</strong></span> <span class='ocrx_word' id='word_1_910' title='bbox 3063 5835 3367 5892; x_wconf 66' lang='lat' dir='ltr'><strong>cinsuieuti</strong></span> <span class='ocrx_word' id='word_1_911' title='bbox 3399 5850 3637 5906; x_wconf 60' lang='lat' dir='ltr'><strong>praecep-</strong></span> 
     </span>
    </p>
   </div>
  </div>
