4190 6484
739 386 834 443 231

1980 363 2040 421 8.
2083 360 2261 420 AVITI
2302 353 2712 416 VIENNENSlS

3893 339 4006 401 233

739 508 863 555 ante
891 495 990 552 hos
1016 494 1231 550 circiter
1255 497 1482 564 quatuor
1508 497 1679 549 annos
1699 495 1796 552 pro
1834 481 2056 552 pignore
2082 474 2298 533 obsida—
2333 478 2383 536 Α
2409 472 2608 528 velatio
2640 487 2654 525 :
2685 478 2737 526 et
2765 467 2872 526 tale
2919 473 3191 536 repertum
3244 471 3328 522 est
3365 462 3420 519 in
3449 458 3752 518 dormiente
3797 454 4008 526 suppli-

741 599 826 646 tus
857 593 1211 655 assumptum,
1240 581 1341 638 sub
1362 576 1559 634 auxilio
1579 581 1770 630 vestrm
1797 565 2197 627 intercessionis
2219 579 2311 620 re-

739 683 915 753 quirat
947 695 1013 736 ac
1043 684 1277 734 revocet.
1302 669 1453 741 Quod
1486 674 1733 738 superest
1757 663 2098 753 obsecro,‘ut
2121 656 2309 753 digna-

738 744 834 829 hili
884 765 1227 826 beatitudinis
1265 771 1458 820 vestra
1509 755 1797 826 rescripto,
1850 761 1908 810 et
1956 750 2074 806 illic
2121 744 2310 804 exsul-

742 861 977 918 tantibus
1029 852 1366 928 ingenuitatis
1423 855 1621 905 statum
1674 840 2028 915 reparabilem
2054 878 2070 904 ,
2120 845 2178 893 et
2225 834 2312 890 hic

741 947 1166 1009 desiderantibus
1199 939 1468 1000 scribendi
1503 938 1708 995 aditum
1750 930 1991 990 doceatis
2018 943 2138 987 esse
2164 941 2313 984 com-

742 1053 982 1099 mm'
1288 1099 1624 1159 EPISTULA
1660 1095 1759 1153 xr.

743 1209 1081 1258 aroutttsats
1123 1202 1151 1233 ³
1195 1206 1466 1249 srtscorus
1523 1201 1680 1244 mro
1732 1195 2007 1240 νιιιιιιιιιιιι
2065 1190 2310 1236 srrscoro

1404 1273 1667 1318 θειιλιιο.

811 1382 954 1440 Satis
999 1381 1124 1435 licet
1145 1377 1255 1448 jam
1284 1383 1560 1446 pinnarum
1587 1365 1797 1423 dederit
1833 1376 1956 1420 sera
1999 1357 2272 1431 pmoitudo
2296 1395 2312 1420 ,

746 1487 925 1532 tamen
949 1473 1015 1528 ad
1035 1471 1179 1526 diem
1209 1467 1400 1523 festum
1429 1472 1554 1519 ante
1577 1458 1710 1514 alios
1738 1454 1894 1512 nobis
1919 1451 2226 1516 colendum,
2250 1464 2319 1503 ne

748 1564 948 1623 vicario
979 1559 1192 1631 quidem
1222 1555 1475 1612 famulatu
1502 1550 1696 1607 adesse
1722 1545 1918 1604 merui.
1949 1544 2052 1614 Qui
2079 1541 2321 1598 devotio-

745 1671 871 1714 nem
902 1669 1008 1709 non
1037 1649 1270 1714 ostendi,
1301 1646 1388 1703 vel
1433 1641 1850 1701 satisfactionem
1878 1637 2092 1694 deferre
2116 1633 2317 1694 curavi.

745 1746 830 1807 Ad
855 1743 994 1815 quod
1017 1755 1140 1796 vere
1165 1749 1222 1794 ut
1246 1735 1458 1794 conﬁdo
1479 1735 1596 1806 ipso
1617 1747 1737 1789 sum
1761 1771 1777 1799 ,
1806 1729 1963 1786 beate
1986 1735 2042 1784 et
2062 1739 2318 1815 reveren-

2411 566 2576 631 cium,
2606 564 2762 635 quale
2785 560 2963 616 fuerat
3005 559 3058 614 in
3086 557 3338 630 vigilante
3358 561 3661 626 peccatum.
3697 549 3838 606 Ecce
3859 545 4010 604 veri-

2414 665 2582 713 tatem
2607 655 2731 712 dico
2755 653 2812 711 in
2834 651 3076 718 Christo,
3107 665 3216 706 non
3258 646 3515 709 mentior,
3545 656 3669 699 cum
3698 639 4011 713 parturien-

2415 749 2561 806 tibus
2590 750 2856 820 lacrymas
2876 743 3047 800 oculis
3091 741 3340 812 legissem
3385 737 3655 796 somnium
3687 732 3836 804 quod
3864 729 4011 788 vidi-

2415 844 2552 910 stis,
2604 841 2784 900 omnis
2837 844 3072 895 meantem
3131 847 3309 889 meam
3353 830 3520 887 subiit
3589 823 4010 884 necessitudinis

2415 929 2718 989 recordatio
2765 925 3162 998 prmmissarum
3188 961 3205 988 ,
3255 919 3451 992 quibus
3497 932 3596 989 per
3645 916 4011 971 visitationem

2416 1009 2662 1079 vestram
2675 1018 2932 1073 honorem
2956 1013 3260 1084 dependere
3281 1023 3382 1066 nos
3403 1006 3708 1063 admonitos
3731 1003 3997 1060 intellexi.

2419 1112 2587 1169 I’orro
2613 1118 2790 1167 autem
2819 1106 2891 1164 de
2941 1105 3060 1178 ipsa
3093 1102 3424 1163 revelatione
3443 1097 3572 1172 quid
3613 1096 3902 1161 senserim,
3952 1095 4011 1150 in

2417 1206 2758 1277 simplicitate
2787 1201 3069 1272 deprome.
3099 1199 3191 1255 Sic
3214 1211 3344 1269 ergo
3373 1193 3552 1266 inquis
3585 1209 3600 1246 :
3629 1189 3761 1247 Nam
3787 1191 3840 1245 in
3887 1190 4010 1259 ipsa

2420 1308 2580 1355 nocte
2625 1303 2811 1352 sancta
2850 1295 2905 1350 in
2927 1307 3032 1364 qua
3060 1290 3267 1347 scilicet
3290 1301 3564 1362 germana:
3587 1281 3889 1342 communis
3914 1281 4013 1338 de-

2419 1390 2618 1464 positio
2637 1385 3030 1452 celebrabatur,
3059 1381 3245 1438 nescio
3271 1378 3400 1452 quid
3421 1377 3667 1434 manibus
3682 1376 3818 1430 meis
3832 1372 4014 1428 base-

2419 1461 2525 1548 rat,
2571 1479 2718 1551 quod
2771 1475 3072 1535 consedens
3117 1473 3275 1544 juxta
3321 1485 3408 1527 me
3454 1466 3868 1540 fulgentissima,
3913 1461 4014 1520 sed

2423 1574 2679 1629 inusitato
2707 1569 2894 1627 colore
2938 1566 3105 1624 rubea
3151 1563 3399 1621 columba
3426 1560 3679 1618 vellebat.
3727 1560 3797 1616 At
3842 1571 3976 1614 vero
3995 1596 4015 1625 ,

2421 1679 2545 1721 cum
2568 1662 2720 1734 juxta
2759 1669 2813 1716 te
2854 1658 3028 1731 pictas
3057 1666 3168 1724 tua,
3240 1670 3340 1711 nec
3380 1653 3540 1724 longe
3565 1650 3817 1716 avolans,
3846 1647 4017 1705 celeri

2425 1751 2793 1809 recordatione
2821 1747 3092 1814 consedit,
3120 1745 3360 1803 debitum
3385 1741 3527 1815 quod
3553 1739 3895 1799 sanctissime
3924 1748 4007 1804 tn,

746 1814 952 1894 tissime
979 1831 1217 1896 domine,
1247 1826 1442 1900 spiritu
1472 1825 1725 1912 visitante
1762 1818 2142 1916 commonitus.
2355 1839 2400 1899 Β
2429 1845 2664 1916 piissime
2692 1839 3134 1912 propinquorum,
3177 1844 3256 1903 tu,
3287 1814 3527 1903 illam,
3554 1830 3748 1888 Immo
3779 1829 3899 1884 [me
3920 1842 4017 1883 ω,

748 1934 805 1988 in
831 1931 944 1998 ipsa
978 1935 1161 1982 sancta
1191 1932 1371 1988 nocte,
1402 1921 1456 1995 in
1485 1908 1689 1974 visione
1709 1914 1894 1973 nescio
1917 1913 2045 1984 quid
2077 1909 2329 1967 manibus

749 2024 888 2082 meis
911 2023 1162 2088 hmserat,
1206 2017 1349 2090 quod
1389 2012 1693 2073 consedcns
1719 2010 1870 2082 juxta
1907 2023 1995 2064 me
2040 2004 2326 2078 fulgentis-

750 2116 908 2183 sima,
932 2112 1034 2169 sed
1073 2109 1327 2167 inusitato
1362 2108 1546 2162 colore
1583 2101 1749 2160 r'ubea
1782 2098 2027 2158 columba
2076 2095 2328 2152 vellebat.

752 2205 989 2275 Cumque
1000 2217 1067 2258 ex
1078 2198 1430 2271 pergefactus,
1444 2193 1812 2265 quotidianum
1828 2188 2044 2261 quidem
2071 2198 2327 2242 manuum

752 2308 993 2352 mearum
1035 2281 1311 2347 horroiem
1342 2297 1786 2356 recognoscerem
1807 2323 1824 2350 ,
1868 2278 1966 2337 sed
1999 2277 2212 2349 purgari
2243 2289 2332 2332 me

754 2381 1024 2440 immerito
1072 2376 1414 2434 nihilominus
1441 2373 1830 2437 meminissem,
1856 2369 1982 2426 dum
2011 2369 2183 2439 ipsum
2215 2379 2334 2420 am-

757 2474 971 2543 biguum
1002 2478 1223 2525 mmstus
1247 2479 1455 2522 mecum
1483 2471 1644 2534 atque
1683 2462 1875 2516 anxius
1904 2459 2080 2526 volvo,
2110 2464 2334 2526 repente

759 2562 910 2634 quasi
935 2560 1153 2617 stimulo
1173 2570 1489 2628 percussus,
1531 2554 1677 2609 illico
1706 2567 1824 2606 sum
1857 2551 2105 2621 reliquati
2133 2546 2336 2603 fenoris

759 2651 1091 2710 recordatus.
1125 2648 1240 2704 Jam
1263 2662 1389 2717 quae
1409 2661 1494 2702 me
1523 2645 1646 2699 hinc
1671 2639 1938 2706 confusio,
1964 2655 2153 2711 quasve
2182 2652 2336 2710 pres-

760 2745 894 2800 serit
910 2739 1230 2802 amaritudo,
1252 2739 1419 2808 pietas
1448 2742 1632 2790 sancta
1652 2731 1955 2804 perpendit.
1986 2729 2338 2798 Aliquatenus

762 2845 941 2890 tamen
971 2831 1069 2886 hac
1095 2843 1190 2899 spe
1219 2827 1421 2884 solatus
1437 2840 1578 2893 sum,
1604 2822 1747 2894 quod
1779 2822 2022 2893 ignoscat
2045 2834 2163 2890 qua
2191 2832 2336 2875 com-

764 2938 984 2980 monere
1003 2921 1219 2991 dignata
1247 2928 1348 2984 est,
1375 2925 1435 2973 ut
1461 2914 1680 2971 miserto
1709 2911 1844 2968 mihi
1883 2926 1990 2966 non
2014 2910 2191 2966 omnis
2210 2923 2339 2964 san-

766 3014 840 3072 cti
869 3011 1112 3082 obsequii
1148 3007 1519 3081 opportunitas
1547 3003 1902 3060 fraudaretur.
1925 3001 2104 3058 Unum
2134 3008 2339 3056 tantum

769 3106 938 3162 mixta
965 3100 1161 3159 debitis
1187 3095 1710 3157 commemorationis
1745 3094 1862 3165 ejus
1895 3092 2091 3149 ofﬁciis
2133 3091 2345 3162 suppli-

2434 1935 2612 1992 luinba
2641 1934 2896 1996 sentires,
2940 1926 3360 1999 fulgentissima,
3385 1938 3508 1981 cum
3555 1919 3897 1992 simplicitate
3935 1919 4019 1973 sic

2434 2027 2638 2091 luceas,
2668 2023 2923 2081 inusitato
2944 2020 3126 2078 colore
3147 2017 3385 2084 rubrata,
3412 2030 3536 2072 cum
3567 2013 3824 2070 innocens
3843 2009 4020 2080 singu-

2433 2121 2618 2177 lariter
2639 2116 2793 2187 quasi
2823 2112 3056 2186 propriis
3080 2116 3402 2181 compuncta
3441 2105 3676 2163 stimulis
3705 2102 4017 2160 erubescas.

2433 2209 2747 2282 Antpliastis
2773 2222 2904 2279 ergo
2928 2203 3146 2278 quidem
3163 2244 3180 2270 ,
3220 2210 3279 2258 ut
3306 2213 3467 2271 supra
3493 2198 3693 2254 dictum
3726 2203 3831 2282 est,
3857 2191 4020 2282 fenus

2433 2280 2748 2359 assuetum:
2781 2312 2883 2356 nec
2911 2294 3042 2353 illud
3073 2303 3253 2351 tamen
3278 2287 3652 2350 consuetudini
3679 2281 3852 2343 defuit
3875 2280 4021 2354 quod

2436 2395 2683 2465 putastis.
2715 2390 2847 2447 Nam
2877 2387 3020 2446 nocti
3043 2386 3147 2458 ipsi
3175 2399 3338 2456 quam
3375 2397 3474 2439 vos
3511 2380 3780 2437 excitante
3804 2374 4022 2465 Christo

2438 2462 2544 2541 non
2572 2481 2723 2538 licuit
2749 2478 3029 2544 oblivisci,
3067 2475 3245 2532 adhuc
3280 2473 3350 2531 de
3377 2469 3701 2529 abundantia
3724 2462 4022 2537 superioris

2438 2575 2566 2632 anni
2593 2581 2771 2630 vestra
2818 2569 3171 2628 nihilominus
3198 2566 3335 2624 lusit
3378 2563 3605 2622 oblatio.
3652 2560 3745 2618 Sic
3789 2573 3856 2615 ex
3885 2570 4023 2627 quo-

2439 2668 2563 2760 dam
2592 2679 2841 2760 supero-te
2866 2656 3513 2760 benedictionis-irriguo,
3544 2651 3688 2724 quod
3719 2645 4024 2760 impenditis

2440 2737 2597 2814 anilis
2625 2754 2884 2827 singulis,
2928 2751 3130 2809 sufﬁcit
3171 2747 3376 2805 multis.
3424 2747 3588 2803 Deum
3617 2756 3802 2815 quaeso
3828 2747 3889 2796 ut
3925 2737 4025 2794 hoc

2445 2850 2608 2908 etiam
2635 2846 2767 2905 mihi
2797 2846 2968 2916 pietas
2995 2851 3175 2898 vestra
3199 2838 3520 2911 quandoque
3555 2832 3846 2906 dependat.

2978 2949 3310 3008 EPISTOLA
3352 2947 3490 3005 XIII.

2451 3062 2643 3106 utros
2706 3056 3012 3102 vicmssts
3060 3056 3338 3099 srrscorcs
3377 3038 3408 3079 δ
3461 3049 3861 3096 cosruttsuoso
3924 3049 4027 3090 εριο

3165 3124 3348 3167 ⁸601⁵0.

768 3195 912 3254 catio
929 3193 1201 3266 deposcit,
1231 3201 1288 3245 ut
1317 3189 1454 3244 hanc
1479 3200 1694 3259 quoque
1721 3183 2065 3256 indulgentis
2093 3197 2205 3238 sum
2224 3197 2339 3252 par-

2530 3208 2820 3275 Quantum,
2843 3202 2999 3258 vobis
3024 3199 3166 3272 apud
3209 3199 3376 3255 Deum
3423 3195 3873 3268 suifragantibus,
3905 3208 4028 3264 qua-

770 3299 880 3345 tem
907 3284 1156 3341 sensibus
1185 3289 1401 3347 vestrm,
1427 3293 1549 3350 quas
1587 3277 1641 3333 in
1671 3291 1758 3333 me
1782 3277 1901 3345 plus
1925 3274 2036 3345 jam
2057 3273 2198 3344 iusta
2226 3281 2310 3328 0.“
2329 3312 2346 3338 ,

777 3377 1142 3450 imputationis
1170 3373 1413 3444 inspiret.

1315 3458 1647 3518 EPISTOLA
1681 3457 1798 3515 XII.

819 3572 1014 3616 Αγιτυι
1054 3567 1362 3612 τιειιιιιιδειι
1408 3563 1683 3608 ινιςαορυς
1713 3561 2019 3604 Ανυιιιιιιιι
2050 3559 2314 3602 ενιιοοιθο.

850 3671 1086 3742 Apparet
1111 3665 1310 3738 liquido
1339 3677 1537 3735 quanta
1566 3657 1634 3714 sit
1670 3656 1724 3714 in
1751 3667 1930 3714 vestro
1968 3665 2160 3712 merito
2183 3652 2352 3726 gratia

782 3761 909 3827 Dei,
949 3767 1041 3814 aut
1076 3765 1311 3829 quantus
1348 3749 1540 3822 conjici
1569 3748 1764 3805 debeat
1791 3747 2045 3802 virtutum
2070 3743 2350 3810 cumulus,

779 3850 867 3906 ubi
891 3863 1044 3905 error
1069 3847 1184 3917 ipse
1211 3853 1319 3900 tam
1355 3851 1576 3898 sanctus
1613 3847 1716 3896 est.
1747 3836 1877 3892 Nam
1901 3835 2028 3891 dum
2064 3834 2240 3905 justus
2263 3848 2355 3890 ac-

778 3950 997 3999 cusator
1019 3928 1102 3995 sui
1126 3945 1349 3994 conatur
1376 3935 1430 3990 in
1473 3948 1534 3990 se
1575 3932 1899 3988 convincere
1941 3928 2082 4000 quod
2128 3940 2356 3998 peccare

783 4049 890 4090 non
919 4030 1108 4103 potuit,
1136 4028 1437 4085 conﬁtentis
1465 4023 1739 4080 humilitas
1757 4022 1955 4077 crescit
1981 4020 2050 4074 ad
2078 4019 2353 4086 meritum,

785 4140 894 4182 non
922 4121 1273 4180 confessionis
1290 4117 1490 4173 veritas
1508 4115 1573 4170 ad
1603 4123 1833 4170 reatum.
1862 4113 2060 4168 Excess
2073 4109 2158 4166 isti
2184 4111 2358 4166 fateor

783 4212 1256 4275 consuetudinem:
1285 4209 1378 4265 sed
1424 4206 1638 4277 pietatis
1681 4213 1967 4275 augmento
2013 4216 2226 4274 semper
2250 4200 2354 4258 diei

784 4305 945 4378 hujus
998 4301 1300 4359 meminisse
1353 4295 1668 4369 dignemini.
1715 4294 1953 4350 Dulcisa
2005 4293 2157 4350 vobis
2209 4292 2358 4348 venit

785 4393 1120 4457 sollicitudo;
1141 4390 1237 4446 sed
1259 4404 1365 4444 non
1405 4385 1897 4456 incomparabiliter
1929 4383 2188 4453 praevenit
2214 4380 2352 4437 obli-

787 4489 895 4544 vio.
919 4485 1098 4542 Minus
1121 4483 1263 4537 enim
1290 4479 1473 4550 procul
1500 4476 1662 4533 dubio
1681 4475 1827 4532 salva
1857 4474 2234 4530 observatione
2263 4487 2357 4541 ap.

792 4587 944 4650 paret
986 4574 1209 4633 eﬁectus
1243 4589 1258 4627 :
1297 4570 1389 4626 sed
1436 4568 1746 4624 ostendistis
1787 4573 1981 4636 quanta
2021 4564 2358 4635 spiritalitalc
2389 4563 2439 4624 D

789 4685 884 4726 vos
915 4681 1175 4726 exercere
1217 4663 1465 4725 delectet,
1520 4659 1660 4731 quod
1694 4657 1997 4727 praeterisse
2033 4657 2112 4712 sic
2161 4655 2353 4712 doluit.

792 4763 930 4820 Vere
961 4773 1149 4817 secura
1172 4766 1254 4813 est
1287 4754 1596 4826 dignitatem
1627 4749 1805 4807 delicti
1853 4750 2015 4804 vestri
2061 4761 2243 4806 sancta
2270 4766 2360 4808 re.

793 4916 1021 4978 Αινιιιιιιιι
1071 4910 1558 4982 Segesiericensem
1608 4905 1916 4982 episcopum
1950 4943 1967 4970 ,
2027 4905 2362 4982 et_Avolum

792 4975 1072 5060 Aquarum
1095 4975 1414 5060 Sta-aliarum,
1452 4993 1684 5060 quorum
1723 4975 1824 5060 ille
1871 4976 1922 5028 in
1953 4975 2157 5046 synodo
2183 4991 2232 5029 iv
2257 4979 2366 5031 Au-

793 5045 1075 5116 relianensi
1104 5051 1414 5114 subscribit,
1452 5045 1539 5102 hic
1569 5048 1622 5101 in
1649 5045 1850 5114 quinta.

862 5113 889 5167 ὀ
932 5125 1222 5180 Veientium
1274 5122 1416 5174 sedis
1485 5113 1740 5181 antistes,
1813 5117 1967 5168 Avito
2021 5113 2186 5170 fratre
2233 5124 2358 5169 natu

795 5198 987 5268 major,
1020 5196 1086 5251 de
1113 5189 1551 5268 qqugohardns
1578 5187 1655 5268 ad
1673 5184 1994 5268 Ludovileum
2020 5186 2244 5267 impsdc
2271 5186 2358 5238 in.

793 5255 958 5324 daicis
975 5255 1435 5332 superstitionibus
1461 5275 1475 5310 :
1502 5258 1721 5332 Sanctus
1749 5255 2058 5332 dpoltinaris
2081 5255 2352 5332 episcopus

795 5324 1372 5395 Ecclesic’i’aientime,
1401 5336 1616 5397 quantus
1642 5325 1790 5397 fuerit
1828 5334 1876 5376 et
1912 5325 2006 5397 sit,
2046 5339 2147 5397 non
2184 5324 2354 5377 solum

829 5419 931 5462 esto
959 5407 1020 5460 dc
1040 5420 1098 5458 eo
1135 5401 1358 5470 scripta,
1387 5395 1473 5450 sed
1501 5407 1546 5450 et
1572 5396 1747 5470 crfbra
1775 5397 1886 5470 ejus
1928 5395 2173 5470 miracula
2198 5410 2354 5470 usque

829 5427 931 5462 esui
959 5427 1020 5460 ac
1040 5427 1098 5458 ω
1135 5427 1358 5470 scriptu,
1387 5427 1473 5450 seu
1501 5427 1546 5450 es
1572 5427 1747 5448 l-ll'Ulu
1775 5427 1886 5464 ulla.)
1931 5427 2173 5446 luctuosus:
2198 5427 2349 5460 ωοιμη

795 5427 947 5531 aedis
992 5471 1272 5529 sublimiter
1302 5476 1568 5520 testantur.
1615 5466 1864 5533 Epistolis:
1911 5464 2183 5531 utriusqiie
2211 5467 2349 5517 idem

799 5556 878 5601 est
895 5551 1281 5614 argumentum.
1317 5537 1591 5592 Somnium
1621 5549 1819 5614 nempe
1839 5534 2182 5614 Apollinaris,
2210 5533 2351 5602 quod

800 5631 862 5670 ea
901 5604 1039 5668 illin
1063 5621 1160 5666 icte
1185 5611 1415 5663 oblatum
1452 5615 1554 5667 ist,
1587 5620 1687 5673 qua
1727 5604 1989 5658 defuncta.-
2016 5618 2216 5657 soruris
2260 5618 2355 5658 an-

801 5685 1145 5740 niversarium
1185 5678 1395 5733 Vieiina:
1425 5678 1539 5742 ipso
1563 5680 1780 5728 absente
1804 5674 2192 5728 Celebrabutnr.

871 5753 900 5792 δ
936 5753 1180 5808 liciorum
1209 5750 1262 5803 lu
1311 5746 1578 5816 provincia
1608 5759 1675 5813 ll,
1719 5752 1775 5800 ut
1805 5747 1996 5800 docent
2021 5743 2357 5814 subscriptio-

2451 3300 2728 3367 Iisrunque
2767 3294 2881 3350 voti
2911 3293 3018 3350 mei
3048 3291 3166 3348 dies
3195 3290 3642 3362 propinquantur,
3677 3294 3882 3342 tantum
3916 3285 4028 3340 ani-

2450 3390 2524 3446 mi
2552 3390 2660 3445 mei
2687 3385 3016 3443 desiderium
3047 3383 3325 3454 pudorque
3362 3381 3661 3437 decertant.
3693 3378 4029 3436 Benedictio-

2451 3497 2575 3537 nem
2600 3479 2798 3550 quippe
2824 3476 3008 3547 ﬁagito
3027 3475 3179 3546 operi
3201 3471 3538 3543 imperfecto.
3570 3469 3728 3526 Esset
3747 3468 4030 3539 quantula-

2452 3585 2668 3642 cunque
2691 3567 2992 3634 excusatio,
3019 3567 3065 3622 si
3096 3567 3149 3621 in
3179 3579 3247 3621 eo
3271 3563 3479 3620 inertiae
3506 3575 3641 3618 mea
3667 3574 3860 3617 noxam
3889 3559 4030 3615 vela-

2454 3671 2540 3720 ret
2558 3676 2623 3718 ac
2651 3667 2857 3732 tegeret
2883 3655 3216 3729 magnitudo.
3270 3653 3422 3711 Nunc
3453 3665 3583 3709 vero
3610 3651 3804 3722 exiguo
3833 3649 4031 3721 pariter

2453 3764 2613 3825 atque
2656 3751 2898 3823 impolita
2939 3750 3067 3822 quid
3112 3756 3289 3819 potest
3323 3759 3448 3804 esse
3488 3743 3819 3800 deformius?
3860 3739 4028 3798 Unum

2461 3846 2627 3917 igitur
2652 3853 2758 3910 est,
2788 3840 2927 3913 quod
2956 3839 3308 3910 trepidantem
3340 3837 3577 3892 animum
3603 3833 3794 3890 audaci
3823 3833 4025 3889 solatur

2465 3936 2677 3990 hortatu
2700 3971 2716 3998 ,
2747 3940 2927 3988 vestro
2955 3929 3196 3997 scilicet,
3216 3927 3262 3984 si
3277 3941 3374 3982 nos
3398 3924 3542 3981 Deus
3564 3921 3821 3980 exaudire
3845 3921 4028 3992 digna-

2458 4033 2543 4080 tur
2563 4065 2579 4091 ,
2609 4023 2842 4078 adventu
2871 4029 3058 4076 cuncta
3087 4020 3141 4074 iu
3171 4018 3363 4074 melius
3391 4029 3512 4072 esse
3534 4013 3815 4070 vertenda.
3856 4011 4031 4084 Neque

2457 4114 2599 4171 enim
2637 4121 2721 4168 est
2759 4110 2900 4182 quod
2937 4126 3042 4164 non
3056 4107 3270 4180 possitis
3297 4115 3390 4160 aut
3434 4103 3639 4160 oran‘do
3674 4116 4030 4175 componere,

2458 4213 2553 4260 aut
2607 4201 2909 4274 perorando
2960 4213 3238 4256 excusare.
3286 4197 3517 4253 Tantum
3582 4195 3722 4252 sicut
3777 4193 3847 4250 de
3889 4208 4031 4250 com-

2457 4305 2626 4367 perta)
2655 4293 2869 4363 pietatis
2896 4299 3023 4348 voto
3050 4290 3181 4348 certi
3216 4303 3426 4357 sumus,
3474 4289 3547 4345 ita
3592 4285 3792 4360 prmio
3817 4295 4032 4359 prasto-

2457 4385 2578 4443 Ιηιω
2597 4381 2919 4441 visitationis
2943 4382 3132 4437 nuntio
3161 4380 3507 4451 gaudeamus.

2986 4515 3315 4575 EPISTOLA
3363 4513 3507 4571 XIV.

2674 4646 2952 4690 νιατυιιιυε
2992 4641 3016 4671 ⁸
3055 4643 3329 4686 ενιιοορυε
3367 4643 3526 4685 Ανιτο
3563 4641 3830 4685 εριεοοιιο.
3945 4677 3950 4679 ,

2543 4753 2623 4810 Ad
2663 4748 3018 4820 separandum
3059 4761 3087 4802 a
3119 4746 3300 4802 tritico
3328 4744 3510 4800 lolium
3555 4743 3608 4799 in
3654 4757 3779 4800 area
3832 4742 4029 4802 Domini

2469 4922 2564 4964 ncs
2596 4902 2809 4980 synodi
2831 4904 3159 4980 Arelatensis
3200 4915 3277 4980 iv,
3313 4893 3808 4980 Carpentoratepsis
3837 4909 3890 4954 et
3936 4899 4030 4955 Va-

2466 4969 2645 5034 sensis'
2669 4993 2728 5032 ιι.
2781 4976 3030 5031 Doctrina
3062 4971 3328 5026 excultum
3359 4969 3631 5041 hominem
3681 4969 3842 5025 fuisse
3883 4984 4028 5041 argn-

2466 5060 2648 5103 mento
2677 5058 2778 5110 est,
2806 5044 2947 5114 quod
2972 5043 3064 5096 Avi
3093 5058 3154 5114 ui
3175 5113 3178 5114 ν
3197 5044 3335 5114 hunc
3365 5041 3502 5114 inter
3534 5040 3786 5093 librorum
3818 5040 4024 5095 suorum

2463 5133 2716 5173 censores
2742 5109 2795 5172 et
2821 5109 3052 5168 arbitros
3093 5112 3378 5180 delegerit.
3413 5109 3585 5162 Mores
3611 5118 3784 5163 autem
3819 5110 4028 5165 illauda-

2464 5197 2546 5242 tos
2577 5187 2838 5257 probavit,
2873 5198 2981 5257 tum
3014 5180 3231 5257 Caesarii
3257 5182 3374 5249 ejus
3397 5194 3478 5242 me
3507 5180 3717 5257 synodi,
3751 5181 4023 5257 tum_seilis

2461 5249 2767 5326 apostolica:
2794 5249 3080 5326 judicium,
3133 5253 3287 5326 cuius
3313 5251 3575 5306 sententia
3603 5249 4022 5326 Contumeliosus

2459 5318 2767 5394 episcopatu
2794 5318 2876 5377 'oh
2913 5323 3168 5393 flagitium
3193 5323 3226 5375 d
3259 5320 3453 5394 iectus,
3492 5329 3651 5384 amne
3678 5318 3730 5371 in
3769 5327 4025 5394 monaste-

2457 5389 2592 5450 ri'um
2624 5389 2865 5450 retrosus
2913 5389 3015 5457 est,
3047 5404 3104 5446 ut
3157 5393 3212 5446 in
3263 5389 3435 5462 primo
3489 5399 3632 5443 tonio
3681 5389 4021 5443 conciliorum

2461 5464 2645 5521 Galliae
2675 5465 2858 5520 videre
2886 5470 2990 5518 εει.

2535 5548 2556 5576 ε
2588 5535 3135 5601 Gratianopolitanns.
3178 5529 3285 5585 Nec
3333 5528 3475 5585 enim
3517 5526 3704 5582 dubito
3734 5527 3860 5601 quin
3893 5527 3933 5580 is
3957 5527 4020 5590 sit

2460 5608 2548 5674 qui
2579 5607 2631 5660 in
2663 5598 2887 5675 epistula
2920 5608 2952 5658 6
2974 5602 3148 5675 dict-is
3185 5611 3270 5675 est
3301 5601 3581 5675 Victorius,
3614 5598 3871 5675 atque_i_ta
3900 5613 4020 5666 quo-

2462 5666 2564 5745 que
2592 5666 2896 5748 nominatur
2948 5675 3000 5748 in
3041 5669 3269 5742 epistola
3310 5670 3376 5726 l6
3397 5679 3465 5748 e_t_
3496 5671 3547 5720 in
3599 5667 3739 5721 aliis.
3779 5666 4022 5748 llic_ergo

2464 5737 2618 5802 Avito
2679 5743 2995 5813 Viennensi,
3052 5737 3304 5815 tanquam
3356 5737 3694 5808 suﬁraganee
3753 5737 4022 5809 provinci-.9
