4154 6464
340 424 450 481 233

1708 415 2042 474 EPISTULA
2085 415 2127 469 Χ
2140 416 2227 469 Vl.

3517 418 3618 474 251

342 516 701 572 ordinationis
749 523 943 572 vestra
980 512 1274 570 ventilabra
1314 509 1583 582 poscenda
1620 518 1779 564 sunt:
1807 507 1930 576 quia
1966 510 2009 568 Α
2042 506 2237 562 timore
2282 502 2498 561 divortii
2527 502 2803 571 dubitetis,
2838 502 2932 559 sed
2966 503 3161 559 merito
3183 514 3432 559 censetur
3460 521 3617 576 sepa-

344 606 442 663 ilie
465 608 554 677 qui
584 606 737 663 vobis
769 606 1047 662 constituit
1092 614 1280 660 tenere
1316 603 1420 659 loci
1450 599 1709 672 principis
1740 597 1941 667 princi-

343 706 551 770 patum,
579 712 680 754 nos
708 697 884 754 voluit
906 695 1126 764 exsequi
1151 694 1293 767 quod
1320 692 1687 765 praeceperitis
1714 691 1767 745 in
1810 702 1942 759 ope-

349 803 441 854 re,
465 789 609 860 quod
651 798 832 844 autem
856 785 1188 857 operantium
1235 794 1320 842 est
1349 799 1443 841 vos
1468 784 1681 854 jubere.
1713 781 1939 849 Quidam

348 878 495 933 enim
519 878 734 946 civium,
764 886 824 932 ut
845 892 989 933 nunc
1034 877 1269 934 delatum
1299 886 1402 941 est,
1433 884 1559 931 ante
1592 872 1942 944 quamplures

350 984 524 1026 annos
546 971 726 1045 sorori
747 982 808 1025 se
836 967 1103 1026 defuncta:
1128 966 1380 1037 conjugis
1408 965 1463 1021 in
1501 963 1851 1021 matrimonio
1880 977 1941 1017 se

351 1062 617 1129 sociavit,
649 1063 793 1133 quod
842 1079 942 1134 ego
991 1078 1133 1120 nunc
1183 1062 1283 1117 sub
1312 1061 1600 1117 multorum
1650 1059 1939 1130 pmscntia

351 1156 530 1212 aditus
572 1156 780 1211 audivi.
829 1158 1126 1211 Accusator
1145 1154 1277 1209 tanti
1304 1153 1568 1217 criminis,
1595 1166 1703 1207 non
1731 1150 1940 1207 occulta

350 1246 729 1303 saeui-ratione
764 1246 965 1301 atrocis
1007 1243 1130 1300 facti
1176 1244 1432 1299 disseruit
1472 1242 1807 1313 qualitatem,
1842 1242 1936 1296 sed

353 1339 477 1407 ipso
501 1353 680 1394 coram
705 1338 795 1409 qui
822 1337 990 1409 gessit
1034 1337 1138 1393 ista
1178 1336 1480 1407 proposuit.
1506 1334 1714 1404 Quique
1745 1332 1937 1389 eodem

354 1443 466 1498 quo
496 1428 678 1484 illicita
698 1426 1040 1498 praesumpsit
1076 1441 1232 1493 ausu,
1262 1425 1355 1497 qui
1385 1426 1562 1481 studio
1592 1440 1619 1477 a
1647 1423 1799 1479 vobis
1828 1421 1937 1477 dis-

353 1516 710 1588 pensantibus
755 1515 1081 1571 miserabilis
1126 1514 1511 1585 propemodum
1554 1528 1661 1568 non
1703 1514 1932 1583 negavit.

359 1606 593 1665 Proinde
619 1621 721 1675 qua
762 1606 835 1660 sit
874 1604 1223 1661 abstinendus
1268 1604 1578 1659 conditione
1620 1602 1934 1673 prmcipite:

354 1698 473 1753 sive
504 1705 561 1751 ut
607 1697 807 1766 pariter
834 1697 1080 1764 lugeant,
1116 1695 1201 1750 vel
1232 1694 1278 1751 si
1319 1702 1403 1750 est
1426 1693 1709 1749 indicenda
1746 1707 1937 1763 seque-

356 1786 571 1854 stratio,
593 1788 678 1841 vel
699 1786 789 1855 qui
815 1784 1007 1842 modus
1028 1784 1373 1856 paenitentis,
1397 1782 1637 1839 edocete.
1671 1782 1802 1838 Nam
1825 1798 1931 1836 non

2048 596 2185 651 ratio
2233 595 2506 667 legitima,
2554 594 2648 650 ubi
2702 595 2913 651 exstitit
2958 595 3267 665 conjunctio
3314 597 3621 655 criminosa.

2050 686 2273 756 Utrique
2293 687 2339 742 si
2367 686 2579 742 videtur
2602 700 2753 756 ergo,
2780 686 2905 741 dum
2934 687 2986 741 in
3018 694 3125 740 tam
3161 686 3359 742 infelici
3390 688 3626 743 obstina-

2047 776 2192 831 tione
2220 777 2539 847 persistunt,
2573 784 2753 831 notam
2777 777 3349 831 excommunicationis
3388 778 3626 840 indicite.

2042 868 2219 924 donec
2239 883 2269 923 a
2298 868 2573 924 consortio
2613 867 2878 924 criminaii
2912 868 3121 939 publica
3154 870 3481 939 poenitentiae
3502 886 3635 941 pto-

2043 961 2281 1018 fossione
2324 960 2696 1017 dissuescant:
2728 972 2783 1016 et
2812 970 2959 1030 tum,
3006 964 3390 1019 miserantibus
3437 964 3589 1040 vobis
3615 1006 3629 1027 .

2042 1054 2108 1109 ad
2140 1054 2350 1109 timoris
2369 1062 2426 1110 et
2452 1054 2805 1110 correctionis
2826 1056 3155 1122 exemplum,
3179 1057 3406 1124 gratiam
3441 1072 3631 1112 recon-

2042 1147 2325 1202 ciliationis
2345 1146 2629 1216 amipiant.
2663 1147 2772 1215 Ego
2791 1155 2939 1201 certe
2960 1148 3250 1203 sinceritati
3275 1159 3466 1203 vestra:
3487 1148 3630 1217 quod

2041 1237 2365 1293 rationabile
2394 1236 2622 1301 credidi,
2660 1237 2785 1306 quia
2821 1237 2951 1291 tanti
2981 1236 3241 1293 habuistis
3264 1238 3475 1309 jubere,
3502 1253 3630 1307 sug-

2042 1328 2204 1398 gcssi.
2238 1326 2267 1366 δ
2291 1326 2643 1382 Auctoritatis
2684 1336 2876 1383 vestra:
2904 1336 3008 1395 est,
3042 1330 3336 1385 errantium
3363 1344 3628 1398 compun-

2040 1418 2221 1473 ctione
2273 1426 2597 1487 perspecta,
2646 1420 2950 1474 severitatis
3004 1419 3247 1475 ordinem
3306 1428 3628 1488 temperare.

2040 1510 2185 1574 Quos
2232 1520 2412 1580 tamen
2465 1510 2697 1578 aestimo,
2746 1511 2789 1565 si
2838 1510 3101 1567 veraciter
3145 1523 3620 1581 compunguntur,

2039 1615 2196 1670 supra
2229 1601 2445 1672 scriptis
2474 1602 2877 1657 conditionibus
2904 1602 3193 1672 pariturus.

2580 1691 2915 1749 EPISTULA
2958 1693 3094 1749 XVI.

2110 1798 2303 1838 AVITUB
2344 1797 2651 1839 VIENNENSIS
2688 1798 2965 1839 EPISCOPUS
2985 1800 3249 1865 'VICTORIO
3280 1799 3549 1842 EPISCOPO.

360 1888 467 1940 est.
496 1886 554 1932 ut
582 1886 731 1947 puto,
764 1876 941 1931 minus
978 1876 1032 1931 in
1062 1875 1311 1945 coniugio
1336 1888 1643 1945 germanam
1674 1873 1936 1944 conjugis,
1971 1860 2018 1921 Β
2116 1874 2353 1931 εθυιθιεθ
2378 1884 2433 1930 et
2459 1874 2670 1930 caritati
2700 1860 3029 1941 satisfacitis,
3057 1877 3182 1931 dum
3208 1892 3293 1933 me
3318 1877 3521 1947 aliquid
3548 1876 3634 1933 in-

358 1984 524 2040 quam
556 1983 778 2023 uxorem
806 1967 989 2024 iratris
1016 1968 1197 2023 asciri.
1224 1967 1333 2023 Vos
1358 1976 1557 2030 tamen,
1590 1975 1649 2021 ut
1676 1966 1940 2036 suggessi,

361 2060 585 2116 statuite
614 2059 753 2130 quod
775 2059 1026 2115 videtur:
1060 2059 1183 2130 quia
1216 2068 1408 2129 praeter
1433 2059 1822 2115 ordinationem
1853 2073 1945 2113 ve-

357 2160 548 2214 stram,
581 2152 646 2208 de
677 2152 768 2207 tali
810 2165 969 2207 causa
992 2151 1119 2221 quid
1165 2149 1507 2221 pronuntiari
1535 2149 1826 2207 conveniat
1856 2150 1944 2203 vix

360 2244 619 2298 decerno.
650 2241 1025 2298 Communioui
1046 2256 1239 2311 nempe
1269 2257 1392 2298 eum
1434 2242 1639 2313 trepide
1660 2243 1943 2305 subtraho,

360 2335 449 2388 vel
477 2333 751 2403 permitto,
782 2332 884 2390 nisi
908 2331 1227 2391 auctoritate
1264 2342 1443 2389 vestra
1469 2333 1752 2391 roboratus
1777 2335 1947 2389 exsti-

365 2433 442 2479 ιρι
454 2439 507 2479 ο.

906 2506 1237 2571 Εριςτοωλ
1278 2514 1394 2571 XV.

440 2621 627 2662 AVITUS
664 2620 967 2662 VIEESINSIS
1004 2621 1282 2663 EPISCOPUS
1318 2622 1572 2663 VICTUBIO
1610 2621 1873 2664 EPISCOPO.

441 2696 689 2753 Probata;
718 2713 1050 2768 summaeque
1092 2699 1309 2769 pietatis
1354 2708 1456 2764 est,
1489 2706 1547 2755 ut
1576 2701 1641 2753 de
1667 2700 1843 2755 causis
1882 2699 1947 2753 ad

367 2788 701 2859 pontificium
762 2797 1001 2843 vestrum
1060 2788 1455 2858 pertinentibus
1511 2804 1686 2843 meum
1738 2803 1951 2859 quoque

364 2878 653 2934 consilium
674 2878 1059 2935 consulendum
1087 2894 1205 2933 esse
1227 2879 1453 2934 ducetis.
1476 2879 1629 2947 Quod
1656 2880 1833 2935 facere
1854 2893 1951 2933 vos

364 2983 500 3031 non,
531 2979 586 3023 ut
616 2968 849 3033 dixistis,
876 2968 1241 3039 ambiguitatis
1271 2972 1471 3037 animo,
1506 2971 1601 3027 sed
1649 2971 1953 3026 dilectionis

367 3056 674 3112 ostenditis.
706 3057 1043 3127 Quapropter
1082 3067 1267 3113 contra
1318 3059 1529 3128 cuipam
1570 3074 1729 3130 quam
1759 3060 1954 3115 litteris

368 3149 672 3217 indicastis,
699 3150 930 3205 arbitror
976 3150 1169 3207 merito
1218 3165 1313 3205 vos
1358 3152 1580 3206 moveri.
1632 3150 1762 3222 Quis
1808 3142 1949 3208 enim

2050 1964 2376 2033 terrogando
2395 2005 2411 2030 ,
2443 1978 2549 2019 non
2590 1966 2770 2020 minus
2798 1980 3027 2022 onerare
3057 1982 3219 2036 quam
3260 1965 3528 2023 honorare
3554 1966 3638 2023 di-

2047 2057 2307 2128 gnamini.
2365 2056 2472 2113 Sed
2517 2072 2637 2112 cum
2685 2060 2957 2114 noveretis
2988 2068 3134 2115 recte
3167 2062 3295 2128 vos‘,
3324 2062 3369 2116 si
3418 2076 3523 2117 non
3569 2062 3638 2117 de

2051 2148 2242 2218 peritia
2274 2163 2413 2215 mea,
2438 2148 2631 2203 saltem
2660 2149 2727 2204 de
2752 2149 2983 2204 amicitia
3008 2150 3278 2219 judicare:
3307 2167 3406 2208 nec
3434 2152 3638 2217 aliquid

2047 2240 2197 2295 vobis
2228 2254 2461 2309 unquam
2504 2240 2858 2307 responsione
2888 2255 3006 2296 mea
3058 2242 3295 2312 suggeri,
3348 2242 3450 2298 nisi
3494 2246 3638 2313 quod

2047 2331 2173 2387 volo
2195 2344 2225 2384 a
2241 2328 2535 2386 Viennensi
2562 2329 2799 2384 Ecclesia
2822 2328 3099 2385 custodiri.
3123 2331 3351 2387 Secutus
3378 2342 3460 2387 est
3482 2348 3634 2403 ergo,

2051 2432 2109 2478 ut
2140 2421 2441 2488 iudicastis,
2474 2420 2638 2476 lilium
2663 2428 2907 2476 nostrum
2939 2420 3632 2479 diaconum-Vincomalus:

2051 2529 2211 2585 quem
2247 2513 2389 2569 Deus
2420 2514 2619 2568 tribuat
2643 2522 2701 2568 ut
2744 2512 2798 2567 in
2830 2513 2972 2569 bono
3011 2512 3233 2568 vincatis
3263 2516 3481 2569 malum.
3520 2514 3641 2571 Vidi

2054 2610 2325 2665 hominem
2374 2608 2536 2663 nimie
2563 2606 2790 2663 crudum
2821 2606 2974 2676 cujus
3014 2605 3248 2662 miseriis
3296 2616 3510 2661 constat
3550 2609 3639 2662 vix

2054 2716 2375 2774 quemquam
2404 2714 2563 2770 posse
2585 2699 2850 2755 misereri.
2877 2697 3101 2755 Juvenis
3135 2700 3349 2763 virtute,
3380 2714 3545 2754 senex
3577 2699 3638 2754 ii-

2056 2796 2143 2863 de,
2176 2810 2291 2850 mvo
2319 2793 2500 2863 friget,
2543 2791 2807 2847 adulterio
2836 2790 2993 2847 calet.
3034 2791 3169 2857 Quid
3202 2790 3424 2845 multis?
3454 2803 3640 2861 optan-

2055 2887 2181 2940 dum
2211 2896 2290 2940 est
2323 2893 2381 2938 ut
2412 2899 2508 2954 per
2534 2883 2861 2939 voluntatem
2912 2881 3312 2951 disparabiiem,
3347 2896 3643 2952 nonquam

2057 2975 2186 3030 libet
2214 2974 2407 3044 perire,
2444 2985 2549 3029 tam
2575 2974 2756 3028 liceat.
2785 2972 2917 3027 Natn
2948 2987 3069 3028 cum
3108 2973 3475 3028 adhortatorie
3523 2973 3644 3043 plus

2057 3079 2215 3130 quam
2246 3077 2459 3131 aspere,
2488 3076 2584 3131 pro
2630 3062 2819 3117 incesti
2848 3062 3089 3117 facinore
3120 3062 3446 3131 culparetur,
3492 3077 3643 3118 seve-

2059 3155 2272 3210 ritatem
2306 3163 2542 3209 nostram
2590 3155 2701 3209 sola
2734 3154 3139 3225 praescriptione
3182 3154 3448 3209 tarditatis
3480 3169 3643 3211 accu-

368 3241 457 3297 vel
490 3240 656 3295 laicus
682 3254 787 3294 non
813 3239 1079 3305 advertat,
1111 3255 1216 3294 non
1247 3240 1363 3296 sine
1390 3242 1579 3311 grandi
1603 3244 1809 3297 macula
1842 3242 1953 3297 fieri
1985 3226 2030 3289 (ἶ
2062 3259 2209 3314 sans,
2243 3259 2365 3299 sero
2389 3260 2487 3298 nos
2519 3244 2721 3299 illicita:
2744 3244 3067 3313 jurgationis
3097 3246 3393 3301 tricennaie
3422 3261 3643 3301 eonsor-

369 3334 442 3390 de
489 3332 762 3389 afﬁnitatis
813 3332 1208 3402 propinquitate
1252 3333 1785 3403 conjugium?Unde
1833 3332 1959 3389 licet

370 3424 723 3481 sollicitudini
771 3433 967 3479 vestrae
1005 3423 1334 3493 justissimus
1354 3423 1509 3479 dolor
1535 3422 1603 3479 de
1638 3424 1958 3479 necessitate

370 3514 549 3585 ipsius
589 3514 939 3569 districtionis
965 3512 1258 3579 incumbat,
1301 3513 1588 3569 salubriter
1619 3524 1797 3570 tamen
1824 3531 1957 3569 exa-

372 3613 622 3673 speratur
652 3605 704 3658 in
734 3607 1129 3674 tentporaneis,
1170 3620 1330 3676 quem
1378 3606 1572 3661 salvari
1618 3608 1863 3677 cupimus
1905 3610 1956 3663 in

376 3696 616 3750 aeternis.
641 3703 666 3732 ι
691 3695 916 3766 Oportet
958 3710 1086 3767 ergo
1128 3695 1398 3751 hominem
1450 3697 1699 3752 maritum
1730 3698 1953 3753 duarum

375 3787 588 3843 scilicet
638 3802 1177 3858 germanarum,non
1229 3790 1566 3846 irrevocabili
1618 3792 1957 3847 anathemate

376 3879 620 3948 percuti,
648 3877 742 3934 sed
774 3879 1061 3949 propositis
1110 3878 1613 3947 observationibus,
1645 3878 1859 3935 interim
1889 3881 1957 3936 ab

376 3970 620 4028 Ecclesia
648 3970 995 4040 sequestrari.
1044 3970 1114 4025 Et
1154 3971 1276 4041 quia
1307 3971 1585 4039 indicatis,
1629 3972 1957 4029 laboriosum

380 4066 561 4134 ipsum
591 4074 715 4119 ante
744 4063 940 4119 multos
961 4064 1071 4134 jam
1094 4078 1262 4120 annos
1286 4063 1526 4119 illicitam
1555 4065 1807 4120 secundae
1830 4081 1961 4119 uxo-

376 4155 455 4211 ris
478 4154 723 4223 copulam
747 4153 913 4210 fuisse
942 4153 1209 4219 sortitum,
1234 4153 1466 4207 sufficiat
1490 4154 1706 4223 impune
1734 4154 1961 4210 baccha—

377 4256 491 4301 tuin
538 4246 695 4313 longo
739 4254 980 4315 tempore
1033 4245 1236 4305 crimen
1264 4245 1476 4301 incesti.
1518 4245 1661 4301 Nihil
1700 4247 1785 4302 bic
1810 4248 1960 4318 quasi

380 4434 495 4475 sum
522 4417 743 4472 antistiti
786 4416 1097 4486 respondet,
1128 4417 1253 4487 quid
1285 4416 1352 4472 de
1383 4417 1476 4471 illo
1498 4418 1839 4473 statuendum
1870 4421 1957 4488 qui

379 4492 644 4544 defunctas
668 4490 848 4542 uxoris
874 4502 1114 4542 sororem
1144 4488 1242 4542 sibi
1269 4490 1320 4541 in
1343 4489 1686 4543 matrimonio
1707 4490 1955 4544 sociarat.

380 4560 527 4612 Civis
557 4559 638 4612 Lic
687 4570 803 4629 erat
843 4557 1400 4629 Gratianopoiitanus,
1444 4568 1498 4629 ut
1528 4569 1670 4629 patet
1699 4575 1765 4613 ex
1798 4563 1958 4629 epist.

380 4629 474 4693 I4,
504 4628 837 4681 Vincomalus
867 4628 1103 4692 nomine,
1151 4636 1209 4680 ut
1237 4638 1319 4680 est
1350 4629 1399 4681 in
1432 4627 1515 4682 l6.
1547 4628 1647 4682 Par
1678 4627 1846 4697 porro
1867 4646 1957 4684 eo-

380 4700 504 4753 dem
539 4707 778 4765 tempore
802 4698 1096 4765 eodemque
1124 4700 1173 4750 in
1198 4712 1361 4765 regno
1391 4698 1847 4766 Burgundionum,
1882 4702 1963 4751 iu—

380 4776 561 4823 cestus
586 4770 681 4821 fuit
706 4767 983 4838 Stephani,
1014 4782 1079 4838 ex
1108 4766 1286 4838 ofﬁcio
1309 4766 1633 4836 Sigismundi
1662 4771 1802 4838 regis
1832 4769 1960 4823 fisco

384 4839 691 4908 praepositi,
736 4839 824 4906 qui
858 4836 1146 4908 Palladiam
1196 4836 1463 4908 defunctae
1507 4839 1689 4892 itidem
1721 4836 1962 4907 conjugis

382 4905 625 4963 sort-rent
658 4905 1075 4973 sibicopularat.
1104 4905 1216 4973 Qua
1240 4906 1305 4960 de
1334 4921 1390 4959 re
1414 4908 1465 4960 in
1488 4908 1717 4963 concilio
1752 4905 1963 4976 L-Jgd'u-

382 4977 538 5058 nensi
571 4993 583 5029 i
606 4985 665 5058 et
695 4979 746 5032 in
781 4976 899 5031 Vita
934 4978 1104 5031 sancti
1138 4976 1463 5046 Apollinaris
1494 4977 1788 5033 \‘alentinae
1817 4980 1961 5034 sedis

382 5060 640 5115 episcopt.

475 5064 497 5098 S
534 5063 565 5096 0
607 5063 640 5099 Ι.

417 5063 481 5153 ΡΖ
501 5063 821 5169 cCynicorum
845 5116 969 5171 olim
1005 5115 1420 5183 Latinorumque
1449 5116 1500 5169 in
1532 5117 1850 5172 coercendis
1878 5117 1960 5171 in-

381 5187 552 5241 cestis
580 5200 672 5250 par
693 5185 999 5252 disciplina.
1035 5188 1108 5240 De
1138 5186 1360 5237 duarum
1388 5187 1529 5240 enim
1572 5202 1816 5243 sororum
1856 5203 1962 5240 ma-

382 5258 501 5313 ritis
531 5253 837 5309 Cra-corum
867 5271 1067 5311 morem
1094 5257 1180 5324 qui
1232 5257 1363 5325 legis
1404 5258 1509 5309 vim
1538 5257 1833 5322 obtinebat,
1859 5273 1960 5310 ex-

383 5327 535 5396 ponit
564 5325 621 5379 S.
654 5325 883 5379 Basilius
904 5326 1131 5391 epistola
1165 5325 1261 5379 I97
1291 5328 1356 5381 ad
1387 5325 1676 5381 Diodorum
1700 5368 1713 5391 ,
1740 5329 1850 5383 Ἐάν
1878 5348 1958 5388 τις

380 5398 533 5475 filice-ﬂ
572 5397 893 5475 ᾀκςέραρσίας
937 5398 1069 5475 ποεινέΔ
1116 5401 1391 5475 κρατηθεὶς.
1421 5397 1781 5475 ἕκπέῌσῃιτξρὸς
1823 5397 1957 5453 δυοῖν

382 5466 611 5539 ἁδιλφρῖν
642 5464 857 5539 aeteae.
883 5464 1303 5539 sowwviw,_pérs
1332 5469 1494 5539 γάμον
1521 5464 1753 5539 ήνὶῖσρᾶι
1780 5475 1952 5533 τοῦτο,

382 5533 655 5621 Mi)“
670 5533 777 5624 ,εἰς’
796 5533 1210 5624 fecissese?
1239 5533 1491 5624 πλτέὲςιλμξ
1527 5533 1953 5624 iiscausam

382 5559 483 5607 μην
527 5559 655 5595 om;
670 5559 756 5623 Ιτις·
805 5559 1210 5593 ικκλησιαστικον
1239 5559 1491 5624 «metopis:
1527 5559 1600 5591 πα
1638 5559 1917 5608 αοςχεσυαι
1939 5576 1953 5601 ,

381 5604 637 5680 πρᾴτερον
662 5628 691 5664 η
712 5604 949 5680 eluceat
963 5606 1304 5680 egenam.
1320 5610 1380 5660 bi
1400 5608 1511 5675 quis
1526 5559 1711 5671 allfctu
1734 5623 1956 5659 immun-

382 5673 529 5729 ditiis
548 5673 829 5744 correptus,
862 5675 915 5727 in
949 5673 1181 5727 illicitam
1204 5673 1421 5728 duarum
1455 5691 1688 5729 sororum
1728 5692 1955 5729 commu-

381 5745 694 5817 nicationem
714 5745 1096 5817 mrbitaverit,
1115 5745 1170 5797 id
1191 5760 1349 5817 neque
1380 5747 1673 5817 conjugium
1699 5760 1805 5798 esse
1827 5762 1952 5817 ren-

380 5815 619 5880 sendum,
650 5829 809 5882 neque
848 5815 999 5867 talem
1030 5814 1096 5866 ad
1120 5814 1507 5870 ecclesiasticum
1539 5814 1727 5869 caelum
1766 5816 1953 5869 admit-

623 5907 898 5967 Ps'rnon.
944 5905 1109 5966 LIX.

2066 3336 2196 3389 tium
2227 3335 2513 3389 damnasse
2542 3346 2792 3389 causatus
2822 3342 2924 3390 est.
2952 3334 3032 3389 Ad
3073 3334 3215 3389 hunc
3245 3336 3419 3391 locum
3469 3341 3642 3405 cessi,

2064 3426 2255 3491 fate0r,
2283 3425 2616 3491 impudenti:
2659 3423 2801 3494 quod
2825 3425 3030 3480 scilicet
3078 3426 3157 3481 sui
3190 3425 3474 3482 dilectione
3521 3440 3644 3481 sen-

2066 3516 2285 3570 tentiam
2318 3514 2648 3579 diii‘erentes,
2693 3515 3068 3571 maluissemus
3112 3516 3502 3572 correctionem
3546 3520 3645 3573 viri

2064 3608 2465 3677 compunctioni
2511 3607 2677 3678 ipsius
2708 3607 3077 3678 voluntatique
3123 3622 3383 3663 servare:
3414 3623 3478 3663 ac
3518 3624 3644 3679 per.-

2064 3698 2188 3753 inde
2222 3699 2425 3768 justum
2476 3712 2616 3763 esse,
2656 3709 2714 3752 ut
2756 3707 2877 3766 post
2918 3699 3087 3767 spatia
3137 3707 3218 3753 tot
3249 3714 3515 3755 annorum
3561 3701 3645 3756 vel

2063 3788 2361 3845 criminalia
2407 3790 2780 3858 restringeret,
2815 3789 2903 3859 qui
2951 3790 3224 3846 refrenare
3250 3791 3360 3861 jam
3393 3792 3646 3862 longaevi-

2065 3882 2190 3936 tatis
2232 3894 2451 3936 accessu
2499 3881 2659 3935 etiam
2688 3881 2921 3950 legitima
2963 3880 3255 3937 debuisset.
3304 3882 3383 3936 Ad
3415 3882 3560 3948 hate,
3588 3892 3646 3939 ut

2063 3974 2264 4029 sentire
2288 3987 2375 4027 me
2414 3972 2651 4039 credidi,
2682 3987 2787 4026 non
2834 3982 3219 4041 compunctus,
3251 3972 3345 4027 sed
3390 3973 3647 4028 confusus

2062 4063 2340 4133 ingemuit,
2378 4064 2693 4131 promittere
2740 4063 3124 4131 aliquantisper
3177 4078 3486 4133 aggressus,
3528 4081 3648 4120 mu-

2066 4155 2252 4209 lierem
2306 4151 2718 4208 cohabitatinnis
2750 4152 2977 4221 indignre
3023 4153 3092 4207 ab
3137 4168 3359 4209 accessu
3392 4167 3643 4222 aspectu-

2065 4260 2170 4317 que
2220 4260 2318 4301 suo
2348 4243 2591 4315 protinus
2645 4243 3055 4299 cooercendam.
3112 4243 3268 4299 Suasi
3314 4248 3647 4317 respondens

2064 4420 2305 4493 tendum,
2356 4420 2500 4489 prius
2542 4434 2693 4493 quam
2735 4420 2795 4493 ab
2845 4420 3071 4493 invicem,
3108 4420 3436 4493 dirimuntur.
3492 4422 3648 4493 Apud

2066 4492 2283 4544 Latinos
2312 4504 2442 4543 vero
2471 4491 2560 4557 qui
2589 4505 2703 4544 mos
2750 4489 2940 4555 fuerit,
2968 4492 3254 4544 multorum
3302 4492 3491 4551 instar.
3524 4489 3647 4561 quia

2066 4575 2252 4614 omnes
2283 4560 2645 4622 consentiunt,
2674 4574 2847 4613 canon
2890 4568 2975 4615 est
3012 4561 3079 4615 50
3108 4562 3316 4615 enm-iiii
3364 4560 3645 4629 Epaonen-

2068 4631 2172 4685 sis:
2203 4631 2417 4683 Incestis
2446 4629 2891 4700 conjuncliunibus
2920 4630 3047 4683 nihil
3072 4647 3276 4697 prorsus
3303 4634 3457 4684 veniae
3484 4649 3643 4686 reser-

2064 4716 2276 4763 vamus,
2315 4700 2412 4753 nisi
2452 4715 2566 4751 cum
2612 4702 2919 4752 adulterium
2960 4704 3283 4767 separatione
3329 4710 3641 4756 sanaverm'.

2065 4768 2210 4843 inter
2226 4769 2459 4824 incestos
2480 4778 2657 4843 autem
2690 4778 2956 4843 numerat.
2980 4770 3039 4843 δί
3058 4770 3172 4843 quis
3196 4788 3488 4843 germanam
3514 4791 3644 4825 uso-

2065 4840 2135 4911 ris
2162 4855 2269 4894 stus
2294 4839 2562 4911 acceperit.
2606 4840 2793 4911 Avitus
2824 4854 2955 4911 ergo
2980 4841 3030 4893 in
3062 4840 3162 4895 hoc
3197 4839 3397 4909 genere
3420 4856 3648 4911 quatuor

2066 4908 2376 4981 distinguit,
2410 4908 3042 4981 excomtnunimtionem,
3078 4908 3470 4978 separationem
3490 4952 3505 4976 ,
3530 4930 3647 4981 pae-

2068 4979 2345 5033 nitentiam
2389 4979 2651 5045 publicam
2700 4987 2756 5033 et
2800 4981 3335 5041 reconciliationem:
3366 4984 3436 5035 ita
3481 4979 3649 5039 utes-

2065 5050 2567 5121 communicationis
2599 5061 2721 5102 nota
2749 5051 3028 5104 inurantur
3064 5050 3239 5105 donec
3277 5065 3646 5121 segregentur,

2065 5128 2118 5171 et
2148 5117 2428 5191 segregati
2462 5121 2830 5191 paenitentiam
2859 5131 3051 5191 agant,
3098 5134 3155 5176 ut
3193 5117 3649 5178 reconciliationis

2063 5191 2289 5257 gratiam
2320 5189 2605 5255 accipiant.

2134 5256 2162 5296 δ
2192 5258 2249 5333 in
2282 5268 2545 5325 potestate
2586 5259 2729 5313 enim
2759 5271 2807 5313 et
2843 5260 3065 5315 arbitrio
3110 5270 3193 5316 est
3232 5262 3491 5333 episcopi,
3519 5278 3646 5333 erga

2065 5330 2411 5397 ptenitentes,
2464 5342 2745 5399 purspecta
2772 5344 2955 5383 eorum
2990 5330 3432 5399 compunctinne,
3460 5330 3646 5386 hum}.-

2065 5400 2184 5452 nius
2206 5412 2364 5467 atque
2386 5398 2748 5467 indulgentius
2779 5414 2959 5469 agere,
2985 5411 3037 5456 et
3060 5398 3372 5457 severitatis
3403 5404 3643 5458 ordinem

2064 5478 2397 5535 temperare,
2429 5469 2498 5521 ita
2538 5478 2593 5523 ut
2648 5472 2908 5524 maturius
2957 5472 3076 5525 illos
3114 5473 3179 5525 ad
3212 5474 3643 5527 communionem

2063 5538 2363 5609 recipiant.
2393 5538 2593 5608 Synodi
2636 5546 2933 5609 Ancyranae
2986 5556 3195 5597 canone
3231 5543 3297 5609 Ξ,
3346 5552 3400 5596 et
3429 5544 3645 5599 concilii

2062 5608 2397 5683 Arelatensis
2428 5624 2486 5671 ll,
2518 5624 2723 5683 canone
2754 5608 2841 5663 l0.
2885 5610 2951 5683 At
2984 5623 3193 5676 contra,
3228 5608 3644 5683 negligentiores

2062 5681 2386 5754 pmnitentes
2433 5678 3112 5754 tardiusurcconciliandos
3163 5678 3336 5740 sancit
3370 5678 3647 5754 Carthagi-

2063 5749 2248 5805 niense
2272 5763 2350 5817 tv,
2381 5763 2587 5804 canone
2611 5750 2697 5805 75.

3217 5928 3255 5991 8
