4190 6444
719 472 823 532 2315

1965 471 2029 527 S.
2073 458 2255 526 AVl'l‘l
2292 470 2698 532 ’VIENNENSIS

3875 480 3976 536 1‘56

721 597 774 640 ut
801 583 949 641 vobis
969 584 1069 640 ista
1091 585 1444 656 promitteret,
1465 594 1518 638 et
1541 583 1659 659 facti
1684 583 1952 653 paenitens
1984 600 2050 641 eo
2069 600 2127 641 se
2154 589 2290 640 solvi
2321 590 2369 648 Α
2399 585 2528 643 illud
2555 590 2625 643 ab
2656 585 3010 660 impendenda
3048 589 3270 648 caritate
3299 604 3394 650 vos
3446 593 3680 650 retineat
3701 594 3808 667 [ΑΙ.
3859 595 3970 650 lect.

717 687 823 746 quo
856 675 1048 745 ligatus
1079 675 1249 732 fuerat
1291 676 1602 757 pos1ularet.
1626 673 1832 731 Tamen
1853 717 1868 741 ,
1905 678 2028 744 quia
2054 675 2292 747 jussistis

720 777 773 820 ut
803 767 1058 837 quidquid
1086 767 1264 822 sensui
1302 779 1420 821 meo
1443 764 1686 821 videatur
1706 770 1973 837 aperiam,
2005 777 2032 806 ι
2062 767 2294 824 sufﬁciat

718 872 960 913 censura:
1012 866 1202 913 vestra
1247 856 1514 926 separatio
1571 871 1975 932 personarum:
2021 859 2296 914 scindatur

719 949 895 1003 infefix
925 948 1226 1018 conjugium
1255 949 1624 1004 innocentiore
1648 948 1918 1007 divortio:
1948 949 2190 1006 sufﬁciat
2211 951 2294 1005 di-

715 1038 1003 1093 strictionis
1030 1038 1235 1093 fructui‘
1251 1038 1514 1094 terminus
1546 1038 1695 1093 mali.
1722 1036 1832 1094 Nec
1852 1054 1984 1095 sane
2006 1042 2291 1111 promissio

712 1127 830 1198 ejus
861 1130 1032 1185 fidelis
1053 1139 1286 1198 putetur,
1315 1129 1469 1199 cujus
1498 1131 1601 1184 vita
1626 1131 1832 1185 exstitit
1861 1131 2116 1186 inﬁdelis.
2155 1132 2289 1200 ipsis

713 1221 1114 1290 fidi-jusseribus
1139 1221 1439 1277 emendatio
1483 1231 1731 1276 secutura
1771 1223 2054 1286 credatur,
2083 1223 2286 1290 quibus

715 1310 1164 1367 intercedentibus
1193 1312 1339 1381 prior
1373 1311 1523 1380 culpa
1567 1310 1859 1367 Iaxahitur.
1889 1314 1961 1368 De
1983 1322 2180 1367 caetero
2203 1328 2292 1367 au-

713 1414 841 1468 tem,
867 1397 1008 1473 quod
1037 1402 1103 1457 ad
1129 1403 1492 1472 paenitentiam
1521 1411 1817 1472 exspectat,
1849 1415 2128 1460 moneatur
2155 1405 2288 1461 inte-

713 1497 814 1551 tim
842 1510 1005 1566 agere
1024 1537 1038 1560 ,
1066 1495 1311 1565 accipere
1342 1511 1445 1550 non
1492 1505 1733 1566 cogatur.
1759 1497 2044 1560 Sufﬁciunt
2085 1497 2288 1556 infelici

711 1567 933 1644 crimina
963 1587 1091 1652 sua;
1122 1602 1220 1642 nec
1261 1588 1530 1656 ingeratur
1575 1588 1849 1644 laborioso
1887 1606 2006 1645 cum
2038 1592 2246 1661 respuit
2270 1635 2285 1659 ,

718 1678 860 1747 quod
893 1687 1000 1732 tam
1041 1675 1273 1732 instabili
1325 1679 1502 1733 animo
1532 1678 1621 1733 vix
1655 1681 1916 1735 committi
1943 1682 2205 1737 debuerat
2243 1683 2288 1738 si

715 1768 974 1838 petiisset.
1008 1765 1197 1822 Cesset
1225 1782 1254 1820 a
1285 1765 1569 1837 fragilitate
1601 1768 1817 1838 perﬁdia
1841 1786 1857 1825 :
1885 1785 1986 1826 nec
2017 1771 2202 1827 subeat
2233 1772 2285 1826 in

713 1858 1044 1914 carnalitatis
1071 1856 1340 1912 cumulum
1381 1855 1688 1912 rebellionis
1717 1869 2084 1928 augmentum.
2116 1860 2173 1916 Si
2201 1862 2288 1929 ju-

2401 676 2682 750 retrahat],
2705 677 2846 749 quod
2867 679 3226 749 simplicitatis
3249 685 3440 754 magis,
3463 693 3518 739 ut
3542 685 3798 751 arbitror,
3819 702 3972 756 quam

2398 766 2676 824 abusionis
2693 768 2896 836 animo,
2918 769 3098 824 minus
3127 770 3286 840 digne
3313 773 3383 828 ab
3408 774 3487 830 eis
3515 789 3642 830 cura
3671 791 3717 828 Vi
3736 785 3864 830 sua:
3888 790 3974 831 or-

2397 858 2687 916 dinationis
2711 862 2947 917 ambitur
2967 870 3066 919 aut
3097 862 3164 916 ad
3201 863 3436 933 majora,
3467 875 3526 921 ut
3554 874 3840 934 praestante
3871 866 3975 921 Deo

2397 953 2668 1020 cupimus,
2699 953 3062 1021 gubernacula
3094 954 3442 1023 provehi-nili,
3470 965 3525 1010 et
3564 956 3629 1010 ad
3658 956 3972 1025 duplicanda

2396 1040 2631 1109 quinque
2655 1042 2853 1096 talenta
2883 1040 2952 1097 de
2979 1043 3190 1098 duobus
3219 1043 3415 1098 additis
3443 1056 3785 1114 assurgentes
3803 1086 3820 1112 ,
3852 1060 3972 1115 pro-

2396 1128 2505 1184 bati
2535 1130 2588 1184 in
2617 1130 2852 1186 secundo
2879 1133 3045 1202 gradu
3081 1131 3302 1197 ﬁdeles,
3342 1142 3397 1188 et
3439 1135 3705 1190 maximus
3728 1134 3865 1190 hanc
3893 1150 3974 1191 se-

2397 1222 2528 1274 creti
2557 1220 2884 1275 conscientia
2923 1221 3108 1277 feratis
3135 1221 3202 1276 ad
3234 1223 3493 1293 populos,
3523 1233 3580 1278 ut
3605 1238 3711 1295 quo
3757 1225 3809 1278 in
3857 1225 3974 1280 aliis

2396 1308 2632 1366 fraterna
2657 1311 2932 1367 dissensio
2959 1313 3218 1382 potuisset
3249 1329 3490 1369 eremnm
3515 1314 3711 1382 facere,
3751 1317 3801 1370 in
3826 1316 3973 1373 vobis

2394 1401 2659 1457 studuerit
2691 1411 2912 1472 paterna
2941 1402 3159 1459 dilectio
3186 1406 3572 1461 monasterium
3601 1407 3903 1463 continere.

2868 1488 2896 1531 δ
2937 1491 3270 1549 EPISTOLA
3313 1493 3356 1548 Χ
3369 1495 3492 1550 Vlll.

2969 1583 3405 1620 vver-

2469 1671 2659 1741 Undo,
2713 1673 2923 1728 etiamsi
2976 1672 3165 1744 pignus
3213 1675 3555 1744 reliquiarum
3607 1691 3906 1749 sacraeocrui
3926 1677 3970 1732 is

2395 1772 2638 1831 putamus
2667 1778 2788 1817 esse
2813 1765 3106 1831 vobiscum,
3149 1779 3176 1817 a
3207 1775 3391 1821 sancto
3423 1776 3598 1822 tamen
3639 1767 3795 1822 Elite
3821 1769 3969 1823 urbis

2394 1852 2628 1907 antistite
2683 1853 2820 1908 hanc
2868 1855 3171 1923 specialiter
3224 1857 3638 1912 muniﬁcentiam
3701 1859 3965 1914 credimus

712 1947 883 2014 betis,
927 1948 1161 2004 breviter
1208 1948 1274 2002 ad
1304 1947 1546 2001 ultimum
1595 1962 1844 2017 suggero.
1903 1949 2180 2004 Excussus
2221 1950 2289 2004 ab
2322 1949 2364 2007 Β
2393 1942 2770 2010 expetendam.
2801 1944 2900 2010 Qui
2941 1958 3126 1999 revera
3153 1950 3473 2002 sacramenti
3515 1947 3669 2002 istius
3708 1964 3886 2003 veram
3915 1960 3968 2003 et

711 2037 945 2103 scelere,
994 2036 1320 2105 subripiatur
1350 2035 1416 2088 ad
1461 2034 1716 2100 veniam;
1749 2036 1978 2104 patiatur
2026 2037 2290 2105 paeniten-

713 2132 870 2195 tiam,
903 2143 1024 2184 cum
1055 2127 1229 2196 perdit
1260 2124 1518 2197 peccandi
1546 2127 1912 2182 occasionem:
1943 2128 2284 2198 proﬁteatur,

711 2229 833 2275 cum
863 2220 1107 2274 amiserit
1138 2218 1490 2274 voluntatem.

1229 2307 1560 2362 EPISTOLA
1591 2305 1756 2365 XVII.

713 2415 900 2457 AVITUS
921 2412 1226 2454 \‘lENNENSlS
1247 2397 1562 2454 ειηεοορυεδ
1587 2411 1900 2453 ηνεητιοιο
1925 2412 2282 2454 PBESBYTBRO.

786 2494 1076 2562 Dupliciter
1105 2490 1318 2560 pietatis
1370 2488 1585 2559 plenum
1615 2499 1699 2545 est
1735 2490 1875 2558 quod
1904 2488 2125 2555 fecistis,
2156 2491 2280 2546 dum

713 2583 976 2642 veniendo
997 2581 1334 2652 Lugdunum,
1369 2579 1578 2650 hucque
1607 2580 1890 2647 mittendo,
1913 2581 2192 2638 studuistis
2216 2582 2284 2637 de

710 2678 919 2733 duobus
950 2676 1200 2731 fratribus
1227 2671 1336 2729 illic
1363 2674 1637 2743 requirere
1664 2674 1956 2740 inﬁrmum,
1989 2676 2110 2730 istic
2155 2676 2282 2734 visi-

709 2782 822 2825 tare
850 2769 1154 2824 sollicitum.
1180 2765 1289 2823 Nec
1317 2781 1346 2821 a
1373 2765 1524 2820 vobis
1554 2767 1884 2836 propositum
1915 2765 2276 2822 intermissum

709 2875 830 2917 esse
859 2859 1150 2930 putabitur,
1173 2872 1294 2914 cum
1323 2855 1418 2914 ves
1446 2859 1696 2929 religioso
1724 2857 1872 2913 fratri
1903 2857 2020 2927 plus
2063 2859 2114 2912 in
2151 2857 2280 2913 affe-

709 2957 798 3005 ctu
839 2951 1232 3019 atque‘honore
1262 2949 1581 3005 debentibus
1614 2949 1866 3019 spiritalis
1903 2948 2069 3004 ofﬁcii
2120 2948 2276 3018 hujus

706 3057 1019 3107 conversus,
1060 3041 1398 3097 etiamsinon
1428 3042 1754 3111 poposcisset
1785 3050 2020 3111 aegrotus
2042 3057 2057 3094 :
2079 3040 2276 3111 quippe

706 3146 827 3206 cum
853 3131 1145 3186 sacerdotis
1169 3133 1405 3201 germani
1432 3131 1556 3201 jure
1597 3133 1680 3186 vel
1709 3131 2133 3188 adhortationem
2175 3146 2274 3187 ne-

705 3221 842 3297 vitas
882 3221 1175 3290 quaereret,
1207 3222 1421 3276 etiamsi
1473 3221 1842 3276 consolatione
1889 3227 2130 3277 anxietas
2168 3237 2272 3276 non

2397 2034 2754 2090 inviolabilem
2803 2036 3084 2104 puritatem
3112 2036 3215 2092 loci
3253 2037 3714 2095 administratione
3742 2055 3964 2095 consur-

2393 2139 2541 2190 vans,
2568 2127 2645 2180 sic
2675 2125 3016 2181 desiderabili
3040 2136 3229 2196 potens
3257 2138 3339 2183 est
3367 2129 3640 2198 impertire
3678 2145 3773 2185 nos
3799 2130 3962 2195 dono,

2391 2224 2450 2269 ut
2473 2215 2541 2269 ab
2567 2215 2712 2270 omni
2741 2217 3096 2272 cunctationis
3121 2217 3362 2273 absolvat
3385 2221 3653 2290 ambiguo.
3681 2219 3794 2287 Qua
3817 2220 3883 2276 de
3909 2236 3964 2275 re

2383 2305 2675 2375 plurimum
2701 2307 2887 2376 pagina
2927 2307 3222 2365 famulante
3251 2309 3508 2379 deposco,
3540 2320 3598 2364 ut
3636 2311 3704 2366 ad
3732 2312 3964 2380 prtefatte

2385 2399 2628 2454 ecclesia:
2679 2399 3013 2454 sacerdotem
3062 2400 3267 2456 litteras
3305 2403 3638 2471 apostolatus
3669 2411 3843 2457 vester
3871 2401 3964 2457 tri”-

2386 2489 2512 2543 buat
2542 2490 2788 2559 portitori
2818 2507 2831 2543 :
2863 2501 3130 2559 quatenus
3169 2493 3379 2560 gemina
3407 2493 3564 2548 nobis
3590 2494 3770 2548 veniat
3796 2494 3960 2550 bene-

2384 2579 2616 2634 dictione
2643 2579 3061 2647 ﬁrmamentum,
3093 2581 3236 2651 quod
3265 2582 3612 2638 ecclesiarum
3639 2585 3959 2652 praeminen-

2385 2671 2513 2728 tium
2564 2670 2797 2736 mundo,
2849 2670 2932 2725 vel
2957 2671 3199 2726 consulta
3249 2671 3392 2727 sedis
3440 2682 3632 2727 vestra:
3672 2673 3959 2727 auctoritas

2383 2761 2765 2829 respondebit,
2827 2762 2910 2816 vel
2967 2758 3266 2820 humanitas
3318 2765 3460 2820 illius
3504 2765 3779 2820 obsecrata
3837 2781 3957 2837 por-

2381 2865 2523 2906 reae:
2542 2855 2597 2905 it.

2911 2940 3172 2999 EPISTOI
3183 2948 3243 3000 .A
3282 2944 3421 2999 XIX.

2379 3047 2586 3094 DOINUS
2617 3043 2640 3070 ⁸
2666 3048 3003 3090 θυιωοωυυε
3043 3051 3147 3090 κει
3186 3048 3344 3090 Ανιτο
3382 3051 3657 3090 VIEINENSI
3689 3050 3952 3091 IPISCOPO.

2451 3123 2526 3178 De
2546 3123 2856 3194 prophetica
2887 3125 3119 3180 lectione
3144 3128 3482 3180 sanctitatem
3509 3135 3743 3181 vestram
3767 3131 3952 3183 remui

2377 3209 2787 3280 consolandam,
2813 3215 2967 3282 cujus
2989 3215 3232 3270 lectionis
3251 3218 3524 3285 exemplar
3549 3217 3731 3272 subter
3757 3219 3894 3287 adje.
3913 3218 3952 3274 i.

702 3324 906 3385 egeret.
937 3313 1168 3370 Proinde
1192 3315 1427 3370 laborem
1453 3314 1593 3382 justa
1627 3312 1939 3384 fatigatione
1968 3324 2270 3384 susceptum
2300 3308 2346 3371 C
2381 3305 2448 3358 Ει
2488 3304 2606 3360 ideo
2636 3317 2813 3361 υῑτυπι
2850 3306 2960 3376 iam
3001 3317 3241 3376 ιθιηβοη
3271 3309 3371 3363 is“
3409 3310 3624 3380 fuerim.
3664 3327 3731 3366 9n
3780 3313 3951 3368 [illum

704 3419 922 3474 prorsus
972 3420 1231 3460 excusare
1277 3404 1541 3468 desistite,
1578 3419 1645 3457 ne
1699 3404 1984 3458 videamini
2014 3403 2079 3458 ad
2130 3404 2273 3458 hunc

707 3494 992 3563 arripiendi
1019 3494 1099 3548 vel
1123 3493 1414 3548 definiendi
1465 3492 1808 3561 ambiguitate
1852 3507 2122 3561 peccasse.
2155 3491 2271 3546 Jam

706 3600 834 3640 vero
861 3585 1090 3655 qualiter
1113 3584 1303 3653 dignas
1351 3597 1445 3652 pro
1473 3586 1792 3637 transmisso
1823 3597 2045 3638 munere
2074 3585 2273 3653 gratias

704 3687 878 3743 agam,
904 3675 1042 3728 votis
1071 3687 1156 3727 me
1186 3673 1355 3742 magis
1382 3671 1574 3739 sentio,
1603 3672 1842 3728 invenire
1870 3687 2028 3742 quam
2058 3673 2267 3729 litteris.

705 3763 832 3818 Illud
853 3779 1064 3834 quoque
1089 3772 1148 3818 ut
1171 3763 1238 3817 de
1258 3776 1440 3817 eremo
1469 3763 1590 3816 talia
1618 3762 1839 3832 proferri
1867 3778 2026 3833 posse
2053 3764 2268 3832 dicatis,

701 3853 959 3924 elegantia
1000 3852 1226 3922 quadam
1255 3852 1520 3907 desideria
1555 3854 1825 3907 hominum
1857 3853 1922 3908 ad
1965 3855 2144 3909 locum
2177 3871 2268 3910 ve-

704 3955 830 3998 stra:
846 3943 1262 3998 cohabitationis
1287 3941 1576 3995 attrahitis.
1607 3940 1706 4006 Qui
1737 3942 1918 4009 procul
1945 3943 2129 4009 dubio,
2151 3958 2271 4012 per-

705 4047 853 4088 sona
903 4041 1096 4087 vestras
1142 4030 1528 4098 sollicitudine,
1581 4030 1938 4097 institutione,
1985 4031 2268 4097 doctrina,

703 4110 911 4178 etiamsi
967 4122 1178 4175 inventa
1226 4121 1296 4174 sit
1327 4134 1572 4182 eremus,
1608 4119 1758 4175 ﬁeret
1798 4120 2097 4190 paradisus.
2129 4122 2270 4188 Qua-

704 4222 921 4283 propter
950 4226 1046 4280 pro
1076 4211 1208 4265 sella
1229 4224 1384 4274 quam
1409 4210 1794 4277 transmisistis,
1817 4211 2087 4266 cathedra:
2112 4212 2268 4267 vicis-

699 4301 987 4357 situdinem
1017 4299 1356 4370 imprecarisl
1371 4313 1553 4368 quaeso
1583 4310 1638 4353 ut
1667 4309 1938 4354 nutantem
1971 4313 1992 4340 ε
2026 4301 2264 4357 scholam

697 4394 807 4448 cari
832 4391 1128 4446 communis
1157 4389 1413 4460 Eugendi,
1451 4399 1504 4443 et
1549 4405 1655 4443 non
1687 4391 1986 4455 minimum,
2011 4402 2264 4462 quantum

695 4485 762 4539 ad
785 4493 979 4538 statum
1010 4497 1163 4535 suum
1211 4482 1426 4549 attinet,
1461 4483 1685 4550 praesule
1713 4482 2013 4552 viduatam,
2041 4487 2267 4553 Spiritali

691 4574 923 4640 solatio,
970 4583 1024 4628 et
1069 4572 1386 4627 sacerdotali
1432 4571 1738 4641 magisterio
1789 4572 2032 4630 foveatis.
2083 4575 2266 4648 Neque

2375 3397 2513 3464 sint,
2558 3399 2761 3466 scripto
2801 3407 2981 3453 vestro
3029 3399 3304 3454 declarare
3331 3400 3625 3469 dignemini
3660 3420 3672 3454 :
3712 3402 3793 3457 Ea:
3826 3402 3952 3459 Siet

2379 3488 2612 3554 procedet
2643 3487 2746 3552 lex,
2775 3499 2820 3542 et
2850 3489 3052 3543 verbum
3080 3489 3289 3544 Domini
3325 3507 3387 3544 ex
3413 3491 3769 3560 Hierusalem;
3796 3504 3843 3548 et
3862 3498 3953 3567 ju-

2377 3577 2566 3629 dicabit
2598 3578 2727 3630 inter
2755 3578 2923 3646 plebes
2947 3582 3151 3644 multas,
3179 3591 3228 3633 et
3266 3581 3534 3650 redarguit
3562 3594 3734 3652 gentes
3757 3585 3951 3638 solidat

2355 3665 2535 3735 asque
2563 3667 2755 3738 longe;
2801 3679 2847 3723 et
2892 3673 3154 3726 concident
3198 3673 3396 3742 gladios
3426 3689 3542 3727 suos
3575 3675 3628 3726 in
3666 3685 3874 3740 aratra,
3903 3685 3950 3731 tt

2374 3759 2573 3811 lanceas
2617 3776 2736 3813 suas
2772 3761 2825 3813 in
2862 3761 3061 3830 (dces;
3091 3772 3140 3815 et
3147 3765 3261 3833 jam
3302 3779 3400 3816 non
3423 3762 3631 3817 extollet
3655 3781 3776 3834 gens
3797 3781 3950 3836 super

2371 3857 2566 3919 gentem
2589 3849 2840 3918 gladium,
2855 3862 2904 3903 et
2916 3852 3031 3921 jam
3053 3869 3152 3906 non
3172 3854 3371 3906 stabunt
3395 3853 3861 3924 belligerareUsai.
3889 3871 3946 3919 ιι.

2373 3939 2426 4001 5,
2451 3937 2528 4006 li).
2560 3939 2662 3992 Et:
2694 3938 2988 4010 Requiescet
3006 3944 3352 4014 unusquisque
3373 3945 3463 3997 sub
3484 3946 3626 3998 vinea
3655 3962 3768 4011 sua,
3791 3957 3837 3999 t-t
3857 3947 3947 4000 sub

2371 4025 2472 4092 ﬁcu
2519 4044 2647 4091 sua;
2678 4039 2722 4081 et
2752 4046 2852 4082 non
2874 4033 2964 4085 erit
2994 4033 3080 4100 qui
3133 4033 3184 4086 in
3229 4033 3456 4088 timorem
3486 4036 3653 4089 mittat
3690 4052 3775 4090 eos
3824 4035 3943 4102 (ll!

2372 4112 2502 4176 Rea.
2534 4133 2610 4183 tv,
2642 4117 2759 4190 25).

2903 4213 3228 4269 EPISTOLA
3288 4216 3327 4269 Χ
3340 4216 3405 4270 Χ.

2421 4317 2607 4357 Ανιτυε
2647 4317 2952 4361 νιεκιειειειε
2991 4323 3265 4363 EPISCOPUS
3308 4318 3330 4344 θ
3374 4325 3546 4364 noun'o
3581 4309 3891 4369 curtooauo

3094 4417 3234 4455 REGI.

2439 4492 2586 4546 Licet
2614 4491 2680 4546 de
2717 4491 2949 4545 lectione
2998 4491 3306 4560 proph-tica
3358 4493 3520 4544 sciios
3562 4493 3757 4562 magis,
3807 4494 3942 4549 inter

2367 4600 2502 4654 quos
2528 4587 2640 4654 ipse
2672 4583 2905 4653 proﬁteri
2938 4597 3043 4636 non
3091 4583 3294 4649 audeo,
3324 4583 3614 4640 debueritis
3659 4587 3939 4644 consulere

763 4741 788 4769 ι
812 4728 1156 4807 Superiorem
1186 4726 1503 4807 sententiam
1533 4741 1678 4807 suam
1707 4739 1988 4807 temperat,
2011 4733 2265 4807 et_mitius
2297 4742 2344 4802 ι)
2372 4747 2473 4790 cet.
2506 4738 2734 4792 Varuam
2763 4753 2891 4807 ergo
2912 4747 2965 4793 et
2986 4749 3194 4795 rectore
3221 4738 3525 4794 destitutam
3557 4740 3792 4796 scholam
3826 4743 3932 4800 Eu-

687 4796 945 4868 decernit.
976 4800 1087 4852 Duo
1112 4797 1252 4868 enim
1281 4811 1424 4862 supes
1443 4796 1523 4848 ius
1549 4799 1811 4866 exigebat,
1865 4804 2252 4868 separationem

687 4882 741 4925 et
792 4865 1052 4938 publicam
1111 4867 1476 4934 paenitentiam
1515 4883 1525 4916 :
1561 4865 1700 4920 nunc
1752 4865 2087 4934 separatione
2136 4875 2248 4928 sola

683 4934 983 5009 contentus,
1008 4936 1075 5009 de
1101 4937 1406 5003 panilettlla
1433 4947 1690 5006 suggerit,
1725 4946 1780 4990 ut
1810 4952 1927 4992 eam
1952 4954 2109 5009 agere
2132 4959 2247 4997 mo-

684 5003 892 5072 neatur,
917 5008 1158 5074 accipere
1190 5021 1291 5058 non
1322 5003 1559 5072 cogatur.

751 5079 777 5118 δ
811 5079 906 5141 Qui
939 5077 1302 5145 Lugdunensis
1337 5088 1515 5142 [ionica
1547 5076 1642 5128 fuit
1672 5077 1977 5145 episcopus,
2009 5087 2066 5132 ut
2088 5080 2248 5136 doce-

681 5149 756 5204 bit
785 5147 1006 5216 epistola
1032 5145 1121 5199 5‘2.
1152 5143 1435 5198 Nuuc‘cum
1466 5143 1775 5212 Lugdunum
1805 5143 1869 5201 ei
1892 5148 2102 5203 Jurensi
2130 5167 2246 5206 ere-

680 5233 767 5274 mo
811 5217 1076 5276 venisset,
1107 5216 1571 5282 Apollinaremque
1602 5216 1739 5269 Avi:i
1773 5219 2016 5281 fratrem,
2047 5234 2241 5275 novum

678 5291 986 5356 episcopum
1017 5285 1085 5356 lbi
1119 5293 1485 5356 aegrotantem
1512 5284 1799 5349 visitaset,
1855 5290 2064 5342 Avitum
2109 5306 2240 5356 qu..-

677 5355 780 5423 que
811 5359 984 5425 ipsum
1031 5355 1294 5426 destinato
1344 5355 1528 5426 nuntio
1570 5356 1834 5426 consolari
1865 5360 2082 5410 studuit.
2125 5355 2241 5426 Quo

678 5421 890 5503 nomine
938 5423 1136 5503 gratias
1181 5423 1421 5503 “litigii,
1478 5421 1743 5503 simulque
1787 5440 1883 5492 pro
1931 5421 2236 5503 transmissa

676 5498 842 5566 sella:
884 5493 1033 5560 cujus
1061 5493 1176 5545 vice
1202 5493 1514 5566 colhedrant
1551 5494 1672 5560 ipsi,
1708 5494 1808 5547 hoc
1852 5505 1932 5548 est
1961 5498 2236 5566 episcopa-

681 5574 786 5617 tum
817 5565 1158 5631 imprecatur,
1189 5576 1345 5630 quem
1377 5559 1609 5629 Lugduni
1655 5573 1840 5630 postea
1885 5559 2104 5620 sortitus
2129 5559 2229 5626 est.

751 5633 943 5700 cQuod
994 5645 1133 5700 nunc
1179 5640 1262 5685 est
1308 5634 1682 5684 monasterium
1723 5637 1888 5686 sanrti
1940 5633 2141 5691 Claudii
2179 5640 2229 5693 in

678 5701 802 5754 .lura
835 5709 1032 5755 monte.
1059 5699 1296 5768 Eugendi
1321 5714 1536 5761 nomen.
1566 5701 1708 5768 quod
1739 5705 1789 5755 in
1822 5704 2007 5759 codice
2054 5719 2236 5763 nostro

677 5771 1094 5834 desiderabatur,
1117 5770 1554 5842 supplevimusex
1568 5771 1781 5842 schedia
1805 5775 2089 5830 'l‘huaneis.
2118 5779 2234 5842 Quo

679 5848 914 5908 tempore
937 5848 1112 5892 autem
1140 5842 1242 5893 vita
1274 5839 1484 5895 functus
1512 5845 1608 5904 sit,
1643 5841 1754 5897 [nec
1785 5846 2004 5913 epistola
2028 5839 2236 5903 nosdo-

2366 4808 2522 4874 gentli
2569 4809 2865 4864 Viventiolo
2905 4813 3094 4863 suadet
3126 4821 3173 4863 nt
3203 4821 3466 4878 capessat,
3520 4819 3575 4863 ut
3620 4817 3669 4866 in
3698 4821 3934 4870 secundo

2356 4879 2531 4950 gradu,
2555 4879 2847 4950 presbyteri
2899 4880 3182 4949 probatus,
3214 4882 3279 4933 ad
3330 4881 3530 4947 majora
3575 4883 3928 4947 gubernacula

2359 4949 2723 5016 provehatur,
2749 4949 2850 5003 hoc
2878 4959 2997 5016 est,
3029 4950 3094 5002 ad
3121 4951 3348 5017 primum
3391 4950 3610 5020 gradum
3646 4968 3926 5026 episcopo-

2355 5031 2493 5068 rum.

2423 5083 2448 5121 ἀ
2478 5086 2644 5153 Quam
2677 5088 2844 5142 multa
2885 5089 2986 5159 hoc
3035 5088 3152 5144 loco
3192 5089 3371 5142 desint
3395 5090 3555 5143 statui
3587 5106 3692 5145 non
3726 5100 3920 5159 potest.

2354 5152 2473 5230 Titu
2500 5152 2584 5209 um
2626 5174 2753 5211 vero
2798 5158 3038 5230 epistolge
3083 5161 3316 5228 conjicio
3369 5159 3533 5214 fuisse
3575 5164 3639 5213 ad
3679 5152 3924 5230 Simma-

2351 5225 2525 5302 chutn_
2543 5225 2947 5302 papa_m.__.43|i'.c
2969 5239 3169 5302 autem,
3185 5225 3244 5283 id
3266 5238 3360 5302 est
3389 5225 3879 5302 Hierosolymorum
3899 5276 3913 5298 ,

2347 5296 2638 5367 antistitem
2671 5297 2876 5350 Heliam
2910 5298 3153 5367 intelligi,
3188 5301 3274 5367 qui
3305 5301 3488 5353 sedem
3523 5296 3663 5354 illam
3688 5310 3812 5355 tunc
3833 5296 3917 5358 re;

2345 5367 2522 5431 gebat.
2555 5366 2631 5418 Ad
2666 5367 2805 5420 hunc
2827 5381 2978 5436 ergo,
3015 5366 3110 5437 pro
3147 5366 3480 5436 impetrando
3505 5382 3703 5424 sanctae
3730 5371 3915 5428 Crucis

2347 5449 2565 5510 muni-re
2588 5451 2706 5491 cum
2729 5439 2988 5492 scriberet
3017 5438 3222 5500 Avitus,
3259 5440 3566 5509 Symmachi
3596 5456 3807 5510 quoque
3836 5443 3919 5496 in-

2345 5507 2722 5578 tercessionem
2753 5521 2854 5574 qua
2899 5509 3005 5560 voti
3062 5523 3278 5576 compos
3304 5507 3508 5576 ‘lieret,
3536 5507 3775 5578 expetiit.
3808 5511 3914 5568 Sed

2339 5573 2492 5646 Aviti
2510 5575 2574 5626 ad
2594 5573 2811 5646 _lieliatn
2838 5579 3062 5646 epistola
3095 5573 3453 5634 desideratur.

2411 5651 2433 5681 ⁸
2463 5643 2682 5699 Solebat
2715 5643 2920 5711 Avitus,
2962 5658 3018 5701 ut
3046 5647 3355 5704 Azobardus
3380 5658 3622 5708 testatur.
3651 5660 3700 5703 et
3729 5665 3914 5705 exem-

2337 5712 2425 5788 plo
2455 5715 2792 5788 manifestum
2821 5726 2924 5779 est,
2948 5733 3068 5772 cum
3093 5733 3215 5787 rege
3241 5718 3573 5774 Gundobado
3603 5721 3910 5788 frequenter

2339 5781 2409 5835 de
2453 5782 2575 5845 ﬁde,
2609 5801 2712 5839 non
2768 5789 2937 5841 solum
2995 5781 3176 5841 coram
3223 5789 3511 5855 disserere,
3552 5789 3645 5846 sed
3698 5781 3908 5847 absenti

2343 5866 2554 5922 quoque
2579 5869 2671 5924 per
2691 5856 2946 5925 epistolas
2973 5857 3318 5927 respondere.
