4154 6456
388 530 489 586 237

388 735 471 789 vel
501 730 829 796 obedientia,
859 729 960 784 etsi
993 738 1200 794 nequeo
1226 720 1551 790 respondere
1587 715 1860 772 doctrina.
1893 713 1968 767 Ita

386 822 528 893 quod
561 820 785 875 indicari
835 816 984 872 vobis
1011 814 1233 884 jubetis,
1264 814 1423 867 etiam
1454 817 1633 874 textu,
1678 820 1747 860 ne
1792 804 1966 859 dicam

386 912 720 984 expo~itione
765 910 1029 980 prolixum
1072 916 1154 962 est
1180 926 1193 961 :
1220 915 1277 961 et
1302 904 1561 973 majorem
1592 897 1968 968 disputationis

385 1007 717 1061 vacationem
767 1000 1019 1071 postulat,
1068 1012 1228 1068 quam
1260 996 1529 1050 succincta
1577 989 1831 1045 celeritas
1885 1001 1969 1041 re-

385 1095 570 1164 scripti
599 1093 903 1164 epistolaris
923 1089 1184 1145 admittat.
1219 1084 1499 1139 Etidcirco
1522 1090 1719 1151 quanta
1748 1092 1967 1147 possum

388 1185 648 1241 brevitate
678 1181 999 1252 respondeo,
1023 1178 1161 1249 quod
1186 1192 1252 1232 ex
1284 1175 1542 1245 pr0pheta
1589 1172 1721 1225 Isaia
1748 1170 1967 1223 directa:

387 1276 455 1331 ad
482 1290 569 1331 me
597 1276 825 1329 termino
855 1273 1060 1340 pagina:
1095 1267 1437 1329 subdidistis,
1485 1265 1594 1334 jam
1644 1262 1875 1327 dudum,
1913 1257 1966 1313 id

387 1376 472 1423 est
515 1375 756 1435 tempore
780 1362 1061 1417 dominica:
1091 1356 1473 1414 incarnationis
1508 1355 1803 1423 impletum.
1833 1353 1964 1406 Nam

387 1472 509 1511 curn
536 1456 678 1511 dicat
702 1472 714 1508 :
741 1453 823 1507 Ea:
850 1452 978 1508 Sion
1008 1451 1292 1523 egredietur
1320 1450 1422 1513 lex,
1451 1456 1496 1501 et
1520 1446 1727 1500 verbum
1759 1444 1966 1498 Domini

384 1563 449 1601 ex
500 1542 823 1599 Hierusalem
853 1539 999 1614 (Isai.
1038 1556 1097 1606 tt,
1134 1538 1222 1608 3),
1258 1546 1478 1593 tractate
1518 1534 1856 1605 diligentius,
1898 1548 1965 1586 an

383 1652 504 1709 quae
531 1636 704 1689 adhuc
732 1635 1029 1703 exspectari
1052 1632 1245 1688 debeat
1294 1628 1692 1700 promulgandis
1725 1628 1856 1696 legis
1885 1642 1969 1680 re-

387 1736 495 1783 stet
521 1726 847 1781 auctoritas:
878 1734 901 1760 ⁸
931 1734 1077 1778 certe
1121 1733 1241 1792 post
1288 1722 1519 1775 Verbum
1552 1720 1643 1774 Dei
1675 1720 1813 1788 quod
1842 1732 1968 1772 caro

387 1819 586 1873 factum
616 1826 721 1877 est,
754 1826 812 1869 ut
844 1831 935 1883 per
965 1814 1296 1869 nativitatem
1325 1812 1568 1881 corporis
1613 1812 1879 1865 habitaret
1915 1811 1966 1864 in

386 1908 562 1972 nobis,
592 1907 636 1960 si
665 1905 838 1959 adhuc
865 1920 927 1959 ex
962 1904 1291 1959 Hierusalem
1318 1904 1459 1957 aliud
1497 1903 1719 1957 verbum
1747 1918 1969 1971 speran-

1785 505 2111 564 EPISTOLA
2156 502 2293 556 XXI.

388 642 732 698 sacerdotes:
759 649 884 709 opto
931 647 1106 691 tamen
1155 630 1381 703 jussioni
1432 638 1623 683 vestire
1664 623 1973 679 satisfacere
2002 624 2051 680 Α

3554 491 3662 550 εδδ

2609 610 2938 667 EPISTOLA
2982 610 3123 664 XXI.

2146 719 2329 759 AVITUS
2359 718 2661 757 VIENNENSIS
2691 718 2968 756 EPlaCOPUS
2998 702 3024 739 δ
3058 714 3230 755 υοιιιςο
3256 712 3584 754 ειςιδιιωιιίο.

2145 796 2296 863 Quod
2348 810 2435 850 me
2467 794 2535 849 de
2580 793 2939 848 Collocutione
2986 792 3153 860 regali
3200 790 3265 843 ad
3300 790 3539 843 nomium
3574 805 3658 841 ve-

2073 895 2239 939 stram
2266 899 2372 939 non
2394 884 2652 938 detulisse
2681 881 2929 951 culpatis,
2959 880 3205 934 occursui
3227 894 3348 933 meo
3371 891 3557 931 exacta
3582 876 3659 930 fe-

2072 978 2308 1031 stivitate
2336 988 2677 1031 servaveram
2703 989 2717 1026 :
2744 972 2867 1043 quia
2912 986 3099 1026 revera
3142 969 3365 1023 iudicari
3397 968 3548 1021 vobis
3575 969 3662 1021 lit-

2073 1068 2273 1122 terario
2314 1066 2569 1121 famulatu
2594 1076 2785 1121 cuncta
2827 1079 2923 1133 per
2956 1062 3224 1126 ordinem,
3251 1059 3660 1129 disceptationis

2073 1160 2353 1229 prolixitas
2389 1158 2824 1227 perplexitasque
2854 1169 2959 1208 non
2988 1154 3201 1222 patitur.
3232 1151 3363 1205 Nam
3393 1161 3654 1219 quantum

2072 1249 2125 1302 in
2165 1248 2357 1302 animis
2406 1247 2607 1302 domini
2659 1247 2790 1310 mei,
2839 1245 3005 1314 patris
3056 1243 3240 1307 vestri,
3288 1241 3523 1295 sensisse
3570 1256 3656 1295 me

2073 1351 2220 1408 puto,
2248 1339 2419 1393 fervet
2448 1338 2501 1391 in
2541 1337 2659 1407 ejus
2698 1335 2877 1390 studio
2898 1333 3128 1389 conﬁcta
3155 1334 3248 1387 otii
3278 1332 3454 1387 fronte
3476 1342 3653 1386 certa-

2072 1447 2215 1485 men.
2265 1430 2402 1485 Nam
2440 1429 2581 1499 quod
2620 1429 2975 1484 credebamus
3004 1427 3346 1481 animositate
3384 1426 3655 1495 deposita,

2070 1524 2285 1578 silentio
2323 1530 2675 1590 temperante,
2723 1521 2955 1576 subitam
2988 1519 3440 1587 Opportunitatein
3479 1528 3655 1585 potus

2070 1631 2229 1685 quam
2258 1616 2491 1685 quietem
2533 1617 2836 1683 requirens,
2870 1626 2975 1665 non
3017 1612 3249 1666 cessavit
3282 1610 3549 1690 praeterita
3578 1609 3659 1662 in-

2071 1708 2349 1761 duciarum
2400 1705 2684 1769 brevitate,
2730 1706 2824 1759 sed
2871 1705 3048 1758 latuit.
3098 1703 3249 1757 Adeo
3292 1711 3349 1756 ut
3394 1717 3494 1757 nec
3543 1702 3654 1770 ipsa

2072 1799 2439 1855 contentionis
2480 1813 2629 1852 arma
2657 1813 2778 1867 qua:
2806 1797 2955 1866 quasi
2982 1796 3093 1865 jam
3137 1795 3190 1849 in
3224 1808 3405 1850 nostra
3438 1796 3654 1863 regione

2075 1892 2402 1954 defecerant,
2436 1900 2728 1962 poscantur
2752 1892 3111 1954 extrinsecus,
3150 1891 3233 1943 vel
3266 1906 3434 1959 usque
3472 1891 3537 1943 ad
3572 1906 3657 1945 re-

385 1999 512 2052 dum
538 2005 642 2060 est,
676 1995 813 2049 istud
841 1995 979 2063 quod
1009 2007 1171 2061 supra
1196 1993 1429 2047 diximus
1468 1991 1680 2045 unicum
1714 2006 1819 2045 non
1860 2002 1961 2046 est.
2002 1979 2046 2039 Β
2073 1988 2244 2042 ditum
2276 1990 2572 2058 legatorum
2603 2002 2825 2043 suorum
2854 1987 3034 2042 fervor
3065 1986 3431 2041 meditationis
3455 2000 3655 2055 exspe-

388 2089 541 2146 Uude
593 2090 961 2143 incunctanter
1009 2087 1063 2141 in
1112 2100 1174 2142 eo
1222 2102 1381 2159 quem
1440 2089 1795 2158 proposuistis
1848 2086 1967 2143 loco

384 2195 565 2236 sermo
612 2178 775 2247 patris
819 2178 1087 2239 Christus.
1118 2186 1172 2231 ct
1226 2181 1305 2232 lex
1335 2176 1635 2231 Christiana
1680 2174 1967 2245 praedicata

384 2281 489 2326 est.
534 2269 667 2337 Quia
696 2283 817 2322 cum
849 2269 970 2324 dua:
998 2267 1140 2336 leges
1187 2266 1323 2334 siut,
1372 2266 1423 2319 itl
1453 2274 1535 2321 est
1562 2265 1804 2331 ludaica,
1849 2280 1967 2334 quse

388 2359 694 2430 praecessit,
742 2365 797 2411 et
846 2372 1049 2421 IIOSll'a,
1097 2371 1216 2426 qua:
1246 2356 1521 2425 sequitur,
1552 2364 1606 2410 et
1640 2355 1724 2408 illa
1760 2362 1968 2408 vetuSta

386 2453 494 2523 jam
522 2452 683 2506 etiam
717 2450 1094 2518 praphetarnm
1128 2447 1455 2517 temporibus
1487 2447 1777 2511 diceretur,
1824 2447 1971 2499 vide-

390 2548 460 2599 tis
488 2546 556 2599 ab
602 2544 733 2597 Isaia
766 2541 922 2596 istam
974 2542 1339 2596 tantummodo
1376 2541 1633 2604 nuntiari,
1666 2555 1782 2609 qua:
1814 2554 1971 2593 voca-

391 2635 536 2687 tione
564 2635 801 2703 geutium
831 2631 1139 2701 magisterio
1158 2630 1357 2684 Cliri~ti
1386 2631 1627 2684 docentis
1649 2638 1834 2682 exorta
1866 2640 1968 2683 est.

391 2722 544 2779 Unde
573 2723 812 2789 sequitur
830 2760 846 2786 ,
870 2732 918 2775 et
937 2722 1193 2791 judicabit
1220 2721 1349 2773 inter
1389 2722 1612 2773 medium
1658 2724 1901 2790 gentium,
1923 2730 1971 2773 et

388 2812 669 2883 increpabit
687 2811 903 2881 populos
935 2812 1153 2876 multas;
1183 2826 1316 2881 quos
1343 2827 1411 2864 ex
1444 2812 1651 2865 eunetis
1698 2812 1970 2881 Cognatio-

390 2904 549 2958 nibus
578 2912 736 2958 terras
780 2905 917 2957 intra
949 2916 1105 2955 unam
1142 2903 1434 2956 Ecclesium
1485 2902 1741 2957 Dominus
1792 2914 1973 2959 noster

388 2994 944 3065 judicandoinstituit,
972 3003 1023 3047 et
1044 2994 1317 3063 arguendo
1347 2997 1632 3049 convertit.
1661 2995 1814 3062 Quod
1846 3010 1974 3048 vero

390 3087 483 3149 ait,
516 3085 779 3138 concident
800 3082 999 3155 gladios
1029 3101 1147 3137 suos
1169 3086 1221 3136 in
1243 3096 1417 3137 aratra
1436 3128 1449 3151 ,
1490 3096 1534 3139 et
1557 3087 1757 3137 lanceas
1780 3102 1898 3137 suas
1922 3088 1972 3138 in

391 3174 569 3245 falces,
604 3173 725 3228 licet
756 3176 923 3242 possit
947 3174 1013 3228 de
1042 3189 1299 3243 corporea
1346 3183 1504 3229 aetate
1542 3175 1751 3228 Domini
1783 3175 1835 3229 in
1868 3190 1971 3244 qua

392 3282 491 3336 per
527 3267 709 3322 orbem
739 3267 975 3337 quietum
1009 3269 1323 3322 inconcussa
1356 3283 1455 3337 pax
1497 3268 1699 3332 floruit,
1729 3269 1969 3338 aliquan-

2071 2090 2199 2134 ctat.
2233 2080 2498 2135 Redeunti
2526 2080 2685 2150 igitur
2712 2080 2843 2133 mihi
2872 2080 2937 2133 de
2977 2093 3042 2133 eo
3068 2078 3211 2148 quod
3243 2078 3414 2133 nostis
3441 2078 3649 2142 itinere,

2072 2183 2173 2223 nec
2221 2169 2420 2240 aliquid
2456 2169 2671 2224 interim
2721 2170 2790 2223 de
2835 2168 3145 2236 hujusmodi
3203 2170 3659 2238 propositionibus

2071 2260 2337 2329 Opinanti,
2366 2260 2624 2332 quidquid
2672 2276 2766 2331 per
2818 2262 3271 2329 implicatissimos
3301 2263 3656 2331 qtuestionum

2074 2352 2413 2408 mendacium
2457 2352 2627 2408 nodos
2656 2354 2816 2422 longo
2846 2354 3024 2422 spatio
3066 2367 3227 2422 sagax
3269 2352 3530 2407 industria
3561 2371 3658 2423 po-

2076 2446 2174 2499 tuit
2193 2460 2369 2511 arare,
2399 2452 2727 2499 commotum
2758 2454 2862 2498 est.
2892 2443 3085 2497 Fervet
3111 2444 3322 2499 validus
3348 2445 3551 2512 prolixa
3574 2445 3656 2499 di-

2076 2537 2381 2606 sputatione
2417 2546 2675 2591 tractatus
2710 2554 2722 2589 :
2758 2534 2994 2605 placidus
3026 2546 3225 2600 tamen,
3272 2551 3373 2592 nec
3402 2536 3602 2606 aliquid
3628 2555 3656 2591 a

2076 2628 2365 2695 supercilio
2388 2627 2701 2682 dominandi
2737 2627 3057 2683 turbulentae
3081 2629 3462 2681 commotionis
3486 2629 3654 2683 inter-

2075 2736 2291 2787 serens;
2322 2722 2415 2777 sed
2445 2723 2653 2777 curavit
2682 2722 2951 2788 consulte,
2978 2720 3314 2775 necessitatis
3340 2721 3659 2790 opportuni-

2078 2823 2188 2870 tate
2217 2815 2429 2884 provisa
2459 2824 2513 2870 et
2542 2816 2643 2879 rei,
2669 2823 2724 2867 ut
2750 2815 3054 2884 quicunque
3088 2814 3444 2867 contentionis
3471 2811 3661 2866 fuisset

2077 2916 2320 2980 eventus,
2354 2921 2452 2961 nec
2482 2914 2790 2975 superatum
2824 2914 3095 2974 pateretur
3138 2904 3478 2958 erubescere.
3520 2903 3658 2971 Quid

2078 2996 2291 3051 multis?
2312 2996 2430 3051 sine
2454 2998 2707 3064 jactantia
2738 2998 2890 3051 vobis
2922 2997 3087 3050 libere
3107 2995 3247 3060 dico,
3276 2997 3339 3049 ad
3368 2999 3661 3065 proposita,

2076 3096 2335 3156 quantum
2369 3088 2499 3142 mihi
2522 3088 2746 3152 videtur,
2774 3087 2918 3157 quod
2953 3088 2995 3141 si
3031 3089 3320 3143 audissetis
3350 3090 3520 3158 potuit
3551 3090 3663 3159 pla-

2077 3191 2202 3231 cere
2232 3188 2541 3248 suggestum
2566 3187 2670 3232 est.
2700 3177 2853 3246 Quod
2880 3192 3010 3232 sane
3031 3193 3225 3233 vereor
3253 3179 3521 3233 audientis
3544 3182 3663 3250 plus

2073 3268 2278 3337 judicio
2322 3268 2635 3325 satisfacere
2668 3286 2827 3338 quam
2856 3270 3035 3323 studio
3075 3263 3511 3338 placuisseT'Sed
3536 3286 3657 3324 cum

394 3360 561 3428 tisper
590 3336 846 3429 intelligi,
881 3359 1180 3414 evidentius
1208 3361 1310 3415 hoc
1342 3336 1519 3416 tamen
1563 3336 1883 3417 Christianis
1917 3366 1975 3415 li—
2004 3336 2049 3396 (ἶ
2080 3336 2425 3429 praesentiam
2477 3336 2738 3425 vestram,
2774 3360 2883 3413 Deo
2923 3336 3203 3428 largiente,
3254 3374 3525 3425 meruero,
3567 3376 3663 3429 per

390 3453 600 3507 deiibus
629 3462 927 3520 coaptatur,
956 3468 1180 3521 quorum
1205 3468 1325 3507 cum
1359 3453 1550 3522 majori
1584 3469 1808 3508 numero
1837 3455 1977 3509 desit

391 3558 459 3601 ac
484 3542 715 3599 defuerit
744 3559 890 3609 usus,
914 3557 1071 3612 quem
1098 3544 1149 3597 in
1180 3546 1469 3613 perniciem
1500 3544 1732 3600 hominis
1773 3546 1974 3601 malitia

394 3634 583 3705 prima:
610 3635 901 3688 nativitatis
922 3642 1242 3700 armaverat,
1273 3636 1340 3689 ad
1372 3650 1497 3691 usus
1525 3636 1713 3692 salutis
1735 3638 1977 3693 vitalem-

393 3741 497 3794 que
527 3727 786 3780 culturam
816 3727 1062 3780 nativitas
1092 3726 1325 3780 secunda
1368 3738 1669 3783 convertat.
1696 3728 1831 3782 Nam
1854 3746 1974 3783 Cum

394 3820 451 3875 in
505 3818 790 3888 Evangelio
829 3819 896 3874 de
940 3818 1043 3873 line
1088 3819 1270 3873 saeculi
1320 3819 1683 3887 praedicetur:
1728 3820 1978 3891 Exsurget

394 3925 518 3979 gens
542 3919 720 3962 contra
757 3918 977 3979 gentem,
1002 3918 1052 3963 et
1081 3926 1293 3980 regnum
1322 3921 1497 3964 contra
1543 3929 1751 3982 regnum
1782 3914 1973 3983 (Marc.

394 4017 512 4065 xm,
542 4000 595 4071 8)
626 4019 638 4053 :
678 4007 735 4055 et
761 4016 827 4055 ex
869 4000 998 4070 ipsis
1028 4002 1293 4056 malorum
1318 4003 1526 4058 indiciis
1558 4004 1840 4060 innninere
1867 4008 1975 4075 jam

394 4109 535 4163 pene
565 4093 744 4147 mundi
796 4095 1079 4148 terminum
1109 4094 1451 4164 colligamus,
1495 4096 1597 4150 nisi
1643 4098 1782 4166 quod
1814 4113 1974 4167 supra

394 4186 505 4239 dixi
544 4184 610 4239 de
653 4185 931 4239 catholicis
982 4181 1273 4251 ﬁguraliter
1303 4186 1634 4253 accipiatur,
1683 4188 1862 4242 nescio
1922 4198 1979 4242 ut

393 4275 524 4346 quid
555 4284 672 4344 post
700 4274 881 4329 sznculi
908 4273 1066 4328 linem
1093 4275 1319 4329 obtunsa
1344 4276 1568 4329 telorum
1597 4280 1737 4331 acies
1764 4278 1814 4329 in
1847 4280 1976 4347 ligo-

396 4382 494 4421 nes
536 4376 587 4421 et
632 4381 879 4421 vomeres
927 4377 1308 4419 commutetur.
1356 4365 1488 4419 Illud
1519 4381 1645 4421 vero
1696 4368 1835 4436 quod
1871 4371 1976 4422 imo

397 4458 641 4511 lectionis
668 4456 905 4524 jussistis
938 4456 1171 4524 adjnugi,
1199 4457 1249 4509 id
1274 4466 1377 4521 est,
1408 4459 1679 4525 requiescet
1702 4461 1976 4529 unusquis-

396 4566 495 4617 que
517 4548 605 4602 sub
631 4549 724 4601 rite
750 4564 842 4601 sua
869 4557 914 4601 et
936 4549 1027 4601 sub
1050 4547 1151 4614 ﬁcu
1176 4546 1296 4617 (III
1324 4546 1447 4617 Reg.
1478 4564 1553 4613 tv,
1588 4547 1701 4618 '25),
1728 4565 1825 4603 nec
1855 4566 1975 4604 e~se

398 4640 453 4693 in
480 4638 663 4692 eadem
698 4638 957 4700 lectione,
1000 4652 1098 4690 nec
1126 4636 1191 4689 ad
1219 4652 1433 4690 causam
1464 4637 1531 4691 de
1572 4654 1672 4703 qua
1699 4641 1973 4693 consului-

397 4730 498 4782 stis
525 4742 749 4795 suggero
777 4726 1066 4793 pertinere.
1097 4726 1246 4792 Quod
1286 4737 1464 4781 tamen
1492 4727 1824 4796 temporibus
1866 4732 1976 4797 pri-

400 4818 508 4869 scis
537 4816 838 4868 Judce‘ornm
871 4814 1087 4881 populo,
1116 4815 1291 4869 meriti
1338 4817 1637 4871 alternante
1683 4818 1933 4874 distantia
1961 4863 1975 4887 ,

402 4911 731 4977 frequenter,
758 4920 843 4960 aut
874 4922 967 4975 pro
1003 4911 1205 4975 peccati
1232 4909 1606 4965 emendatione
1637 4925 1978 4980 concessum,

402 5010 491 5053 aut
522 5013 730 5053 rursum
760 5015 856 5069 pro
886 5001 1286 5055 succedentium
1324 5002 1601 5072 culparum
1631 5005 1983 5076 castigatione

401 5092 669 5149 sublatum
701 5102 801 5147 est.

477 5364 502 5393 ι
537 5354 1005 5428 νεὼυιιιῡρπιῐηῑ
1040 5371 1133 5424 pro
1161 5356 1269 5411 Deo
1300 5355 1475 5411 Verbo
1502 5360 1669 5413 sumit
1697 5378 1712 5414 :
1745 5376 1862 5428 quas
1893 5363 1976 5416 in-

402 5427 718 5493 terpretatio
749 5426 815 5476 ab
865 5427 1017 5481 Isaia:
1052 5440 1212 5479 sensu
1242 5428 1343 5481 hoc
1370 5428 1490 5481 loco
1532 5433 1703 5482 aliena
1734 5426 1834 5490 est,
1863 5442 1918 5486 et
1949 5447 1975 5483 a

402 5496 743 5567 TlteodttrClO
788 5504 981 5567 nostro,
1016 5495 1293 5567 refellitur.
1342 5499 1499 5567 Λόγον
1544 5502 1640 5567 ’γὰρ
1671 5500 1885 5555 ἔνταῦθα
1923 5504 1979 5555 οὐ

402 5566 565 5640 Λὸγῦγ
592 5566 710 5640 Scott
732 5564 886 5640 ιςοιλιῖε
911 5566 1033 5640 ἀλλᾲ
1060 5571 1148 5623 τήν
1166 5573 1262 5640 Ατοζι
1288 5557 1982 5640 Θεᾳῦ’Λόγδυ’διδασ-κα).ίαν.

404 5634 648 5710 ω’γᾴρρ
676 5637 807 5710 Grai
828 5634 979 5710 A673:
1008 5637 1061 5687 ἐκ
1097 5638 1213 5710 Σιῴςν
1238 5634 1733 5710 Κιλήλυθινξγὰλλίὲν
1757 5650 1829 5710 τῷ
1862 5647 1983 5697 Σιὼν

402 5714 494 5763 τήν
512 5702 737 5762 delt-ﬁlim
758 5705 831 5767 ἱξε
843 5702 1129 5758 trucidaverit.
1156 5704 1447 5757 Sermonem
1481 5709 1609 5759 enim
1640 5708 1735 5761 hoc
1762 5702 1875 5763 loco
1896 5728 1984 5764 vo-

405 5784 507 5833 cat,
531 5790 635 5825 non
667 5773 827 5826 Deum
862 5770 1100 5832 Verbum,
1124 5775 1211 5826 sed
1235 5773 1329 5827 Dei
1365 5776 1509 5828 Verbi
1539 5780 1842 5831 da'trinam.
1878 5781 1984 5835 Ne-

403 5859 502 5911 que
520 5846 742 5913 anime;
765 5842 891 5897 Sion
924 5842 1072 5897 exivit
1107 5843 1243 5898 Deus
1279 5844 1521 5913 Verbum,
1546 5850 1632 5900 sed
1656 5853 1709 5902 ιιι
1740 5849 1868 5906 Siun
1890 5866 1981 5905 υθ-

404 5910 611 5967 vitalem
637 5910 824 5963 dom".

2081 3466 2167 3505 me
2192 3452 2387 3505 seriem
2410 3451 2574 3507 totius
2595 3451 2961 3505 altercationis
2982 3465 3267 3519 exponam.
3303 3450 3520 3506 Interim
3549 3466 3664 3506 ser-

2079 3545 2253 3598 monis
2276 3557 2491 3598 cursum
2524 3543 2593 3597 de
2624 3542 2727 3598 fine
2754 3542 3009 3610 colligite,
3033 3552 3087 3596 et
3117 3558 3181 3596 ex
3222 3557 3288 3598 eo
3317 3544 3457 3613 quod
3484 3544 3662 3600 disce-

2078 3639 2227 3694 denti
2257 3640 2386 3693 mihi
2410 3642 2687 3709 praecepit,
2728 3651 2904 3695 utrum
2946 3641 3011 3695 ad
3044 3655 3300 3709 responsa
3342 3652 3517 3695 motus
3548 3640 3664 3693 lue-

2080 3730 2147 3783 rit
2173 3729 2454 3784 aestimate.
2483 3728 2652 3785 Jussit
2679 3746 2931 3799 namque,
2962 3740 3020 3785 ut
3045 3730 3400 3800 quodcunque
3420 3730 3487 3784 de
3514 3730 3664 3785 Scri-

2082 3822 2251 3889 pturis
2298 3822 2496 3877 nostris
2538 3822 2901 3876 testimonium
2948 3821 3015 3877 ad
3049 3823 3378 3891 interrogata
3424 3821 3664 3890 protule-

2081 3927 2217 3976 ram,
2244 3926 2337 3967 seu
2368 3913 2412 3966 si
2438 3912 2573 3965 forte
2601 3912 2923 3966 occurrisset
2947 3920 3000 3965 et
3022 3911 3189 3978 aliud,
3215 3913 3281 3965 ad
3309 3912 3517 3981 singula
3541 3925 3663 3981 quae

2081 4014 2326 4072 tempore
2349 4003 2724 4059 collocutionis
2754 4013 3084 4071 optaveram,
3113 4004 3403 4057 subnotata
3433 4003 3481 4057 ei
3522 4004 3667 4057 ordio

2080 4106 2310 4163 nataque
2348 4094 2791 4149 transmitterem.
2835 4093 2987 4158 Quod
3028 4108 3150 4148 cum
3193 4092 3295 4148 sibi
3332 4108 3396 4148 ex
3436 4096 3666 4147 maxima

2084 4198 2234 4257 parte
2258 4186 2630 4256 pronuntiaret
2652 4186 3003 4254 incognitum,
3028 4185 3225 4253 adjecit
3254 4184 3567 4254 simpliciter
3588 4186 3668 4239 sic

2082 4280 2342 4347 scriptum
2369 4277 2639 4332 misissem
2672 4275 2824 4349 [forte
2846 4274 3079 4347 misisse]
3113 4276 3509 4338 sacerdotibus,
3561 4277 3669 4331 itno

2082 4372 2251 4438 magis
2277 4368 2675 4434 seductoribus,
2707 4375 2762 4421 ut
2786 4367 2959 4421 adhuc
2998 4368 3179 4420 verius
3224 4367 3467 4421 dicamus
3496 4377 3667 4422 secta-

2082 4459 2288 4514 toribus
2328 4459 2459 4512 suis.
2514 4458 2664 4514 Unde
2704 4457 2978 4526 conjit-ere
3022 4456 3192 4524 pietas
3234 4466 3411 4511 vestra
3454 4468 3666 4526 potest,

2081 4566 2382 4620 quanquam
2416 4553 2621 4604 intento
2665 4550 3083 4613 contradictori,
3130 4561 3309 4604 tamen
3341 4552 3547 4605 arbitro
3575 4567 3667 4607 sa-

2086 4641 2276 4708 pienti,
2307 4656 2410 4694 non
2462 4640 2691 4694 invalida
2724 4641 2803 4694 vel
2852 4644 3056 4709 absque
3085 4642 3286 4695 viribus
3336 4643 3447 4695 visa
3478 4645 3670 4711 quibus

2087 4733 2436 4787 intentionem
2478 4746 2723 4796 suorum,
2754 4732 2853 4786 etsi
2891 4748 2996 4785 non
3029 4741 3177 4800 optat
3216 4735 3432 4802 corrigi,
3460 4734 3672 4789 deside-

2087 4835 2169 4877 rat
2205 4824 2439 4893 fatigari.
2468 4825 2578 4893 Ego
2607 4835 2810 4888 autem,
2845 4824 2969 4879 licet
3006 4826 3201 4891 sciens,
3230 4834 3486 4895 quantum
3518 4838 3673 4896 pote-

2087 4918 2313 4972 statibus
2343 4917 2527 4971 divino
2567 4918 2969 4986 quoquejussu,
3011 4918 3321 4987 frequenter
3352 4929 3405 4973 et
3434 4922 3669 4990 regibus,

2088 5023 2186 5077 pro
2212 5008 2439 5062 veritate
2467 5022 2573 5061 non
2602 5008 2831 5073 ceditur,
2877 5018 3052 5061 utrum
3093 5024 3337 5077 parerem
3366 5011 3457 5064 diu
3481 5013 3675 5067 dubius

2087 5098 2395 5156 ﬂuctuavi:
2434 5098 2639 5165 sciens,
2697 5106 2847 5155 certe
2892 5099 3123 5155 hominis
3167 5102 3403 5157 animum
3456 5104 3673 5171 timens,

2153 5359 2181 5401 δ
2207 5363 2303 5417 llic
2335 5378 2472 5417 unus
2501 5373 2580 5417 est
2629 5379 2694 5417 ex
2734 5365 2838 5419 illis
2865 5365 3089 5434 d'alogis
3134 5374 3189 5420 et
3224 5366 3676 5420 collocutionilms

2082 5447 2217 5503 quas
2247 5449 2366 5487 cum
2394 5449 2521 5501 rege
2559 5434 2895 5488 thttdttlmdo
2926 5436 3290 5500 frcquentatas
3326 5438 3392 5490 ab
3426 5440 3580 5489 Avito
3606 5455 3670 5492 ex

2085 5504 2355 5571 Agubartli
2399 5506 2576 5575 verbis
2616 5506 2922 5559 didicimus.
2955 5505 3182 5560 Febant
3216 5508 3297 5561 ha:
3338 5524 3499 5575 porro
3532 5524 3672 5562 nunc

2091 5588 2212 5645 eum
2243 5588 2367 5641 rege
2411 5574 2544 5645 ipso,
2578 5591 2718 5627 nunc
2764 5576 2855 5630 illo
2888 5586 3152 5644 przesente
3184 5593 3304 5630 cum
3340 5574 3463 5645 ejus
3494 5592 3676 5631 sacer.

2089 5642 2305 5715 dotibus
2335 5644 2859 5715 Arianisepiscopis,
2890 5642 2948 5697 ut
2977 5646 3079 5700 hoc
3108 5649 3247 5701 loco.
3268 5642 3389 5715 Qua
3412 5649 3478 5701 de
3502 5664 3558 5701 re
3581 5664 3675 5700 au-

2090 5720 2196 5786 tum
2243 5714 2482 5786 instituta
2532 5714 2694 5786 fuerit
2739 5716 2853 5769 hinc
2892 5716 3183 5785 disputatio
3226 5714 3333 5771 non
3386 5719 3673 5786 sgnilicat.

2088 5781 2263 5836 Pauca
2314 5785 2457 5836 enim
2514 5782 2581 5838 de
2618 5781 2992 5839 contentionis
3027 5789 3175 5840 exitu
3221 5781 3676 5843 commemorasse

2086 5860 2398 5913 contentus,
2424 5854 2586 5907 totits
2612 5856 2977 5909 altercationis
3002 5860 3197 5912 seriem
3221 5872 3422 5920 coram,
3457 5874 3578 5912 cum
3610 5859 3676 5911 ad

2087 5921 2198 5993 Sigi
2218 5922 2491 5978 mundam
2520 5935 2746 5993 venerit,
2776 5927 3141 5995 expositurum
3170 5942 3228 5983 se
3253 5930 3531 5999 promittit.
