4190 6472
338 436 442 493 QII

341 643 506 699 corde
531 641 888 705 convertitur,
916 636 1187 690 mentione
1216 650 1230 685 :
1263 640 1289 669 ι
1313 646 1472 701 quam
1500 636 1737 690 constat,
1770 626 1814 679 si
1850 640 1936 679 re-

342 747 469 786 vera
513 732 564 783 in
610 720 771 799 supra
820 726 947 781 dicti
998 720 1312 780 schismatis
1356 719 1694 792 professione
1724 726 1936 773 versata

343 833 448 889 est,
486 819 515 860 ιι
540 837 662 876 cum
700 817 1004 873 ministerio
1046 814 1385 884 baptismatis
1431 810 1592 865 etiam
1641 809 1939 864 chrismate

343 915 738 982 consignatam.
768 909 882 963 Iloc
908 916 1057 964 certe
1078 920 1175 961 eos
1203 905 1257 959 in
1286 903 1508 973 regione
1530 900 1617 955 illa
1647 900 1947 954 observare

346 1003 686 1061 manifestum
733 1010 839 1055 est.
888 998 943 1053 In
984 1012 1087 1068 qua
1137 998 1368 1066 primum
1420 992 1562 1049 Deus
1604 990 1833 1055 tribuat,
1881 997 1940 1042 ut

346 1100 655 1165 quicunque
698 1095 858 1163 hujus
904 1092 1107 1148 erroris
1157 1089 1359 1144 fuerint
1409 1087 1792 1157 corrigantur:
1824 1092 1936 1137 tum

344 1189 540 1245 deinde
568 1204 598 1243 a
625 1188 782 1242 nobis
823 1195 930 1239 tam
975 1192 1121 1239 secta
1153 1182 1389 1237 distante
1415 1195 1573 1250 quam
1606 1178 1799 1246 patria,
1826 1177 1945 1243 jam,

344 1283 414 1336 ad
449 1290 652 1349 partem
700 1286 966 1343 nostram,
1010 1274 1102 1345 qui
1143 1272 1386 1329 salvandi
1428 1270 1726 1335 noluerint,
1766 1282 1937 1339 agno-

346 1390 421 1429 sci
443 1373 532 1427 ndi
559 1371 789 1427 transire
818 1384 923 1423 non
958 1366 1186 1435 possint.

853 1456 1191 1513 EPISTULA
1234 1453 1411 1509 'XXV.

342 1567 535 1609 svrrus
559 1551 860 1606 visuxessis
888 1548 1166 1603 episcopus
1224 1556 1246 1584 ο
1295 1558 1610 1599 APOLLINARI
1664 1557 1949 1599 Episcopo.

415 1643 642 1707 iubetis,
674 1650 729 1695 et
758 1641 868 1695 voti
896 1648 1008 1703 est.
1058 1647 1119 1691 ut
1148 1636 1379 1691 cultibus
1431 1636 1586 1689 novis
1632 1635 1940 1703 pariterque

346 1731 623 1789 consuetis
651 1731 844 1787 studiis
869 1729 1098 1801 geminae
1128 1727 1485 1784 dedicationis
1510 1740 1811 1781 occurram.
1830 1724 1944 1781 Sed

346 1840 629 1882 vereorne
652 1841 750 1880 nos
781 1824 882 1879 hoc
914 1830 1113 1887 tetteat,
1133 1820 1272 1890 quod
1304 1828 1600 1889 potestates
1625 1818 1828 1873 diutius
1852 1826 1935 1872 te-

346 1918 558 1973 nuistis.
600 1917 763 1971 Orate
814 1925 991 1969 tamen
1019 1924 1076 1968 ut
1106 1929 1202 1984 par
1253 1912 1524 1967 desiderio
1561 1910 1816 1966 succedat
1857 1910 1935 1965 ef-
1968 1906 2012 1966 Β

349 2006 539 2063 fectus.
570 2007 680 2061 Nisi
714 2006 852 2061 forte
895 2005 1041 2060 illam
1085 2003 1253 2074 magis
1297 2016 1588 2070 expensam
1638 2014 1891 2055 numeras
1918 2039 1935 2067 ,

346 2118 465 2173 qua:
489 2118 628 2173 penu
664 2102 840 2157 adhuc
861 2101 1089 2171 frigente
1119 2099 1313 2153 animis
1344 2099 1449 2153 tuis
1476 2097 1632 2152 calet.
1672 2096 1935 2163 Quocirca

350 2196 474 2250 iit-et
503 2207 702 2265 paucos
730 2208 948 2264 rogasse
980 2203 1031 2249 te
1054 2193 1224 2257 dicas,
1252 2192 1376 2247 licet
1406 2193 1585 2246 laxato
1610 2192 1784 2246 aulico
1808 2207 1941 2249 cnn-

343 2298 532 2351 veutu,
582 2288 879 2342 relevatum
919 2302 1041 2341 esse
1072 2295 1123 2341 te
1163 2284 1398 2354 gaudeas
1439 2302 1453 2337 :
1500 2286 1544 2340 si
1601 2300 1706 2355 qua
1759 2294 1937 2340 tamen

349 2378 479 2434 mihi
510 2377 830 2433 earurrendi
858 2378 1010 2447 copia
1038 2377 1147 2442 ﬁet,
1176 2377 1258 2431 vel
1309 2377 1508 2431 invitos
1538 2376 1626 2445 qui
1680 2390 1941 2445 superve-

346 2472 527 2528 nerint
556 2472 823 2526 invitabis.
850 2471 1163 2527 Providebit
1209 2472 1348 2525 Deus
1370 2470 1561 2538 epulas
1610 2469 1937 2524 multitudini

346 2561 440 2617 tibi
472 2563 740 2618 convivze.
774 2562 850 2617 ibi
880 2577 1171 2631 pauperum
1202 2561 1376 2629 cibus,
1395 2561 1502 2616 olei
1532 2561 1668 2619 cado
1698 2572 1752 2617 et
1782 2561 1941 2615 farris

345 2651 534 2724 hydria
567 2655 911 2719 penistente,
944 2652 1332 2708 cumulabitur.
1370 2654 1444 2707 lbi
1486 2655 1529 2707 si
1576 2655 1659 2709 vel
1699 2654 1940 2721 quinque

345 2758 509 2811 panes
538 2743 757 2807 fuerint,
786 2744 1059 2815 geminum
1092 2744 1293 2814 piscem
1336 2744 1637 2813 providisse
1686 2745 1937 2799 sufficiat.

343 2831 479 2888 illud
509 2843 686 2888 autem
721 2834 856 2889 fidus
883 2844 1001 2898 test
1022 2836 1137 2890 hate
1166 2836 1549 2891 miraculorum
1571 2837 1939 2905 experimenta

346 2925 623 2994 promitto,
657 2925 795 2994 quod
819 2926 1037 2982 Christo
1066 2940 1361 2996 pauperum
1394 2942 1615 2982 suorum
1645 2930 1935 2985 conventui

344 3017 567 3072 minime
594 3015 862 3079 driuturo.
892 3028 1096 3088 quanto
1120 3020 1271 3089 plura
1303 3021 1622 3089 populorum
1640 3020 1805 3075 millia
1829 3022 1941 3076 col-

341 3107 557 3178 legeris.
593 3109 775 3178 p'ures
803 3109 1063 3177 cophinos
1088 3110 1407 3176 reportnbis.
1441 3110 1592 3178 Apud
1628 3110 1795 3164 tilium
1826 3127 1940 3166 no-

340 3210 512 3255 strum
544 3215 674 3255 vero
702 3201 820 3271 qui,
843 3202 982 3255 sicut
1006 3200 1258 3269 scribitis,
1286 3202 1776 3258 reconciliationem
1815 3218 1938 3257 mu-

345 3299 490 3343 tuam
523 3267 771 3358 dignatur
797 3289 1027 3360 ambire,
1058 3305 1152 3346 vos
1187 3267 1362 3346 estote
1403 3293 1714 3349 vadimonio
1734 3335 1749 3360 ,
1794 3295 1938 3362 quod
1966 3267 2013 3330 (δ

342 3380 388 3436 si
422 3381 513 3434 ille
543 3382 764 3449 paciﬁco
813 3392 940 3436 voto
992 3397 1152 3452 agere
1200 3384 1381 3451 eupit,
1422 3399 1522 3450 ego
1556 3393 1611 3438 et
1638 3388 1813 3440 amico
1847 3405 1858 3438 :
1894 3388 1937 3443 si

344 3473 440 3527 ille
469 3471 799 3528 discordiam
833 3472 1005 3543 poscit
1040 3472 1173 3540 tolli,
1223 3488 1325 3545 ego
1378 3474 1537 3545 cupio
1591 3478 1939 3534 concordiam

346 3655 548 3710 tionem
592 3653 706 3727 dari
747 3652 971 3727 dicitur.
1012 3652 1090 3708 De
1136 3654 1237 3708 hac
1274 3654 1445 3727 igi'ur
1480 3669 1671 3709 manus
1722 3656 1941 3727 imposi—

344 3728 491 3780 tione
516 3740 617 3792 qua
644 3724 803 3777 datur
834 3723 1066 3791 Spiritus
1109 3723 1351 3787 sanctus.
1398 3726 1484 3778 hic
1512 3740 1692 3780 sermo
1736 3723 1841 3793 est,
1873 3743 1941 3785 ne

346 3796 469 3867 quis
492 3796 566 3867 de
602 3794 704 3867 alia
731 3796 959 3848 fortasse
987 3794 1447 3867 interpretandum
1479 3806 1649 3863 putet.

420 3864 637 3931 tonasi
671 3864 818 3919 dicat
837 3864 1236 3919 chrismandum
1264 3866 1423 3921 etiam
1457 3868 1643 3932 fuisse,
1668 3867 1769 3921 nisi
1795 3868 1941 3922 chri-

345 3948 555 4016 pmatns
577 3934 689 4016 jam
730 3943 913 4016 esset..
944 3934 1313 4016 Adhibebstur
1341 3936 1486 3990 enim
1530 3936 1581 3989 iu
1616 3940 1940 4016 recipiendis

349 4003 641 4064 hereticis.
672 4013 871 4073 prater
900 4003 1297 4071 impositionem
1326 4020 1603 4070 manuum,
1634 4003 1940 4063 chrismatis

347 4075 977 4155 quoqneoepnsignatioa
1002 4074 1166 4142 Cujus
1211 4076 1381 4155 _mor_is
1417 4075 1938 4155 apuducr‘egorinm

348 4144 555 4200 Turon.
585 4144 813 4199 illustria
860 4154 987 4198 sunt
1012 4147 1282 4215 exempla,
1320 4145 1374 4199 in
1415 4145 1659 4200 Lantilde
1685 4144 1940 4202 Clodovei

345 4217 491 4284 regis
526 4229 737 4277 sorme.
780 4228 899 4281 qua!
935 4230 1000 4268 ex
1040 4215 1233 4269 haeresi
1271 4216 1467 4270 Ariana
1504 4231 1762 4271 conversa
1797 4218 1942 4272 chri-

343 4293 515 4339 smata
548 4295 653 4349 est,
684 4284 776 4340 lib.
803 4299 839 4338 ιι
869 4284 1116 4339 llis-toria:
1157 4284 1352 4341 Franc.
1384 4300 1505 4354 cap.
1538 4286 1631 4349 51,
1664 4287 1717 4340 in
1743 4287 1939 4342 Bruni—

344 4355 525 4431 childe
555 4368 603 4409 et
635 4355 928 4431 Gesttvinta
956 4354 1233 4431 sororibus
1270 4356 1364 4409 lib.
1389 4370 1620 4431 iv,_e_ap.
1648 4356 1718 4431 27
1747 4358 1937 4431 et”;

346 4425 401 4479 in
434 4424 876 4495 Hermenichiido
905 4439 1030 4491 rege
1060 4424 1357 4480 Gothorum
1388 4428 1441 4480 in
1472 4424 1725 4495 Hispania
1768 4428 1858 4483 lib.
1882 4444 1938 4493 v,

346 4509 469 4565 cap.
511 4494 697 4565 59;iu
740 4495 1032 4565 Chararico
1078 4495 1312 4564 denique
1358 4494 1659 4550 Suevorum
1714 4513 1841 4565 rege
1884 4499 1938 4552 in

347 4563 623 4627 Callaecia.
664 4564 732 4619 de
770 4580 879 4634 quo
923 4563 1218 4633 Gregorius
1261 4566 1402 4620 idem
1446 4566 1514 4619 de
1564 4563 1833 4622 Miracul'is
1876 4568 1935 4624 S.

349 4634 559 4705 Martini
592 4636 684 4689 lib.
715 4649 752 4699 ι,
781 4649 903 4704 cap.
936 4638 1008 4705 σε
1038 4634 1171 4698 Rex,
1202 4636 1393 4705 inquit,
1418 4637 1663 4691 unitatem
1684 4636 1858 4692 Patris
1892 4649 1940 4691 et

347 4702 477 4775 Filii
500 4715 545 4758 et
570 4705 798 4775 Spiritus
828 4702 993 4775 sancti
1016 4702 1297 4773 confessus,
1336 4722 1454 4759 cum
1483 4708 1621 4759 omni
1654 4707 1808 4760 domo
1843 4725 1940 4761 sua

346 4773 653 4828 chrismatus
691 4786 784 4828 est.
829 4774 1097 4829 Caeterum
1139 4777 1457 4828 chrismatio
1507 4780 1786 4832 conversis
1824 4790 1937 4833 tum

345 4842 726 4904 adhibebatur,
767 4859 890 4899 cum
932 4845 985 4897 in
1017 4845 1210 4899 haeresi
1241 4846 1515 4900 chrismati
1566 4862 1670 4900 non
1705 4848 1936 4908 fuerant.

418 4911 799 5007 {Chrismatis‘
837 4915 1299 5007 consignatijtnem
1349 4930 1499 5007 Inpre
1548 4916 1768 4999 antiquo
1813 4934 1933 4973 cum
1965 4947 2017 5007 Β

347 4982 410 5037 ba
422 4982 977 5055 ptismatecnnjungit,
1000 4982 1354 5053 eamdemque
1374 4988 1441 5039 ab
1460 4982 1800 5055 impositione
1822 5004 1935 5043 ma-

348 5068 519 5125 nuum;
546 5068 647 5122 qua
677 5054 834 5125 datur
856 5055 1087 5122 Spiritus
1112 5066 1352 5119 sanctus,
1376 5056 1582 5110 divellit
1604 5072 1666 5111 ac
1695 5071 1931 5125 separat.

345 5126 460 5189 Qua
489 5123 558 5177 de
587 5139 645 5178 re
689 5124 824 5178 alias
860 5124 975 5178 fuse
1003 5124 1327 5190 disputatum
1358 5136 1461 5189 est,
1507 5142 1627 5180 cum
1669 5123 1933 5182 canunem

348 5194 736 5248 Arausicanum
761 5196 1175 5263 explanaremus
1220 5196 1371 5261 Quod
1397 5212 1523 5249 vero
1554 5196 1787 5251 affirmat
1816 5201 1935 5252 Avi-

350 5273 456 5327 tus,
490 5278 609 5316 cum
642 5264 905 5330 baptismo
946 5266 1246 5319 chrismare
1282 5265 1471 5319 solitos
1501 5267 1827 5332 D-tnatistas,
1864 5284 1932 5324 es

348 5335 545 5399 Optato
573 5342 626 5387 et
650 5335 946 5399 Augustino
979 5334 1315 5402 perspicuum
1345 5346 1447 5389 est.
1482 5337 1602 5389 'I'ria
1633 5339 1776 5391 enim
1805 5354 1930 5393 cum

347 5404 487 5470 apud
512 5403 655 5464 illus.
688 5406 909 5469 perintte
938 5418 1001 5457 ac
1034 5408 1084 5456 in
1116 5404 1351 5459 Ecclesia
1381 5406 1665 5461 catholica.
1689 5408 1933 5461 celebra-

348 5486 555 5545 rentur,
582 5472 898 5545 baptismus,
930 5475 1240 5529 chrismatio
1259 5486 1315 5545 et
1343 5490 1595 5528 manuum
1626 5477 1931 5545 impositio;

348 5542 539 5613 horum
578 5543 683 5613 duo
727 5547 925 5612 priora,
977 5546 1190 5613 quando
1229 5544 1296 5598 ad
1336 5546 1626 5600 Ecclesiatn
1659 5542 1931 5613 redibant,

350 5627 457 5667 non
502 5611 874 5685 iterabantur,_
904 5612 1010 5685 sed,
1052 5616 1247 5669 intaCta
1286 5616 1697 5685 permanebant,
1742 5611 1933 5673 contra

349 5696 509 5750 quam
542 5680 657 5736 ﬁeri
682 5684 750 5737 ab
776 5683 907 5751 ipsis
937 5683 1156 5748 soleret,
1188 5680 1698 5752 qui'catbolicorum
1743 5696 1795 5740 et
1839 5690 1936 5742 ba-

352 5756 603 5825 ptismum
627 5761 691 5825 et
715 5755 946 5825 chrisma
969 5758 1405 5825 exsecrabantur,
1434 5767 1487 5809 et
1512 5771 1797 5825 tutumque
1828 5758 1935 5813 iteo

352 5821 562 5879 saltant.
616 5822 840 5888 Optatus
879 5822 973 5879 lib.
1008 5839 1073 5879 vn
1107 5842 1117 5878 :
1149 5823 1296 5890 Quod
1336 5842 1366 5880 a
1408 5827 1545 5882 vobis
1593 5821 1798 5881 unctum
1827 5838 1929 5888 est.

1669 417 2002 477 ENSTOLA
2046 416 2235 473 XXVI.

2613 35 2642 40 --
2825 25 2866 38 es"
2887 23 2960 42 η...-
2990 22 3015 29 “
3112 26 3127 31 η
3194 16 3213 25 ’⁸
3228 20 3235 23 “
3272 16 3327 27 ’⁷⁷
3338 14 3381 43 ’.ι
3416 4 3429 9 ⁵
3620 2 3647 33 ἒ
3678 0 3685 7 ⁴
3762 0 3767 3 ⁷
3942 0 4007 23 Ῠῼ⁷

2311 55 2368 68 ιη.
2393 65 2438 68 ...-
2457 51 2552 68 -..ετ
2847 49 2868 62 λ
2913 43 3004 64 ..δοι-
3235 43 3295 68 -
3448 42 3449 45 ‘
3529 39 3534 42 '
3665 65 3676 68 -
3705 65 3730 68 ..
3759 47 3830 66 ο-μ-
3898 38 4049 75 ‘;'_;.;:
4068 68 4101 77 ρ,

2671 79 2702 88 ν
4116 74 4145 83 η.

3546 406 3647 466 N9

342 552 487 616 bete,
541 544 823 603 interdicta
862 540 1098 598 nominis
1134 538 1302 610 ipsius
1333 537 1386 592 in
1435 544 1731 607 posterum.
1784 533 1826 587 si
1874 546 1936 585 es
1969 536 2015 590 Α
2050 528 2382 585 coulirmari.
2416 526 2616 581 Tamen
2650 523 2814 578 homo
2837 520 3043 582 ordinis
3069 521 3195 587 mei,
3220 535 3379 590 quem
3411 538 3510 577 nec
3541 523 3645 579 falli

2048 636 2147 674 nec
2180 618 2370 675 fallere
2394 618 2569 683 decet,
2604 616 2911 671 crediturus
2933 615 3206 669 catholico
3232 615 3494 681 senatori,
3538 632 3646 671 non

2044 712 2110 767 ad
2142 711 2246 794 hoc
2276 711 2456 764 solum
2490 723 2717 765 securus
2748 707 2974 776 incipiat
3005 706 3124 761 fieri
3144 750 3158 776 ,
3191 717 3247 760 ut
3281 706 3529 761 incautus
3557 722 3649 761 va-

2046 807 2157 861 leat
2188 804 2437 858 inveniri.

2564 890 2904 948 EPISTOLA
2958 888 3151 945 XXVI.

2263 1003 2451 1043 AVITUS
2486 998 2795 1041 VIBNNENSIS
2836 997 3117 1037 EPISCOPUS
3146 980 3173 1018 ἀ
3206 995 3424 1037 αηιυιιι.

2115 1082 2385 1151 Epistolas
2406 1088 2617 1133 vestras
2646 1085 2765 1147 post
2807 1075 3024 1144 longum
3072 1084 3287 1145 tempus
3336 1072 3554 1145 accepi,
3596 1074 3651 1129 in

2042 1178 2239 1247 quibus
2272 1190 2358 1229 me
2387 1174 2674 1228 servanda
2712 1169 2956 1223 caritatis
2985 1211 2999 1235 ,
3040 1168 3342 1237 quamlibet
3382 1172 3649 1224 noveritis

2044 1272 2279 1332 tristem,
2315 1282 2413 1321 nec
2442 1266 2522 1321 sic
2554 1263 2797 1318 debeatis
2826 1262 3049 1317 credere
3080 1260 3466 1331 negligentem.
3513 1259 3647 1314 Nam

2043 1380 2167 1417 vere
2200 1360 2354 1417 testis
2387 1360 2527 1414 Deus
2556 1368 2639 1413 est
2666 1356 2807 1427 quod
2857 1371 2922 1410 ex
2972 1352 3345 1425 magnitudine
3373 1351 3541 1407 vestri
3572 1354 3651 1404 ai-

2044 1457 2219 1512 t‘ectus
2268 1453 2339 1507 sit
2379 1452 2564 1506 animo
2596 1463 2728 1504 meo
2750 1447 2922 1516 major
2969 1455 3025 1501 et
3068 1446 3325 1515 gemitus.
3357 1442 3466 1499 Nec
3497 1444 3651 1498 valeo

2043 1550 2160 1602 sine
2181 1543 2374 1615 grandi
2398 1542 2551 1596 vobis
2573 1538 2765 1595 dolore
2782 1551 3072 1608 suggerere
3095 1550 3255 1606 quam
3277 1535 3429 1606 gravi
3450 1535 3652 1590 sancti-

2045 1649 2126 1693 tas
2158 1647 2364 1701 vestra,
2393 1634 2521 1688 date
2545 1628 2782 1697 veniam,
2816 1629 3077 1684 facilitate
3108 1637 3384 1697 prmventa
3415 1628 3506 1681 sit.
3558 1626 3652 1681 ln-

2044 1732 2318 1788 struxistis
2345 1728 2689 1782 adversarios
2718 1723 2885 1779 armis
2913 1722 3114 1779 vestris
3134 1764 3150 1788 ,
3191 1722 3505 1790 prodidistis
3547 1721 3650 1775 im-

2045 1825 2299 1897 perfectis
2321 1830 2531 1877 secreta
2560 1827 2742 1874 nostra
2770 1860 2785 1885 ,
2834 1816 3096 1872 cantastis
3136 1815 3407 1871 canticum
3434 1814 3648 1869 Domini

2042 1926 2093 1975 in
2143 1927 2283 1971 terra
2330 1915 2506 1969 aliena
2560 1910 2730 1982 (Psal.
2764 1924 2991 1975 cxsxvt,
3022 1908 3097 1977 4).
3154 1905 3468 1962 ProtuliStis
3501 1907 3649 1962 velut

2041 2028 2168 2067 vasa
2203 2006 2471 2063 dominica
2501 2005 2667 2074 (Dan.
2697 2018 2752 2069 v,
2785 2004 2841 2071 3)
2872 1999 3184 2069 spectaculo
3209 1998 3477 2055 convivali
3522 2014 3647 2067 qua:

2042 2101 2263 2157 irrident
2292 2116 2309 2162 ;
2340 2094 2673 2167 exposuistis
2703 2092 2855 2147 velut
2876 2091 3134 2146 nudatum
3165 2088 3281 2145 Noe
3320 2088 3484 2159 (Gen.
3544 2104 3594 2142 ιι
3628 2132 3643 2155 ,

2040 2192 2133 2261 2‘2)
2163 2189 2444 2245 cachinnis
2476 2200 2748 2254 nunquam
2782 2182 3076 2253 opprobrio
3110 2181 3383 2236 carituris.
3427 2180 3481 2235 Si
3514 2182 3645 2234 reti-

2011 2303 2015 2306 ν
2044 2293 2174 2339 nent
2202 2292 2293 2337 aut
2323 2289 2643 2349 sequuntur,
2679 2276 2985 2346 periculose
3015 2274 3259 2330 subrexit
3288 2274 3522 2345 qualitas
3552 2288 3647 2346 ve-

2041 2376 2211 2432 ritati.
2236 2374 2394 2429 Certe
2415 2371 2459 2426 si
2496 2370 2791 2439 pretiosum
2837 2366 2991 2421 vobis
3034 2374 3151 2422 erat
3193 2365 3335 2435 quod
3382 2364 3645 2435 publicari

2042 2468 2241 2523 debere
2272 2473 2515 2536 putatum
2546 2471 2650 2530 eSl,
2679 2470 2886 2516 terrere
2915 2459 3001 2513 vel
3032 2458 3275 2513 Ezechiae
3304 2460 3446 2528 regis
3485 2458 3646 2526 culpa

2043 2559 2151 2630 (IV
2192 2558 2322 2627 Reg.
2358 2572 2447 2620 ax,
2478 2552 2567 2625 l3)
2597 2568 2694 2608 vos
2718 2550 2927 2617 debuit,
2952 2565 3115 2619 quem
3150 2548 3427 2618 iactantiae
3478 2549 3648 2605 odore

2048 2662 2357 2723 peccantem
2388 2647 2652 2718 prepheta
2681 2645 2956 2715 redarguit
3006 2641 3182 2715 (Isai.
3225 2658 3421 2706 suis,
3453 2639 3519 2708 5,
3551 2641 3644 2713 6).

2045 2750 2153 2807 Sed
2177 2763 2299 2803 cum
2330 2742 2741 2815 trepidationem
2772 2740 2932 2794 istam
2954 2737 3147 2793 dicatis
3192 2738 3377 2791 animo
3419 2751 3650 2792 conver-

2046 2839 2208 2897 tentis
2233 2837 2557 2900 abstersam,
2583 2834 2787 2904 justum
2812 2838 2897 2885 est
2918 2841 2979 2884 ut
3004 2843 3127 2885 cum
3175 2827 3541 2883 exsultatione
3569 2828 3651 2880 di-

2043 2945 2249 2989 camus.
2288 2927 2413 2982 Ηωο
2434 2934 2517 2981 est
2542 2923 2759 2977 mutatio
2786 2920 3012 2975 dextere
3031 2917 3237 2974 Excelsi
3260 2916 3435 2990 (Psal.
3464 2933 3647 2982 um,

2049 3022 2159 3092 11).
2190 3020 2325 3075 Nam
2373 3015 2519 3087 quod
2552 3014 2706 3068 vobis
2755 3012 2991 3067 inaniter
3029 3010 3408 3065 contradicunt
3450 3009 3647 3064 bellua:

2043 3115 2121 3168 sic
2147 3110 2416 3175 minaces,
2449 3108 2563 3161 Deo
2584 3112 2922 3174 protegente,
2949 3102 3093 3172 quod
3134 3102 3375 3169 debiles,
3406 3117 3651 3173 quasque

2043 3206 2166 3276 plus
2196 3204 2393 3258 mirum
2424 3208 2510 3255 est
2540 3212 2730 3253 carere
2760 3196 3038 3262 dentibus,
3071 3204 3129 3250 et
3158 3195 3431 3251 furoribus
3462 3197 3645 3266 pasci:

2046 3298 2139 3367 qui
2167 3309 2289 3349 cum
2312 3299 2595 3362 gemerent
2617 3286 2942 3358 perditionis
2972 3302 3085 3342 sum
3108 3288 3287 3356 perire
3316 3287 3614 3359 discipulos
3636 3334 3667 3361 ,,

2047 3385 2273 3457 perdere
2306 3382 2653 3447 incipiuntet
2679 3378 2988 3447 magistros.
3008 3377 3311 3433 Salubriter
3332 3393 3515 3434 coram
3540 3380 3651 3436 Deo

2046 3472 2475 3535 vebhominibus
2505 3471 2655 3528 lucra
2679 3470 2805 3527 talia
2833 3470 3248 3540 conquiruntur.
3296 3470 3438 3526 Nihil
3473 3475 3526 3527 in
3562 3488 3650 3530 re-

2046 3656 2147 3711 late
2171 3669 2435 3710 servamus
2471 3650 2627 3723 quale
2655 3651 2994 3717 suscepimus.
3028 3650 3099 3706 Et
3144 3660 3265 3718 post
3302 3651 3444 3706 alia:
3475 3651 3648 3708 Sedu-

2043 3728 2192 3782 xistis
2224 3722 2891 3791 hamines,rebaptizastis,
2922 3724 3107 3775 itrrum
3130 3724 3374 3777 unxistis.
3406 3722 3645 3778 Tertium

2045 3805 2276 3861 tantum,
2302 3796 2351 3849 id
2377 3803 2481 3862 est,
2511 3795 2911 3862 impositionem
2944 3808 3223 3857 manuum,
3248 3794 3319 3847 ob
3341 3809 3460 3847 eam
3482 3809 3643 3861 quam

2043 3866 2279 3922 diximus
2305 3879 2522 3920 causam
2555 3864 2891 3933 repetebant.
2925 3863 3067 3928 quod
3108 3862 3367 3931 Spiritum
3398 3876 3645 3919 sanctum

2044 3936 2285 3991 haeretici
2325 3936 2457 3989 dare
2504 3948 2608 3987 non
2663 3934 2889 4002 possint.
2923 3933 3155 4002 Sanctus
3205 3934 3537 4000 Augustinus
3575 3940 3646 3991 «te

2044 4006 2313 4075 baptismo
2338 4001 2739 4075 Donatistarum
2781 4003 2873 4055 lib.
2907 4018 2960 4056 ιιι
2993 4019 3007 4055 :
3039 4001 3232 4056 Manus
3262 4015 3436 4075 autem
3476 4005 3638 4075 impo-

2044 4072 2183 4141 sitio,
2214 4092 2318 4129 non
2342 4078 2475 4129 sicut
2509 4073 2795 4138 baptismus
2836 4076 3002 4142 repeti
3034 4089 3135 4126 non
3169 4080 3354 4140 potest.
3390 4072 3528 4139 Quid
3568 4085 3647 4129 est

2045 4149 2181 4201 enim
2208 4146 2377 4209 aliud,
2414 4144 2516 4197 nisi
2545 4144 2708 4197 oratio
2735 4158 2894 4211 super
2921 4143 3221 4196 hominem?
3244 4144 3369 4211 quia
3398 4159 3495 4208 per
3522 4159 3646 4199 ora-

2046 4218 2249 4272 tionem
2276 4215 2531 4269 videlicet
2573 4226 2873 4278 manusqne
2917 4212 3346 4280 impositionem,
3390 4214 3645 4282 baptizati

2042 4302 2073 4341 a
2104 4283 2708 4357 przepositisiEcclesia:
2754 4283 3012 4352 Spiritum
3058 4292 3307 4339 sanctum
3347 4286 3646 4355 apostolico

2044 4372 2196 4412 more
2221 4356 2574 4423 accipiebant.

2122 4437 2145 4466 °
2180 4422 2380 4492 Fratri,
2404 4424 2703 4479 Valentinus
2727 4422 2897 4489 urbis,
2942 4432 3004 4479 ut
3046 4424 3112 4478 ad
3148 4424 3430 4495 epistolam
3468 4424 3527 4479 11
3561 4426 3643 4479 di-

2044 4505 2188 4551 ctum
2222 4507 2327 4560 est,
2354 4496 2600 4551 antistiti.
2627 4496 2760 4548 Cutn
2793 4496 2892 4548 hac
2917 4495 3145 4563 epistola
3168 4497 3528 4564 comparanda
3560 4506 3643 4552 est

2044 4567 2253 4623 Sidonii
2282 4568 2442 4635 epist.
2476 4567 2565 4629 15,
2599 4565 2695 4619 lib.
2728 4580 2779 4619 tv
2801 4566 2866 4618 ad
2905 4565 3219 4636 Elaphium,
3250 4581 3278 4619 a
3301 4583 3409 4636 quo
3441 4571 3644 4636 pariter

2046 4638 2309 4691 invitatus
2332 4638 2401 4707 ad
2422 4651 2583 4707 novae
2610 4636 2858 4707 ecclesiae
2886 4635 2955 4689 de
2977 4638 3282 4707 Iicationem
3300 4635 3329 4701 ,⁷
3363 4635 3477 4707 pari
3532 4638 3645 4693 ele-

2042 4709 2221 4777 gantia
2253 4722 2314 4762 se
2339 4704 2958 4777 adfuturumspondet,
2988 4704 3379 4777 hospitumque
3406 4707 3645 4777 undique

2042 4776 2378 4832 afﬂuentium
2407 4776 2803 4830 multitudinem
2834 4776 3093 4841 praedicit.

2113 4845 2140 4884 ἀ
2173 4848 2460 4916 Episcopo,
2495 4856 2553 4899 ut
2583 4856 2826 4915 apparet,
2858 4846 3016 4913 cujus
3053 4846 3255 4901 nomini
3307 4848 3476 4917 parcit
3505 4892 3520 4917 ,
3572 4848 3643 4904 de

2046 4918 2211 4971 nimia
2239 4920 2392 4971 illum
2439 4917 2692 4971 facilitate
2739 4917 3148 4983 reprehendens
3176 4960 3192 4981 ,
3241 4918 3384 4986 quod
3431 4927 3643 4974 secreta

2042 4998 2227 5042 nostra
2257 4987 2605 5057 imperfectis.
2630 4986 2736 5057 hoc
2760 4996 2842 5057 est
2869 4986 3138 5041 haereticis
3188 4988 3508 5054 prodiderit.
3563 4990 3641 5049 De

2042 5058 2297 5126 episcopo
2326 5054 2505 5112 autem
2530 5058 2598 5108 ah
2627 5054 2827 5127 haeresi
2852 5070 3137 5121 converso,
3170 5059 3458 5126 respondet
3481 5074 3641 5127 posse

2043 5132 2095 5182 in
2125 5129 2352 5183 ecclesia
2382 5137 2589 5199 nostra,
2619 5127 2663 5180 si
2688 5126 2833 5199 aliud
2861 5127 2994 5199 nihil
3021 5128 3210 5194 officit,
3239 5130 3307 5182 ad
3345 5126 3641 5199 quemlibet

2042 5200 2331 5269 sacerdotii
2357 5198 2581 5267 gradum
2607 5197 2857 5269 assumi.
2884 5195 3005 5269 Quo
3030 5200 3247 5266 quidem
3279 5195 3551 5269 exemplo,
3584 5211 3641 5255 et

2043 5266 2425 5339 Symphosium
2457 5278 2617 5339 atque
2669 5266 2956 5339 Dictinium
2998 5267 3279 5324 haereticos
3322 5266 3637 5339 episcopos.

2042 5336 2365 5393 Priscilliani
2410 5338 2659 5409 haeresim
2692 5336 3012 5409 damnantes
3043 5380 3057 5404 ,
3118 5350 3327 5395 retenta
3361 5336 3639 5409 dignitate

2044 5418 2290 5476 receptos
2318 5409 2544 5476 legimus
2576 5406 2628 5459 in
2658 5406 2889 5477 concilio
2936 5410 3110 5476 primo
3145 5406 3460 5477 Toletano;
3475 5418 3529 5464 et
3566 5411 3635 5467 de

2040 5479 2253 5531 clericis
2284 5478 2551 5532 haereticis
2578 5477 2667 5545 qui
2696 5476 2763 5530 ad
2811 5478 2970 5532 [idem
3010 5480 3331 5535 catholicam
3368 5476 3634 5548 veniunt,
3700 5540 3703 5541 ν

2041 5550 2333 5603 nniversim
2356 5557 2571 5603 cautum
2597 5558 2681 5600 est
2706 5550 2757 5600 in
2786 5549 3019 5603 concilio
3047 5566 3063 5603 ι
3105 5552 3477 5607 Aurelianensi
3507 5568 3633 5609 can.

2043 5619 2111 5673 10
2144 5638 2155 5669 :
2193 5619 2261 5674 Ut
2285 5620 2330 5672 si
2354 5619 2575 5687 ﬁdeliter
2617 5627 2981 5672 convertuntur
3023 5630 3073 5675 et
3127 5622 3283 5689 ﬁdem
3326 5622 3636 5678 catholicam

2038 5690 2236 5766 integre
2263 5691 2605 5757 conﬁtentur,
2647 5689 2867 5766 οσὶιςὶιιηι
2893 5692 3176 5765 suscipiant
3201 5707 3297 5747 suo
3329 5707 3417 5748 eos
3443 5696 3634 5766 ρρίεεοτ

2041 5777 2136 5829 pus
2167 5762 2348 5831 dignos
2380 5776 2489 5816 esse
2518 5762 2793 5813 censuerit.
