4154 6456
638 325 741 378 2ιῖ

1867 305 1922 358 S.
1965 303 2144 358 AVITI
2188 302 2584 361 VIENNENSIS

3769 295 3871 352 Su

638 467 668 503 ο
692 443 882 514 piendo
909 441 1191 507 expetente
1217 427 1500 482 violentum
1533 428 1613 476 est
1645 437 1656 470 :
1689 428 1744 472 ut
1775 419 2002 472 volentis
2029 417 2193 471 devo-
2224 423 2272 478 Α
2301 418 2410 472 elui
2456 418 2702 471 sensibus
2729 424 2973 485 possunt,
3003 430 3124 486 qua:
3154 413 3307 468 nobis
3348 413 3486 514 apud
3534 412 3734 467 Italiam
3780 426 3867 512 ve.

641 511 837 592 tionem
868 525 1165 586 benedictio
1187 513 1483 590 praestanda
1506 511 1788 566 conﬁrmet
1806 552 1831 578 ,.
1863 523 1967 563 non
1995 515 2078 562 est
2105 521 2192 560 ra.

640 630 785 694 pina,
815 621 907 679 sed
928 617 1132 690 gratia:
1163 609 1302 681 quod
1343 605 1588 662 Christus
1626 602 1874 671 dignatur
1923 599 2193 669 accipere,

640 687 745 772 dici
771 687 875 770 non
902 687 1178 780 possumus
1207 696 1486 753 invasisse.
1512 693 1588 747 De
1606 692 1813 761 reliquo
1839 699 2038 755 autem,
2055 687 2195 758 quod

641 822 729 865 rue
750 777 1172 870 super—conversi
1202 799 1341 844 statu
1371 784 1590 841 creditis
1612 780 1994 836 consulendum
2016 818 2032 840 .
2062 777 2198 831 deﬁ-

637 899 727 953 nio
756 869 1100 960 inspiratione
1122 881 1321 944 divina,
1349 876 1414 935 ad
1439 873 1732 958 quemlibet
1758 869 2043 925 sacerdotii
2070 881 2198 960 gra-

634 990 760 1040 dum
787 959 1058 1038 hominem
1089 987 1248 1044 posse
1273 981 1612 1036 consurgere,
1649 963 1696 1017 si
1736 975 1843 1016 non
1889 969 1970 1014 est
2001 967 2092 1013 aut
2140 959 2196 1012 in

635 1077 841 1131 ratione
853 1068 1207 1139 conjttgii,aut
1232 1063 1284 1116 in
1306 1070 1615 1130 quacunque
1645 1053 1824 1124 regula
1851 1051 2195 1118 moribusque

632 1165 774 1233 quod
805 1161 1085 1233 prohibeat
1137 1153 1461 1208 clericatum.
1511 1145 1618 1201 Cur
1665 1145 1805 1198 enim
1859 1156 1962 1194 non
2015 1145 2197 1207 pascat

632 1254 832 1311 Christi
851 1262 1087 1322 gregem.
1119 1246 1204 1312 qui
1235 1239 1505 1309 sapienter
1529 1233 1759 1287 advertit
1781 1245 1911 1285 oves
1941 1244 2045 1283 non
2073 1241 2196 1283 esse

632 1363 768 1418 quas
795 1317 1042 1414 paverat?
1069 1334 1262 1406 quique
1291 1329 1410 1398 quia
1444 1342 1549 1382 non
1582 1326 1665 1379 fur
1691 1325 1932 1392 latroque
1953 1361 1969 1386 ,
2001 1317 2195 1418 merito

633 1411 815 1508 pastor
830 1435 1033 1488 futurus
1054 1441 1148 1496 per
1167 1423 1300 1478 ostia
1317 1422 1588 1490 ingressus
1606 1415 1766 1484 elegit
1779 1413 1996 1467 altaria?
2017 1411 2195 1478 Quare

635 1504 739 1584 non
769 1528 859 1580 ﬁat
885 1525 936 1577 in
956 1517 1255 1575 sacerdotio
1286 1523 1468 1567 nostro
1491 1517 1723 1570 erectus,
1755 1507 1845 1575 qui
1872 1518 2055 1558 amore
2098 1504 2198 1556 ltu-

632 1616 872 1674 militatis
892 1627 918 1664 a
939 1625 1039 1666 suo
1066 1605 1232 1661 voluit
1251 1616 1370 1660 esse
1398 1596 1696 1655 deciduus?
1722 1595 1804 1651 Sit
1832 1608 1992 1648 verax
2017 1607 2195 1647 sacer-

628 1709 728 1764 dos
756 1722 818 1760 ex
849 1703 1006 1768 laico,
1036 1697 1129 1768 qui
1168 1694 1281 1749 ﬁeri
1338 1691 1504 1746 laicus
1554 1703 1625 1742 ex
1677 1684 1866 1739 fallace
1914 1682 2195 1738 sacerdote

2297 516 2490 575 stram,
2523 507 2604 563 vel
2637 505 2954 576 pontificalis
2983 505 3302 574 benignitas,
3329 502 3410 557 vel
3434 503 3661 557 civilitas
3681 499 3870 570 regalis

2299 596 2581 666 impendit.
2610 611 2729 652 cum
2761 603 2882 665 post
2910 594 3323 648 familiaritatem
3353 591 3517 646 totius
3563 592 3869 645 ntuniticeoo

2300 687 2388 740 tite
2415 685 2714 740 commodis
2739 682 3150 754 praeferendam,
3184 683 3308 752 quia
3331 682 3452 736 istic
3478 680 3696 736 liberius
3722 679 3866 733 lasa-

2298 779 2373 833 vit
2402 777 2648 841 reditttm,
2682 776 2826 832 illinc
2852 776 3088 831 tenacius
3112 774 3285 828 vinxit
3308 773 3576 829 aﬁ‘ectutn.
3602 771 3871 826 Attentior

2299 885 2397 939 pro
2423 869 2616 924 vestris
2643 867 2784 936 quod
2817 874 3064 936 superest
3091 865 3362 921 incumbat
3398 865 3593 920 oratio.
3640 864 3696 917 In
3743 875 3869 930 attg-

2297 967 2479 1012 mento
2509 970 2736 1024 namque
2757 956 2935 1010 ovium
2965 955 3160 1009 crescit
3187 953 3430 1008 custodia
3458 951 3758 1022 pastoralis.
3775 951 3870 1005 Sa-

2297 1050 2404 1100 cris
2435 1059 2531 1100 nos
2558 1046 2921 1115 apostolorum
2950 1042 3224 1099 liminibus
3245 1041 3754 1100 commemoratione
3787 1055 3871 1095 as-

2296 1136 2448 1191 sidua
2481 1144 2886 1204 praesentantes,
2918 1137 3143 1205 speciali
3164 1134 3289 1189 dum
3318 1135 3503 1188 vixero
3531 1129 3867 1201 praedicatori

2296 1237 2498 1295 vestro,
2523 1226 2612 1281 ubi
2644 1226 2950 1282 obtinuistis
2976 1226 3211 1294 initium,
3237 1225 3518 1294 impetrate
3545 1220 3866 1292 profectum.

2297 1317 2513 1372 Litteris
2535 1331 2653 1380 nos,
2683 1317 2734 1370 in
2756 1324 3010 1386 quantum
3040 1314 3366 1384 possibilitas
3379 1312 3574 1383 patitur
3594 1318 3689 1364 aut
3711 1310 3868 1364 liber-

2297 1415 2399 1472 tas,
2428 1406 2622 1476 quibus
2646 1407 2801 1461 nobis
2821 1403 3060 1460 doctrina
3088 1412 3143 1458 et
3186 1401 3523 1458 incolumitas
3559 1408 3739 1455 vcstta
3776 1397 3874 1453 ﬁo-

2299 1506 2431 1565 reat,
2456 1496 2808 1566 frequentate.
2836 1495 2902 1550 Et
2931 1504 2989 1549 ut
3009 1507 3167 1563 supra
3198 1492 3557 1562 speravimus,
3583 1487 3870 1544 ambienda

2298 1588 2451 1641 nobis
2490 1583 2868 1641 vetterabilium
2911 1582 3252 1653 reliquiarum
3301 1580 3540 1637 conferte
3583 1577 3868 1648 pmsidia:

2298 1693 2520 1749 quarum
2543 1677 2711 1741 cultu,
2745 1684 2801 1731 et
2826 1674 3197 1731 beatissimum
3227 1674 3443 1729 Petrum
3474 1671 3528 1727 in
3555 1671 3771 1738 vit-tute,
3819 1676 3874 1724 et

629 1765 1239 1852 cutttentusest.'I‘cneat
1260 1782 1311 1835 in
1337 1776 1570 1832 Ecclesia
1589 1783 1772 1829 nostra
1794 1772 1999 1841 plebem
2025 1785 2195 1837 suam,
2229 1769 2276 1829 Β
2304 1785 2398 1825 vos
2423 1782 2635 1837 semper
2665 1766 2864 1821 habere
2892 1780 3197 1819 mereamur
3224 1765 3275 1819 in
3305 1776 3547 1819 munere.

629 1887 721 1957 qui
746 1885 802 1938 in
828 1895 922 1947 sua
949 1872 1270 1941 contempsit
1292 1868 1543 1923 alienam.
1588 1863 1781 1917 Datura
1806 1870 1890 1916 est
1917 1859 2076 1914 tantis

631 1950 717 2032 nis
736 1978 1075 2043 augmentum
1101 1960 1334 2020 cmlestis
1361 1958 1543 2030 gratiae
1573 1953 1874 2025 plenitudo,
1920 1959 1981 2006 ut
2022 1961 2075 2007 et
2103 1950 2196 2006 ille

631 2039 950 2120 consecutus
979 2055 1197 2122 incipiat
1222 2049 1454 2122 gaudere
1481 2044 1621 2116 quod
1651 2043 1840 2106 doluit,
1869 2049 1922 2095 et
1949 2039 2036 2095 hic
2059 2054 2194 2111 quo-

630 2153 762 2207 tidie
789 2146 1130 2209 fructuosior,
1155 2140 1374 2211 praeisse
1398 2152 1458 2193 se
1477 2133 1645 2203 magis
1673 2130 1933 2202 intelligat
1951 2144 2085 2200 quos
2108 2145 2195 2185 re-

631 2247 804 2315 hq'm'
1118 2319 1446 2380 EPISTULA
1484 2317 1697 2373 XXVII.

635 2442 700 2483 ss
726 2438 884 2482 ntro
912 2433 1157 2477 setscoro
1181 2429 1408 2471 ntersn
1427 2425 1522 2465 sua
1564 2417 1590 2446 ⁸
1631 2422 1827 2463 κοιιηε
1869 2420 2026 2462 nomn
2076 2419 2197 2461 slot-

807 2506 998 2549 ειυιωι
1027 2503 1196 2555 REGIS,
1229 2501 1296 2540 AD
1318 2494 1634 2538 ηιιιηοιιυι
1659 2492 1828 2532 ΡΔΡΔΙ
1851 2491 2018 2530 υκειδ.

701 2608 837 2663 Dutn
860 2615 1011 2659 sacra
1041 2597 1383 2668 reliquiarum
1406 2595 1627 2663 pignora
1651 2629 1666 2654 ,
1719 2587 1914 2658 quibus
1966 2601 2062 2655 per
2108 2600 2196 2641 me

629 2687 850 2753 Calliam
877 2701 1109 2748 vestram
1136 2685 1361 2758 spiritali
1386 2679 1815 2738 remuneratione
1833 2677 2067 2744 ditastis,
2095 2691 2194 2731 ne-

629 2801 758 2860 gare
787 2780 1089 2855 petentibus
1108 2793 1214 2832 non
1241 2785 1528 2846 pmumo,
1545 2785 1633 2826 me
1654 2781 1864 2839 quoque
1886 2775 2193 2860 sanctorum

629 2856 924 2945 patrocinia
942 2869 1210 2941 postulare
1226 2866 1293 2921 ab
1310 2864 1509 2933 irriguo
1522 2861 1684 2917 vestri
1705 2858 2036 2929 apostolatus
2054 2856 2198 2912 fonte

633 2981 854 3025 necesse
879 2974 982 3021 est.
1003 2961 1312 3031 Quanquam
1350 2956 1450 3011 etsi
1479 2960 1566 3009 est
1604 2951 1778 3006 adhuc
1817 2948 1958 3019 apud
1995 2961 2095 3004 nos
2132 2947 2198 3002 de

633 3059 778 3114 dono
806 3062 1012 3119 vestro,
1033 3048 1175 3122 quod
1198 3046 1475 3103 catholicae
1501 3039 1777 3113 religionis
1805 3039 1996 3095 debeat
2023 3037 2199 3093 studio

2754 1876 3092 1933 EPISTOLA
3137 1875 3378 1931 XXVIII.

2329 1984 2512 2026 avtrus
2554 1981 2859 2024 vtenssnsts
2900 1980 3176 2022 srtscorus
3228 1966 3255 2005 δ
3305 1979 3482 2020 νοικο
3527 1977 3837 2021 conponam

3011 2050 3153 2091 REGI.

2363 2130 2598 2187 Rediens
2626 2131 2695 2185 ab
2719 2129 2852 2186 urbe
2900 2128 3241 2200 Lugdunensi
3280 2135 3499 2182 sanctus
3549 2123 3869 2181 Chartenius

2294 2220 2598 2291 episcOptts,
2632 2221 2683 2275 in
2711 2235 2836 2290 qua,
2863 2219 3018 2275 nobis
3049 2228 3073 2257 ε
3103 2218 3171 2273 de
3192 2216 3422 2272 concilio
3443 2214 3868 2278 discedentibus,

2294 2311 2360 2366 ad
2391 2313 2594 2380 privata
2633 2309 2878 2380 quedam
2920 2306 3132 2379 negotia
3176 2305 3508 2375 expedienda
3555 2307 3868 2368 recedent,

2294 2402 2647 2471 quaestionem
2678 2399 2803 2466 sibi,
2836 2400 2944 2454 imo
2974 2398 3143 2468 magis
3163 2397 3410 2453 omnibus
3433 2395 3620 2459 nobis,
3670 2408 3868 2464 propo-

2295 2493 2469 2547 suisse
2494 2507 2588 2546 vos
2614 2489 2818 2546 retulit.
2841 2488 2972 2555 Qua:
2993 2490 3036 2543 si
3063 2489 3252 2542 fuisset
3271 2500 3454 2541 coram
3500 2484 3691 2552 positis
3726 2483 3869 2538 indi-

2297 2591 2437 2649 cata,
2467 2581 2909 2636 subministrante
2936 2587 3124 2633 sancto
3151 2577 3355 2646 Spiritu
3376 2617 3393 2642 ,
3426 2575 3582 2630 facile
3627 2573 3868 2629 sciscita-

2297 2671 2426 2728 tioni
2457 2681 2652 2727 vestrae
2672 2686 2794 2741 quae
2817 2671 2883 2724 ad
2914 2683 3129 2724 causam
3155 2666 3498 2738 pertinebant
3532 2663 3745 2733 suggeri
3779 2679 3871 2730 po-

2299 2771 2534 2818 tuerunt.
2560 2762 2666 2818 Sed
2695 2762 2820 2832 quia
2853 2770 2958 2815 tam
2999 2770 3239 2814 sanctam
3280 2756 3696 2813 sollicitudinem
3727 2755 3869 2809 nulla

2298 2853 2557 2909 debemus
2582 2853 2824 2920 responsi
2852 2851 3109 2906 dilatione
3148 2848 3399 2904 fraudare
3450 2862 3466 2901 :
3523 2847 3699 2902 sciens
3743 2845 3868 2899 mihi

2299 2943 2516 2999 Christo
2539 2943 2771 3012 prepitio
2796 2943 2850 2997 in
2884 2941 2988 2996 ﬁde
3012 2939 3236 2994 fratrum
3261 2952 3503 2994 meorum
3543 2940 3874 2992 concordare

2300 3031 2958 3101 sententiam/praesentis
2985 3031 3194 3100 paginae
3239 3029 3502 3084 famulatu
3548 3028 3874 3096 respondere

626 3145 907 3212 celebrari,
935 3115 1093 3199 etiam
1123 3137 1255 3194 illud
1280 3144 1460 3190 tamen
1485 3132 1735 3188 convenit
1757 3131 1917 3200 iusta:
1962 3129 2196 3184 devotio-
2223 3115 2272 3178 C
2302 3122 2367 3177 ad
2385 3121 2633 3212 consulta
2656 3134 2946 3190 praesumo.
2974 3118 3181 3212 Jubctis
3204 3118 3367 3189 igitur
3390 3157 3406 3184 ,
3461 3117 3670 3172 ostendi
3722 3116 3875 3170 vobis

629 3241 712 3293 nis
740 3235 981 3305 intelligi,
1011 3243 1067 3288 ut
1095 3229 1313 3286 directis
1339 3224 1581 3282 litterarii
1606 3223 1872 3279 sermonis
1897 3220 2090 3276 ofﬁciis
2113 3219 2194 3275 al-

629 3328 805 3398 toquia
830 3326 920 3380 illa
946 3330 1243 3392 captemus,
1272 3317 1465 3388 quibus
1489 3328 1576 3370 me
1613 3312 1952 3383 pontiﬁcatus
1987 3319 2179 3367 vester.

627 3420 712 3475 vel
736 3422 1054 3488 prasentem
1083 3410 1303 3467 monitis
1329 3409 1530 3472 docuit,
1575 3406 1660 3461 vel
1704 3405 1981 3461 absentem
2026 3403 2192 3458 inter-

627 3509 962 3566 cessionibus
986 3503 1285 3576 acquisivit.
1328 3499 1438 3556 Nec
1473 3513 1615 3554 nunc
1663 3497 1870 3568 paginae
1913 3495 2191 3564 praesentis

625 3599 937 3668 obsequium
975 3603 1187 3665 reperta
1231 3588 1599 3662 opportunitas
1649 3584 2045 3654 complectitur;
2094 3583 2190 3639 sed

625 3691 892 3746 destinato
922 3687 990 3743 ad
1021 3691 1115 3741 vos
1141 3684 1368 3740 diacono
1391 3679 1685 3750 portitore,
1730 3678 1848 3732 viro
1900 3674 2192 3732 venerabili

628 3783 861 3842 Iuliano,
905 3776 971 3831 ad
1024 3771 1342 3830 universalis
1388 3768 1641 3824 Ecclesire
1688 3765 1971 3835 prmsulem
2001 3764 2193 3833 spiritu

630 3875 1046 3940 repraesentante
1071 3859 1463 3917 concurrimus.
1491 3857 1698 3911 Crescit
1740 3855 1937 3922 quippe
1988 3852 2197 3908 penei]-

628 3939 834 4018 ciorum
860 3951 1231 4012 recordatione
1247 3946 1576 4005 desiderium
1610 3959 1623 3996 :
1655 3957 1756 3997 nec
1786 3954 2021 4011 unquam
2061 3939 2199 3995 meis

703 4151 729 4178 ἰ
750 4139 852 4194 Per
878 4132 1143 4190 Julianum
1173 4128 1456 4194 diaconum
1507 4134 1688 4182 sacras
1734 4119 2003 4194 reliquias
2032 4118 2199 4194 algis-

632 4189 860 4267 mundus
878 4189 971 4259 rex
994 4199 1171 4270 petita
1193 4193 1513 4270 Symmacho
1542 4205 1674 4261 papa
1702 4229 1718 4254 ,
1747 4204 1777 4244 a
1804 4204 1908 4258 qtto
1936 4190 2067 4270 alias
2085 4189 2197 4270 jam

635 4258 1165 4349 Biit‘t'én'écceemo
1193 4258 1502 4349 sin-neu
1525 4258 1883 4349 errones
1899 4258 2198 4349 ait":

633 4326 846 4404 cidi't'i-n
864 4326 1139 4398 Senatoris
1162 4326 1509 4404 consulatum
1522 4326 1664 4404 anno
1685 4327 1884 4383 Christi
1914 4326 2200 4404 5M._Gt_tn.

634 4397 1414 4480 doliadusISigismundipater
1460 4399 1678 4480 biennio
1725 4404 1852 4480 post
1895 4397 2191 4480 occubuit,

640 4467 801 4542 ἶδέἰῆ
821 4467 1060 4538 consule.
1088 4479 1158 4531 At
1194 4467 1560 4542 Sigismundus
1613 4468 1665 4522 in
1719 4467 1982 4542 epistolas
2008 4468 2197 4520 inscri-

639 4520 1682 4661 {.EEKe”£§";Fﬁeii;t6¥3'Eaﬁgiai'ergo
1709 4520 1859 4603 patre
1897 4535 2074 4590 adhuc
2107 4550 2196 4590 su-
2221 4520 2273 4579 1)

639 4625 854 4661 nni-adito
878 4619 1020 4661 νρσὶι
1049 4628 1242 4661 nomen
1265 4610 1578 4661 obtinuisse.
1651 4606 1959 4661 retlcsarius
1994 4606 2046 4658 in
2074 4605 2199 4661 Eni-

639 4605 855 4694 pei-stite
878 4605 1242 4694 regis'nomen
1265 4610 1578 4694 obtinuisse.
1608 4605 1961 4694 Frftlegarius
1994 4606 2046 4658 in
2074 4605 2199 4694 api:

638 4675 779 4748 {June
804 4675 1016 4759 capi)!»
1059 4702 1077 4759 :_
1124 4679 1426 4759 Gttndobtidi
1476 4677 1615 4759 (ilius
1665 4675 2021 4759 Sigismundtfs
2062 4676 2199 4759 apud

638 4744 975 4817 Geiinren'sem
1000 4755 1168 4808 urbem
1197 4752 1316 4805 villa
1348 4744 1640 4817 Quadruuio
1661 4746 1816 4814 jussu
1855 4745 2014 4817 putris
2045 4744 2202 4817 sttblt'o

638 4813 894 4884 Emissis
945 4838 1198 4894 regnum;
1232 4813 1383 4894 qugd
1421 4816 1566 4894 Marii
1615 4829 1828 4894 quoque
1877 4813 2198 4894 Chronicum

637 4882 917 4956 confirmat
946 4882 1028 4948 his
1059 4882 1260 4953 verbis,
1284 4886 1553 4956 Florentio
1590 4897 1635 4937 et
1660 4882 1962 4956 _A_utltemit)_
2000 4883 2016 4949 (
2044 4882 2094 4935 id
2121 4891 2205 4956 est

638 4952 793 5022 satis
815 4969 902 5035 qui
932 4967 1068 5035 inter
1091 4958 1393 5035 Synttitaclti
1432 4966 1486 5009 et
1519 4952 1830 5035 Gundobatli
1879 4952 2080 5004 ohitutn
2122 4953 2203 5005 iu-

637 5021 927 5102 tercessit).
960 5034 1055 5086 "is
1083 5021 1368 5082 consulibus
1390 5023 1752 5102 monasterium
1792 5021 2003 5102 Agmina
2033 5036 2064 5071 a
2089 5037 2203 5102 rege

644 5088 976 5177 Sigismundo
1005 5107 1362 5177 constructum.
1389 5092 1657 5177 Atqui‘his
1687 5088 1994 5177 consttlibus
2032 5088 2203 5156 ponti-

644 5159 729 5229 [ρὲ
758 5176 940 5230 Romae
957 5174 1066 5241 jam
1101 5174 1216 5241 erat
1253 5159 1533 5219 Hormisda
1563 5159 1867 5241 Symmachi
1897 5172 2200 5241 successor.

643 5229 819 5312 Quare
849 5229 1072 5296 non'illo
1085 5239 1320 5312 primum
1347 5247 1484 5286 anno
1506 5246 1594 5312 res
1616 5230 1783 5284 dictus
1805 5229 2199 5312 Sigismundns,

645 5297 809 5378 quem
833 5297 1136 5382 Symmachi
1167 5317 1318 5382 antea
1343 5299 1672 5382 temporibus
1696 5313 1888 5353 nomen
1939 5297 2039 5352 hoc
2083 5312 2203 5367 ges-

645 5371 779 5437 sisse
807 5371 979 5446 arguit
1006 5375 1243 5446 epistolas
1265 5371 1557 5446 inscriptio.

719 5435 980 5506 bLibrum
1007 5435 1074 5501 de
1091 5443 1286 5499 Christi
1323 5441 1601 5493 Divinitate
1628 5447 1781 5490 vocat
1805 5436 1990 5490 Florus
2017 5435 2196 5506 diacog

650 5504 780 5582 nus,
813 5504 1231 5586 qﬁttandocunque
1252 5508 1734 5586 ACQISIOIam-Jtttltc
1782 5510 1908 5586 citat
1949 5507 2000 5558 in
2049 5504 2197 5584 Pauli

654 5575 812 5641 verba
833 5575 898 5640 'ad
929 5575 1214 5644 Romanos,
1242 5575 1456 5636 Galatas
1480 5587 1532 5630 et
1554 5577 1823 5630 Ilchrmos.
1858 5575 1910 5626 In
1949 5590 2009 5627 ea
2056 5577 2196 5627 enim

665 5656 974 5711 Gundebadi
1001 5651 1272 5723 quastioni
1301 5645 1888 5716 resiaoudcnsmstendit
1921 5646 1970 5697 in
1994 5644 2203 5696 Christo

2295 3211 2557 3268 rationem
2585 3212 2667 3268 vel
2694 3212 2869 3280 potius
2898 3209 3293 3274 auctoritatem,
3339 3222 3443 3278 qua
3483 3217 3662 3277 pateat
3704 3207 3872 3262 Deum

2295 3302 2546 3357 habuisse
2575 3301 2627 3355 in
2656 3301 2933 3355 divinitate
2951 3298 3325 3364 substantiam,
3354 3298 3661 3367 priusquam
3685 3311 3871 3352 sume-

2294 3401 2377 3447 ret
2404 3392 2472 3447 de
2501 3393 2866 3447 incarnatione
2893 3399 3167 3455 naturam;
3198 3397 3253 3445 et
3281 3404 3376 3458 per
3401 3390 3501 3442 hoc
3529 3389 3870 3456 perniciosis-

2295 3487 2428 3541 sima
2466 3487 2688 3541 haeresis
2733 3485 2820 3540 illa
2847 3484 3111 3552 vincatur,
3147 3498 3268 3552 quae
3310 3480 3592 3536 Dominum
3626 3489 3869 3535 nostrum

2294 3590 2362 3630 ex
2397 3575 2557 3632 Maria
2585 3576 2814 3646 coepisse
2841 3573 3193 3637 contendens,
3235 3573 3396 3628 etiam
3445 3572 3609 3627 Deum
3661 3573 3871 3630 Patrem

2296 3669 2347 3724 in
2376 3670 2494 3725 Filii
2522 3669 2894 3725 exsecratione
2920 3665 3279 3735 blasphemat.
3310 3664 3543 3720 Necesse
3571 3674 3658 3720 est
3685 3665 3828 3720 enim
3851 3709 3867 3734 ,

2294 3767 2548 3830 quantum
2577 3759 2644 3814 ad
2671 3758 2812 3822 illos,
2835 3755 3226 3826 imperfectioni
3253 3754 3448 3810 divinae
3469 3754 3670 3823 aliquid
3694 3769 3875 3810 accre-

2297 3851 2461 3914 visse,
2488 3850 2534 3903 si
2557 3849 2722 3903 tantis
2744 3855 2892 3903 retro
2914 3846 3129 3902 seculis
3172 3845 3291 3902 sine
3318 3845 3426 3899 ﬁlio
3457 3859 3706 3909 manens,
3740 3860 3875 3914 pene

2293 3941 2407 4010 jam
2432 3939 2487 3993 in
2513 3938 2742 3993 termino
2765 3936 2945 3992 tnundi
2972 3935 3216 3992 labentis.
3254 3949 3376 3990 cum
3417 3934 3582 3989 Maria
3627 3936 3830 4004 prolem
3854 3975 3872 4002 ,

2303 4119 2554 4184 Domino,
2583 4121 2893 4188 priusquam
2919 4119 3083 4175 homo
3111 4121 3286 4188 ﬂeret,
3312 4127 3569 4175 atcrnam
3603 4118 3768 4173 fuisse
3795 4119 3877 4174 di-

2303 4189 2599 4247 vinitatem.
2633 4191 2888 4245 adversus
2911 4190 3160 4245 haeresim
3191 4191 3401 4245 illorum
3451 4190 3542 4257 qui
3594 4204 3661 4243 ex
3713 4188 3874 4242 Maria

2299 4261 2532 4328 cmpissc
2555 4259 2968 4313 contendebant.
3001 4259 3076 4328 De.
3104 4259 3294 4328 quibus
3326 4259 3656 4328 Augustinus
3683 4259 3874 4313 haeresi

2299 4327 2370 4380 Η
2394 4324 2413 4380 ξ
2447 4326 2708 4392 Pnuliani,
2737 4329 2927 4397 inquit,
2951 4345 2980 4381 α
3009 4327 3180 4381 Paulo
3215 4324 3574 4390 Santouiteato,
3617 4324 3874 4380 Christum

2304 4413 2405 4467 non
2435 4413 2630 4467 semper
2653 4397 2811 4467 fuisse
2830 4399 3027 4461 dicunt,
3049 4400 3137 4452 sed
3158 4399 3271 4464 eius
3311 4398 3514 4450 initium
3561 4412 3628 4450 ea:
3671 4412 3771 4464 quo
3813 4397 3876 4451 de

2308 4466 2478 4519 Maria
2504 4466 2658 4520 natus
2681 4478 2754 4520 est
2783 4476 3109 4536 asseverant;
3141 4483 3231 4521 nec
3256 4467 3452 4536 aliquid
3481 4467 3701 4531 antplt'us
3724 4481 3877 4535 quam

2299 4536 2554 4607 hominem
2578 4543 2778 4606 putant.
2809 4534 2919 4590 Ista
2941 4537 3147 4607 Itarrest's
3179 4534 3456 4607 aliquando
3485 4534 3758 4606 cujusdam
3783 4537 3878 4588 Ar-

2308 4606 2520 4675 temont's
2577 4605 2715 4675 fuit;
2753 4607 2840 4660 sed
2879 4621 3017 4675 cum,
3052 4605 3356 4675 defecisset,
3397 4605 3686 4658 instaurata
3704 4615 3806 4675 __e_st
3840 4621 3878 4675 κα

2312 4673 2500 4739 Paulo,
2526 4672 2771 4742 et’postea
2792 4675 2866 4729 sic
2893 4691 2926 4728 α
2951 4672 3172 4728 Photino
3197 4677 3499 4743 confirmata
3523 4714 3539 4738 ,
3589 4683 3670 4743 ut,
3695 4672 3877 4727 Photi-

2306 4743 2452 4799 m'um'
2473 4759 2624 4808 quam
2654 4743 2900 4797 Pontiani
2927 4744 3172 4814 celebritts
3199 4742 3574 4814 nuncupentur.
3617 4742 3881 4814 Photittia-

2309 4829 2407 4867 nos
2434 4824 2636 4879 autem,
2661 4827 2752 4867 seu
2779 4812 3152 4872 Pauliunistas.
3186 4828 3281 4877 per
3303 4811 3418 4868 haec
3467 4821 3707 4879 tempora
3751 4811 3877 4867 Gal-

2312 4883 2434 4936 liam
2465 4883 2746 4937 infestasse
2778 4881 3280 4936 indicatconcilium
3312 4882 3628 4936 Arelatense
3661 4896 3719 4941 tt.
3760 4895 3878 4947 cap.

2316 4953 2400 5014 IG,
2433 4962 2487 5007 et
2508 4951 2712 5006 Sidonii
2739 4951 2964 5017 epistola
2990 4950 3074 5013 12,
3105 4949 3194 5005 lib.
3230 4967 3301 5015 tv,
3339 4951 3403 5004 ad
3436 4951 3727 5004 Patientem
3770 4951 3880 5014 epi-

2309 5036 2527 5088 scopum
2559 5021 2992 5089 Lugdunensem.
3026 5019 3178 5074 Unde
3203 5032 3258 5075 ct
3299 5022 3486 5075 beatus
3513 5034 3724 5085 quoque
3757 5021 3881 5072 Avi-

2311 5099 2395 5143 tus
2424 5091 2867 5144 Photinianorum
2899 5089 3271 5144 ltznreticorum
3310 5089 3673 5144 validissimus
3716 5103 3880 5157 expu—

2308 5168 2497 5228 gnator
2518 5159 2714 5214 dicitur
2736 5159 2804 5213 ab
2834 5158 3139 5225 Agobardo.

2381 5240 2404 5269 ε
2440 5228 2716 5283 Diversum
2747 5237 2828 5282 est
2858 5230 2958 5281 hoc
2986 5227 3268 5282 concilium
3298 5242 3328 5280 a
3358 5227 3531 5291 primo
3562 5226 3881 5295 Lugdunen-

2307 5297 2376 5359 si,
2397 5299 2538 5366 quod
2558 5299 2694 5353 inter
2715 5299 2938 5352 concilia
2964 5296 3149 5350 Gallia:
3170 5305 3316 5352 tomo
3344 5297 3364 5350 I
3391 5297 3677 5360 edidimus,
3708 5297 3759 5350 in
3781 5311 3884 5364 quo

2309 5366 2548 5436 discussa
2575 5377 2662 5422 est
2704 5367 2803 5436 sub
2845 5366 3189 5436 Sigismundo
3235 5381 3393 5420 causa
3428 5366 3702 5436 _Stephani
3728 5406 3741 5428 ,
3793 5367 3883 5434 qui

2307 5435 2440 5490 duas
2462 5449 2677 5492 sorores
2705 5434 2950 5490 duxerat.
2986 5435 3098 5489 Iloc
3119 5436 3259 5489 enim
3288 5436 3388 5490 sub
3415 5434 3748 5489 Gundohado
3775 5436 3884 5501 jam

2311 5515 2656 5569 praecesserat
2689 5522 2702 5558 :
2737 5504 2832 5560 sed
2865 5507 2916 5559 itt
2949 5519 3012 5558 eo
3037 5505 3162 5572 quid
3189 5515 3366 5558 actum
3388 5506 3460 5560 sit
3483 5504 3883 5566 nescimusmisi

2311 5575 2448 5642 φυτά
2481 5590 2539 5629 se
2570 5576 2876 5629 interfuisse
2909 5571 3097 5629 Avitus
3127 5574 3391 5642 significat
3430 5588 3550 5630 ctttn
3597 5571 3885 5628 Cartbcuio

2316 5648 2529 5698 incertm
2564 5645 2705 5699 sedis
2727 5647 3005 5712 episcopo.
3600 5678 3604 5682 -
