4154 6410
303 306 412 363 ριδ

1646 296 1979 352 EPISTULA
2024 296 2213 352 XXIX.

3494 302 3598 356 21η

304 434 415 483 tum
444 422 532 478 ille
560 422 758 475 habere
781 432 938 484 mem;
960 423 1061 470 erit
1090 412 1465 483 patcruitatetn
1500 429 1511 463 :
1540 426 1601 463 ac
1636 427 1665 461 a
1688 420 1887 464 sentel-
1915 410 1963 467 Δ
1996 423 2043 468 te
2072 424 2342 485 antequam
2376 418 2593 471 mundus
2624 418 2762 485 ﬁeret
2790 417 2971 485 (Joan.
3006 432 3137 480 xvn,
3176 415 3260 484 5).
3304 416 3409 470 Sed
3463 418 3600 471 forte

304 515 434 579 ipsis
460 512 775 566 assertionis
802 524 916 564 sua:
943 504 1265 562 necessitate
1282 503 1580 567 constricti,
1611 519 1771 571 quem
1798 520 1896 560 no-

302 606 505 659 minant
529 603 717 666 tilium,
741 602 1010 668 denegant
1038 598 1228 651 Deum.
1260 595 1515 651 Sentium
1539 595 1705 649 enim.
1732 609 1894 651 sanas

298 711 329 748 a
354 710 460 749 ires
492 696 759 750 terre-non
794 704 954 759 posse
982 698 1038 741 ut
1066 697 1192 742 ante
1218 702 1322 740 non
1352 685 1548 739 multos
1589 685 1768 739 adhuc
1795 700 1894 739 an-

299 802 397 842 nos
428 785 571 839 Deus
600 782 848 850 coepisse-
874 779 1127 835 credatur
1151 793 1222 840 ex
1253 776 1490 831 homine.
1543 776 1649 830 Sed
1707 778 1892 832 nescio

302 879 356 932 in
385 891 543 943 quem
570 874 821 929 eti'eetum
853 871 1153 940 redemptio
1185 877 1367 924 nostra
1395 869 1668 930 surrexit,
1702 869 1745 921 si
1781 884 1889 923 non

297 976 561 1023 erattunc
584 980 694 1020 sine
717 964 945 1033 pretium
972 964 1113 1017 Dens
1140 960 1367 1017 exstitit.
1416 959 1524 1013 Nec
1570 958 1714 1014 enim
1748 959 1890 1014 redi-

304 1074 451 1112 ntere
480 1057 641 1111 homo
671 1056 818 1111 solus
849 1055 1120 1111 hominem
1167 1061 1371 1123 peierat
1397 1068 1414 1117 ;
1445 1061 1534 1106 ant
1576 1053 1665 1121 qui
1699 1054 1749 1107 in
1795 1066 1892 1107 su-

295 1150 481 1219 pernis
510 1159 563 1203 et
593 1148 734 1203 Deus
759 1157 865 1212 est,
888 1146 1037 1217 eguit
1068 1145 1460 1213 redemptione.
1511 1143 1720 1199 Juhetis
1764 1159 1893 1213 ergo

294 1253 353 1295 ut
378 1242 490 1297 haec
518 1257 637 1310 quae
666 1240 874 1294 ratione
900 1237 1205 1304 colligimus
1231 1236 1552 1291 auctoritate
1574 1235 1891 1290 doceamus.

293 1326 543 1388 sufﬁciat
580 1347 708 1400 ergo
755 1330 1073 1385 acrimonia:
1102 1337 1297 1383 vestras
1326 1326 1567 1396 paucitas
1613 1328 1892 1397 exemplo-

294 1438 439 1489 rum,
463 1438 584 1492 qua:
610 1432 821 1490 sumpta
851 1420 919 1476 de
959 1420 1203 1488 pluribus
1244 1421 1521 1475 abundant
1562 1433 1893 1491 cognoscere

291 1517 524 1585 cupienti
553 1532 566 1567 :
596 1523 851 1569 ca-terum
880 1513 1240 1568 renitentibus
1267 1512 1465 1567 animis
1505 1520 1561 1567 et
1598 1512 1655 1565 in
1684 1528 1778 1566 sua
1812 1511 1893 1564 in.

290 1604 979 1669 credulitate‘durantibus,
1026 1604 1073 1658 si
1103 1603 1281 1674 aliqua
1324 1618 1430 1658 non
1482 1603 1889 1672 satisli'cerint,

292 1708 490 1751 cuncta
548 1710 656 1751 non
712 1695 1029 1765 proderunt.
1090 1694 1278 1750 Esaias
1321 1694 1893 1750 conelamantissimns

294 1786 704 1857 prophetarum,
756 1784 1089 1839 nativitatem
1126 1783 1328 1839 Christi
1366 1785 1569 1854 Spiritu
1616 1785 1889 1841 revelante

294 1874 627 1945 prospiciens
648 1892 673 1928 τ
709 1873 985 1939 Parvulas,
1017 1874 1211 1945 inquit,
1235 1884 1385 1929 natus
1406 1884 1480 1929 est
1508 1874 1655 1930 nobis
1683 1915 1700 1941 ,
1746 1876 1889 1944 ﬁlius

290 1971 441 2021 datus
473 1977 545 2020 est
568 1966 750 2031 nobis;
774 1980 823 2021 et
854 1967 1117 2021 vocabitur
1155 1982 1343 2019 nomen
1378 1968 1493 2037 ejus
1532 1966 1887 2031 admirabilis,

289 2057 639 2123 consiliarius,
663 2055 801 2111 Deus
828 2056 999 2127 fortis,
1027 2064 1171 2126 pater
1190 2056 1358 2126 futuri
1381 2056 1559 2110 stet-uti
1590 2097 1606 2122 ,
1651 2056 1889 2126 princeps

292 2150 437 2219 pacis
464 2147 621 2219 (Isai.
645 2165 723 2215 ιι,
747 2149 824 2219 6).
852 2148 1156 2213 Intuemini,
1184 2163 1391 2218 quasso,
1440 2147 1593 2204 verbi
1622 2150 1885 2218 vigorem.

292 2240 557 2295 l’arvulus
594 2239 753 2295 datus
777 2248 862 2295 est
888 2238 1067 2303 nobis,
1104 2238 1247 2295 titius
1268 2239 1427 2296 datus
1449 2246 1533 2295 est
1555 2238 1733 2298 nobis.
1759 2239 1890 2294 Par-

293 2330 455 2384 vulus
485 2341 642 2384 natus
667 2340 773 2397 est,
797 2340 852 2386 et
883 2330 1024 2385 titius
1045 2329 1205 2385 datus
1235 2346 1252 2386 :
1288 2339 1441 2385 natus
1469 2339 1552 2384 est
1583 2330 1738 2385 nobis
1788 2330 1889 2385 ho-

262 2416 265 2421 λ
294 2422 460 2475 minis
487 2421 645 2485 titius,
670 2422 826 2475 datus
850 2430 935 2477 est
958 2422 1084 2487 Dei;
1112 2430 1166 2476 et
1206 2422 1486 2476 vocabitur
1536 2421 1676 2477 Deus
1713 2421 1888 2478 tortis.

292 2514 373 2565 Ae
403 2511 447 2565 si
480 2510 705 2575 diceret,
736 2512 875 2567 Deus
902 2521 954 2567 et
977 2511 1163 2580 homo,
1208 2512 1351 2567 Deus
1382 2513 1470 2583 qui
1499 2524 1779 2569 creaverat
1810 2514 1891 2568 vi-

294 2615 432 2669 tam,
464 2602 617 2658 tortis
644 2606 732 2669 qui
764 2605 1003 2660 vinceret
1029 2614 1281 2661 mortem.
1310 2605 1478 2675 Cujus
1508 2606 1846 2660 divinitatem
1869 2645 1886 2669 ,

290 2694 395 2747 sub
424 2693 603 2748 verbis
625 2695 818 2749 scribae
847 2709 911 2749 ac
956 2694 1212 2764 discipuli
1257 2695 1340 2750 sui
1380 2698 1643 2768 propheta
1698 2696 1889 2751 lliere-

293 2784 432 2836 mias
458 2782 749 2839 ostendens
778 2785 858 2839 sic
885 2786 962 2841 ait
999 2808 1014 2842 λ
1065 2785 1172 2841 Hic
1212 2797 1286 2841 est
1333 2786 1476 2841 Deus
1524 2793 1744 2841 noster:
1784 2802 1889 2839 non

289 2876 632 2930 (estimabitur
657 2877 790 2931 alius
813 2879 882 2931 ad
914 2895 1048 2933 eum.
1076 2879 1280 2935 Invenit
1304 2890 1510 2935 omnem
1552 2883 1687 2936 viam
1732 2886 1892 2939 disci-

288 2968 483 3038 plima;
506 2970 646 3023 dedit
669 2968 832 3024 Jacob
861 2985 1020 3040 puero
1049 2988 1168 3039 suo,
1204 2982 1252 3027 et
1301 2971 1467 3027 Israel
1511 2974 1699 3030 dilecto
1751 2992 1890 3040 sua;

286 3074 337 3117 et
357 3072 469 3133 post
496 3064 603 3119 haec
624 3065 676 3119 in
698 3074 835 3119 terra
862 3067 996 3120 visus
1018 3076 1112 3132 est,
1139 3077 1187 3121 et
1210 3068 1340 3123 inter
1359 3068 1589 3125 homines
1609 3087 1883 3127 conversa-

297 3163 381 3207 tus
408 3152 660 3225 (Baruch.
687 3170 767 3221 ut,
795 3153 911 3225 56).
940 3155 1092 3223 Quod
1115 3156 1161 3211 si
1192 3166 1275 3213 est
1314 3158 1474 3224 forte,
1503 3161 1588 3215 cui
1623 3162 1736 3217 ham
1764 3180 1885 3232 qua:

289 3244 362 3300 de
391 3245 626 3312 antiquis
651 3245 918 3314 ponimus,
939 3248 1168 3303 obscura
1182 3248 1484 3316 videantur,
1503 3251 1639 3322 legat
1666 3266 1885 3322 aposto-

289 3336 399 3389 lum
432 3334 655 3390 Paulum
682 3377 698 3399 ,
732 3335 823 3405 qui
853 3350 975 3392 cum
1024 3352 1318 3408 corporeae
1367 3354 1619 3412 parentes
1672 3344 1889 3401 Domini-

286 3434 759 3491 eontmemoraret,
792 3426 1022 3494 Quorum
1046 3438 1239 3500 patres,
1266 3431 1462 3502 inquit,
1503 3443 1552 3488 et
1595 3452 1657 3490 ex
1700 3437 1883 3505 quibus

287 3516 529 3587 Christus
551 3519 836 3571 secundum
863 3534 1093 3587 carnem,
1116 3524 1202 3591 qui
1222 3531 1297 3577 est
1327 3539 1483 3593 super
1520 3528 1695 3581 omnia
1745 3529 1882 3585 Deus

285 3610 581 3664 benedictus
607 3610 662 3663 in
687 3610 875 3665 secula
906 3609 1086 3681 (Rom.
1130 3627 1206 3679 Ix,
1244 3614 1326 3684 5).
1365 3615 1501 3672 Nam
1551 3629 1607 3675 et
1645 3620 1881 3677 Thomas

288 3700 587 3769 apostolus,
610 3714 735 3755 cum
763 3702 816 3755 in
855 3703 1162 3759 resuscitati
1201 3706 1514 3765 mediatoris
1546 3725 1775 3782 corpore
1817 3715 1880 3769 tl.

288 3804 453 3845 xuras
476 3792 769 3856 clarorum,
800 3789 1036 3848 hiulcum
1062 3796 1403 3864 transpuncti
1430 3798 1616 3857 lateris
1641 3803 1877 3874 signum,

288 3881 459 3951 digito
488 3890 727 3936 tentante
757 3883 1051 3952 palpasset,
1084 3885 1301 3943 virtutls
1331 3890 1701 3959 experimenta
1741 3896 1883 3953 inter

289 3971 620 4027 inﬁrmitatis
651 3972 845 4027 indicia
874 3974 1151 4045 colligens,
1172 3976 1253 4033 sic
1283 3978 1572 4047 clamavit;
1626 3983 1881 4041 Dominus

287 4078 455 4127 meus,
482 4071 532 4115 et
558 4062 695 4116 Deus
721 4078 863 4118 meus
888 4064 1073 4134 (Joan.
1097 4081 1195 4131 xx,
1212 4065 1330 4136 28).
1352 4069 1494 4125 Ecce
1507 4072 1706 4142 quibus
1732 4079 1883 4133 testi-

291 4152 511 4221 moniis,
540 4152 709 4209 velint
747 4154 959 4221 nolint,
998 4155 1240 4213 haeretici
1294 4159 1434 4228 ipsi,
1475 4161 1783 4220 Judaeoront
1829 4169 1882 4224 in

291 4244 596 4312 perditione
619 4243 898 4311 contines,
934 4246 1005 4302 de
1048 4247 1173 4304 Filii
1211 4248 1496 4308 divinitate
1546 4254 1836 4313 vincuntur
1865 4276 1881 4314 :

289 4349 521 4402 quorum
550 4334 713 4390 verbo
733 4336 925 4391 eredas
962 4336 1180 4393 Judteos
1214 4341 1267 4395 in
1318 4340 1616 4414 Evangelia
1658 4347 1881 4407 Joannis

295 4425 580 4480 Dominum
619 4426 939 4483 discussisse
968 4428 1211 4487 dicentes
1255 4450 1270 4488 :
1321 4436 1674 4509 Quadraginta
1715 4458 1883 4498 annos

288 4518 521 4571 nondum
543 4520 716 4583 habes,
749 4529 798 4573 et
823 4520 1084 4577 Abraham
1104 4524 1280 4580 vidisti
1330 4526 1509 4596 (Joan.
1560 4546 1651 4586 vnt
1677 4572 1691 4597 ,
1740 4535 1809 4589 57
1838 4534 1881 4605 ).

288 4608 670 4699 Αιὶιιθγὶηίιυίι
708 4625 722 4661 :
771 4611 932 4665 Amen
958 4613 1074 4667 dico
1118 4614 1280 4683 vobis,
1331 4629 1451 4673 ante
1491 4621 1753 4677 Abraham
1792 4643 1885 4699 ego

287 4715 405 4752 sum
434 4698 623 4768 (lbid.,
656 4700 771 4769 58).
796 4702 889 4757 Est
920 4702 1038 4769 hic,
1085 4720 1239 4775 rogo,
1284 4708 1426 4777 quod
1476 4711 1769 4770 obscurare
1801 4698 1886 4773 vel

293 4789 483 4844 vnlens
527 4794 723 4858 queat?
748 4791 888 4859 Quid
919 4809 1065 4850 nunc
1107 4806 1306 4866 restat,
1342 4798 1441 4853 nisi
1482 4811 1538 4855 ut
1579 4805 1667 4871 qui
1697 4807 1883 4863 senior

289 4879 361 4933 ab
381 4879 649 4935 Abraham
670 4885 1034 4951 cognoscitur,
1062 4884 1248 4955 junior
1279 4890 1361 4943 vel
1399 4892 1598 4946 mundo
1639 4894 1905 4954 dicatur!

292 4971 363 5026 Et
391 4972 553 5040 istud,
585 4974 880 5043 quamlibet
905 4978 1304 5033 contentiosuln
1332 4984 1435 5049 sit,
1484 4984 1625 5040 vinei
1663 4997 1882 5059 potest,

288 5064 409 5131 ipso
431 5062 657 5123 Domino
687 5064 826 5120 inter
851 5067 1126 5135 passionis
1148 5074 1511 5128 contumelias
1542 5079 1882 5143 pret-laruan-

289 5169 343 5210 te
374 5169 390 5209 ε
421 5152 600 5224 Pater,
630 5154 864 5226 clari/im
886 5173 965 5211 mc
985 5174 1041 5212 ea
1070 5158 1302 5216 claritate
1344 5180 1499 5233 quant
1547 5169 1700 5223 habui
1744 5177 1887 5241 apud

360 5370 388 5399 ιι
428 5359 991 5440 Dtrittsqueepistolm
1032 5360 1219 5440 eadem
1242 5360 1355 5440 _t'n_it
1396 5369 1628 5440 occasio,
1661 5382 1883 5440 aposto-

287 5434 389 5489 lica
422 5430 694 5495 nimirum,
729 5431 788 5509 id_
811 5442 894 5485 est
923 5433 1065 5509 beati
1112 5432 1255 5509 i’etri
1303 5435 1588 5509 festivitas,
1622 5430 1742 5509 quae
1771 5443 1881 5499 Ge-

284 5516 442 5559 nava:
482 5515 660 5553 annuo
706 5501 852 5553 cultu
898 5502 1291 5555 celebrabatur.
1343 5501 1675 5563 Gcttavcnsi's
1728 5514 1875 5568 enim

282 5569 712 5648 ecclesitetutela
737 5579 792 5625 et
814 5581 1069 5639 patronus
1089 5571 1274 5625 beatus
1292 5574 1514 5648 Petrus;
1542 5592 1593 5631 et
1617 5582 1875 5648 Genavm,

282 5646 498 5719 opinor,
522 5640 697 5695 diViSO
738 5654 864 5719 cum
893 5651 1044 5719 patre
1074 5657 1260 5719 regno:
1292 5644 1677 5719 l:t_rem_iixerat
1708 5640 1877 5719 Sigis;

282 5716 520 5774 mundus
562 5728 572 5763 :
610 5711 751 5775 quod
782 5723 835 5768 et
874 5714 941 5771 de
980 5714 1288 5781 Godegisilo
1326 5712 1642 5776 Gundebadi
1685 5711 1871 5791 fratre,

1910 3127 1957 3191 C

2004 514 2059 562 et
2082 509 2183 562 hoc
2214 518 2433 577 putatur
2462 510 2793 577 addendum,
2828 520 2884 564 ut
2916 525 3037 563 eum
3070 510 3236 564 tilium
3265 510 3597 564 nominatum

2000 596 2369 669 cuiuscunque
2395 584 2640 670 exempli
2658 602 2976 657 auctoritate
2993 602 3300 657 doceamus.
3318 602 3375 655 In
3393 604 3599 669 psalmo

2000 692 2105 744 ait:
2126 690 2376 744 Dominus
2403 691 2532 745 dixit
2556 693 2623 745 ad
2654 710 2762 746 me:
2784 692 2829 746 F
2832 694 2954 747 ilius
2982 710 3123 747 meus
3149 709 3201 748 es
3224 704 3310 757 tu;
3339 708 3431 761 ego
3448 693 3599 747 hodie

1998 782 2155 853 genui
2180 792 2227 833 te
2248 780 2427 851 (Psal.
2458 798 2515 847 tt,
2542 781 2615 853 7).
2640 783 2812 839 Hodie
2837 784 2922 839 hic
2952 785 3227 839 aeternitas
3242 782 3593 852 signiﬁcatur,

1998 896 2119 950 qua:
2149 881 2382 935 termino
2403 892 2563 951 atque
2591 883 2857 952 principio
2885 883 3110 950 perinde
3136 892 3287 938 caret
3328 900 3340 936 :
3371 884 3458 939 cui
3490 901 3597 939 non

2000 971 2215 1041 pariunt
2236 973 2471 1028 crastina
2500 983 2741 1043 tempora
2773 974 3008 1028 futurum
3033 1017 3046 1038 ,
3084 991 3186 1030 nec
3231 976 3448 1043 rapiunt
3502 977 3597 1031 he-

1997 1073 2181 1118 sterna
2209 1072 2562 1119 transactum.
2595 1066 2770 1120 Penes
2798 1081 2895 1120 nos
2920 1081 3069 1136 ergo,
3113 1082 3209 1135 per
3252 1068 3598 1122 tenebrarum

1999 1154 2143 1209 vires
2171 1154 2270 1209 ista
2300 1164 2605 1219 mutantur;
2637 1156 2779 1224 apud
2814 1158 2979 1211 Deum
3012 1173 3177 1223 vero,
3209 1158 3295 1211 cui
3341 1173 3448 1212 nox
3490 1174 3599 1211 non

1997 1257 2101 1311 cst,
2133 1261 2352 1314 semper
2380 1246 2539 1302 hodie
2568 1258 2669 1301 est.
2702 1248 2856 1313 Quod
2887 1257 3066 1302 tamen
3097 1248 3140 1302 si
3169 1248 3408 1302 haeretici
3442 1248 3599 1302 aliter

1996 1338 2183 1391 volunt
2211 1336 2548 1406 intelligere,
2597 1346 2785 1393 nostra
2826 1352 2931 1393 non
2981 1337 3169 1392 refert.
3201 1337 3334 1391 Nam
3375 1352 3497 1391 cum
3531 1338 3598 1390 de

1996 1428 2115 1483 solo
2147 1428 2368 1482 nomine
2401 1428 2491 1481 ﬁlii
2519 1428 2613 1483 Dei
2640 1442 2888 1498 agamus,
2920 1427 3082 1497 quale
3112 1428 3299 1482 volunt
3328 1427 3482 1481 hodie
3509 1442 3597 1481 ac-

1996 1520 2238 1587 cipiant,
2270 1521 2583 1575 concessuri
2624 1530 2787 1587 sunt,
2845 1530 2905 1575 ut
2958 1529 3086 1576 ante
3138 1522 3379 1589 genuerit
3432 1520 3595 1576 tilium

2000 1620 2173 1676 pater,
2204 1626 2364 1681 qttam
2401 1622 2575 1667 mater
2606 1612 2859 1668 ediderit.
2890 1614 3052 1668 Certe
3089 1615 3170 1669 vel
3212 1614 3472 1669 Salomon
3508 1613 3595 1669 cui

2001 1701 2290 1756 maximam
2321 1702 2374 1757 in
2397 1702 2681 1772 scripturis
2706 1703 2981 1759 veteribus
3004 1706 3383 1759 auctoritatem
3414 1706 3595 1774 singu-

1919 1764 1969 1825 Β
1998 1791 2127 1847 laris
2156 1793 2419 1861 sapientia
2454 1764 2607 1857 facit,
2633 1794 2949 1863 planissime
2982 1796 3149 1849 tilium
3193 1797 3246 1849 in
3289 1764 3594 1851 Pioverhiis

1995 1895 2049 1941 et
2079 1886 2410 1941 lucidissime
2444 1888 2687 1943 nominat
2716 1887 2905 1943 dicens
2930 1907 2942 1941 :
2974 1888 3100 1955 Quis
3128 1890 3391 1958 colligavit
3435 1905 3593 1956 aquas

1993 1978 2145 2046 quasi
2174 1978 2225 2031 in
2245 1977 2539 2033 vestimento
2553 1979 2578 2033 .’
2594 1979 2710 2043 quis
2732 1980 2997 2034 suscitauit
3019 1996 3193 2034 omnes
3216 1981 3460 2035 terminos
3492 1991 3594 2034 ter-

1995 2085 2067 2123 rte
2087 2071 2113 2124 ?
2134 2070 2273 2140 quod
2298 2086 2479 2124 nomen
2504 2073 2640 2144 ejus,
2671 2080 2718 2125 et
2746 2071 2881 2139 quod
2905 2086 3089 2125 nomen
3121 2071 3219 2140 ﬁlii
3247 2072 3381 2140 ejus,
3418 2071 3464 2124 si
3501 2086 3595 2124 no-

1993 2159 2283 2225 stilProv.
2335 2178 2481 2228 xxx,
2515 2161 2613 2230 4)?
2672 2162 2748 2218 De
2801 2162 3089 2231 prteteritis
3144 2161 3245 2215 ista
3301 2160 3592 2216 sultlciaut.

1995 2254 2287 2322 Apostolus
2332 2263 2513 2308 autem
2566 2253 2699 2308 dicit
2753 2269 2768 2307 :
2823 2253 3108 2320 Postquam
3152 2254 3286 2308 venit
3329 2253 3595 2322 plenitudo

1996 2353 2301 2415 temporum,
2328 2346 2466 2397 misit
2492 2344 2628 2398 Deus
2649 2343 2846 2397 Filium
2864 2362 3013 2398 suum
3046 2343 3191 2415 (Gal.
3217 2361 3290 2409 tv,
3312 2345 3390 2415 4).
3412 2345 3596 2399 Enim-

1997 2449 2128 2489 vero
2150 2432 2241 2505 qui
2267 2434 2519 2498 mittitur,
2562 2442 2681 2489 erat
2706 2446 2994 2505 antequam
3034 2439 3358 2505 mitteretur.
3404 2437 3505 2505 Qui
3551 2438 3595 2492 si

1996 2536 2124 2583 ante
2155 2526 2374 2581 Mariam
2408 2541 2515 2581 non
2549 2525 2758 2591 luisset,
2784 2525 2928 2581 hunc
2969 2527 3201 2582 similem
3226 2500 3437 2583 exieris
3466 2529 3595 2583 ado-

1998 2620 2109 2689 ptio
2131 2619 2334 2675 fecerat
2362 2619 2453 2673 Dei
2484 2620 2701 2688 Filium,
2734 2634 2840 2674 non
2871 2628 3083 2675 natura.
3117 2619 3226 2674 Nrc
3252 2620 3307 2675 in
3346 2620 3596 2692 Evange-

1995 2712 2081 2767 liis
2109 2706 2225 2782 ipse
2256 2712 2484 2767 dixisset
2514 2730 2525 2765 :
2557 2711 2786 2767 Tantum
2814 2713 2959 2769 Deus
2995 2715 3176 2771 dilexit
3213 2717 3496 2781 mundum,
3541 2727 3597 2770 ut

1997 2800 2200 2858 Filium
2219 2820 2370 2858 suum
2400 2805 2608 2858 unicum
2638 2805 2781 2859 daret
2802 2803 2984 2871 (Joan.
3059 2819 3141 2873 tu,
3173 2805 3289 2874 16).
3324 2805 3441 2859 Non
3485 2805 3596 2861 ele-

1995 2902 2140 2949 ctum
2162 2908 2292 2964 ergo
2318 2894 2385 2949 ab
2401 2894 2515 2963 ipsa
2540 2894 2795 2951 inetiahili
2820 2894 3170 2964 paternitate,
3201 2895 3296 2952 sed
3318 2898 3594 2967 genitum:

1994 2986 2079 3040 cui
2108 2994 2215 3040 tam
2252 2985 2362 3041 Deo
2383 2999 2545 3052 quam
2594 2985 2797 3041 homini
2827 3001 2994 3054 vero,
3038 2986 3090 3041 in
3135 2996 3365 3057 utraque
3405 2998 3595 3043 natura

1998 3075 2229 3132 ﬁdeliter
2251 3075 2490 3146 proprio,
2524 3076 2576 3130 in
2609 3076 2893 3133 divinitate
2926 3079 3192 3133 mansisse
3219 3076 3289 3135 de
3311 3078 3471 3135 Patre
3496 3119 3511 3143 ,
3540 3080 3594 3133 in

1998 3183 2229 3238 corpore
2250 3168 2486 3238 cmpisse
2515 3168 2583 3224 de
2613 3181 2786 3224 matre
2810 3178 2916 3225 est.
2943 3170 3071 3225 Haec
3096 3184 3247 3239 ergo,
3279 3171 3402 3241 quia
3432 3171 3597 3242 jussi-

1993 3259 2116 3325 stis,
2148 3260 2393 3329 quaedam
2440 3258 2815 3329 responsionis
2853 3272 3061 3317 nostrae
3096 3260 3333 3316 indicula
3358 3301 3375 3329 ,
3418 3270 3476 3316 et
3526 3262 3595 3317 ad

1988 3351 2360 3408 elucidandam
2398 3351 2683 3407 veritatem
2716 3366 2885 3421 pauca
2918 3352 3355 3408 testimoniorum
3384 3354 3595 3407 semina

1993 3446 2269 3502 transmisi
2296 3463 2311 3502 :
2342 3460 2464 3514 quas
2495 3445 2664 3515 possit
2697 3444 2917 3515 quidem
2950 3443 3249 3499 acrimonia
3295 3452 3475 3502 vestra
3506 3444 3595 3501 vel

1984 3539 2291 3611 eloquentia
2316 3538 2369 3594 in
2394 3538 2600 3609 frugem
2629 3538 2823 3593 salutis
2837 3537 3054 3594 Christo
3080 3540 3338 3609 irrigante
3360 3541 3593 3595 nutrire.

1986 3629 2091 3685 Sed
2125 3629 2170 3684 si
2201 3630 2269 3683 sit
2298 3630 2581 3698 quisquam
2604 3628 2673 3683 de
2696 3627 2781 3683 his
2804 3638 2993 3683 eontra
3022 3642 3160 3698 quos
3185 3629 3589 3701 agimus,quetn

1986 3719 2071 3774 his
2100 3728 2282 3775 vestro
2305 3718 2514 3789 judicio
2565 3719 2631 3773 ad
2688 3727 2860 3773 totum
2913 3719 3265 3785 respondisse
3313 3721 3589 3789 credatis,

1986 3809 2114 3864 licet
2160 3808 2269 3864 sint
2306 3809 2704 3877 vigilantissimi
2760 3808 2813 3861 in
2866 3808 3134 3865 catholica
3184 3818 3240 3864 et
3293 3810 3594 3867 lidelissimi

1987 3909 2339 3964 tractatores;
2366 3898 2515 3953 dabit
2540 3907 2719 3953 tamen
2746 3898 2907 3964 Deus,
2924 3908 2981 3952 ut
3011 3913 3113 3968 ego
3140 3915 3356 3970 quoque
3386 3904 3587 3971 possim

1982 3990 2138 4047 vobis
2166 4000 2222 4045 et
2245 3987 2689 4045 numerosiorutn
2720 3988 3092 4058 exemplorum
3149 4006 3437 4047 numerum
3464 4034 3482 4059 ,
3537 4004 3591 4049 et

1985 4083 2251 4139 rationem
2282 4096 2402 4151 quze
2433 4079 2753 4147 satisfaciat,
2801 4092 3129 4152 praesumpta
3165 4084 3452 4142 scribendi
3492 4099 3593 4143 vt.-

1984 4174 2201 4230 cstiono
2229 4187 2541 4244 suggerere.

2500 4263 2833 4321 EPISTOLA
2872 4262 3069 4320 XXIX.

2040 4372 2231 4413 Ανιτοε
2268 4370 2579 4413 νιειιικειηθιε
2618 4371 2895 4412 ενιεςοῐσυδ
2934 4366 2959 4394 ⁸
2998 4371 3177 4412 υοιιιεο
3210 4370 3546 4435 θιαιειιυκρο.

2062 4447 2223 4503 Omni
2269 4448 2487 4516 quidem
2531 4450 2653 4501 vitae
2699 4463 2835 4502 mete
2880 4456 3123 4518 tempore
3165 4447 3467 4504 detttoem
3512 4466 3597 4505 nte

1994 4540 2280 4597 asserendi
2308 4540 2598 4595 famulatus
2643 4554 2910 4609 agnosco;
2940 4540 3035 4594 sed
3066 4540 3366 4611 impensius
3394 4543 3597 4599 festivi-

1992 4639 2106 4687 tate
2138 4631 2555 4701 prtesenti,qu:e
2586 4630 3005 4685 sollicitudinem
3024 4640 3259 4687 vestram
3288 4648 3397 4689 non
3422 4634 3598 4689 minus

1992 4723 2349 4794 explorandis
2396 4722 2777 4778 hereticorum
2824 4722 3132 4791 conatibus,
3188 4738 3349 4793 quam
3397 4734 3597 4781 nostra:

1990 4816 2162 4886 partis
2208 4824 2439 4885 occupat
2481 4814 2717 4869 cultibus
2762 4814 3127 4869 celebrandis.
3177 4816 3455 4885 Siquidem
3502 4833 3598 4885 per

1994 4924 2230 4964 annuum
2269 4908 2539 4978 quoddam
2584 4908 2894 4976 contagium
2934 4909 3278 4978 congregatis
3328 4909 3587 4975 adversis,

1994 5010 2202 5055 attento
2234 4999 2390 5054 Vobis
2422 4998 2605 5053 labore
2646 4997 2944 5053 curandum
2983 5008 3086 5065 est,
3116 5016 3183 5054 ne
3223 4998 3415 5054 cliente
3444 5000 3597 5055 calli.

1995 5088 2181 5144 ditatis
2210 5088 2398 5144 fraude
2424 5087 2834 5157 pullulet,qnod
2862 5089 2913 5141 in
2940 5088 3033 5144 Dei
3053 5089 3272 5144 nomine
3298 5094 3401 5147 iam
3420 5104 3593 5145 vestra

1996 5180 2223 5236 victoria
2257 5179 2574 5236 celebrabiit
2603 5192 2802 5235 Vll’lllle
2840 5180 3092 5246 succidit,
3122 5181 3419 5251 quamlibet
3443 5181 3597 5238 ειη..

1991 5393 2117 5453 cum
2160 5395 2267 5453 una
2298 5390 2609 5449 regnarent,
2641 5382 2829 5437 scribit
2863 5383 2917 5437 in
2953 5384 3237 5453 Epiphanii
3268 5383 3373 5438 vita
3408 5382 3596 5438 Enno-

1990 5450 2131 5503 dius.
2182 5450 2457 5506 Genavam
2507 5462 2618 5507 tum
2663 5468 2793 5519 ergo
2834 5450 3142 5520 promiscue
3179 5455 3593 5509 adventantibus

1992 5520 2481 5595 etiamhatretii-is,
2527 5524 2701 5577 locum
2751 5524 3053 5595 habuerunt
3101 5527 3192 5579 illa
3243 5541 3361 5595 qua:
3413 5526 3592 5592 priore

1990 5590 2618 5664 epistolacontinentur,
2654 5595 2703 5646 in
2733 5608 2836 5663 qua
2868 5594 3002 5651 duas
3031 5590 3291 5664 hxreses',
3320 5596 3374 5651 ni
3409 5590 3582 5654 fallor.

1991 5659 2121 5715 dicit
2150 5662 2403 5719 Ariunam
2426 5673 2477 5719 et
2504 5659 2898 5722 Photinianam.
