4190 6464
745 465 848 520 947

1970 457 2024 514 S.
2070 458 2254 514 AVITI
2293 461 2690 525 VIENNENSIS

3853 469 3957 528 248

748 587 830 628 sto
867 573 1094 645 propitio
1135 573 1489 644 prmsentibus
1534 570 1684 627 vobis
1725 567 1953 624 obsistat
1988 568 2136 642 [alia
2163 570 2307 624 lectio
2339 575 2388 633 Α
2416 578 2604 633 sentiae
2647 587 2833 634 vestrae
2860 577 3039 636 delicti
3077 589 3184 647 quo
3213 593 3408 650 arguor
3435 577 3805 635 emendatione
3830 574 3962 630 frau-

744 661 1007 735 absistat].
1039 665 1175 718 Hinc
1205 665 1294 718 illa
1321 661 1674 721 sollicitudine
1704 661 1961 730 pressior,
1992 659 2309 728 constipatio

745 755 1094 819 tlenavensis,
1131 768 1249 824 qua:
1287 754 1338 807 in
1386 766 1531 806 more
1569 751 1790 820 originis
1828 753 2035 821 primae,
2072 751 2311 806 virilibus

745 849 940 900 animis
971 847 1116 901 virus
1141 847 1384 916 anguium
1431 845 1590 899 sibilo
1618 842 1834 899 feminei
1871 843 2136 898 sermonis
2171 848 2313 896 luso—

747 938 881 990 nuit.
905 935 1054 991 Unde
1075 935 1223 1002 illud,
1252 936 1294 988 si
1326 948 1559 998 mereor,
1586 934 1972 1003 quamprimum
2000 933 2140 988 scire
2170 932 2310 988 desi-

745 1027 898 1092 dero,
951 1034 1123 1078 utrum
1175 1038 1293 1078 cum
1340 1024 1540 1078 domno
1585 1021 1880 1077 clementis
1925 1032 2120 1076 vestra:
2163 1028 2312 1090 patre

749 1116 946 1169 mentio
992 1115 1135 1167 illius
1181 1112 1536 1167 ordinationis
1574 1109 1848 1175 acciderit,
1887 1125 2007 1180 quae
2055 1113 2310 1165 bonorum

747 1213 948 1269 pestem
979 1203 1046 1258 ab
1070 1202 1416 1258 infernalibus
1445 1201 1660 1256 latebris
1688 1202 1994 1268 excitatam,
2025 1199 2311 1255 catholicis

743 1294 1059 1363 Arianisquo
1098 1292 1426 1348 certantibus
1471 1291 1760 1345 intromisit
1793 1309 1806 1342 :
1846 1291 1930 1344 vel
1972 1290 2016 1344 si
2068 1299 2313 1347 servatur

743 1385 917 1439 adhuc
940 1386 1290 1449 credulitatis,
1305 1385 1408 1437 imo
1429 1382 1784 1437 simulationis
1801 1382 1942 1437 illius
1959 1381 2311 1450 dolus,quem

745 1490 852 1528 non
873 1475 1187 1543 impressum
1217 1476 1426 1537 animis,
1460 1471 1555 1526 sed
1582 1473 1839 1528 chartulis
1865 1481 2161 1535 exaratum,
2179 1485 2309 1539 pau-

748 1567 891 1621 latim
921 1567 976 1620 in
1011 1569 1224 1633 antiqua
1263 1567 1344 1620 sui
1383 1565 1645 1635 dogmatis
1682 1573 1706 1601 ι
1745 1563 2058 1618 crudelitate
2096 1568 2313 1616 revocat

747 1661 973 1713 litterata
1002 1658 1301 1728 promissio.
1332 1658 1460 1726 Quae
1488 1667 1633 1711 certe
1657 1657 1698 1710 si
1729 1656 1925 1722 adhuc,
1959 1660 2019 1708 ut
2055 1660 2310 1720 cmperat,
2353 1685 2355 1687 ι

743 1752 984 1806 societati
1025 1753 1234 1807 Arianae
1274 1751 1647 1806 communione
1690 1745 1931 1802 immixta
1980 1749 2098 1812 est,
2145 1744 2313 1798 claret

741 1841 1024 1910 gl0riosior
1053 1842 1152 1895 sub
1192 1841 1485 1910 principatu
1524 1848 1706 1895 vestro
1743 1844 1927 1892 noster
1971 1831 2306 1902 triumphus;

2412 667 2636 723 davcro.

2917 754 3248 814 EPISTOLA
3287 758 3478 814 XXXI.

2413 861 2601 901 Ανιτυε
2639 848 2938 901 νιειᾰιιειιςη
2977 861 3255 902 ertscorus
3295 857 3320 884 ι
3361 861 3557 904 ητιτο
3592 861 3662 904 nr
3700 861 3973 904 svuuacao

2917 929 3269 971 SENATOBIBUS
3309 931 3478 973 υιιιιιε.

2486 1029 2717 1084 Primum
2740 1029 2910 1084 fuerat
2938 1029 3056 1083 talis
3087 1038 3255 1085 status
3281 1045 3459 1086 rerum
3489 1032 3896 1094 desiderandus.
3920 1038 3973 1085 nt

2413 1118 2514 1187 ipsi
2539 1133 2631 1186 per
2651 1131 2745 1171 nos
2762 1115 2959 1172 Urbem
2983 1117 3098 1172 orbi
3123 1110 3476 1174 venerabilem
3504 1135 3598 1188 pro
3619 1120 3972 1190 dependendis

2413 1207 2606 1261 divinis
2643 1206 2991 1274 humanisque
3029 1215 3400 1275 expeteremus
3441 1207 3652 1264 ofﬁciis.
3702 1209 3804 1263 Sed
3854 1210 3970 1279 quia

2413 1296 2554 1350 istud
2572 1296 2680 1362 jam
2708 1295 2903 1350 dudum
2934 1312 3028 1365 per
3059 1298 3320 1353 rationem
3347 1305 3645 1368 temporum
3679 1297 3788 1352 fieri
3819 1313 3969 1366 posse

2413 1385 2662 1448 cessavit,
2694 1385 2920 1439 velimus
2944 1387 3085 1454 quod
3109 1385 3396 1464 latendum
3427 1397 3529 1453 est,
3571 1388 3653 1443 vel
3679 1403 3745 1444 eo
3771 1389 3968 1444 securi-

2413 1476 2536 1530 tatis
2561 1475 2838 1540 accedere,
2871 1485 2927 1531 ut
2968 1492 3086 1547 qua:
3123 1476 3174 1531 in
3205 1493 3362 1533 causa
3390 1479 3656 1535 communi
3693 1478 3967 1547 supplicari

2413 1575 2641 1632 Oportet,
2671 1565 2965 1635 amplitudo
3001 1575 3178 1622 vestra
3203 1577 3641 1638 congregatorum
3675 1567 3855 1624 Galliae
3887 1583 3966 1621 sa.

2413 1656 2686 1710 cerdotum
2729 1657 2984 1712 relatione
3010 1666 3372 1726 cognosceret.
3404 1657 3509 1714 Sed
3541 1659 3790 1728 quoniam
3821 1658 3969 1727 hujus

2413 1761 2620 1817 quoque
2649 1761 2745 1802 nos
2770 1749 2879 1801 voti
2924 1763 3028 1802 non
3057 1758 3206 1817 potes
3234 1748 3410 1805 reddit
3449 1751 3718 1818 provinc'a
3747 1750 3972 1820 praefixis

2413 1852 2697 1906 regnorum
2725 1837 3082 1893 determinata
3103 1840 3397 1898 limitibus:
3428 1843 3817 1912 quamprimum
3847 1856 3970 1911 sup.

743 1945 862 1984 cum
889 1930 1093 1986 duabus
1124 1930 1416 1986 haeresibus
1445 1931 1498 1984 in
1529 1944 1690 1984 unum
1715 1927 1970 1993 redactis,
1994 1933 2100 1979 tam
2126 1923 2308 1993 acqui-
2336 1915 2384 1975 B
2412 1927 2533 1994 plici
2562 1941 2718 1996 prece
2757 1942 2940 1995 posco,
2979 1944 3047 1985 ne
3075 1931 3430 1986 celeberrimo
3469 1932 3640 1987 ordini
3672 1943 3849 1989 vestro
3878 1948 3969 2001 pa-

743 2019 982 2076 rentibus
1011 2035 1168 2088 quam
1198 2020 1635 2076 convincentibus
1663 2017 1834 2082 vobis,
1861 2024 1915 2072 et
1941 2014 2308 2072 schismatico-

743 2127 861 2166 rum
909 2126 1164 2167 numerus
1203 2112 1463 2167 decrescit
1503 2119 1556 2166 et
1598 2108 1966 2166 schismatum.
2005 2107 2141 2162 Hinc
2181 2119 2309 2176 ergo

742 2203 1016 2258 servitium
1055 2202 1377 2257 curiositatis
1413 2216 1546 2256 meas
1572 2200 1854 2271 dignanter
1889 2196 2131 2267 aspicite,
2162 2206 2216 2252 et
2241 2196 2310 2251 de

744 2293 1029 2363 peculiaris
1056 2294 1260 2363 patroni
1299 2292 1462 2347 vestri
1496 2292 1721 2361 apostoli
1751 2289 1900 2346 festis
1927 2287 2306 2358 exspectationi

743 2393 942 2439 nostra:
964 2384 1330 2453 prosperitatis
1351 2391 1404 2438 et
1424 2379 1848 2452 compellationis
1869 2386 2065 2435 vestras
2088 2392 2306 2434 munera

741 2475 1029 2546 duplicate.

1259 2559 1592 2617 EPISTOLA
1625 2557 1797 2614 XXX.

815 2666 1005 2708 Ανιτυε
1043 2665 1347 2707 νιεκιιειιειε
1385 2663 1662 2705 ιριεοοιιυε
1700 2661 1874 2702 υοιιιιο
1911 2659 2237 2702 διαιειιιιιωο.

812 2744 994 2813 Nuper
1030 2758 1148 2798 cum
1187 2741 1358 2796 officia
1393 2740 1612 2795 culmini
1658 2747 1839 2795 vestro
1881 2752 2091 2807 semper
2134 2735 2309 2792 debita

741 2849 841 2903 pro
884 2834 1189 2903 apostolicae
1233 2831 1534 2886 festivitatis
1581 2828 1968 2885 consuetudine
2013 2817 2304 2892 destinavi,

742 2941 847 2980 non
901 2924 1075 2979 minus
1115 2923 1367 2979 civilitate
1411 2911 1680 2993 pretioso,
1726 2937 1882 2991 quam
1923 2920 2308 2976 declamatione

740 3020 1030 3088 conspicuo
1072 3032 1318 3072 sermone
1355 3016 1584 3082 dixistis,
1623 3016 1821 3072 idcirco
1850 3029 1946 3070 vos
1979 3015 2178 3071 tardius
2213 3014 2310 3069 de-

742 3108 888 3162 disse
934 3108 1271 3176 rescriptujn,
1305 3115 1367 3160 ut
1411 3107 1686 3161 humilitas
1728 3105 1811 3160 sui
1859 3104 2070 3159 conscia
2115 3117 2233 3172 quae
2279 3117 2308 3155 a

743 3197 1012 3254 scribendi
1038 3197 1254 3252 audacia
1273 3196 1393 3266 jure
1418 3203 1700 3265 temperat,
1731 3209 1798 3251 eo
1825 3194 2024 3248 diutius
2046 3193 2311 3248 ariditatis

2410 2017 2530 2084 gina
2557 2015 2671 2072 haec
2703 2017 2918 2085 aliquod
2948 2029 3161 2073 moveat
3189 2021 3339 2087 quasi
3370 2021 3437 2075 ab
3465 2037 3572 2077 uno
3599 2023 3793 2077 dictata
3821 2024 3967 2077 fasti-

2409 2105 2554 2160 dium
2596 2123 2611 2160 :
2655 2107 2907 2175 quoniam
2935 2122 2965 2162 a
2992 2110 3197 2164 cunctis
3225 2109 3515 2166 Gallicanis
3541 2111 3791 2169 fratribus
3819 2113 3966 2180 meis,

2407 2194 2472 2250 ad
2505 2196 2609 2250 hoc
2627 2195 2800 2265 ipsum
2831 2211 2936 2251 nou
2962 2198 3138 2252 minus
3168 2213 3263 2267 per
3291 2200 3559 2268 mandata,
3589 2216 3746 2271 quam
3777 2218 3871 2273 per
3889 2204 3964 2256 lit-

2410 2293 2549 2340 teras
2569 2296 2841 2352 oneratur,
2865 2301 3199 2358 quascunque
3234 2304 3262 2342 a
3294 2291 3444 2345 vobis
3473 2305 3659 2347 omnes
3685 2294 3965 2362 ambimus,

2407 2391 2542 2433 unus
2581 2377 2912 2448 suggerenda
2955 2380 3188 2448 suscepi.
3241 2381 3374 2435 Dum
3414 2382 3480 2436 de
3519 2397 3674 2437 causa
3722 2382 3968 2439 Romana

2409 2468 2665 2525 Ecclesiae
2693 2471 2982 2525 auxianimi
3027 2486 3090 2526 ac
3132 2473 3325 2543 trepidi
3353 2488 3613 2541 essemus,
3645 2483 3704 2529 ut
3729 2485 3850 2543 pote
3873 2492 3967 2530 nu.

2412 2568 2524 2614 tare
2554 2568 2750 2614 statum
2779 2570 3020 2615 nostrum
3063 2562 3114 2616 in
3147 2563 3393 2618 lacessito
3418 2566 3616 2620 vertice
3640 2568 3925 2622 sentien'es
3951 2583 3965 2620 :

2411 2663 2543 2718 quos
2563 2663 2748 2704 omnes
2779 2664 2881 2703 una
2907 2652 3208 2706 criminatio
3229 2653 3408 2723 utique
3433 2654 3547 2710 sine
3575 2655 3768 2709 invidia
3796 2655 3966 2709 multi-

2413 2739 2608 2794 tudinis
2649 2749 3004 2809 percusserat,
3053 2742 3096 2796 si
3136 2749 3332 2796 statum
3376 2745 3626 2813 principis
3659 2745 3964 2799 obruisset:

2410 2831 2612 2899 perlata
2647 2840 2729 2886 est
2758 2831 3097 2888 sollicitudini
3126 2841 3324 2888 nostrae
3351 2834 3417 2888 ab
3445 2834 3585 2889 ltalia
3622 2835 3674 2890 in
3692 2835 3968 2911 “exempla-

2407 2923 2558 2977 ribus
2589 2921 2615 2961 δ
2644 2922 2992 2978 sacerdotalis
3038 2923 3208 2980 forma
3253 2925 3480 2990 decreti,
3525 2939 3682 2995 quam
3726 2925 3794 2981 de
3836 2938 3968 2994 papa

2410 3011 2731 3083 Symmacho
2757 3015 2894 3082 apud
2926 3012 3119 3069 Urbem
3149 3013 3357 3069 collecti
3391 3014 3550 3069 Italia
3579 3013 3839 3069 antistites
3861 3013 3969 3067 edi-

2411 3103 2624 3159 derunt.
2655 3103 2824 3170 Quam
2849 3104 3281 3158 constitutionem
3313 3104 3436 3159 licet
3461 3103 3848 3159 observabilem
3875 3118 3971 3157 nu-

2413 3195 2608 3250 merosi
2639 3193 3026 3265 revereudique
3054 3195 3269 3250 concilii
3301 3193 3490 3250 reddat
3517 3208 3787 3258 assensus,
3818 3193 3972 3248 intel-

743 3289 997 3357 supplioia
1044 3289 1334 3357 penderet,
1373 3302 1479 3358 quo
1524 3290 1727 3344 fontem
1773 3287 2108 3357 splendidum
2148 3275 2309 3342 vestri
2336 3267 2384 3332 ο
2415 3286 2624 3350 ligimus
2673 3294 2873 3348 tamen,
2922 3293 3163 3340 sanctum
3215 3284 3594 3356 Symmachum
3647 3298 3872 3355 papam,
3925 3281 3971 3338 si

745 3380 964 3450 alloquii
1001 3381 1119 3449 plus
1154 3382 1345 3436 sitiret.
1377 3379 1657 3446 Vindictae,
1699 3380 1839 3435 sicut
1861 3379 2146 3450 diguamini
2171 3380 2308 3434 scri-

746 3473 795 3526 bl
814 3485 892 3536 re,
922 3485 1087 3539 genus
1111 3483 1229 3525 esse
1254 3479 1560 3538 censentes,
1589 3479 1647 3524 ut
1670 3466 1896 3540 portitor
1923 3483 1955 3523 a
1982 3484 2068 3526 me
2095 3470 2311 3539 segnius

745 3561 1039 3615 destinatus
1063 3561 1334 3615 vobiscum
1375 3555 1571 3615 diutius
1596 3570 1918 3615 moraretur.
1962 3560 2006 3616 Ο
2031 3561 2311 3616 retributio

745 3650 959 3708 ultionis
971 3649 1332 3709 blandissima
1347 3653 1359 3701 l
1377 3667 1408 3704 ο
1421 3651 1678 3707 sententia
1697 3651 2020 3708 crudelitatis
2034 3652 2278 3722 optanda:
2293 3653 2307 3706 !

746 3743 876 3811 Quis
903 3747 1108 3801 scilicet
1145 3755 1250 3799 tam
1287 3741 1674 3798 intolerabilem
1704 3755 1914 3812 pinnam
1943 3744 2312 3812 mquanimiter

749 3839 904 3904 ferat,
947 3845 1005 3893 ut
1047 3837 1295 3906 paradiso
1323 3833 1490 3891 vestri
1529 3841 1842 3901 conspectus
1880 3833 2116 3890 inclusus
2157 3849 2306 3889 mora

747 3927 984 3983 beatiore
1011 3940 1107 3983 vos
1134 3926 1345 3982 videat?
1373 3923 1560 3981 Timeo
1588 3924 1765 3993 plane,
1794 3938 1865 3979 ne
1890 3923 2194 3993 frequenter
2222 3939 2310 3980 me

745 4016 975 4084 iubeatis
999 4017 1254 4082 scribere,
1276 4017 1323 4072 si
1349 4013 1628 4082 disponitis
1660 4013 1959 4070 tarditatem
1995 4015 2170 4071 taliter
2190 4016 2310 4071 vin-

748 4108 949 4164 dicare.
989 4104 1095 4161 Aut
1119 4107 1163 4161 si
1202 4120 1302 4175 ego
1326 4113 1507 4160 certus
1532 4103 1718 4157 fuerim
1749 4103 2048 4171 huiusmodi
2079 4119 2163 4160 me
2190 4107 2310 4160 ani-

749 4195 1122 4252 madversione
1148 4193 1507 4264 plectendum,
1550 4191 1666 4260 ipse
1697 4193 1881 4261 procul
1920 4193 2080 4248 dubio
2114 4198 2310 4264 scripta

751 4287 1095 4356 porrigerem,
1128 4299 1245 4354 quat
1280 4285 1426 4354 justo
1453 4282 1624 4340 rarius
1662 4297 1987 4346 exorassem.
2015 4284 2081 4338 Et
2111 4286 2311 4341 utinam

750 4375 878 4431 mihi
900 4373 1169 4431 vobiscum
1198 4376 1372 4445 posito
1394 4381 1679 4446 negaretur
1698 4372 1943 4428 celeritas
1963 4375 2267 4430 revertendi
2294 4393 2307 4428 :

748 4477 802 4523 et
829 4467 991 4522 verba
1021 4481 1138 4535 qua:
1167 4476 1285 4534 post
1313 4465 1524 4535 longum
1555 4475 1766 4537 tempus
1798 4463 1999 4533 legere,
2024 4464 2224 4520 diutius
2255 4466 2308 4520 in

749 4558 864 4625 ipso
893 4565 1100 4612 meatus
1136 4557 1219 4610 sui
1248 4556 1456 4611 tramite
1495 4557 1723 4612 donarer
1749 4557 1951 4613 audire.
1982 4553 2140 4615 Certe
2169 4555 2310 4610 Deus

749 4647 964 4713 viderit,
987 4647 1113 4716 quid
1141 4661 1241 4715 ego
1264 4646 1401 4713 apud
1427 4647 1684 4715 judicium
1706 4657 1962 4714 vestrum,
1983 4649 2064 4702 vel
2089 4644 2310 4705 audacia

750 4739 968 4804 servitii,
1011 4739 1094 4794 vel
1135 4738 1483 4808 trepidatione
1525 4753 1835 4808 promerear
1870 4756 1886 4794 :
1929 4749 2104 4796 tamen
2144 4741 2309 4797 ofﬁcii

752 4831 854 4885 mei
896 4831 1402 4899 portitoribusreus
1442 4843 1558 4897 ero,
1604 4829 1650 4884 si
1693 4843 1786 4886 eos
1827 4830 2128 4899 prolixitate
2170 4847 2308 4904 pra-

821 5045 846 5073 ι
886 5033 999 5086 Non
1027 5041 1297 5088 senatores
1327 5033 1506 5097 modo,
1534 5033 1628 5088 sed
1652 5033 1857 5100 patricii
1887 5032 2069 5098 ambo,
2091 5040 2147 5088 et
2166 5032 2309 5094 ordi-

751 5103 890 5160 narii
929 5105 1175 5157 consules
1224 5102 1464 5155 fuerant:
1500 5101 1723 5157 Faustus
1768 5116 1908 5156 anno
1954 5101 2152 5156 Christi
2204 5102 2311 5156 483

757 5173 971 5229 biennio
1011 5182 1127 5240 post
1165 5172 1535 5241 Symmachus,
1573 5180 1793 5241 uterque
1821 5175 1936 5226 sine
1971 5171 2194 5241 collega.
2227 5171 2309 5225 Ad

759 5246 854 5298 hos
883 5257 1031 5310 ergo,
1056 5240 1301 5310 tanquam
1332 5242 1597 5308 praecipue
1633 5243 1684 5294 in
1710 5240 1848 5296 Urbe
1890 5240 2162 5309 dignitatis
2187 5254 2312 5309 pro-

755 5328 926 5376 ceres,
955 5309 1055 5363 suo
1084 5321 1136 5364 et
1175 5309 1558 5364 Gallicanorum
1598 5314 1833 5364 omnium
1869 5311 2165 5363 antistitum
2209 5325 2307 5363 no-

756 5385 917 5443 mine.
944 5381 1128 5435 scribit
1147 5379 1442 5448 de‘syuodo
1470 5379 1726 5443 Romana,
1761 5389 1813 5432 et
1830 5379 2030 5448 judicio
2053 5379 2105 5432 in
2126 5395 2186 5433 ea
2217 5380 2313 5432 ad-

757 5467 942 5506 versus
972 5449 1346 5520 Symmachum
1377 5463 1560 5520 papam
1604 5448 1916 5520 Theoderici
1961 5450 2314 5520 regisaucto-

761 5523 911 5574 ritate
955 5517 1242 5574 constituto
1290 5519 1660 5586 expostulans,
1715 5517 1982 5585 Italiaeque
2028 5517 2312 5586 episcopos

762 5591 1136 5657 perstringens,
1154 5588 1293 5641 uuod
1315 5587 1381 5641 de
1400 5589 1746 5642 eminentiore
1757 5587 2013 5656 judicium
2033 5587 2314 5643 inferiores

761 5659 1078 5722 receperint.

830 5728 856 5765 δ
896 5730 1079 5782 Exstat
1123 5725 1222 5778 huc
1261 5724 1532 5780 deeretum
1585 5728 1636 5778 in
1675 5725 1877 5793 synodo
1922 5724 2074 5779 Rufio
2126 5727 2313 5784 Magno

762 5797 954 5852 Fausto
983 5795 1182 5849 Avieno
1209 5795 1422 5851 consule
1454 5796 1629 5849 habita
1657 5809 1793 5850 anno
1816 5796 2010 5850 Christi
2044 5796 2170 5850 502.
2206 5795 2310 5850 De-

2335 4613 2387 4678 D

2410 3378 2608 3434 stmulo
2657 3377 2888 3448 primum
2945 3377 3118 3432 fuerat
3168 3386 3488 3442 accusatus,
3536 3376 3969 3432 consacerdotum

2410 3484 2628 3524 suorum
2681 3469 2931 3524 solatium
2991 3470 3167 3537 potius
3221 3470 3486 3523 asciscere
3536 3483 3692 3537 quam
3737 3470 3972 3536 recipere

2409 3561 2658 3617 debuisse
2699 3559 2975 3629 judicium.
3007 3559 3140 3626 Quia
3172 3559 3309 3615 sicut
3337 3558 3576 3614 subditos
3597 3574 3699 3613 non
3722 3572 3843 3614 esse
3865 3567 3972 3613 ter-

2411 3651 2554 3705 renis
2595 3649 2945 3719 potestatibus
2981 3648 3134 3718 jubet
3179 3649 3379 3704 arbiter
3413 3649 3557 3715 emli,
3599 3656 3832 3702 Staturos
3873 3661 3969 3702 nos

2409 3750 2535 3793 ante
2573 3752 2725 3808 reges
2764 3747 2819 3792 et
2868 3735 3138 3806 principes
3185 3737 3238 3790 in
3283 3751 3596 3806 quacunque
3635 3736 3971 3791 accusatione

2412 3828 2702 3898 prscdicens
2727 3844 2742 3880 :
2767 3829 2839 3880 ita
2871 3840 2976 3882 non
3010 3825 3161 3881 facile
3183 3827 3340 3880 datur
3367 3825 3609 3896 intelligi,
3651 3841 3750 3895 qua
3776 3827 3860 3880 vel
3889 3841 3972 3878 ra-

2413 3921 2554 3975 tione
2584 3919 2668 3974 vel
2700 3919 2834 3988 lege,
2870 3919 2939 3972 ab
2967 3917 3306 3974 inferioribus
3335 3919 3652 3974 eminentior
3683 3917 3968 3988 jodicetur.

2411 4012 2541 4068 Nam
2572 4026 2692 4067 cum
2714 4010 2910 4067 celebri
2943 4020 3208 4080 praecepto
3238 4011 3518 4081 Apostolus
3543 4011 3737 4067 clamet
3757 4009 3810 4081 (1
3840 4010 3967 4064 Tim.

2413 4119 2466 4167 v,
2499 4099 2610 4172 l9),
2640 4102 3034 4156 accusationem
3070 4101 3154 4156 vel
3191 4103 3244 4156 in
3276 4101 3648 4172 presbyterum
3681 4103 3840 4172 recipi
3867 4117 3971 4156 non

2413 4192 2630 4258 debere,
2657 4190 2783 4262 quid
2815 4193 2868 4245 in
2888 4192 3211 4261 praecipuum
3233 4193 3497 4262 generalis
3519 4193 3771 4249 Ecclesia
3796 4192 3972 4248 crimi~

2416 4286 2716 4342 nationibus
2742 4286 2903 4342 licere
2929 4286 3254 4344 censendum
3282 4288 3401 4343 est?
3424 4288 3575 4356 Quod
3604 4286 3837 4359 synodus
3861 4287 3970 4355 ipsa

2419 4376 2737 4433 venerabilis
2765 4376 3016 4433 laudabili
3039 4379 3419 4436 constitutione
3459 4379 3807 4449 prospiciens,
3851 4393 3972 4434 cau-

2414 4484 2527 4522 sam
2550 4482 2730 4538 quam,
2767 4467 2906 4536 quod
2952 4467 3097 4523 salva
3139 4467 3257 4536 ejus
3299 4469 3596 4524 reverentia
3641 4467 3838 4522 dictum
3882 4467 3969 4534 sit,

2414 4575 2551 4629 pene
2581 4567 2783 4615 temere
2811 4568 3119 4628 susceperat
3157 4560 3547 4629 inquirendam,
3591 4559 3770 4614 divino
3799 4560 3972 4628 potius

2414 4649 2644 4711 servavit
2667 4651 2898 4710 examini
2924 4667 2939 4710 :
2964 4651 3335 4724 perstringens
3352 4661 3549 4721 tamen,
3570 4660 3723 4724 prout
3748 4651 3973 4710 breviter

2415 4744 2606 4814 potuit,
2636 4743 2771 4797 nihil
2801 4743 2892 4798 vel
2920 4743 3020 4798 sibi
3055 4744 3142 4798 vel
3178 4745 3559 4813 gloriosissimo
3586 4746 3698 4800 viro
3724 4742 3972 4798 Theode-

2413 4835 2526 4890 rico
2568 4831 2702 4903 regi,
2732 4831 2801 4888 de
2848 4830 2932 4887 his
2960 4846 3080 4902 quae
3130 4847 3278 4903 papas
3307 4833 3616 4889 dicebantur
3642 4833 3844 4902 objecta
3883 4845 3973 4902 pa-

2407 4966 2683 5038 cernimus,
2724 4965 2993 5038 inquiunt,
3030 4973 3087 5018 ut
3129 4965 3466 5038 Symmachus
3500 4982 3652 5038 papa,
3689 4966 3820 5020 sedis
3851 4985 3971 5038 apo.
4020 5024 4028 5030 ,

2414 5037 2608 5089 810ιίιῶ
2627 5035 2834 5105 prtesul,
2848 5045 3093 5105 quantum
3112 5035 3181 5089 ad?
3202 5037 3428 5089 homines
3444 5036 3661 5105 respicit,
3681 5039 3798 5102 quia
3815 5035 3972 5091 totum

2416 5115 2614 5158 constat
2643 5104 2814 5156 divino
2843 5103 3051 5158 arbitrio
3094 5107 3247 5170 fuisse
3269 5103 3551 5167 dimissum,
3580 5106 3641 5156 sit
3670 5107 3905 5160 immunis
3927 5117 3972 5161 et

2418 5175 2564 5244 liber,
2587 5183 2632 5228 et
2663 5171 2971 5244 Christiana:
2997 5175 3149 5244 plebi,
3177 5175 3285 5227 sine
3311 5174 3482 5241 aliqua
3514 5174 3576 5227 de
3598 5175 3799 5236 obiectis
3827 5177 3964 5229 obla-

2419 5243 2554 5314 tione
2567 5245 2631 5314 in
2657 5240 2886 5314 omnibus
2912 5240 3136 5314 ecclesiis
3165 5244 3290 5308 suis,
3315 5246 3382 5295 ad
3395 5240 3487 5314 jus
3523 5245 3655 5314 sedis
3691 5258 3795 5297 sua!
3824 5247 3973 5314 perti-

2419 5312 2670 5377 nentibus,
2698 5313 2866 5364 tradat
2897 5311 3068 5365 divina
3101 5316 3358 5380 mysteria.
3396 5311 3584 5378 Quare
3617 5311 3833 5367 dubium
3870 5330 3972 5370 non

2419 5392 2500 5451 est
2522 5382 2647 5451 quin
2673 5380 2935 5451 synodum
2966 5385 3120 5434 istam
3151 5381 3338 5435 Avitus
3359 5382 3634 5451 intelligat,
3656 5396 3775 5450 quae
3804 5381 3857 5436 in
3886 5398 3973 5436 co-

2419 5449 2550 5522 dice
2565 5448 2892 5522 Narbonensi
2916 5451 3142 5522 aliisque
3153 5448 3560 5522 vetustioribus,
3584 5448 3768 5519 quarta
3795 5461 3848 5505 et
3867 5453 3974 5522 pal-

2419 5519 2584 5572 maris
2609 5527 2753 5572 recte
2781 5519 3106 5574 inscribitur.
3152 5519 3307 5575 Falso
3343 5520 3484 5574 enim
3514 5523 3839 5576 recentiores
3867 5519 3975 5588 pal-

2419 5588 2583 5660 maris
2627 5602 2819 5643 nomen
2862 5591 3067 5660 synodo
3108 5588 3258 5643 alteri
3299 5591 3566 5660 tribuunt,
3612 5605 3730 5657 qoze
3776 5591 3975 5646 Avieno

2413 5657 2626 5724 juniore
2653 5660 2870 5712 consule
2894 5657 3161 5713 celebrata
3203 5667 3309 5722 est;
3339 5673 3457 5712 cum
3484 5658 3537 5711 in
3566 5673 3626 5712 ea
3658 5673 3754 5714 nec
3779 5661 3975 5715 decreti

2419 5726 2587 5800 hujus
2612 5727 2679 5779 sit
2714 5730 2939 5800 mentio,
2975 5741 3072 5780 nec
3100 5728 3450 5784 absolutionis
3490 5728 3794 5798 Symmachi
3821 5747 3976 5800 quant

2422 5797 2476 5850 in
2507 5796 2725 5865 palmari
2755 5799 2948 5852 editam
2975 5806 3204 5852 constat.
