4154 6396
346 386 455 443 249

1688 378 2020 437 EPISTOLA
2060 378 2299 435 XXXIII.

3520 385 3629 443 250

351 500 536 553 tuisse.
569 494 769 559 Quibus
794 492 1212 564 cognitis,quasi
1239 501 1458 547 senator
1484 492 1598 559 ipse
1625 490 1916 555 Romanus,
1954 496 2005 551 Α
2032 492 2449 561 abundantquat
2475 492 2693 561 possitis
2715 491 2997 563 iniungere
3014 493 3353 564 cupientibus
3373 472 3624 552 obedire:

350 590 500 655 quasi
522 587 861 642 Christianus
896 587 1184 656 episcopus
1220 586 1482 651 obtestor,
1515 584 1593 637 sic
1633 584 1933 637 divinitatis

351 678 589 732 caelestis
616 678 757 731 dono
787 676 1119 743 temporibus
1154 676 1349 729 vestris
1387 674 1715 744 prosperitas
1753 683 1932 740 optata

350 769 624 832 succedat,
669 768 749 821 sic
775 766 1006 832 dignitas
1049 766 1101 819 in
1139 781 1241 833 qua
1281 765 1503 827 ﬁoretis,
1536 764 1788 818 universo
1816 764 1932 819 Orbi

351 862 586 928 speciem
617 856 842 911 Romani
884 857 1115 922 nominis
1147 858 1347 912 mundo
1388 856 1599 910 labente
1640 856 1931 921 contineat,

353 961 409 1004 ut
438 948 491 1004 in
521 956 813 1017 conspectu
843 957 1023 1003 vestro
1048 963 1155 1003 non
1184 948 1254 1001 sit
1286 947 1541 1001 Erclesim
1568 950 1746 1000 minor
1774 960 1932 1011 quam

352 1037 661 1106 reipublicae
689 1045 894 1102 status;
921 1037 1167 1106 quodque
1193 1036 1342 1090 vobis
1369 1036 1509 1090 Dens
1537 1050 1694 1103 posse
1726 1036 1935 1102 praesti-

354 1128 641 1197 tit,.prosit
668 1136 722 1181 et
752 1128 935 1189 nobis;
980 1143 1077 1182 nec
1110 1129 1286 1181 minus
1333 1128 1565 1196 diligatis
1612 1128 1663 1180 in
1696 1127 1933 1181 Ecclesia

356 1228 540 1273 vestra
566 1218 746 1274 sedent
781 1218 946 1284 Petri,
973 1233 1131 1287 quam
1162 1217 1215 1271 in
1243 1218 1457 1271 civitate
1487 1217 1695 1285 apicem
1728 1218 1931 1271 mundi.

352 1309 412 1365 Si
445 1308 710 1378 profundo
736 1309 828 1362 illo
857 1316 1116 1363 tractatus
1144 1309 1305 1361 vestri
1333 1306 1555 1362 consilio
1577 1322 1687 1361 rem
1720 1307 1933 1371 videtis,

355 1413 466 1453 non
502 1414 565 1453 ea
595 1398 963 1453 tantummodo
1003 1413 1123 1468 quae
1171 1398 1351 1453 Roma:
1375 1398 1577 1468 geritur
1603 1413 1760 1452 causa
1794 1398 1935 1467 cogi-

353 1488 517 1541 tanda
551 1495 650 1541 est.
698 1487 803 1541 Sed
845 1496 898 1541 et
935 1487 988 1541 in
1022 1486 1389 1541 sacerdotibus
1430 1486 1638 1540 caeteris
1676 1494 1854 1555 poles!
1888 1485 1934 1542 si

351 1577 479 1647 quid
504 1576 641 1631 forte
662 1576 799 1646 quod
822 1586 1100 1631 vocaverat
1127 1576 1405 1631 reformari
1428 1591 1443 1639 ;
1468 1584 1523 1629 at
1549 1574 1593 1629 si
1619 1591 1752 1643 papa
1777 1576 1937 1632 Urbis

354 1677 579 1723 vocatur
607 1668 663 1721 in
696 1667 939 1732 dubium,
978 1668 1320 1736 episcopatus
1357 1667 1465 1735 jam
1508 1666 1796 1731 videbitur,
1832 1683 1935 1721 non

357 1762 641 1829 episcopus
670 1760 944 1815 vacillare.
972 1758 1153 1813 Nostis
1181 1758 1317 1813 bene
1346 1759 1485 1811 inter
1513 1772 1644 1828 quas
1672 1757 1934 1811 int-resum

355 1860 723 1921 tempestates,
746 1849 910 1906 veluti
941 1850 1112 1905 ventis
1138 1850 1615 1913 circumﬂantibus,
1651 1850 1774 1904 ﬁdei
1804 1865 1934 1919 pup—
1967 1848 2013 1906 Β

356 1956 477 2007 pem
518 1941 795 1996 ducamus.
846 1941 901 1998 Si
954 1942 1233 1997 nobiscum
1287 1942 1653 2010 hujuscemodi
1700 1945 1932 2009 pericula

354 2030 677 2097 formidatis,
714 2031 928 2100 capedit
972 2040 1029 2085 nt
1052 2031 1467 2100 gubernatorem
1497 2042 1732 2086 vestrum
1762 2033 1931 2101 parti-

353 2122 533 2190 cipato
556 2122 740 2177 labore
771 2122 1046 2176 tueamini.
1076 2121 1223 2174 Alias
1246 2131 1422 2176 autem
1450 2138 1566 2191 qua!
1602 2123 1734 2177 ultio
1762 2133 1864 2189 est,
1887 2126 1932 2179 si

354 2214 535 2268 nautis
565 2212 617 2269 in
644 2215 952 2285 magistrum
982 2214 1300 2281 furentibus,
1330 2228 1435 2269 non
1464 2215 1811 2271 sineillorum
1845 2231 1934 2285 pe-

354 2304 525 2360 ricnlo
547 2305 767 2359 cedatur
795 2306 896 2360 isto
916 2304 1261 2360 discrimine?
1300 2304 1509 2361 Reddet
1551 2308 1812 2361 rationem
1843 2305 1931 2376 qui

354 2398 480 2453 ovili
512 2399 781 2469 dominico
804 2407 1018 2468 prmest,
1050 2414 1150 2468 qua
1177 2400 1517 2454 commissam
1546 2400 1647 2453 sibi
1674 2415 1931 2469 agnorum

352 2502 537 2542 curam
567 2468 1027 2543 administratione
1069 2487 1345 2556 dispenset
1378 2507 1391 2542 :
1420 2500 1673 2543 caeterum
1714 2468 1822 2544 non
1854 2502 1934 2547 est

352 2578 533 2648 gregis
562 2587 825 2645 pastorem
849 2582 1124 2650 proprium
1149 2588 1374 2646 terrere,
1420 2580 1515 2635 sed
1542 2580 1756 2649 judicis.
1790 2581 1929 2647 Qua-

355 2678 573 2739 propter
601 2670 807 2725 reddite
834 2670 985 2725 nobis
1015 2669 1388 2741 principalem,
1418 2671 1464 2725 si
1496 2682 1671 2725 tamen
1705 2672 1931 2727 necdum

353 2761 748 2828 estrestitnta,
789 2760 1179 2817 concordiam:
1210 2762 1462 2831 quoniam
1506 2762 1687 2817 clienti
1727 2772 1929 2831 vestro,

353 2850 650 2906 venerabili
696 2851 1017 2915 Symmacho
1053 2852 1389 2922 presbytero,
1442 2853 1643 2907 idcirco
1693 2854 1931 2908 laborem

352 2942 514 3012 hujus
544 2943 865 3012 fatigationis
903 2945 1253 3014 iniunximus,
1281 2954 1339 3000 ut
1369 2945 1521 3000 nobis
1554 2946 1604 2999 in
1632 2955 1929 3001 vestrarum

349 3034 571 3088 oraculo
610 3034 907 3089 litterarum
962 3050 1057 3105 per
1105 3037 1448 3105 reintegratac
1489 3038 1636 3106 pacis
1681 3036 1930 3091 nuntium

350 3121 762 3193 supplicationis
792 3134 991 3179 nostra;
1018 3123 1240 3180 referret
1269 3124 1537 3180 effectum.

848 3213 1179 3270 EPISTOLA
1213 3215 1427 3269 XXXII.

390 3318 577 3359 ινιτ-ηε
614 3319 917 3361 νιειηκειιειε
958 3321 1233 3361 ενιεεοιιυε
1272 3314 1298 3343 ⁸
1338 3321 1545 3360 ιιῐιειιιο
1583 3320 1892 3360 Ριιιιεινεοτο.

420 3395 705 3466 Postquam
743 3397 1068 3464 multiplices
1106 3396 1399 3451 Galliarum
1431 3398 1641 3451 labores
1682 3396 1932 3451 felicissi-

348 3499 471 3540 mus
501 3486 780 3553 potestatis
802 3495 995 3542 vestra:
1018 3487 1256 3542 visitavit
1277 3489 1560 3553 adventus,
1584 3489 1785 3542 nullum
1811 3503 1927 3542 sum

345 3576 577 3631 antehac
605 3577 658 3631 in
686 3576 964 3632 affectibus
1003 3578 1203 3634 vestris
1243 3579 1493 3633 desiderii
1532 3579 1636 3632 mei
1673 3589 1929 3648 expertus

345 3665 616 3723 effectum.
656 3667 806 3725 Unde
833 3669 959 3724 licet
987 3670 1148 3725 etiam
1176 3670 1333 3725 nobis
1364 3672 1619 3740 prodesse
1642 3672 1928 3727 credamus

336 3756 627 3837 beneﬁcia,
664 3774 784 3828 qua
826 3758 934 3828 jam
965 3760 1168 3814 dudum
1199 3760 1616 3831 provincialibus
1654 3760 1924 3831 spargitis,

344 3847 477 3903 mihi
523 3856 698 3904 tamen
745 3848 1003 3904 hactenus
1042 3849 1249 3904 sitienti
1285 3850 1492 3905 litteras
1532 3858 1739 3905 vestras
1774 3848 1928 3919 quasi

344 3939 578 4010 primum
607 3939 766 3994 modo
801 3939 1046 3997 venistis.
1089 3939 1377 3995 Enimvero
1418 3950 1475 3995 ut
1513 3954 1600 3994 tne
1637 3937 1927 3993 offerendis

345 4033 491 4086 ultro
511 4031 889 4103 epistolaribus
908 4030 1103 4086 ofﬁciis
1130 4046 1235 4086 non
1264 4031 1537 4097 offerrem,
1570 4031 1672 4085 illis
1700 4044 1929 4099 occupa-

345 4122 585 4178 tionibus
605 4122 913 4191 obstrepere
943 4122 1114 4190 titnui,
1136 4122 1332 4192 quibus
1355 4137 1441 4176 me
1466 4120 1753 4177 credebam
1776 4129 1927 4175 tanto

343 4221 650 4281 temporum
680 4212 854 4281 spatio
874 4226 904 4266 a
925 4214 1099 4267 votiva
1132 4212 1361 4268 lectione
1383 4212 1659 4282 suspendi.
1674 4212 1781 4267 Sed
1800 4212 1924 4281 quia

340 4304 444 4361 etsi
476 4304 647 4371 tarde,
670 4304 1116 4373 compellantibus
1141 4304 1315 4370 vobis,
1338 4319 1530 4373 meque
1549 4303 1613 4358 ad
1638 4303 1947 4372 praecelsos'

340 4396 526 4466 apices
570 4394 921 4463 rescribentc,
960 4395 1096 4450 ordo
1143 4396 1461 4450 alternantis
1515 4394 1822 4450 commercii
1869 4393 1922 4449 in

342 4492 609 4548 litterario
634 4505 888 4547 sermone
906 4501 1153 4547 senatus
1165 4500 1269 4557 est,
1283 4491 1372 4559 qui
1397 4490 1597 4546 fecistis
1620 4505 1703 4545 me
1721 4490 1924 4558 absque

2038 586 2209 652 major
2238 585 2503 654 siquidem
2529 594 2793 653 potestate
2816 586 3070 652 civilitas,
3104 601 3203 641 nec
3233 587 3410 640 minor
3435 598 3518 642 est
3541 589 3625 643 di-

2036 678 2239 743 gnitute
2291 676 2548 745 dignatio.
2602 677 2733 731 Nam
2777 678 2893 731 lucc
2935 678 3048 746 ipsa
3085 692 3244 732 causa
3281 678 3434 746 cujus
3473 680 3623 734 vobis

2036 768 2306 821 scribendi
2334 768 2611 823 materiam
2635 783 2843 823 merces
2871 770 3115 837 ingessit,
3144 769 3341 838 quibus
3366 770 3506 824 inter
3534 770 3629 824 tri-

2038 857 2252 910 bunalia
2297 860 2550 922 operibus
2596 858 2761 927 magis
2797 858 3055 913 studeatis
3088 858 3283 914 florere
3326 858 3624 926 perdocuit.

2039 948 2192 1003 Unde
2214 948 2357 1016 quod
2391 948 2652 1004 nobis-ab
2686 950 2803 1002 viro
2834 948 3137 1018 spectabili,
3177 950 3379 1005 vicario
3420 958 3622 1013 vestro,

2039 1054 2136 1106 pro
2175 1038 2531 1107 quorumdam
2579 1040 2910 1107 captivorum
2956 1039 3276 1094 liberatione
3314 1049 3622 1110 suggestum

2037 1138 2138 1193 e~t,
2173 1128 2239 1181 ad
2264 1130 2678 1198 praeceptioaem
2710 1130 3168 1184 culminis'vestri
3203 1131 3354 1185 latus
3383 1132 3624 1199 implevi,

2040 1218 2210 1283 pretio
2229 1225 2404 1271 tamen
2427 1217 2566 1285 quod
2598 1218 2888 1284 portitores
2916 1218 3232 1282 attulerunt,
3250 1234 3357 1273 non
3384 1230 3622 1288 recepto.

2037 1306 2171 1374 Quia
2202 1308 2243 1359 si
2271 1306 2469 1375 aliquid
2496 1306 2719 1372 praefato
2744 1308 2857 1361 viro
2884 1307 3190 1376 magnifico,
3235 1310 3342 1361 ﬁlio
3373 1323 3495 1362 tneo
3522 1309 3627 1363 Ge.

2041 1397 2223 1463 mello,
2265 1396 2585 1450 conditionis
2626 1410 2871 1463 personae
2915 1398 3044 1463 ipsa:
3097 1412 3193 1464 per
3227 1398 3492 1465 originem
3534 1398 3628 1452 de-

2040 1486 2187 1551 bent,
2221 1494 2395 1552 potest
2422 1484 2522 1538 hoc
2550 1486 2691 1555 quod
2722 1487 2853 1540 mihi
2883 1486 3177 1552 obtulerat,
3209 1501 3307 1554 pro
3352 1487 3624 1541 redimen-

2039 1579 2121 1633 dis
2171 1576 2415 1645 ingenuis
2462 1575 2806 1631 diStribuere.
2868 1576 2927 1631 Si
2975 1591 3105 1631 vero
3153 1577 3292 1632 istos
3333 1578 3626 1648 agnoscitis

2041 1671 2239 1724 liberos
2271 1676 2446 1731 natos,
2477 1667 2673 1720 sufﬁcit
2700 1667 2927 1732 pretium
2960 1667 3245 1735 profuisse.

2528 1775 2860 1831 EPISTULA
2902 1775 3142 1831 XXXIII.

2180 1883 2370 1928 Ανιτυε
2408 1882 2710 1924 VIENNENBIS
2745 1881 3020 1921 EPISCOPUS
3058 1882 3182 1921 νιιιο
3219 1881 3462 1922 ιιιυετιιι

2634 1947 2657 1975 θ
2683 1952 3014 1993 APOLLINARI.

2108 2032 2234 2088 Scio
2252 2031 2391 2100 quod
2414 2037 2691 2083 revertens
2710 2028 2776 2081 ad
2793 2027 3225 2082 devioctissimos
3247 2028 3376 2081 mibi
3398 2028 3626 2083 domnus

2038 2124 2329 2180 Domnolns
2368 2130 2573 2184 noster,
2615 2133 2796 2173 coram
2840 2133 2927 2172 me
2967 2128 3165 2173 vestrae
3210 2118 3311 2187 piat
3354 2120 3622 2173 sollicitu-

2036 2216 2178 2271 dinis
2217 2212 2654 2282 ambiguitatibus
2695 2218 3010 2265 restitantem
3031 2253 3047 2277 ,
3090 2211 3244 2265 aliter
3270 2227 3429 2279 quam
3459 2212 3627 2266 voluit

2036 2310 2326 2373 relaturus,
2366 2304 2676 2374 aggravavit
2726 2303 2894 2369 magis
2938 2302 3199 2357 redeundi
3247 2302 3621 2367 festinatione,

2035 2416 2193 2471 quam
2224 2398 2432 2453 minuit.
2482 2394 2756 2462 Siquidem
2786 2407 2872 2447 me
2897 2394 3036 2459 apud
3066 2391 3384 2459 Lugdunum
3429 2394 3480 2446 in
3523 2392 3623 2445 ad-

2036 2499 2197 2545 ventu
2228 2488 2344 2557 ejus
2381 2485 2562 2555 gravis
2599 2482 2879 2538 oculorum
2922 2481 3079 2535 dolor
3104 2483 3361 2551 impotem
3409 2483 3626 2536 luminis

2035 2576 2323 2635 contuendi
2365 2578 2566 2644 impetu
2606 2574 2890 2642 ingruente
2930 2571 3263 2627 reddiderat.
3314 2571 3466 2626 Unde
3500 2575 3623 2640 quia

2034 2688 2136 2729 nec
2164 2673 2281 2741 ipse
2306 2667 2405 2723 fuit
2434 2665 2681 2725 eliciendi
2707 2664 2955 2733 rescripti
2982 2662 3206 2727 efﬁcax,
3251 2678 3351 2718 nec
3380 2679 3481 2733 ego
3513 2665 3627 2718 ido-

2033 2778 2168 2821 neus
2216 2758 2578 2825 redhibendi,
2632 2772 2847 2813 omnem
2894 2755 3190 2823 gratiarum
3221 2798 3235 2821 ,
3289 2770 3626 2824 quaecunque

2035 2859 2118 2913 vel
2146 2856 2321 2925 pretio
2348 2865 2628 2907 munerum
2648 2888 2663 2911 ,
2696 2849 2778 2903 vel
2820 2848 3001 2901 animo
3028 2854 3404 2900 munerarium
3433 2846 3619 2901 deberi

2035 2948 2240 3020 potuit,
2279 2946 2545 3001 actionem
2574 2932 2740 2996 verbo
2768 2939 2947 3009 potius
2974 2937 3313 2993 referendam
3346 2936 3625 3007 portitoris

2033 3040 2252 3096 auribus
2279 3035 2513 3105 alligavi.
2545 3033 2692 3086 Licet
2714 3030 2935 3085 minime
2956 3029 3234 3094 dubitans,
3258 3030 3396 3095 apud
3423 3042 3623 3083 sanetae

2034 3128 2335 3188 dulcedinis
2360 3125 2671 3179 aviditatem
2714 3119 3205 3190 parvipendendam
3247 3117 3622 3171 mandatorum

1956 3208 2003 3271 C
2032 3222 2230 3278 seriem
2258 3215 2525 3271 desiderio
2555 3213 2871 3266 litterarum.
2904 3209 3009 3265 Sed
3040 3223 3163 3262 cum
3193 3209 3445 3277 primum,
3474 3223 3623 3261 rare-

2033 3311 2309 3369 scentibus
2331 3305 2570 3361 tenebris
2590 3303 2913 3359 cubicularis
2931 3301 3211 3370 ergastuli,
3230 3298 3623 3367 aliquantisper

2032 3396 2315 3455 ordinandi
2354 3394 2531 3450 ofﬁcia
2572 3390 2724 3458 cepia
2766 3389 2893 3453 fuit,
2938 3387 3262 3444 solutionem
3304 3386 3468 3441 debiti
3513 3402 3620 3441 non

2031 3502 2293 3552 moratus,
2343 3494 2661 3556 przesentem
2709 3482 2947 3551 bajulnm
2993 3479 3302 3533 destinavi'
3353 3479 3437 3532 cui
3481 3478 3618 3531 ultra

2030 3597 2189 3651 quam
2232 3579 2335 3634 dici
2385 3584 2564 3644 potest
2610 3572 2852 3627 verbosis
2899 3569 3311 3625 salutationibus
3355 3576 3619 3630 onerato,

2031 3677 2287 3741 quantum
2320 3666 2550 3735 pertinet
2589 3662 2656 3719 ad
2698 3661 2948 3717 mandata
2979 3660 3256 3730 loquacia,
3303 3658 3618 3726 perbrevem

2032 3766 2278 3834 paginam
2305 3759 2520 3815 dedisse
2546 3771 2633 3811 me
2658 3762 2932 3821 computo.
2985 3752 3115 3833 Nam
3146 3765 3274 3805 ecce
3316 3750 3442 3804 mihi
3481 3750 3621 3802 Deus

2029 3856 2184 3912 testis
2213 3866 2317 3923 est,
2345 3861 2547 3922 quanto
2576 3850 2779 3903 lumine
2814 3845 3067 3915 praefatus
3094 3844 3405 3898 carissimus
3434 3850 3620 3896 uester

2030 3949 2082 4003 in
2126 3948 2241 4017 ipsa
2283 3942 2651 3998 contenebrati
2682 3952 2927 3994 recessus
2957 3933 3255 3990 noctumali
3286 3933 3620 3987 habitatione

2028 4036 2309 4106 respersit,
2330 4048 2452 4089 cum
2475 4030 2773 4087 dulcissimi
2796 4028 3037 4098 pignoris
3064 4025 3232 4081 nostri
3260 4026 3433 4079 reditu
3459 4040 3618 4093 quem

2028 4141 2155 4187 ante
2202 4129 2522 4191 nescieram,
2549 4122 2818 4187 nuntiato,
2850 4118 3198 4175 resolidatam
3228 4116 3445 4172 Chl‘lSIﬂ
3492 4131 3618 4184 pro-

2027 4224 2159 4294 pitio
2204 4219 2461 4275 familiam
2512 4230 2685 4270 meam
2736 4213 2805 4269 ab
2849 4227 2916 4267 eo
2964 4224 3122 4280 quem
3155 4209 3422 4263 misissem
3452 4209 3616 4261 inve-

2028 4313 2279 4369 niendam
2327 4323 2451 4365 esse
2498 4306 2756 4361 firmavit.
2805 4302 3066 4368 Quocirca
3114 4313 3213 4354 nec
3257 4313 3351 4351 vos
3389 4297 3498 4366 jam
3547 4298 3615 4351 de

2025 4404 2180 4458 vobis
2224 4398 2426 4469 aliquid
2478 4395 2834 4464 semiplenum
2880 4391 3078 4461 putetis
3116 4407 3129 4443 :
3162 4403 3389 4457 quorum
3421 4396 3613 4441 contu-

2028 4493 2259 4557 bernio,
2313 4488 2589 4543 divinitate
2636 4482 2908 4553 propitia,
2958 4482 3121 4536 etiam
3172 4478 3314 4533 oculi
3365 4478 3467 4531 mei
3522 4493 3616 4545 per

346 4583 669 4639 verecundia
698 4583 1137 4651 respondentem,
1167 4581 1377 4637 reddite
1403 4589 1462 4636 ut
1486 4580 1644 4651 cupio
1672 4580 1927 4651 frequen-
1952 4573 2004 4633 D
2031 4588 2355 4653 prasentem
2394 4579 2640 4648 paginam
2669 4572 3066 4639 satisfacientes
3095 4577 3433 4625 accrescunt.
3479 4567 3615 4622 Tum

345 4677 417 4731 tia
449 4674 889 4732 debitorem.Nec
910 4675 1105 4732 desunt
1132 4674 1179 4728 si
1210 4673 1443 4729 annuitis
1466 4687 1643 4727 caussa
1666 4671 1925 4742 jubendi;

417 4819 444 4850 ⁸
484 4809 725 4865 Prmtorii
754 4811 981 4878 primum
1010 4810 1195 4874 Italiae,
1239 4820 1348 4863 tum
1387 4807 1579 4878 deinde
1606 4807 1921 4878 Galliarum,

340 4883 459 4936 viro
485 4876 767 4950 multiplici
796 4880 951 4934 laude
976 4881 1286 4950 conspicuo,
1318 4890 1437 4947 post
1463 4877 1622 4950 etiam
1665 4876 1919 4950 I’atricio.

339 4947 698 5007 Cassiodorus
740 4950 874 5004 libro
902 4964 955 5003 ιι
988 4949 1297 5011 Variaruni,
1320 4950 1475 5013 epist.
1528 4948 1549 5001 i
1601 4965 1614 4999 :
1656 4947 1924 5013 Respicere

340 5021 614 5092 patricium
647 5018 899 5092 Liberium
943 5019 1234 5088 prwfcctstm
1258 5020 1408 5092 etiant
1434 5015 1921 5092 Galliarum,_e:t:cr-

337 5086 580 5145 citualem
622 5091 806 5153 virum,
832 5086 1184 5141 communione
1209 5088 1567 5155 gratissimum,
1594 5086 1783 5139 meritis
1813 5088 1923 5140 cla-

336 5177 481 5224 rum,
514 5163 682 5228 forma
721 5160 1070 5229 conspicuum,
1109 5158 1198 5211 sed
1224 5156 1511 5209 uulneribus
1552 5155 1917 5229 pulchriorem,

339 5224 575 5284 laborem
595 5244 804 5281 suorum
843 5224 1054 5281 munera
1080 5239 1421 5288 consecutum,
1447 5238 1498 5279 ut
1527 5242 1625 5277 non
1653 5224 1919 5295 praefectu-

337 5316 454 5353 ram
492 5314 665 5369 quam_
689 5296 812 5351 bene
858 5298 1032 5366 gessit,
1075 5296 1348 5369 amitteret,
1381 5297 1712 5369 et‘eximiu-rn
1754 5296 1918 5369 virum

339 5364 517 5423 hortor"
532 5366 815 5435 geminatus
837 5364 1060 5420 ornaret.
1086 5365 1357 5420 Ennodius
1381 5364 1591 5418 Liberio
1615 5365 1788 5418 eidem
1820 5364 1913 5418 lib.

340 5454 417 5499 ιι,
446 5439 604 5505 epist.
632 5437 705 5505 13
736 5453 747 5488 :
781 5435 985 5505 Mecum
1007 5435 1193 5490 Galliis
1219 5437 1272 5488 in
1298 5435 1391 5487 Itnc
1410 5435 1771 5505 astipulatione
1789 5450 1913 5505 con-

334 5495 565 5569 aeniu'nt,
595 5514 647 5557 ut
669 5495 871 5558 Christo
901 5503 1007 5557 Deo
1033 5507 1140 5558 vivo
1179 5506 1494 5573 disponente,
1512 5495 1781 5557 'ordinatis
1807 5503 1916 5557 illis

335 5577 523 5643 quibus
565 5576 855 5627 civilitatem
899 5584 1007 5641 post
1052 5575 1331 5627 mltorum
1362 5588 1616 5626 annorum
1654 5574 1914 5643 curricula

334 5642 580 5706 intulisti,
617 5658 741 5708 quos
782 5659 881 5696 non
917 5643 1273 5711 antercontigit
1312 5657 1546 5710 saporem
1576 5643 1637 5695 de
1678 5642 1914 5697 liontana

338 5700 578 5768 libertate.
596 5700 823 5782 gestare,
851 5714 917 5764 ad
940 5700 1312 5767 ltalianﬂt't'am
1341 5700 1384 5766 εἰ
1410 5714 1723 5781 poscentibus
1748 5712 1891 5768 nobis

336 5797 385 5842 ct
416 5785 519 5839 illis
548 5783 824 5837 tenentibus
852 5782 1128 5836 reducatis.

2034 4674 2288 4729 videlicet
2334 4671 2645 4725 sinceritate
2691 4665 2925 4737 perfecta
2972 4663 3169 4720 hilares
3195 4662 3303 4719 diei
3332 4660 3498 4733 gratia
3530 4677 3615 4717 reo

2098 4806 2127 4846 δ
2167 4806 2467 4863 Gemellnm
2514 4820 2638 4859 mox
2678 4802 2922 4858 no‘minat
2956 4818 2972 4857 :
3004 4815 3162 4868 quem
3203 4797 3482 4868 Provincia
3515 4812 3605 4861 por

2028 4879 2159 4933 titus
2189 4893 2289 4932 rex
2330 4877 2494 4930 Italiae
2531 4873 2897 4929 Theodericus
2940 4866 3197 4925 vicarium
3241 4866 3614 4933 praefectorum

2026 4949 2248 5003 creavit.
2283 4946 2375 5001 Sic
2414 4946 2556 5000 enim
2590 4944 2654 4998 ad
2696 4958 2818 4997 eum
2844 4941 3031 4995 scribit
3061 4940 3200 5007 apud
3231 4937 3611 4993 Cassiodorum

2026 5018 2119 5071 lib.
2154 5034 2213 5081 tt,
2257 5018 2414 5085 epist.
2448 5014 2551 5069 16:
2586 5013 2727 5068 Hinc
2756 5024 2831 5085 est
2861 5012 2997 5077 quod
3029 5010 3272 5085 prwsenft'
3311 5018 3535 5085 tempore
3560 5010 3612 5060 in

2025 5078 2246 5151 Gallias,
2292 5078 2441 5139 nobis
2491 5085 2594 5137 Deo
2635 5083 2919 5137 auxiliante
2954 5082 3233 5151 subjectus,
3274 5078 3519 5131 uicarium
3566 5088 3612 5130 te

2028 5149 2382 5222 pi'wfectorum
2431 5165 2605 5207 nostra
2648 5154 2800 5205 mittit
2849 5149 3150 5204 auctoritas.
3200 5149 3462 5222 Cteterttm
3490 5188 3505 5211 ρ
3555 5159 3611 5222 ιιι

2027 5218 2213 5280 Avitus
2244 5224 2343 5278 hoc
2383 5226 2500 5277 loco
2530 5223 2729 5277 Liberii
2773 5232 2959 5291 rogatu
2989 5222 3241 5291 captivos
3282 5220 3491 5291 liberat,
3522 5218 3609 5291 sic

2023 5295 2296 5350 Liberium
2344 5295 2621 5347 Ennodius
2657 5292 2750 5346 lib.
2799 5285 2872 5355 ii,
2914 5285 3081 5358 epist.
3115 5290 3204 5353 39,
3250 5303 3346 5358 pro
3386 5285 3608 5358 Catilina

2024 5365 2418 5433 consanguinea
2454 5378 2546 5417 sua
2578 5372 2748 5430 rogat,
2781 5370 2841 5416 ut
2861 5354 3151 5415 casellulas
3180 5354 3298 5429 ejus
3320 5357 3454 5411 intra
3484 5354 3608 5409 Gal-

2023 5434 2121 5488 lias
2152 5434 2263 5488 ﬁsci
2288 5434 2541 5487 oneribus
2565 5433 2785 5486 relevet.

2097 5516 2119 5543 ε
2147 5504 2221 5559 De
2259 5502 2464 5557 Sidonii
2496 5502 2602 5556 ﬁlio
2630 5511 2690 5556 ut
2716 5499 3031 5569 conjiciam,
3079 5505 3262 5569 monet
3298 5495 3399 5569 sub
3442 5494 3602 5549 finem

2020 5588 2214 5627 nomen
2266 5572 2552 5636 Archadii,
2583 5586 2739 5642 quem
2783 5566 3339 5642 Apollinarismiiliutn
3383 5566 3599 5642 itﬁltter'

2019 5644 2248 5717 videtur.
2287 5634 3067 5717 Apollinari:autem,'_Sidonii
3086 5638 3223 5717 ﬁlio,
3247 5634 3605 5717 filiumeuiss-e

2019 5704 2366 5834 Arcbadigtm',
2412 5711 2463 5770 in
2493 5712 2636 5769 notis
2679 5707 2984 5768 Sidoniauis
3014 5706 3349 5765 ostendimus
3388 5704 3483 5763 lib.
3512 5719 3598 5771 tn,

2020 5796 2134 5834 ευιε
2166 5821 2178 5834 .
2277 5818 2292 5833 ο

2020 5782 2178 5853 epist.
2209 5782 2292 5834 i5.
