4190 6422
739 345 836 400 ‘35!

2020 333 2078 389 8.
2121 332 2302 390 ΑἫΤΙ
2345 332 2744 396 νιεκκεκειε

3895 343 3999 396 259.

738 455 964 520 cepturi,
991 465 1039 506 st
1064 465 1150 507 me
1171 448 1472 507 rescribere
1497 446 1755 501 hactenus
1780 452 1958 499 vestra
1989 444 2216 500 dulcedo
2238 444 2308 497 sic

2427 444 2761 515 litterarum,
2814 447 2940 502 illud
2991 449 3278 520 aliquantae
3307 450 3679 506 amaritnd‘nis
3713 453 3999 519 asperitate

741 547 1043 615 ignoscens,
1066 540 1354 613 quamlibet
1380 538 1646 593 inﬁrmum
1669 543 1831 605 atque
1861 535 2107 598 anxium,
2131 534 2197 588 ad
2219 548 2315 588 vo-

739 639 904 692 tivam
937 649 1112 691 tamen
1143 632 1491 702 frequentiam
1536 629 1832 682 litterarum
1877 630 1928 680 in
1968 627 2065 681 Dei
2097 640 2314 691 nomen,

741 728 1010 782 Arcltadio
1031 727 1138 796 jam
1169 726 1435 788 dictante,
1468 713 1602 776 solis
1640 717 2120 786 subscriptionibus
2157 731 2316 771 occu-

745 819 914 887 panda
943 815 1248 885 compellat.

1221 903 1556 959 EPISTOLA
1594 900 1833 957 XXXIV.

843 1010 1034 1053 Ανιτυσ
1086 1010 1395 1052 νιειιιιειιςη
1455 1007 1727 1049 εριςεορυε
1783 1007 1907 1048 mo
1963 1005 2202 1047 ιιιιυετυ

1344 1076 1370 1104 ⁸·
1394 1078 1708 1119 attactum.

821 1170 1078 1235 Indicium
1136 1178 1349 1249 quidem
1406 1175 1886 1246 quantulzccunque
1943 1172 2311 1243 prosperitatis

738 1285 861 1326 esse
893 1270 1232 1325 manifestum
1270 1276 1382 1332 est,
1425 1267 1569 1337 quod
1608 1266 1902 1321 amicorum
1945 1264 2103 1319 aifatu
2153 1265 2316 1318 tanti-

740 1377 866 1428 sper
889 1362 1236 1417 interlucente
1263 1357 1603 1427 temporariae
1634 1357 1782 1424 pacis
1810 1357 1992 1427 colore
2011 1357 2314 1412 visitamur.

740 1451 1116 1506 Verumtamen
1155 1460 1320 1505 ratus
1361 1449 1451 1504 ille
1489 1448 1674 1503 diluvii
1708 1463 1868 1518 quem
1900 1448 2151 1517 procellis
2180 1456 2318 1503 tem-

740 1541 1008 1608 poralibus
1053 1540 1439 1607 comparastis,
1493 1536 1748 1594 humanis
1790 1540 1994 1608 rebus,
2041 1539 2167 1594 dum
2207 1554 2316 1608 .per

738 1629 1064 1684 mundanum
1095 1630 1314 1700 pelagus
1337 1631 1589 1696 curritur,
1619 1629 1783 1684 ﬂuctu
1827 1629 2059 1684 assidua:
2100 1638 2317 1700 pertur-

736 1722 969 1808 ωαψς
995 1722 1212 1776 insistit.
1264 1720 1712 1791 Quandoquidem
1738 1721 1842 1776 hoc
1869 1723 2039 1792 ipsum
2063 1723 2203 1792 quod
2234 1722 2316 1776 in-
2349 1733 2364 1808 -‘

2423 540 2700 607 respersit,
2732 554 2837 608 quo
2868 539 2933 592 ad
2967 548 3018 592 te
3044 539 3243 608 scripta
3272 555 3392 609 qum
3433 543 3580 609 prius
3622 541 3861 604 reddidi,
3907 542 3998 596 ab-

2420 644 2585 698 negas
2612 628 2941 698 pervenisse.
2983 627 3114 684 Nam
3141 639 3163 668 ο
3191 644 3285 698 per
3313 632 3570 698 majorem
3601 631 3793 685 domus
3817 630 3999 694 Tullii,

2419 723 2509 790 qui
2540 736 2779 775 amorem
2816 731 2986 782 tuum.
3014 720 3292 776 dominum
3324 737 3499 778 meum
3522 722 3948 790 Sigismundum,
3971 739 4000 777 a

2423 822 2573 881 patre
2600 828 2700 866 suo
2728 813 2780 866 in
2809 811 3076 882 legatione
3098 812 3362 879 directus,
3386 814 3438 868 in
3463 813 3847 868 Viennensium
3875 814 4004 867 civi-

2422 915 2530 960 tate
2566 913 2872 975 repererat,
2909 903 3164 973 epistolas
3195 913 3314 960 tuas
3340 920 3427 960 me
3460 906 3735 975 accepisse
3762 906 4000 970 laetatus;

2423 1012 2519 1065 per
2549 996 2721 1066 ipsum
2765 1009 2956 1050 rursus
2997 994 3171 1050 officia
3219 995 3605 1065 profusissima:
3642 995 3884 1050 caritatis
3909 1009 4001 1049 ex-

2419 1089 2586 1153 solvi,
2618 1098 2673 1143 et
2701 1087 2946 1142 allectum
2980 1086 3064 1142 tui.
3089 1102 3248 1157 quem
3274 1087 3440 1143 corde
3462 1101 3818 1156 conceperam
3840 1128 3855 1151 ,
3887 1096 3999 1141 stu-

2420 1180 2509 1235 dio
2534 1179 2742 1249 pagina:
2767 1179 3071 1234 famulantis
3093 1179 3331 1236 excolui.
3360 1180 3479 1247 Quo
3506 1189 3700 1236 eventu
3730 1180 3782 1233 in
3813 1194 4000 1233 ntanus

2422 1280 2538 1327 tuas
2569 1272 2765 1340 perlata
2797 1286 2901 1326 non
2935 1269 3120 1335 fuerit,
3153 1271 3324 1340 major
3351 1285 3508 1341 quem
3536 1283 3697 1340 supra
3728 1269 3864 1334 dixi,
3897 1284 3998 1322 nott

2422 1373 2595 1434 potest
2623 1364 2891 1434 ignorare.
2930 1362 3006 1417 Et
3031 1377 3131 1432 ego
3156 1361 3373 1432 quidem
3402 1362 3626 1418 moleste
3653 1360 3785 1426 tuli,
3826 1370 3881 1416 et
3905 1359 4002 1415 tibi

2422 1455 2704 1508 molestum
2737 1453 2903 1508 fuisse
2930 1451 3146 1522 gavisus
3173 1465 3296 1505 sum
3320 1489 3336 1513 ,
3369 1452 3421 1504 in
3452 1457 3559 1505 tam
3590 1448 3779 1505 idonea
3808 1463 4003 1517 oppor-

2423 1545 2647 1600 tunitate
2673 1542 2958 1599 desideriis
2987 1541 3216 1598 duorum
3241 1541 3397 1596 unius
3420 1541 3585 1596 officii
3609 1541 3831 1610 periisse
3854 1553 4003 1596 com-

2420 1634 2702 1692 mercium.
2739 1634 3120 1690 Verumtamen
3150 1649 3271 1689 cum
3300 1631 3369 1687 de
3399 1632 3658 1687 institutae
3697 1630 4000 1687 dilectionis

2421 1725 2696 1796 proposito
2725 1740 2855 1796 pars
2883 1725 3091 1780 alterna
3120 1738 3310 1780 secura
3343 1733 3426 1778 est
3446 1763 3472 1790 ν
3495 1737 3878 1792 nonnunquam
3906 1736 4000 1776 ra-

740 1827 825 1868 ter
849 1796 1197 1868 adVers‘ifates
1227 1822 1528 1881 temporum
1553 1813 1909 1880 respiramus,
1939 1812 2320 1868 discriminum.
2349 1796 2391 1855 Β
2421 1817 2581 1872 sibus
2597 1824 2812 1887 oportet
2838 1815 3062 1885 ignosci,
3091 1815 3284 1884 quibus
3312 1810 3578 1882 colloquia
3609 1820 3792 1866 nostra
3823 1810 4001 1880 potius

736 1920 857 1975 qua:
879 1907 1143 1975 patiamur
1163 1903 1387 1960 interval
1411 1918 1441 1958 a
1465 1904 1635 1972 magis
1655 1903 1909 1958 debemus
1931 1909 2138 1972 putare,
2156 1918 2313 1972 quam

725 1999 1052 2050 terminum.
1106 1995 1240 2050 Nam
1285 1994 1488 2050 idcirco
1539 2001 1759 2049 tantum.
1789 1992 1932 2048 inter
1979 1993 2313 2049 incommoda

733 2088 1128 2153 calamitatum,
1167 2084 1668 2142 circumscribendis
1708 2085 1887 2153 potius
1925 2098 2086 2154 quam
2121 2099 2316 2139 sanan-

732 2180 841 2242 dis,
873 2179 964 2233 lux
992 2179 1235 2248 quadam
1260 2177 1472 2233 videtur
1500 2175 1760 2241 alludere,
1801 2185 1859 2231 ut
1897 2184 2105 2231 mentes
2135 2176 2312 2232 fallaci

736 2271 1026 2322 securitate
1073 2269 1296 2335 laxatas,
1347 2266 1645 2322 instaurate
1685 2267 1905 2337 gravius
1946 2277 2092 2323 metu
2138 2270 2316 2324 succi-

736 2362 878 2416 dous
923 2376 1090 2430 angor
1133 2360 1356 2416 alliciat.
1401 2362 1663 2427 Quocirca
1703 2359 1929 2427 desiste,
1978 2361 2062 2415 vir
2087 2362 2307 2430 optime,

737 2454 876 2506 mala
905 2450 1164 2506 ferventia
1195 2451 1418 2507 credere
1446 2450 1606 2520 linem
1639 2450 1941 2506 malorum:
1982 2460 2038 2508 et
2071 2467 2192 2506 cum
2228 2470 2309 2521 sc,

736 2553 885 2598 motu
933 2543 1182 2598 dissimili
1234 2551 1552 2612 tempestate
1601 2544 1826 2612 molita,
1878 2544 2042 2599 facies
2093 2546 2312 2602 tantilla:

730 2633 1040 2689 serenitatis
1073 2633 1325 2698 alternat,
1359 2634 1616 2689 varietate
1645 2643 1995 2702 proventuum
2027 2652 2132 2691 non
2160 2637 2310 2692 deie-

727 2735 896 2792 ctare,
926 2725 1021 2780 scd
1053 2735 1224 2782 utere.
1273 2724 1382 2782 Nec
1419 2726 1499 2781 sic
1535 2736 1586 2782 te
1623 2734 1716 2782 aut
1745 2728 2076 2797 prosperitas
2105 2731 2305 2799 erigat,

725 2829 820 2873 aut
845 2818 1053 2890 frangat
1079 2818 1395 2884 adversitas,
1441 2819 1576 2874 utin
1603 2820 1795 2875 animis
1822 2819 1928 2876 tuis
1965 2828 2070 2875 tam
2100 2823 2306 2877 amico-

731 2925 853 2964 rum
899 2919 1134 2965 mutetur
1162 2925 1359 2978 causa,
1406 2924 1565 2980 quam
1613 2919 1936 2980 temporum.
1985 2913 2310 2970 Mementote

727 3014 944 3069 semper
963 2999 1252 3071 proposita:
1270 3001 1530 3065 caritatis,
1549 2999 1595 3057 si
1615 2999 1743 3057 licet
1760 3002 2028 3059 scribere:
2048 3003 2129 3059 sin
2150 3005 2308 3071 alias,

726 3088 871 3156 quod
910 3090 1181 3159 prohiberi
1209 3106 1315 3145 non
1348 3099 1546 3161 potest,
1581 3092 1668 3148 vel
1697 3101 1874 3148 amate
1899 3111 1912 3147 :
1943 3102 1998 3149 et
2025 3104 2146 3164 post
2177 3111 2305 3166 gur-

2419 1917 2579 1976 quam
2609 1917 2732 1961 veta
2778 1904 3073 1974 frustratis,
3125 1903 3476 1959 sollicitudini
3524 1903 3779 1957 damnum
3826 1913 4004 1971 potest

2417 1995 2755 2068 contingere,
2786 2011 2894 2051 non
2932 1997 3139 2050 amori-
3171 1993 3356 2065 Neque
3383 2003 3450 2049 tu
3468 2004 3644 2065 putes,
3675 2010 3769 2048 seu
3796 1993 4002 2064 negatis

2416 2088 2814 2153 occasionibus,
2863 2101 2960 2142 seu
3006 2086 3253 2155 repertis,
3303 2084 3468 2139 ullum
3516 2099 3638 2140 esse
3667 2084 4001 2155 negligentia:

2420 2193 2658 2251 tempus,
2690 2194 2795 2249 quo
2824 2179 2964 2248 apud
3008 2191 3097 2232 me
3141 2178 3282 2232 inter
3305 2175 3575 2247 quaslibet
3602 2175 3735 2230 alias
3763 2175 4001 2231 actiones

2418 2270 2818 2342 frequentandae
2845 2269 3120 2339 sospitatis
3142 2277 3383 2338 tepescat
3405 2267 3646 2323 ambitio.
3678 2267 3814 2322 illud
3841 2268 4001 2337 igitur

2418 2362 2474 2417 in
2519 2361 2789 2417 mentibus
2840 2363 3135 2417 amicorum
3184 2373 3381 2414 censeo
3423 2372 3543 2415 esse
3589 2358 3897 2428 pretiosius,
3946 2359 3997 2413 in

2416 2469 2525 2525 quo
2570 2462 2780 2510 constat
2828 2453 3064 2509 fortuitis
3091 2453 3184 2522 jnil
3231 2452 3416 2517 licere,
3467 2450 3610 2520 quod
3660 2465 3760 2505 nec
3793 2450 3997 2505 itineris

2415 2547 2642 2616 dissipat
2669 2544 2970 2614 longitudo,
3023 2558 3124 2599 nec
3151 2543 3442 2598 oblivionis
3472 2541 3759 2596 frustratur
3786 2541 3993 2595 abusio.

2413 2641 2720 2711 Compenso
2769 2649 2951 2694 tamen
3000 2638 3055 2694 in
3100 2637 3352 2709 praesenti
3383 2634 3622 2691 caritatis
3650 2632 3902 2698 verbum,
3948 2631 3992 2685 si

2412 2746 2510 2799 pro
2539 2729 2738 2785 damno
2766 2729 3015 2799 dignatus
3053 2743 3114 2784 es
3155 2738 3345 2798 putare
3385 2725 3676 2782 silentium.
3727 2721 3898 2778 Simul
3937 2729 3994 2775 et

2412 2821 2701 2893 specialius
2727 2820 3127 2876 adolescentem
3171 2834 3213 2874 s'
3257 2817 3496 2888 dignaris
3536 2815 3781 2880 insinuo,
3827 2811 3990 2867 illium

2412 2913 2618 2967 scilicet
2643 2911 2746 2966 viri
2778 2911 3003 2965 illustris
3029 2909 3228 2976 Cereri,
3253 2909 3344 2979 qui
3374 2914 3494 2976 post
3521 2906 3690 2961 Deum
3729 2914 3787 2959 ut
3824 2903 3992 2960 unica:

2413 3002 2584 3058 soboli
2607 3002 2771 3056 vitam
2795 3001 3014 3069 incipiat
3032 3014 3253 3070 sperare
3279 3007 3334 3053 tu
3364 2997 3547 3054 facies.
3571 2996 3703 3052 Nam
3728 2996 3799 3050 ita
3822 2995 3992 3068 lacry-

2414 3095 2594 3150 maltiii
2635 3093 2872 3164 pignoris
2900 3091 3213 3148 inﬁrmitate
3239 3089 3642 3156 conétringitur,
3675 3097 3734 3142 ut
3760 3089 3992 3142 incertus

722 3181 861 3250 gites
887 3156 1020 3250 quos
1047 3181 1239 3237 litteris
1263 3156 1650 3252 descripsistis,
1695 3183 1749 3239 in
1795 3198 1863 3238 eo
1906 3156 2075 3254 magis
2108 3156 2308 3242 saeculo
2335 3156 2380 3218 ε
2411 3156 2652 3253 nptandi,
2689 3156 2856 3254 cujus
2900 3184 3051 3253 quasi
3099 3193 3253 3252 pater
3277 3189 3505 3236 mortem
3537 3178 3818 3233 imminere
3847 3192 3993 3233 com-

723 3287 789 3341 sp
823 3282 938 3328 rate
968 3282 1204 3342 portum,
1228 3287 1336 3344 quo
1359 3272 1548 3331 timere
1573 3290 1681 3330 non
1714 3275 1914 3347 poterit
1942 3276 2308 3348 tranquillitas

726 3373 843 3418 rata
874 3363 1225 3433 naufragium.

1232 3450 1560 3509 EPISTULA
1591 3453 1809 3510 XXXV.

814 3557 1004 3599 AYI‘N’S
1040 3557 1346 3598 νιιιηιιικειε
1383 3542 1706 3599 ενιεοονυιδ
1730 3560 1938 3603 ιινιυιο
1973 3561 2219 3604 DMCONO.

796 3629 900 3686 Per
927 3631 1185 3702 quasdam
1211 3632 1436 3688 clericos
1467 3634 1599 3704 legis
1624 3634 1814 3692 alienat
1840 3635 2081 3692 divinum
2109 3653 2306 3692 munus

721 3724 776 3779 in
806 3723 993 3780 nuntio
1023 3732 1126 3781 tua
1150 3725 1537 3782 incolumitatis
1564 3727 1745 3798 accepi
1771 3745 1785 3782 :
1828 3744 1930 3784 nec
1963 3729 2156 3785 minuit
2182 3730 2305 3785 dili-

719 3815 896 3884 gentis
923 3818 1150 3886 gratiam
1177 3818 1408 3888 qualitas
1445 3819 1810 3889 portitorum:
1851 3821 1991 3874 sicut
2031 3835 2129 3876 nec
2169 3822 2300 3877 Elia:

720 3903 836 3975 (Ill
851 3904 980 3974 Reg.
997 3920 1128 3970 xvtt,
1154 3907 1208 3974 6)
1244 3916 1430 3963 nostro
1456 3909 1755 3964 transmissi
1785 3909 2000 3964 coalitus
2027 3910 2132 3966 cibi
2163 3912 2304 3968 inter

724 3995 939 4049 horrida
961 3997 1256 4052 volstilium
1285 3997 1587 4066 baiulorum
1611 4006 1784 4055 rostra
1811 4000 2103 4061 siluerunt.
2128 4001 2301 4071 ipsam

720 4097 896 4146 tamen
917 4102 1075 4159 quam
1097 4089 1227 4144 satis
1245 4089 1432 4144 avidus
1455 4092 1685 4161 sumpsi,
1717 4101 1928 4149 tuarum
1959 4093 2300 4152 dulcedinem

788 4319 816 4350 ι
831 4310 916 4385 Δ1)9
940 4310 1043 4365 hoc
1069 4311 1491 4385 verodiflicilior
1515 4324 1598 4370 est
1623 4312 1952 4385 coniectura,
1978 4329 2099 4370 cum
2123 4315 2296 4371 Aure-

714 4381 846 4454 liani
887 4380 987 4454 hac
1009 4383 1442 4451 minsignes
1473 4385 1668 4442 fuerint
1707 4380 1812 4440 lion
1851 4386 2029 4454 pauci.
2067 4385 2199 4441 Vide
2226 4402 2293 4440 an

717 4452 784 4535 ad
809 4451 1153 4535 Aurelianum
1180 4454 1459 4535 patricium
1484 4451 1876 4535 referriqueat,
1898 4456 2055 4534 cujus
2079 4470 2295 4535 servum

717 4521 965 4578 Massilia:
994 4521 1059 4572 ad
1091 4521 1364 4576 basilicam
1402 4523 1462 4579 8.
1489 4521 1729 4580 Victoris
1748 4539 1776 4577 a
1805 4523 2073 4578 dmmon‘o
2104 4526 2280 4582 libera-

720 4603 832 4644 tum
863 4591 929 4644 ait
955 4589 1244 4660 Gregorius
1265 4591 1465 4647 Turon.
1490 4594 1581 4647 lib.
1608 4609 1623 4647 ι
1649 4594 1829 4648 Mirac.
1854 4609 1972 4660 cap.
1996 4597 2082 4647 17.
2113 4596 2291 4660 Certe,

722 4661 821 4735 nisi
850 4667 1087 4735 tempora
1107 4662 1448 4735 discrepant,
1470 4663 1703 4732 dignitas
1732 4678 1837 4718 non
1869 4676 2149 4735 repugnat,
2173 4682 2296 4723 cum

722 4732 958 4801 illustres
987 4729 1182 4801 fuerint
1209 4729 1395 4788 omnes
1422 4729 1652 4801 patricii.

793 4799 819 4838 δ
864 4800 1064 4854 Medico
1110 4799 1435 4874 Theoderici
1474 4804 1652 4874 regis,
1704 4803 1858 4874 cujus
1909 4803 1974 4858 ad
2027 4803 2292 4872 Elpidium

718 4870 928 4944 ipsum,
971 4870 1338 4944 eumdiaconi
1363 4870 1576 4944 quoque
1616 4870 1804 4938 titulo',
1850 4883 2029 4944 exstat
2071 4870 2294 4944 epistola

717 4940 823 5026 lib.
848 4939 1261 5026 xtrthari‘arurrt
1300 4939 1650 5026 passi-odori,
1693 4953 1759 5026 et_
1782 4939 2290 5026 apudnEnn'odium

717 5010 1044 5090 complures:
1077 5013 1150 5063 Eo
1164 5011 1414 5092 .alludens
1443 5013 1720 5096 Ennodius
1747 5013 1886 5095 idem
1917 5013 2008 5096 lib.
2032 5029 2107 5081 tx,
2127 5016 2289 5096 epist.

716 5080 806 5153 30.
857 5077 1001 5153 Scio,
1032 5090 1222 5153 tnqutt,
1263 5097 1386 5151 quta
1427 5080 1563 5137 Deus
1604 5084 1694 5138 tibi
1735 5100 1810 5136 sic
1855 5096 2075 5153 gratiam
2118 5087 2291 5139 invicti

719 5149 964 5217 principis
995 5151 1230 5214 contulit,
1263 5149 1316 5202 ut
1349 5153 1612 5206 humilitas
1640 5149 1980 5207 ecclesiaitica
2008 5169 2110 5206 non
2149 5159 2288 5221 peri-

718 5230 812 5272 ret.
844 5219 1038 5272 Carum
1068 5220 1208 5273 enim
1236 5221 1494 5287 imprimis
1515 5222 1848 5278 Theoderico
1875 5223 2036 5278 fuisse
2064 5233 2289 5280 testatur

718 5287 1011 5362 Cyprianus
1040 5290 1297 5362 diaconus
1324 5291 1374 5344 in
1393 5291 1507 5362 Vita
1533 5291 1592 5347 S.
1616 5291 1832 5347 Cmsarii
1861 5294 1952 5347 lib.
1979 5309 2023 5346 I:
2054 5293 2289 5362 Elpidius

719 5359 960 5432 diaconus
986 5370 1039 5432 et
1056 5359 1311 5432 medicus,
1333 5360 1484 5430 regite
1509 5363 1741 5429 potestati
1763 5363 1952 5416 sedulis
1977 5359 2150 5432 o/ﬁciis
2177 5380 2290 5419 cum

718 5427 894 5495 prima
921 5428 1187 5501 [annliurt's
1221 5439 1271 5482 et
1311 5427 1538 5501 intimus.
1568 5433 1705 5498 'Quo
1752 5433 1803 5485 in
1854 5433 1972 5486 loco
2009 5427 2286 5501 'Elpidium

719 5511 892 5575 Eallan
925 5498 1358 5575 ab_infesta‘tione
1399 5499 1597 5556 diaboli
1637 5517 1738 5575 qua
1779 5503 1922 5557 domi
1964 5498 2282 5568 vexabatur,

718 5564 776 5618 S.
804 5563 1016 5636 Ctesarii
1045 5581 1205 5636 opera
1237 5569 1538 5624 liberatum.

771 5643 813 5712 ,ο
843 5635 968 5697 Quis
997 5635 1297 5712 hic'major,
1329 5655 1422 5712 aut
1444 5656 1688 5712 quasnam
1711 5641 1898 5695 domus
1925 5641 2082 5694 Tullii
2121 5657 2148 5696 a
2178 5658 2307 5712 qua-

749 5703 784 5756 li
804 5718 1016 5771 nomen,
1035 5721 1139 5761 non
1156 5703 1340 5775 liquet,
1357 5703 1592 5778 nisi’quis
1610 5711 1834 5768 fortasse
1851 5712 1916 5766 ad
1935 5713 2021 5768 Set
2037 5713 2106 5768 vii
2122 5703 2281 5770 'l‘u'llii

2411 3278 2648 3349 pellitur,
2679 3276 2843 3332 vitam
2873 3276 3024 3345 quasi
3064 3274 3287 3329 orbatus
3325 3272 3527 3328 deﬂere
3564 3280 3808 3341 cogatur.
3852 3269 3992 3338 Qua-

2414 3379 2632 3439 propter
2675 3367 3018 3439 opitulatura
3066 3364 3342 3421 Divinitati
3385 3363 3552 3434 junge
3597 3372 3687 3418 tua
3735 3373 3990 3433 quantum

2412 3460 2730 3531 conjicimus
2755 3459 2824 3514 de
2852 3458 3040 3528 peritia
3079 3456 3336 3526 singulari
3362 3472 3377 3510 :
3413 3465 3650 3511 vestrum
3678 3455 3992 3525 promisisse

2410 3550 2520 3620 jam
2547 3565 2616 3604 ex
2650 3557 2802 3618 parte
2831 3547 3023 3603 fecisse
3045 3558 3148 3602 est.
3178 3546 3400 3603 Tribuat
3427 3545 3694 3611 Christus,
3723 3556 3781 3600 ut
3810 3544 3991 3600 exsul-

2414 3641 2578 3696 tando
2605 3649 2765 3710 atque
2800 3641 3094 3707 impensius
3134 3640 3399 3695 laudando
3438 3640 3491 3694 in
3532 3637 3631 3694 hac
3658 3652 3783 3693 cura
3820 3637 3988 3709 magi—

2409 3734 2576 3788 sterio
2605 3740 2718 3800 tuo,
2750 3730 2908 3786 simul
2942 3731 3036 3786 tibi
3075 3741 3130 3787 et
3167 3732 3310 3786 Italia
3352 3730 3632 3787 medicinas
3657 3731 3984 3801 opinionem,

2409 3832 2465 3880 et
2488 3821 2658 3879 Gallia
2693 3822 2842 3892 pueri
2872 3821 3067 3877 debeat
3095 3823 3403 3878 sanitatem.

2893 3912 3228 3969 EPISTOLA
3264 3913 3511 3970 XXXVI.

2411 4019 2602 4060 avtrus
2626 4020 2945 4061 visnssssts
2975 4019 3252 4061 episcopos
3271 4005 3300 4044 ⁸
3321 4022 3445 4063 vino
3473 4021 3714 4063 iLLllS‘l'Bi
3746 4021 3987 4063 scutato.

2480 4095 2899 4168 Magniﬁcentim
2914 4106 3108 4153 vestra:
3132 4097 3359 4169 gratiam
3386 4097 3698 4177 frequenter
3715 4111 3988 4172 expertus,

2404 4314 2549 4386 regis
2570 4312 2811 4386 domum,
2835 4328 2992 4386 quam
3013 4312 3274 4370 P..Victnr
3301 4313 3355 4368 in
3375 4313 3558 4386 quinta
3577 4313 3739 4371 Urbis
3770 4315 3988 4386 regione

2409 4385 2668 4447 collocat,
2695 4383 3054 4455 referendum
3096 4393 3276 4454 putet,
3317 4383 3459 4455 quod
3489 4387 3671 4440 multis
3701 4402 3803 4438 non
3838 4383 3988 4442 facile

2403 4454 2750 4520 persuaserit.
2782 4454 2863 4507 Ad
2892 4454 3138 4510 Celerem
3170 4454 3370 4519 autem,
3401 4455 3555 4524 cujus
3583 4455 3675 4509 filii
3707 4457 3984 4510 sanitatem

2404 4525 2506 4578 huc
2539 4525 2658 4578 loco
2690 4524 2900 4593 Elpidio
2927 4525 3138 4579 medico
3166 4525 3540 4592 commendat,
3582 4525 3879 4594 scripturus
3904 4535 3986 4580 est

2352 4623 2375 4678 )
2401 4595 2684 4678 epistolam
2716 4597 2804 4678 4?.

2472 4662 2500 4699 ἀ
2525 4664 2845 4736 Comesltic
2885 4661 2982 4717 fuit
3029 4663 3335 4736 patrimonii
3361 4664 3681 4736 Theoderici
3713 4667 3888 4736 regis,
3932 4677 3987 4721 et

2439 4733 2682 4798 atricius,
2714 4734 2783 4786 de
2809 4747 2916 4802 quo
2947 4734 3114 4787 multa
3150 4735 3260 4802 jam
3299 4735 3530 4789 diximus
3559 4737 3627 4790 ad
3662 4733 3982 4792 Enuodmm.

2448 4818 2551 4874 unc
2576 4804 2882 4874 addendum
2915 4812 2998 4858 est
3023 4802 3264 4871 ejusdem
3294 4805 3658 4874 epitaphium,
3702 4807 3843 4874 quod
3877 4824 3980 4860 non

2396 4873 2616 4928 insulsis
2644 4873 2892 4928 versibus
2921 4875 3195 4927 conditum
3217 4914 3232 4938 ,
3271 4887 3302 4928 a
3329 4873 3488 4930 Petro
3516 4873 3729 4931 Pithmo
3753 4879 3977 4931 relatum

2395 4954 2478 4998 est
2508 4944 2564 4997 in
2592 4943 2731 4997 libro
2758 4959 2809 4997 tv
2839 4941 3258 4998 Poematiorum.

2393 5033 2647 5085 SENARII
2681 5033 2744 5085 V.
2778 5033 2818 5084 Ι.
2853 5032 3108 5085 COMlTlS
3155 5033 3531 5086 PATRIMONII
3577 5037 3657 5089 ΕΤ
3706 5037 3977 5092 PATRICH

2980 5095 3395 5146 EPITAI’HIUM.

2489 5175 2580 5240 ille
2605 5188 2703 5238 ego
2728 5189 2835 5226 sum
2861 5179 3026 5228 mundi
3047 5180 3286 5240 quondam
3311 5182 3420 5228 sine
3445 5179 3540 5229 fine
3566 5182 3717 5230 via'or

2488 5238 2741 5308 _S_e_nar_in_s,
2756 5240 2998 5308 _me_mbrts
3023 5238 3209 5290 tumulo
3227 5253 3326 5308 _n_on
3346 5243 3559 5308 nomine
3581 5245 3795 5308 clausus,

2490 5299 2732 5363 i’rinclpis
2755 5301 2922 5363 invicti
2949 5314 3146 5363 semper
3169 5299 3386 5363 sublimis
3409 5315 3592 5352 amore.

2483 5359 2628 5429 Qujus
2654 5359 2700 5429 in
2723 5362 2845 5410 orbe
2870 5360 2934 5410 fui
2963 5359 3457 5429 vo‘x'regum,‘_lingua
3478 5365 3678 5429 salutis,

2489 5420 2708 5485 foederis
2728 5431 2906 5485 orator,
2936 5425 3068 5485 pacis
3091 5420 3187 5485 via,
3216 5420 3389 5473 litibus
3408 5427 3576 5474 hostis.

2485 5481 2630 5546 licvit
2655 5490 2704 5531 et
2723 5483 2818 5546 hoc
2838 5481 3031 5541 Oriens,
3058 5486 3148 5534 hoc
3171 5481 3366 5534 ultimus
3390 5488 3494 5533 axis
3521 5487 3666 5546 lberi,

2489 5543 2705 5607 lincgscit
2722 5544 2889 5593 bruma
2915 5547 3099 5607 rigens,
3126 5549 3215 5594 scit
3235 5555 3286 5594 et
3312 5546 3472 5594 Africa
3501 5543 3682 5596 selinus
3706 5557 3830 5598 usta.

2485 5605 2567 5653 Bis
2588 5604 2742 5652 denas
2768 5613 2820 5654 et
2843 5604 3061 5668 quinque
3081 5604 3219 5654 simul
3247 5607 3426 5667 legatio
3445 5619 3605 5656 nostra

2485 5668 2659 5725 Signat
2682 5668 2730 5714 in
2761 5667 2882 5714 orbe
2905 5667 3021 5728 vias,
3048 5676 3100 5717 et
3125 5681 3369 5728 nunquam
3395 5677 3550 5717 strnta
3571 5669 3755 5718 labore.

2487 5729 2663 5776 Cursus
2687 5735 2792 5779 erat
2824 5728 3043 5789 volucer;
3081 5733 3288 5796 namque
3315 5742 3441 5782 anno
3465 5731 3672 5793 pervigil
3690 5742 3795 5782 uno
