4190 6422
254 348 369 407 255

1576 337 1911 395 EPISTOLA
1954 339 2242 395 XXXVIII.

3452 340 3557 398 25f

260 482 383 524 quia
410 463 690 532 dignanter
720 459 980 527 accipitis,
1014 452 1352 506 salutationis
1382 451 1614 505 officium
1659 453 1845 517 pagina
1881 460 1924 510 A
1957 470 2116 520 quam
2156 454 2413 509 didicisse
2454 454 2499 509 si
2546 454 2768 509 neseiat.
2819 453 2951 519 Cuze
2985 452 3127 507 inter
3160 452 3454 507 Romanam
3502 468 3555 509 et

260 555 553 608 famulante
578 552 770 607 direxi.
830 551 894 603 Et
940 545 1061 615 quia
1106 545 1256 598 scitis
1300 542 1640 612 synodalium
1676 543 1850 609 legum

258 660 403 703 esse.
436 654 494 698 ut
520 644 572 697 in
604 643 766 699 rebus
794 654 913 708 quae
942 636 1009 690 ad
1040 634 1299 689 Ecclesiae
1326 641 1524 687 statum
1556 633 1851 701 pertinent,

256 736 301 788 si
349 736 477 803 quid
526 735 684 789 fuerit
728 728 1079 785 dubitationis
1126 733 1417 789 exortum,
1470 723 1534 776 ad
1588 722 1847 777 Romanae

261 824 518 878 Ecclesia!
546 824 837 877 maximum
869 817 1234 880 sacerdotem,
1281 814 1431 883 quasi
1463 813 1529 867 ad
1561 824 1721 880 caput
1750 829 1851 865 no-

257 927 427 971 strum
458 914 697 969 membra
737 910 1014 982 sequentia
1056 920 1433 969 recurramns;
1478 920 1543 959 ex
1585 919 1852 960 consensu

256 1004 557 1057 antistitum
604 1002 894 1072 provinciae
924 996 1248 1052 Viennensis
1272 1005 1297 1033 ι
1324 995 1391 1049 ad
1428 1005 1672 1048 sanctum
1715 994 1853 1048 Ilor-

257 1094 510 1157 mistlam,
549 1108 645 1149 seu
675 1093 982 1162 quicunque
1014 1103 1153 1141 nunc
1184 1087 1276 1141 ille
1304 1094 1409 1150 est,
1441 1100 1630 1154 papam
1660 1086 1853 1140 debita:

255 1183 624 1237 venerationis
654 1180 973 1249 obsequium
1000 1193 1121 1232 cum
1154 1176 1520 1231 sollicitudine
1550 1176 1851 1230 destinavi:

258 1272 450 1327 audire
478 1288 505 1325 a
538 1272 775 1341 praefata:
803 1270 945 1324 sedis
977 1266 1299 1322 auctoritate
1337 1265 1683 1332 desiderans,
1726 1266 1851 1332 quid

255 1360 325 1413 de
354 1359 543 1414 eﬂ‘eetu
575 1358 791 1413 directa:
822 1373 851 1411 a
878 1372 938 1412 se
964 1357 1030 1409 ad
1061 1356 1337 1409 Orientem
1370 1354 1657 1420 legationis
1685 1371 1849 1425 agno-

256 1465 340 1502 vei
358 1450 416 1504 it.
446 1451 577 1503 Cum
605 1463 755 1515 ergo,
789 1457 843 1502 ut
872 1446 1007 1509 dixi,
1041 1461 1069 1499 a
1105 1444 1523 1515 provincialibus
1556 1446 1690 1499 meis
1716 1460 1850 1501 con-

257 1538 428 1602 sulor,
462 1538 795 1606 respondere
825 1537 987 1591 etiam
1020 1550 1139 1603 ego,
1185 1535 1236 1589 ni
1275 1534 1512 1604 priorem
1544 1536 1818 1587 consulam
1839 1576 1854 1600 ,

256 1644 365 1683 non
396 1643 681 1697 praesumo.
715 1627 1056 1683 Admiuiculo
1089 1626 1254 1695 igitur
1282 1625 1637 1679 ordinationis
1659 1637 1856 1681 vestra

254 1734 391 1787 epus
427 1729 533 1785 est,
582 1730 640 1774 ut
682 1718 820 1773 istud
873 1717 942 1771 ab
989 1724 1217 1785 utraque
1263 1724 1418 1784 parte
1465 1730 1561 1785 per
1609 1716 1852 1770 ordinem

1957 546 2615 617 Constantitmpolitanam
2670 547 2965 601 Et-clcsiam
3018 560 3105 599 res
3153 556 3397 613 agantur,
3448 563 3553 602 non

1957 652 2273 706 quacunque
2302 638 2625 693 auctoritate
2654 640 3061 707 cognoscimus.
3108 637 3205 690 sed
3251 637 3322 691 de
3366 653 3552 692 rumo-

1959 730 2108 782 ribus
2158 729 2329 797 magis
2375 744 2438 783 ac
2482 728 2795 783 nuntiorum
2828 729 3087 783 varietate
3130 738 3431 796 captamus.
3487 728 3555 783 Et

1958 822 2101 887 ideo,
2117 837 2183 875 ne
2209 820 2345 875 forte
2368 838 2526 891 quam
2546 820 2732 875 rustici
2757 830 2866 874 tam
2893 820 3223 889 negligentes
3243 819 3552 885 credatnur,

1958 912 2183 981 perinde
2226 923 2472 967 sanctum
2519 926 2710 980 papam
2758 922 2813 965 et
2860 911 3253 965 beatitudinem
3288 918 3551 977 vestram,

1960 1012 1983 1039 ο
2010 1017 2105 1070 per
2130 1001 2468 1058 Viennenses
2498 1003 2730 1057 clericos
2772 1002 3047 1071 provincia
3097 1010 3203 1055 tota
3245 1015 3387 1055 nunc
3425 1016 3558 1055 eon-

1956 1093 2106 1158 sulit,
2136 1102 2193 1146 ut
2222 1108 2339 1162 quae
2373 1092 2525 1147 vobis
2556 1093 2622 1147 de
2650 1101 2792 1146 statu
2829 1092 2952 1145 fidei
2983 1106 3106 1145 eum
3132 1090 3368 1144 Orientis
3404 1098 3557 1159 parte

1957 1184 2175 1238 definita
2221 1185 2362 1249 sint,
2414 1184 2659 1253 rescripti
2706 1183 2940 1238 salubris
2998 1182 3203 1237 lumine
3244 1182 3552 1238 declaretis.

1956 1276 2090 1343 Quia
2116 1292 2236 1329 cum
2262 1277 2550 1344 magistros
2571 1277 2733 1331 etiam
2760 1276 2942 1342 procul
2975 1273 3171 1343 positis
3195 1275 3338 1328 ultro
3367 1275 3559 1329 deceat

1959 1381 2249 1436 promgare
2287 1366 2625 1429 doctrinam;
2673 1366 2970 1431 curandum
3013 1374 3098 1420 est
3137 1365 3393 1419 soliditati
3424 1380 3559 1419 cor-

1958 1455 2136 1524 poris,
2182 1464 2238 1509 ut
2279 1471 2495 1522 semper
2530 1458 2944 1524 prosperitatem
2980 1456 3173 1523 capitis
3200 1456 3283 1509 sui
3315 1455 3555 1509 membra

1958 1554 2309 1614 cognoscant.
2363 1545 2629 1611 Quocirca
2689 1544 2736 1599 si
2789 1544 2961 1597 servis
3006 1544 3203 1597 vestris
3254 1541 3377 1596 filiis
3423 1542 3557 1597 meis

1958 1650 2094 1704 quos
2126 1637 2177 1689 in
2211 1636 2261 1690 id
2306 1636 2479 1705 ipsum
2508 1634 2713 1701 direxi,
2761 1635 3030 1688 tribuatur
3060 1633 3355 1688 accedendi
3387 1647 3558 1702 usque

1958 1725 2023 1780 ad
2078 1725 2300 1779 Romam
2353 1725 2601 1791 facultas,
2656 1740 2750 1795 per
2795 1725 2932 1778 duos
2982 1723 3239 1777 Ecclesia;
3286 1723 3558 1791 principes

254 1810 610 1880 compleatur,
656 1818 717 1864 ut
744 1809 828 1864 vel
870 1824 901 1863 a
948 1806 1103 1862 nobis
1144 1806 1494 1875 interrogatio
1534 1808 1845 1875 perveniat,

1959 1817 2251 1871 abundabit
2281 1816 2485 1871 Gallias
2530 1816 2754 1872 erudiri.
2802 1816 2955 1883 Quod
2998 1818 3042 1871 si
3086 1815 3312 1869 forsitan
3356 1828 3387 1868 a
3427 1814 3558 1867 sede

254 1902 337 1957 vel
370 1901 436 1955 ad
467 1916 564 1955 nos
595 1900 781 1956 redeat
820 1900 888 1954 ab
925 1907 1240 1967 exponente
1277 1898 1581 1966 responsio.
1631 1897 1746 1951 Non
1786 1899 1852 1951 ad

253 1994 406 2049 solos
446 1992 759 2048 sacerdotes
810 1990 1065 2048 Ecclesiae
1113 1989 1351 2058 pertinet
1397 1998 1611 2043 status:
1644 1990 1856 2045 cunct's

257 2084 508 2141 fidelibus
550 2081 856 2139 sollicitudo
901 2082 1001 2136 ista
1043 2080 1344 2135 communis
1382 2088 1486 2134 est.
1535 2080 1855 2149 Quicunque

253 2176 341 2231 vel
382 2188 702 2245 quocunque
739 2172 983 2228 videmur
1011 2171 1309 2225 Ecclesiam
1354 2184 1577 2239 regere,
1619 2179 1853 2225 vestram

256 2267 313 2320 in
362 2265 630 2322 catholica
680 2263 939 2331 religione
983 2276 1100 2316 rem
1146 2259 1408 2330 gerimus.
1468 2259 1599 2314 Cum
1632 2260 1700 2315 de
1728 2260 1853 2316 ﬁdei

255 2358 443 2428 regula
488 2357 573 2416 vel
622 2365 846 2424 aegrotat
890 2354 1083 2424 aliquis
1134 2354 1215 2409 vel
1264 2364 1518 2419 sanatur,
1572 2354 1853 2409 nobiscum

255 2472 357 2510 vos
384 2464 477 2510 aut
503 2454 741 2525 gaudere
767 2461 981 2523 oportet
1016 2461 1110 2505 aut
1143 2465 1385 2521 gemere.
1435 2450 1591 2507 Unde
1627 2465 1727 2505 nee
1758 2466 1855 2503 vos

254 2544 459 2615 aliquid
480 2546 546 2600 de
564 2557 722 2599 causa
746 2558 905 2613 quam
930 2542 1178 2605 consulo,
1201 2541 1373 2595 latere
1393 2541 1723 2596 credendum
1748 2550 1851 2595 est.

254 2636 316 2691 Si
349 2636 478 2689 mibi
508 2635 607 2689 soli
637 2648 873 2703 agerem,
899 2633 1031 2687 satis
1057 2628 1467 2699 interrogationi
1499 2644 1635 2683 uie-.e
1665 2630 1853 2682 notitia

254 2736 438 2784 vestra
470 2726 779 2781 sufﬁceret:
814 2724 886 2779 nil
918 2724 1041 2794 plus
1066 2739 1095 2777 a
1126 2736 1261 2791 papa
1289 2736 1465 2791 quam,
1488 2736 1518 2774 a
1549 2720 1702 2775 vobis
1732 2735 1854 2789 pos-

254 2830 447 2871 sumus
479 2817 719 2870 veritatis
749 2813 953 2868 audire.
1005 2813 1109 2867 Sed
1153 2811 1518 2865 Eeclesiarum
1550 2810 1722 2877 poscit
1751 2810 1855 2863 uti-

257 2908 406 2971 litas,
437 2915 496 2960 ut
525 2921 644 2974 qua:
672 2918 768 2957 vos
802 2902 973 2957 nostis
998 2900 1199 2971 doctor
1226 2900 1483 2955 insinuet.
1530 2898 1643 2969 Ego
1674 2907 1853 2954 tamen

256 3000 549 3068 peculiaris
578 3007 760 3053 vester
790 2995 1143 3063 rescriptum,
1179 2994 1225 3047 si
1259 2991 1587 3060 dignamini,
1629 3007 1656 3043 a
1703 2992 1854 3045 vobis

256 3090 582 3161 peculiarius
606 3086 989 3159 praestolabor:
1022 3102 1130 3155 quo
1159 3098 1372 3149 revera,
1399 3093 1457 3137 ut
1484 3082 1618 3147 dixi,
1646 3091 1850 3137 tantum

257 3181 391 3236 mihi
415 3180 613 3235 veritas
638 3179 979 3232 innotescere
1003 3176 1220 3245 poterit,
1241 3182 1499 3243 quantum
1522 3187 1581 3227 se
1597 3172 1853 3227 Romana:

255 3272 407 3327 urbis
458 3270 690 3326 antistes
746 3267 1085 3323 auctoritatis
1140 3266 1421 3338 privilegio
1475 3261 1854 3333 expetentibu's

255 3362 604 3433 respondisse
632 3358 905 3431 gaudebit.

728 3446 1064 3505 EPISTOLA
1114 3443 1387 3500 XXXVII.

354 3558 544 3600 Δνιτυι
581 3556 888 3598 νιεκιιιεκεις
926 3554 1203 3595 ενιωορυδ
1226 3536 1252 3575 δ
1276 3551 1450 3592 ιιετιο
1488 3552 1751 3592 [Ριςοορο.

337 3632 559 3687 Etiamsi
601 3632 704 3686 alia
743 3644 904 3687 causa
963 3644 1071 3683 non
1127 3636 1271 3683 esset
1311 3642 1415 3697 qua
1462 3626 1849 3683 beatitudinem

255 3735 493 3779 vestrant
526 3722 788 3778 litterario
818 3721 1074 3775 famulatu
1103 3732 1359 3773 occursus
1385 3732 1517 3771 mete
1546 3717 1850 3772 devotionis

257 3826 557 3887 expeteret,
585 3816 789 3885 justum
818 3824 965 3870 esset
993 3828 1091 3869 vos
1121 3812 1189 3867 ab
1218 3811 1471 3866 omnibus
1497 3812 1680 3865 excoli
1700 3853 1714 3876 ,
1758 3814 1848 3882 qui

253 3910 513 3981 opinione
541 3918 723 3963 sancta
747 3907 1074 3963 desiderium
1098 3905 1264 3961 vestri
1289 3906 1539 3959 omnibus
1568 3906 1847 3960 inlimatis.

258 4000 485 4070 Dignum
513 4000 715 4068 quippe
740 4006 826 4053 est
850 4011 945 4052 vos
973 3994 1157 4065 expeti
1203 4009 1309 4047 non
1354 3995 1532 4049 minus
1573 3994 1705 4049 sede
1745 3994 1851 4049 lio-

258 4106 454 4152 mana,
500 4089 624 4158 quia
675 4102 782 4142 non
834 4087 1005 4155 magis
1053 4090 1323 4154 potestate
1374 4082 1493 4146 illa,
1544 4098 1705 4150 quam
1754 4100 1851 4139 vos

255 4180 485 4236 caritate
515 4177 751 4249 fulgetis.
804 4176 968 4243 Cujus
1007 4172 1326 4229 reverentia:
1369 4179 1432 4225 ut
1474 4171 1715 4226 debitum
1764 4184 1849 4227 est

254 4269 583 4327 salutatione
611 4267 928 4338 praemissa,
978 4264 1154 4319 fateor
1181 4263 1502 4331 apostolatui
1535 4271 1748 4329 vestro,
1794 4273 1851 4320 et

254 4362 300 4416 si
352 4375 475 4415 cum
517 4357 878 4422 verecundia,
929 4355 1285 4426 ignorantiam
1338 4353 1690 4407 Gallicanam.
1741 4354 1850 4431 Nec

1962 1916 2141 1962 vestra
2172 1923 2308 1976 quos
2352 1908 2596 1962 misimus
2635 1916 2997 1967 revertantur.
3029 1905 3193 1960 vestri
3225 1903 3560 1958 anostola'us

1964 1997 2063 2050 fida
2092 1997 2375 2066 responsio
2408 1997 2498 2051 fiet
2529 1997 2681 2051 nobis
2720 1996 2884 2050 totius
2916 1994 3288 2050 instructionis
3328 2009 3451 2064 quae
3491 1995 3556 2047 ad

1959 2100 2182 2143 eunetos
2210 2088 2509 2157 perveniat,
2538 2087 2831 2156 plenitudo.

2419 2179 2750 2234 EPISTULA
2795 2176 3089 2233 XXXVIII.

2152 2285 2347 2326 avtrus
2385 2286 2690 2327 vteuusxsts
2731 2286 3010 2325 setscoros
3034 2268 3058 2307 ἀ
3084 2282 3362 2324 ευῖιιλςιο.

2028 2362 2146 2417 Jam
2175 2364 2391 2431 quidem
2424 2378 2521 2431 per
2545 2376 2740 2432 pueros
2772 2377 2924 2418 meos
2952 2362 3161 2415 litteras
3187 2360 3334 2426 dedi,
3364 2360 3560 2430 quibus

1958 2456 2099 2509 scire
2124 2470 2219 2510 vos
2248 2455 2479 2510 facerem
2508 2448 2772 2524 quantuni
2799 2455 2949 2509 fratri
2992 2452 3244 2508 Imeterio
3285 2452 3426 2520 apud
3471 2468 3559 2507 me

1960 2545 2362 2599 commendatio
2390 2555 2565 2600 vestra
2599 2546 2909 2613 profecerit.
2937 2543 2969 2599 ἰ
2982 2557 3139 2598 amen
3170 2558 3276 2596 non
3306 2542 3559 2596 dubitans

1959 2652 2080 2689 eum
2114 2637 2254 2691 inter
2280 2637 2425 2690 initia
2457 2637 2801 2707 pontiﬁcatus
2843 2638 2957 2703 sui,
3001 2634 3236 2690 senioris
3274 2635 3555 2704 germani,

1959 2728 2096 2784 sicut
2126 2731 2345 2799 dignum
2374 2740 2488 2796 est,
2530 2730 2708 2785 officia
2740 2740 3085 2793 curaturum;
3131 2729 3228 2781 bas
3267 2730 3429 2783 etiam
3464 2742 3558 2793 per

1961 2822 2133 2887 ipsum
2164 2821 2399 2877 libenter
2424 2822 2592 2891 adjeci
2613 2863 2627 2886 ,
2668 2822 2863 2892 quibus
2888 2819 3135 2889 opusculi
3180 2819 3284 2873 mei
3322 2818 3432 2886 jam
3466 2818 3557 2871 ditt

1965 2909 2249 2979 quaesitum
2296 2927 2392 2980 pra
2410 2911 2606 2965 donem
2637 2912 2711 2975 Lin
2762 2926 2955 2965 manus
3002 2923 3154 2964 meas
3182 2909 3400 2963 venisse
3439 2908 3559 2975 plus

1958 3001 2187 3070 gaudeo.
2241 3001 2307 3055 Et
2335 3002 2457 3069 quia
2486 3002 2725 3057 libellum
2758 3002 2933 3071 ipsum
2954 3041 2969 3066 ,
3005 3010 3263 3069 quantum
3303 2997 3433 3052 mibi
3476 2998 3559 3051 in-

1959 3092 2234 3147 dicaverat
2254 3134 2267 3153 ,
2302 3093 2455 3147 vobis
2487 3103 2760 3161 reportat,
2791 3108 2951 3161 spero
2980 3103 3040 3147 ut
3068 3092 3444 3160 qualecunque
3473 3098 3559 3144 est

1960 3182 2277 3251 opusculum
2310 3182 2515 3248 ipsum,
2560 3198 2659 3237 nec
2686 3196 2942 3236 vacanter
2967 3182 3202 3244 editum,
3244 3196 3345 3236 nec
3380 3180 3558 3234 omni-

1960 3271 2135 3325 modis
2161 3272 2528 3336 emendatnm,
2557 3276 2672 3325 viro
2703 3272 2919 3326 sublimi
2965 3286 3029 3325 ac
3076 3270 3340 3337 piissimo,
3373 3272 3419 3325 si
3468 3271 3557 3324 di-

1958 3361 2196 3430 gnamini
2224 3401 2238 3424 ,
2288 3362 2437 3416 fratri
2490 3371 2676 3416 nostro
2720 3363 3018 3431 Apollinari
3073 3363 3350 3430 publicare
3396 3371 3557 3430 atque

1959 3467 2220 3507 excusare
2260 3453 2577 3523 dignemini.
2633 3452 2730 3508 Cui
2785 3455 3006 3522 impium
3060 3452 3234 3509 fuerat
3282 3468 3387 3507 non
3441 3454 3556 3508 lia-c

1958 3561 1987 3599 a
2018 3561 2101 3601 me
2130 3546 2363 3616 primum
2410 3548 2531 3616 jure
2579 3546 2820 3602 caritatis
2849 3547 3072 3608 offerri.
3125 3546 3168 3600 si
3215 3561 3321 3599 non
3368 3559 3555 3599 ru:sus

1960 3633 2147 3691 fuisset
2175 3636 2465 3690 absurdum
2486 3680 2501 3702 ,
2546 3652 2633 3691 me
2659 3637 2843 3691 domni
2874 3636 3077 3691 Sidonii
3112 3636 3244 3699 filio,
3285 3636 3427 3690 inter
3470 3638 3520 3689 fa

1957 3725 2169 3779 cundite
2214 3734 2453 3795 paterna
2482 3726 2725 3793 delicias,
2777 3727 2913 3781 meis
2958 3728 3293 3795 temporibus
3340 3726 3555 3779 nausia-

1961 3825 2171 3880 turum,
2222 3816 2419 3870 offerre
2464 3816 2625 3870 etiam
2674 3816 2741 3870 de
2790 3817 3208 3884 praestimptione
3255 3814 3551 3870 fastidium.

1959 3903 2220 3971 Quocirca
2254 3905 2502 3959 volumen
2533 3921 2629 3974 per
2654 3920 2751 3959 vos
2777 3906 3133 3970 temperatius
3160 3905 3515 3973 ingerendum
3534 3946 3551 3971 ,

1960 3996 2007 4051 si
2052 3996 2395 4064 supradictus
2425 3998 2591 4053 frater
2618 3996 2704 4052 vel
2738 3997 3035 4051 infantibus
3065 3997 3166 4066 legi
3195 3995 3396 4051 debere
3424 4011 3553 4051 ceu-

1958 4087 2167 4152 suerit,
2217 4102 2435 4155 possum
2481 4102 2577 4155 per
2601 4101 2941 4158 quaecunque
2983 4084 3399 4154 magniﬁcentia
3441 4099 3554 4139 sua:

1958 4178 2156 4244 scripta
2187 4192 2537 4247 cognoscere.
2587 4178 2643 4231 Si
2686 4185 2864 4230 autem
2909 4187 3028 4246 post
3058 4175 3277 4230 ﬂumina
3328 4176 3553 4230 fontium

1961 4276 2330 4336 paternorum,
2364 4278 2422 4322 ut
2470 4268 2648 4335 petitis
2688 4283 2831 4332 reor,
2883 4277 3253 4336 paupertatem
3287 4281 3443 4321 verum
3475 4278 3553 4323 te-

1962 4358 2222 4413 nuissimo
2252 4373 2374 4413 rore
2417 4360 2686 4413 manantis
2727 4358 3018 4425 abjecerit,
3068 4360 3188 4413 sine
3229 4360 3554 4414 verecundia

254 4450 451 4506 melius
497 4463 621 4504 esse
670 4456 800 4517 puto
841 4460 1166 4517 quemquam
1207 4444 1465 4498 simulare
1494 4443 1635 4511 quod
1680 4429 1849 4502 sciat.
1882 4429 1933 4489 Ῑ)
1963 4463 2081 4503 mea
2123 4463 2327 4518 suaque
2366 4451 2672 4519 impietate,
2720 4450 2955 4507 sufficiet
2992 4466 3080 4506 me
3116 4452 3555 4520 reprehensionis

348 4606 435 4655 Bis
452 4606 601 4655 maris
617 4605 824 4666 Oceani,
841 4603 919 4651 bis
941 4602 1145 4652 Pontica
1175 4600 1335 4666 littora
1363 4602 1481 4666 vidi,

351 4666 693 4727 Europamque
714 4660 979 4727 Asiamque
1003 4675 1239 4727 sequens,
1257 4660 1537 4727 dnolimina
1559 4660 1743 4709 mundi.

353 4728 442 4777 His
465 4722 827 4775 etiam'meritis
849 4722 1137 4773 sociavimus
1164 4722 1339 4785 agmen
1367 4722 1621 4785 bonorum.

352 4787 521 4837 Aulica
542 4790 725 4848 quippe
745 4797 911 4848 comes
933 4787 1043 4833 rexi
1069 4783 1353 4848 patrimonia
1378 4783 1555 4841 clarus,

358 4848 421 4898 Et
444 4843 777 4905 mea'jiairieio
798 4845 1041 4895 fuISeront
1062 4845 1251 4905 cingula
1277 4843 1427 4891 cultu.

355 4910 435 4958 lle
461 4911 640 4968 pietas,
665 4920 744 4955 me
766 4915 931 4955 saneta
955 4906 1094 4964 fides,
1115 4918 1195 4953 me
1220 4905 1335 4954 fovit
1357 4906 1602 4952 honestas.

355 4972 511 5019 Secla
530 4977 703 5017 canant
721 4969 889 5017 titulos
916 4982 929 5017 :
958 4978 1067 5016 nam
1093 4968 1311 5014 moribus
1330 4974 1459 5013 astra
1484 4974 1728 5015 tenemus.

336 5048 361 5075 "
390 5040 530 5092 Aviti
558 5039 623 5090 ad
653 5037 988 5091 llortnisdam
1017 5036 1261 5102 cpistola,
1296 5038 1528 5102 itemque
1554 5034 1853 5091 Hormisdte

262 5109 331 5163 ad
361 5112 576 5164 Avitum
617 5108 917 5173 responsio,
961 5114 1232 5173 postremo
1272 5106 1388 5155 loco
1429 5119 1457 5155 a
1499 5104 1651 5154 nobis
1691 5107 1850 5160 editae

262 5123 331 5163 au
361 5123 576 5164 AVIlum
617 5123 703 5160 res
742 5123 917 5169 Otlstn,
961 5123 1232 5173 pOStrento
1274 5123 1388 5155 meo
1429 5123 1457 5155 ει
1499 5123 1651 5154 nonis
1691 5123 1850 5160 eitum

260 5190 387 5233 situt
419 5192 644 5230 numero
674 5123 740 5229 88
771 5187 825 5229 et
863 5176 951 5237 88,
976 5191 1041 5228 ex
1083 5175 1271 5242 quibus
1313 5173 1549 5240 θρὶευιιεε
1598 5175 1755 5243 hujus
1798 5186 1854 5231 et

266 5249 514 5319 proxime
540 5246 813 5319 sequentis
839 5245 1097 5319 interpret
1117 5244 1223 5319 εἰη⁸
1239 5243 1462 5309 petenda
1480 5253 1595 5319 _e.:t.

336 5318 362 5356 ι’
392 5312 720 5376 Ravennati,
765 5325 821 5368 ut
849 5315 1064 5382 Opinor.
1115 5313 1313 5367 Ende-n
1357 5312 1588 5377 pertinet
1620 5316 1848 5380 epistola

266 5404 369 5456 quo
400 5388 667 5454 superior.
688 5386 882 5456 AMissis
906 5386 1047 5437 enim
1081 5385 1143 5436 ad
1177 5382 1511 5456 Ilormistlam
1535 5383 1752 5456 legatis,
1791 5395 1852 5439 ut

267 5452 331 5511 de
362 5452 652 5511 Orientalis
686 5454 937 5508 Ecclesia!
962 5462 1097 5506 statu
1131 5454 1327 5506 certior
1354 5452 1463 5511 iiut,
1499 5452 1566 5503 ab
1596 5457 1851 5521 episeopo

268 5529 598 5589 Itavennate,
631 5540 730 5585 qua
762 5526 858 5577 iter
890 5524 995 5575 illis
1021 5526 1252 5575 futurum
1286 5532 1423 5581 erat,
1458 5523 1585 5585 petit
1617 5534 1672 5575 ut
1702 5524 1854 5591 igne-

266 5599 493 5649 rantiam
524 5594 853 5649 Gallicanam
883 5593 1107 5646 erudiat.
1164 5593 1300 5644 I'etri
1346 5592 1503 5658 hujus
1548 5595 1598 5643 in
1645 5596 1855 5658 synodo

271 5612 493 5649 ranttam
524 5609 853 5649 batztcanam
883 5609 1107 5646 cruutat.
1164 5609 1300 5644 t'etrt
1348 5609 1503 5658 nujus
1549 5609 1598 5643 tn
1645 5609 1669 5643 s
1714 5609 1855 5645 nouo

271 5666 507 5718 Itomana
531 5664 755 5732 palmari
779 5663 1099 5732 subscriptio
1124 5662 1317 5724 legitur
1342 5661 1423 5712 liis
1443 5662 1647 5713 verbis:
1677 5609 1859 5716 i’enns

268 5731 543 5793 episcopus
562 5732 807 5786 Ecclesia:
838 5731 1145 5786 Ravennatis
1187 5732 1303 5784 huic
1346 5740 1534 5785 statuto
1581 5745 1773 5795 nostro,
1806 5736 1857 5788 in

1959 4623 2061 4682 quo
2089 4616 2245 4682 totam
2275 4626 2485 4682 causam
2510 4609 2605 4664 Dei
2624 4612 2828 4682 judicio
2857 4613 3227 4681 commisimus,
3252 4612 3551 4680 subscripsi.

1959 4678 2041 4729 Ad
2060 4680 2329 4759 .eumdem
2354 4681 2525 4759 etiam
2538 4752 2548 4759 _
2568 4678 2852 4759 pertinere
2886 4678 3554 4759 conjicirnus'Theoderici

1959 4750 2446 4827 regis.epist._9._7_,
2496 4752 2614 4805 libri
2644 4767 2697 4827 ut
2731 4751 3033 4827 variarum,
3090 4752 3249 4827 Petro
3295 4754 3555 4827 episeopo

1961 4818 2272 4886 inscriptam
2307 4819 2483 4874 Felice
2510 4824 2753 4883 CIleUIe,
2788 4823 2838 4874 id
2868 4831 2987 4885 est,
3018 4838 3161 4876 anno
3190 4818 3392 4877 Christi
3424 4818 3552 4880 5ft.

1960 4886 2186 4959 Quodsi
2220 4904 2405 4942 verum
2437 4900 2514 4944 est
2536 4930 2550 4950 ,
2590 4902 2774 4945 errant
2803 4892 2891 4959 qui
2928 4892 3144 4947 Petrum
3183 4892 3551 4949 Ravennatem

1961 4966 2087 5009 ante
2118 4957 2167 5011 id
2202 4969 2410 5026 tempus
2436 4961 2746 5013 defuucmm
2775 4957 3008 5015 tradunt.

2034 5037 2057 5065 ε
2089 5030 2331 5101 Alexium
2375 5032 2743 5101 presbyterum
2790 5040 2845 5083 et
2872 5031 3196 5087 Venantium
3237 5034 3550 5087 diacooum.

1956 5096 2214 5170 Sicenim
2247 5096 2587 5170 appellantur
2615 5104 2665 5152 in
2690 5102 2831 5153 Aviti
2862 5104 3053 5156 litteris
3082 5105 3150 5157 ad
3184 5104 3550 5170 Hormisdam,

1958 5178 2013 5222 et
2046 5168 2095 5220 in
2132 5168 2427 5222 Ilormisdr
2458 5170 2520 5221 ad
2554 5171 2789 5223 Avitum.

2029 5235 2055 5273 ά
2082 5240 2191 5292 Etsi
2225 5240 2461 5310 episcopi
2495 5254 2688 5294 nomen
2723 5258 2825 5292 non
2859 5252 2943 5294 est
2972 5252 3303 5310 appoSItum,
3333 5251 3546 5309 episeo—

1959 5323 2085 5431 Eum
2114 5320 2289 5362 tamen
2325 5307 2489 5363 fuisse
2512 5310 2739 5363 dixerim
2776 5307 3169 5377 Arvernorum,
3216 5316 3281 5366 ad
3311 5307 3468 5381 quem
3496 5321 3554 5367 et

1999 5378 2101 5431 inze
2128 5389 2256 5431 sunt
2283 5381 2527 5431 euismlte
2557 5380 2756 5431 liurieii
2776 5424 2790 5431 -
2835 5396 3058 5431 nuarum
3089 5385 3140 5431 in
3173 5384 3340 5431 altera
3373 5382 3552 5431 dismi-

1999 5378 2101 5431 inze
2128 5389 2256 5431 sunt
2283 5381 2527 5444 epismlte
2557 5380 2756 5432 iiurieii
2776 5424 2790 5445 ,
2835 5396 3058 5449 quarum
3089 5385 3140 5436 in
3173 5378 3341 5437 altera
3373 5382 3552 5449 digni-

1960 5451 2085 5501 tatis
2115 5464 2326 5517 quoque
2354 5466 2547 5522 nomen
2578 5453 2835 5503 omissum
2864 5463 2967 5504 est.
3007 5452 3227 5522 Synodo
3261 5453 3554 5519 Agatltensi

1962 5534 2060 5590 per
2091 5522 2346 5591 vicarium
2397 5521 2718 5587 subscripsit
2769 5536 2911 5574 anno
2954 5521 3091 5586 sos;
3150 5526 3394 5578 interfuit
3438 5524 3553 5591 ipse

1962 5590 2331 5643 Aurelianeusi
2360 5604 2541 5661 tanno
2565 5591 2623 5644 51
2644 5593 2687 5642 l.
2718 5590 2869 5645 Ilunc
2894 5592 3073 5659 itaque
3102 5606 3250 5661 rogat
3280 5603 3331 5644 ιιι
3357 5590 3550 5645 librum

1961 5674 2115 5711 suum
2146 5661 2234 5725 qui
2266 5662 2317 5710 in
2349 5660 2465 5723 ejus
2496 5675 2687 5712 manus
2712 5670 2953 5726 venerat,
2987 5660 3311 5721 Apollinaris
3342 5662 3552 5721 Sidonii

1964 5729 2074 5785 lilio
2098 5730 2484 5785 recensendum
2517 5732 2726 5799 ingerat
2755 5741 2807 5787 et
2838 5742 3079 5787 excuset.
