4190 6466
796 401 903 458 258

2079 386 2136 444 S.
2178 380 2360 442 AVlTl
2404 379 2801 438 VIENNENSIS

3943 377 4040 435 256

793 525 904 566 me
952 524 1232 566 censuram
1284 509 1410 563 hinc
1457 501 1825 560 tantummodo
1875 497 2211 554 intellexisse
2235 537 2252 562 ,
2323 492 2369 548 si
2397 492 2446 552 Δ
2477 505 2704 560 gravare
2732 507 2817 546 mc
2848 491 3057 556 debeat,
3084 490 3231 544 illum
3261 506 3365 545 non
3389 498 3562 559 potest
3588 489 3894 547 sublevare.
3934 489 4039 560 Ego

794 611 971 658 110831.

1267 677 1595 744 EPISTOLA
1646 683 1889 739 XXXIX.

1027 795 1216 838 svtrss
1252 792 1554 833 vnnmsusts
1583 789 1861 831 BPISCOPDS
1900 783 1937 808 "
1957 786 2132 828 ponito

1342 861 1652 904 CONDBMDO
1676 861 1818 902 ιεῦι.

865 962 1014 1029 Quod
1037 974 1251 1016 servum
1279 959 1364 1014 cui
1393 959 1658 1014 discussio
1688 956 1987 1012 necessaria
2013 955 2358 1025 credebatur,

791 1052 859 1105 de
888 1050 1173 1105 Viennensi
1201 1049 1267 1104 ad
1299 1049 1707 1118 Lugdunensem
1753 1045 2025 1101 basilicam
2051 1045 2360 1101 subcusto-

789 1140 874 1195 dia
901 1140 1186 1206 destinavi,
1203 1141 1414 1195 timoris
1430 1137 1810 1195 etobedientite
1833 1136 1997 1193 fuisse
2017 1136 2358 1193 manifestum

789 1237 891 1286 est.
950 1230 1082 1286 Nam
1113 1231 1251 1286 sicut
1277 1245 1399 1285 eum
1439 1227 1538 1284 hic
1583 1227 1950 1282 inaccusatum
1989 1227 2202 1284 tradere
2250 1241 2370 1283 non

788 1321 1126 1388 praesumpsi,
1169 1321 1238 1375 ita
1267 1320 1374 1374 illic
1403 1317 1910 1388 interrogationibus
1931 1333 2064 1388 quas
2091 1318 2360 1374 audientis

789 1409 1114 1476 postulabat,
1139 1409 1320 1465 vivum
1339 1408 1454 1464 ﬁeri
1498 1409 1802 1477 procuravi.
1832 1408 1963 1464 Cum
2014 1422 2146 1464 vero
2173 1417 2229 1464 et
2271 1424 2364 1466 re-

786 1499 910 1568 gula
941 1499 1137 1570 ubique
1162 1513 1264 1554 una
1294 1501 1384 1564 sit,
1406 1508 1460 1554 et
1488 1499 1677 1555 eadem
1704 1513 1804 1554 seu
1832 1500 2239 1568 impossibilitas
2263 1515 2358 1557 seu

787 1589 1029 1654 facultas,
1061 1604 1157 1658 pro
1197 1590 1496 1645 communis
1542 1589 1825 1645 ministerii
1852 1589 2227 1648 observatione
2261 1607 2359 1648 nos

796 1688 1046 1742 maneat;
1079 1693 1186 1734 non
1211 1693 1312 1751 ego
1337 1680 1719 1750 proprietatem
1740 1681 2106 1750 Lugdunensis
2125 1691 2181 1737 et
2202 1682 2361 1738 Vien-

788 1769 972 1824 nensis
995 1769 1255 1837 basilicae,
1282 1772 1376 1826 sed
1407 1771 1758 1827 reverentiam
1786 1771 2042 1826 Ecclesiae
2081 1774 2360 1845 utriusque

2472 591 2656 638 tamen
2683 595 3009 654 praeceptum
3031 593 3226 639 vestrm
3251 584 3460 652 pietatis
3479 587 3748 654 opperior.
3779 583 4037 653 Quidquid

2471 670 2635 728 habet
2659 673 2939 729 ecolesiola
2965 688 3105 739 mea,
3132 669 3238 727 imo
3252 689 3441 729 omnes
3465 674 3707 729 ecclesia
3737 684 3934 729 nostra!
3954 690 4038 731 ve-

2467 772 2637 818 strum
2663 773 2766 830 est,
2798 764 2867 820 de
2888 764 3187 820 substantia
3216 779 3378 834 quam
3411 777 3433 806 ο
3463 765 3546 820 vel
3570 766 3824 820 servastis
3864 765 4040 821 hacte-

2468 867 2571 908 nus
2594 855 2680 910 vel
2711 854 2972 910 donastis.
2997 853 3150 923 Quod
3180 856 3473 924 inspirante
3502 857 3609 912 Deo
3649 856 4034 927 praeceperitis,

2466 941 2521 996 in
2542 953 2798 1011 quantum
2826 944 2973 999 vires
2999 943 3260 1011 habuero,
3285 959 3474 1014 parere
3499 948 3756 1002 conabor.
3775 950 4033 1004 Ceterum

2467 1031 2964 1103 divinmmajestatis
2979 1045 3229 1107 aspectus
3249 1036 3379 1091 nihil
3400 1046 3573 1106 potest
3592 1038 3849 1101 odensam
3863 1056 4032 1110 suam,

2465 1134 2880 1191 quam'vestram
2909 1138 3126 1198 semper
3151 1126 3448 1183 timuissem
3475 1136 3748 1184 sternam.
3780 1130 3895 1185 Hoc
3915 1147 4036 1201 sup-

2465 1214 2673 1284 pliciter
2699 1231 2906 1286 qucso,
2935 1227 2994 1272 ut
3021 1217 3203 1273 infelix
3233 1219 3321 1275 ille
3341 1218 3408 1275 ad
3439 1220 3592 1288 cujus
3639 1222 4034 1278 accusationem

2461 1307 2595 1363 satis
2622 1307 2818 1363 sufﬁcit
2847 1309 2987 1377 quod
3015 1319 3260 1375 excusat,
3287 1311 3425 1380 apud
3453 1312 3674 1382 justitize
3710 1321 3903 1369 vestra
3925 1315 4036 1369 ani-

2462 1413 2584 1454 mos
2621 1413 2725 1454 non
2753 1415 2840 1456 me
2890 1400 3047 1455 iaciat
3067 1415 3180 1456 suae
3211 1401 3539 1457 inﬁdelitatis
3566 1404 3801 1472 socium,
3831 1405 4035 1460 etiamsi

2462 1489 2656 1546 viderit
2685 1506 2781 1561 pro
2812 1501 2990 1547 vestra
3021 1494 3386 1547 commotione
3414 1494 3719 1550 multatum.

2993 1601 3325 1657 EPISTOLA
3366 1601 3479 1657 XL.

2681 1708 2871 1749 avtrus
2912 1709 3217 1750 vrssuuusts
3260 1682 3538 1752 cpiscopus
3584 1693 3610 1732 ¹¹
3657 1711 3830 1751 susino

3147 1779 3475 1830 stctsluxuo.

792 1861 1055 1914 tractavi:
1093 1861 1236 1917 unde
1292 1862 1659 1919 intercessioni
1705 1861 1735 1900 ιι
1765 1862 1978 1918 facilius
2022 1864 2091 1920 de
2118 1839 2353 1938 proxiin

2537 1856 2623 1913 De
2642 1857 2932 1912 festivitate
2966 1857 3032 1912 ad
3073 1872 3230 1927 quam
3276 1859 3543 1928 profectus
3592 1859 3791 1913 fueram
3830 1872 4035 1913 summa
4101 1939 4103 1942 g

793 1951 1158 2022 suggerendae,
1185 1952 1325 2021 quod
1356 1963 1638 2021 utrumque
1677 1962 1919 2010 nostrum
1969 1963 2192 2024 tangere
2208 1967 2364 2025 pote-

795 2051 903 2106 rat,
935 2055 1169 2111 pra-scus
1187 2043 1471 2112 episcopus
1498 2043 1774 2114 allegaret.
1802 2043 2075 2114 Siquidem
2107 2045 2159 2099 in
2188 2047 2364 2101 omni-

795 2130 899 2186 bus
934 2130 1063 2185 locis
1091 2132 1308 2198 sanctis,
1337 2133 1476 2188 sicut
1510 2134 1807 2189 ministerio
1828 2142 2013 2188 nostro
2053 2134 2240 2190 eadem
2271 2150 2362 2191 ca-

789 2223 943 2288 ritas,
966 2223 1035 2278 ita
1069 2225 1293 2293 imperio
1316 2233 1495 2280 vestro
1514 2241 1662 2293 aqua
1680 2233 1915 2293 potestas
1939 2233 2042 2281 est.
2068 2225 2138 2281 Ut
2155 2234 2357 2283 taceam

788 2313 929 2385 quod
957 2320 1143 2369 servus
1183 2315 1320 2385 ipse,
1350 2330 1380 2370 a
1426 2315 1638 2371 Domini
1666 2315 2025 2372 eollocutione
2061 2317 2356 2390 digressus,

788 2418 896 2460 nun
927 2405 1108 2460 debuit
1136 2419 1234 2475 pro
1260 2407 1574 2463 concitanda
1619 2407 1747 2463 mihi
1772 2407 1973 2464 oﬂeusa
2003 2408 2358 2465 Viennensem

790 2507 1062 2567 expetere,
1107 2497 1198 2566 qui
1245 2498 1356 2554 illic
1405 2499 1610 2569 positus
1656 2499 1796 2554 intra
1841 2499 2249 2569 Lugdunensem
2301 2515 2365 2558 se

791 2587 961 2656 potuit
993 2587 1301 2647 Ecclesium
1337 2590 1630 2645 continere.
1674 2589 1750 2645 De
1792 2604 1952 2646 causa
1991 2605 2144 2654 vero,
2175 2592 2229 2647 in
2257 2608 2359 2661 qua

786 2691 969 2732 coram
995 2682 1240 2736 examine
1259 2683 1592 2738 celsitudinis
1617 2693 1809 2739 vestra
1851 2685 2079 2740 callidus
2129 2685 2358 2755 depositi

788 2775 1013 2837 negator
1031 2772 1291 2839 arguitur,
1338 2772 1458 2827 talis
1497 2774 1824 2829 conscientia
1873 2789 1992 2830 mea
2035 2785 2138 2840 est,
2187 2778 2360 2846 qualis

789 2858 900 2915 Deo
947 2869 1000 2916 et
1051 2861 1297 2919 vobis'in
1326 2865 1472 2920 omni
1501 2875 1624 2922 actu
1669 2881 1794 2922 meo
1844 2877 1900 2923 et
1950 2871 2359 2938 conversatione

787 2964 1137 3010 monstratur.
1164 2957 1475 3027 Quanquam
1513 2959 1676 3014 etiam
1709 2974 1797 3015 me
1824 2967 2057 3015 testante
2099 2961 2359 3030 interpel-

785 3044 949 3100 lantis
975 3046 1312 3117 simplicitas,
1337 3064 1457 3119 qua
1485 3058 1544 3105 ut
1573 3049 1643 3120 pii
1673 3050 1853 3106 domni
1899 3052 2091 3108 dicatis
2127 3069 2231 3109 non
2259 3054 2358 3110 de-

785 3136 982 3190 vitarer
1033 3139 1346 3206 operatione
1409 3139 1648 3208 difﬁteri,
1707 3142 1796 3210 qui
1853 3143 1904 3196 in
1949 3141 2064 3210 ejus
2108 3145 2356 3199 consola-

784 3225 931 3280 tione
963 3227 1258 3295 volueram,
1281 3231 1325 3284 si
1343 3227 1611 3285 Christum
1637 3230 1872 3299 cogitare
1893 3240 2192 3300 putaretur,
2227 3249 2356 3303 pro-

783 3317 942 3372 ﬁteri.
975 3317 1125 3384 Quod
1156 3320 1317 3374 etiam
1347 3321 1601 3389 presenti
1651 3321 2026 3378 testiﬁcatione
2067 3326 2135 3380 de
2183 3326 2353 3382 servis

782 3406 996 3472 vestris,
1025 3407 1228 3463 civibus
1257 3410 1476 3476 nostris,
1507 3411 1670 3480 aliqui
1700 3421 2091 3481 cognoverunt.
2121 3413 2353 3471 Pulsatis

780 3504 958 3549 autem
992 3495 1274 3551 laboriosis
1289 3507 1440 3551 extra
1471 3498 1712 3553 ordinem
1735 3515 1889 3554 suum
1919 3515 2133 3557 omnem
2163 3519 2351 3572 parum

775 3586 984 3640 szabilis
1007 3586 1201 3642 dicitur
1243 3601 1364 3643 esse
1393 3590 1695 3658 responsio.
1740 3589 1927 3646 Utrum
1976 3591 2045 3648 de
2090 3608 2176 3648 me
2224 3595 2347 3661 erit,

774 3686 1024 3746 suggerat
1054 3677 1192 3733 Deus
1213 3679 1405 3744 vobis;
1446 3679 1684 3736 declaret
1731 3691 1785 3736 et
1835 3684 2073 3750 veritas;
2102 3685 2222 3755 quia
2255 3688 2348 3757 qui

771 3767 1061 3835 castigatus
1087 3783 1117 3822 a
1149 3784 1254 3834 me,
1301 3784 1368 3825 eo
1397 3770 1533 3825 forte
1581 3771 1768 3842 spiritu
1799 3771 2050 3829 falsitatis
2095 3775 2350 3833 irascitur

772 3871 879 3926 quo
901 3868 1086 3912 contra
1113 3859 1409 3928 simplicem
1432 3859 1499 3915 de
1523 3860 1754 3927 depositi
1782 3862 2108 3922 inﬁciatione
2145 3868 2348 3923 menti-

774 3956 882 4012 tur,
905 3949 1028 4002 licet
1056 3948 1166 4004 Deo
1187 3951 1446 4020 vobisque
1474 3951 1718 4021 propitiis
1747 3969 1936 4023 parum
1975 3957 2042 4010 ad
2073 3957 2345 4013 defensio-

773 4053 896 4092 nem
918 4053 1068 4091 suam
1097 4040 1411 4107 proﬁciente
1437 4052 1766 4110 commento,
1796 4044 1923 4099 dum
1951 4059 2010 4100 se
2036 4061 2066 4099 a
2098 4062 2188 4103 me
2220 4048 2353 4104 dicit

773 4127 1104 4206 admonitum
1136 4141 1204 4183 ne
1254 4127 1526 4193 redderet,
1573 4129 1788 4186 difﬁteri
1840 4147 1944 4188 non
1986 4143 2165 4204 potest
2203 4135 2349 4206 quod

769 4204 996 4288 accepit.
1027 4218 1158 4287 Quae
1188 4217 1454 4290 professio
1502 4233 1621 4289 sua,
1667 4222 1876 4279 etiamsi
1913 4226 2180 4281 censeatis
2205 4204 2351 4297 quod

843 4374 1120 4446 acassam
1165 4375 1341 4446 reddit
1367 4390 1466 4431 cur
1501 4357 1720 4432 servum
1760 4378 1986 4446 depositi
2026 4387 2336 4446 negatorem

2465 1947 2678 2018 quidem
2739 1947 3082 2003 festinatione
3122 1962 3372 2005 reversus
3415 1964 3554 2007 sum.
3614 1949 3718 2007 Sed
3760 1951 3880 2018 quia
3926 1951 4036 2016 jam

2463 2043 2599 2096 duce
2627 2037 2845 2095 Christo
2873 2036 3298 2110 processeratis,
3344 2034 3716 2106 laetiﬁcandus,
3746 2051 3803 2096 ut
3829 2042 3898 2098 de
3928 2043 4036 2098 Deo

2462 2130 2751 2197 credimus,
2782 2130 2955 2185 reditu
2980 2140 3182 2197 vestro,
3220 2130 3504 2188 immodice
3549 2143 3723 2187 tamen
3772 2135 4028 2188 attonitus

2463 2222 2659 2278 reddor
2693 2223 2981 2276 abscessu:
3011 2223 3165 2292 quod
3202 2223 3410 2279 scilicet
3452 2223 3506 2278 in
3534 2223 3650 2292 ipso
3702 2237 4030 2278 successum

2461 2316 2829 2386 prosperitatis
2861 2329 3130 2384 regressu,
3165 2313 3376 2370 advolvi
3405 2315 3630 2385 genibus
3661 2315 3861 2370 domini
3900 2315 4025 2380 mel,

2464 2405 2806 2475 permulcere
2829 2404 3032 2460 osculis
3059 2420 3275 2472 manus,
3299 2406 3431 2462 etin
3454 2416 3640 2461 sancto
3678 2407 3770 2461 illo
3819 2415 4033 2476 pectore

2463 2496 2661 2553 sedem
2685 2496 2810 2551 ﬁdei
2843 2505 3041 2552 nostra:
3079 2498 3304 2552 adorare
3351 2513 3455 2553 non
3485 2500 3674 2554 merui.
3705 2497 3814 2554 Nec
3862 2509 4032 2554 tamen

2462 2588 2643 2644 dicere
2670 2587 2921 2653 audeam,
2971 2587 3109 2642 istud
3153 2588 3281 2643 mihi
3334 2598 3556 2659 peccato
3601 2588 3879 2646 fraudante
3918 2604 4035 2645 ces-

2461 2679 2594 2733 sisse
2614 2697 2626 2731 :
2656 2694 2725 2734 ne
2744 2679 2935 2733 divinae
2955 2679 3140 2749 gratiae
3159 2694 3277 2749 qua:
3300 2679 3430 2734 mihi
3458 2681 3634 2734 taliter
3653 2690 3880 2736 vestram
3895 2697 4034 2750 prte-

2459 2769 2639 2837 sentit,
2674 2768 2866 2824 reddar
2902 2770 3161 2839 ingratus.
3204 2769 3335 2824 Nam
3366 2786 3488 2825 cum
3517 2771 3768 2828 omnibus
3788 2773 4035 2843 generale

2456 2862 2765 2934 iustumque
2783 2863 2871 2931 sit,
2905 2863 2956 2917 in
2980 2862 3163 2931 gloria:
3193 2870 3385 2919 vestrae
3404 2863 3602 2919 cultum
3624 2865 3763 2935 quod
3778 2865 4033 2920 debemus

2460 2955 2696 3021 ambire,
2749 2952 2878 3008 illud
2906 2953 3244 3024 singulariter
3285 2953 3564 3022 accepisse
3592 2969 3679 3009 me
3711 2953 3937 3025 gaudeo,
3977 2963 4036 3010 ut

2461 3062 2583 3104 cum
2616 3061 2713 3114 pro
2743 3047 2934 3101 eﬂectu
2962 3046 3294 3101 voluntatum
3317 3054 3500 3102 tenere
3530 3060 3711 3102 secum
3737 3061 3769 3101 a
3799 3061 3884 3103 me
3912 3061 4033 3102 ser-

2465 3139 2578 3195 vitii
2605 3139 2843 3195 debitum
2863 3137 3269 3207 i’mpossibilitas
3309 3152 3414 3194 non
3444 3138 3581 3194 ferat
3621 3138 3840 3209 porrigi,
3894 3140 4034 3210 apud

2460 3245 2558 3288 vos
2588 3231 2756 3300 pietas
2796 3237 3018 3285 censeat
3055 3227 3312 3298 impendi.
3361 3228 3469 3285 Sed
3523 3243 3624 3300 ego
3665 3231 3812 3285 solus
3837 3229 4035 3286 damno

2460 3321 2744 3393 percelior,
2787 3319 2997 3389 quoties
3045 3315 3399 3374 consolationi
3447 3332 3581 3374 mea:
3626 3318 3884 3376 interesse
3924 3336 4033 3377 non

2459 3426 2707 3470 mereor:
2739 3411 2954 3478 quoties
2980 3424 3240 3466 accensus
3280 3408 3681 3465 tribulationum
3709 3419 3871 3466 estus
3896 3412 4033 3469 intra

2459 3520 2547 3561 me
2571 3505 2765 3567 solum,
2794 3518 2824 3557 a
2869 3501 3135 3558 sermonis
3167 3501 3333 3558 vestri
3356 3501 3636 3572 refrigerio
3655 3503 3922 3573 exclusus,
3948 3505 4030 3560 in-

2459 3596 2727 3653 cluditur:
2758 3595 2968 3665 quoties
2989 3593 3126 3649 mihi
3152 3593 3366 3649 dolores
3385 3593 3623 3650 internas
3660 3594 3854 3650 medici
3883 3596 4023 3652 illius

2457 3700 2646 3741 manus
2665 3692 2886 3755 experta
2899 3698 3004 3739 non
3021 3682 3292 3739 confovet.
3307 3682 3734 3752 Quipro'tuendo
3751 3683 3891 3741 inter
3906 3685 4028 3740 talia

2454 3776 2653 3834 famulo
2677 3789 2777 3831 suo
2803 3777 2997 3845 pietate
3048 3773 3293 3839 studens,
3342 3773 3535 3830 virtute
3565 3773 3878 3845 persistens,
3905 3789 4026 3831 cum

2453 3868 2584 3924 satis
2611 3874 2761 3923 esset
2785 3867 2828 3921 si
2851 3864 3086 3921 favorem
3128 3863 3292 3921 vellet
3332 3862 3552 3930 σπου-το,
3580 3863 3817 3922 laborem
3846 3865 4030 3935 digna-

2455 3969 2543 4014 tur
2565 3972 2855 4028 appouere.
2896 3956 3002 4012 Sed
3053 3969 3322 4026 praesumo
3353 3955 3633 4026 majestate
3660 3955 3860 4021 divina,
3903 3955 4027 4013 hinc

2457 4057 2707 4119 respectu
2729 4046 2838 4101 mei
2862 4045 3110 4101 sensibus
3144 4048 3336 4101 vestris
3385 4045 3628 4101 tenacius
3665 4045 4022 4114 adhaesuram,

2453 4153 2561 4208 quo
2602 4153 2724 4194 eum
2768 4137 2922 4193 nobis
2961 4151 3113 4191 amor
3162 4135 3440 4192 catholicas
3486 4136 3619 4207 legis
3667 4136 3873 4192 infudit.
3914 4137 4031 4194 Sub

2452 4230 2607 4298 cujus
2630 4227 2926 4285 occasionis
2954 4236 3140 4284 sancto
3167 4237 3464 4310 praeventu,
3483 4237 3593 4283 tum
3617 4242 3778 4298 penes
3805 4242 3899 4284 vos
3927 4229 4032 4282 im-

2522 4392 2546 4421 ε
2570 4379 2764 4452 Libera
2786 4389 2843 4435 et
2871 4379 3100 4448 ingenua
3131 4379 3416 4452 professio.
3432 4379 3774 4452 Principibus
3797 4390 4029 4452 accepta-

768 4445 860 4527 qui
887 4445 1142 4514 Lugduno
1166 4445 1422 4527 Yiennam
1445 4457 1685 4527 venerat,
1713 4445 2024 4527 Lugdunum
2050 4445 2341 4527 ad_disqui-
2370 4465 2424 4527 ι)
2448 4451 2690 4527 feruntur
2706 4450 2848 4527 bona
2868 4445 3275 4519 ecclesiar,'quae
3301 4451 3383 4506 vel
3412 4445 3679 4527 donarunt
3696 4451 3830 4527 ipsi,
3857 4445 4029 4527 velut

771 4518 1022 4591 sitionem
1049 4515 1320 4591 remiserit
1369 4525 1660 4591 purgatgue
1694 4515 1836 4587 quod
1883 4517 1974 4574 ille
2003 4533 2063 4574 se
2091 4519 2159 4572 ab
2180 4515 2340 4576 Avito
2370 4515 2417 4527 "
2444 4524 2647 4576 donare
2682 4520 2942 4591 λίθω-ειν
2975 4515 3390 4591 concesserunt.
3424 4535 3486 4576 ex
3528 4521 3644 4591 lege
3688 4515 4026 4576 Constantini

768 4584 978 4639 dicebat
1002 4583 1330 4638 admonitum
1355 4600 1424 4639 ne
1445 4587 1712 4642 redderet.

843 4651 870 4692 δ
897 4652 1136 4725 solemni
1189 4654 1561 4723 episcoporum
1618 4671 1785 4720 more,
1841 4656 1927 4725 qui
1958 4667 2013 4712 et
2043 4673 2139 4725 pro
2165 4661 2336 4716 servis

770 4723 910 4791 apud
938 4723 1216 4794 dominos,
1233 4733 1288 4794 et
1317 4738 1412 4794 pro
1435 4726 1543 4779 reis
1569 4723 1997 4794 quibuscunque,
2027 4723 2235 4784 miseris
2257 4732 2338 4786 vel

768 4795 1058 4859 Oppressis.
1081 4792 1221 4864 apud
1244 4792 1454 4864 iudices
1479 4805 1570 4848 aut
1588 4792 1741 4862 apud
1783 4792 2053 4864 principes
2076 4804 2233 4854 enixe
2261 4803 2340 4854 in-

769 4864 1045 4936 tercedere
1069 4862 1350 4936 solebant.
1383 4863 1656 4936 Ennodius
1699 4865 1749 4918 in
1779 4862 1884 4936 vita
1917 4862 2199 4935 Epiphanii
2228 4870 2342 4936 epi-

768 4933 938 4998 scopi,
964 4939 1075 4984 tum
1102 4931 1277 4986 adhuc
1300 4932 1508 4989 diaconi
1537 4951 1552 4988 :
1579 4931 2190 4998 Intercessionurnctiam
2221 4931 2341 4992 tunc

767 5001 1045 5075 certamina
1098 5003 1416 5075 proludebat.
1468 5003 1608 5057 Nam
1654 5005 1936 5071 ubicunque
1972 5022 2065 5075 pro
2101 5009 2340 5062 remediis

767 5073 1068 5148 miserorum
1097 5073 1316 5141 episcopi
1347 5073 1633 5148 mittebatur
1664 5075 1906 5148 imperio,
1941 5073 2083 5148 (unto
2108 5079 2340 5148 exigebat

768 5140 1062 5200 bene/icium
1086 5140 1565 5210 arteisupplicandi,
1612 5153 1667 5197 ut
1695 5140 1933 5198 sentirent
1963 5145 2055 5198 sibi
2097 5150 2149 5198 in
2171 5140 2339 5201 c'ausis

767 5209 1389 5284 mo’hisgcomplurimi,
1412 5212 1578 5284 ipsum
1601 5230 1688 5276 per
1716 5230 1769 5266 se
1796 5217 2088 5284 episcopum
2117 5232 2216 5270 non
2248 5234 2336 5272 ve-

769 5277 1156 5350 nisse._Plenaa
1200 5292 1324 5344 sunt
1375 5277 1633 5350 exemplis
1679 5277 1981 5337 sanctorum
2037 5287 2334 5342 antistitum

773 5347 1027 5421 historiae,
1059 5358 1113 5402 et
1143 5350 1349 5421 illustre
1382 5347 1642 5419 imprimis
1672 5361 1757 5407 est
1784 5353 1842 5407 S.
1885 5357 2182 5421 Augustini,
2213 5371 2334 5412 cum

771 5418 1424 5487 proicircumcellionibus
1462 5418 1790 5487 Donatistis,
1838 5418 2040 5478 atrocia
2093 5418 2328 5482 facinora

769 5486 1044 5565 confessis.
1074 5488 1596 5565 apttd_Marcellin_um
1614 5493 1869 5565 iudicem,
1895 5504 1947 5547 et
1974 5495 2112 5562 apud
2142 5499 2335 5565 Aprin-

769 5556 912 5632 gium
945 5558 1334 5632 proconsulem,
1372 5570 1428 5632 ut
1465 5556 1627 5632 citra:
1640 5563 1828 5632 mortis
1864 5556 2204 5630 supplicium'
2240 5582 2334 5632 pu-

773 5626 1006 5700 niantur,
1037 5626 1317 5700 intercedit
1346 5629 1570 5697 epistola
1601 5630 1702 5685 159
1729 5641 1783 5685 et
1811 5626 2050 5700 160ξὲιυί
2077 5645 2129 5689 et
2152 5635 2221 5690 de
2240 5626 2330 5691 in-

773 5693 1661 5776 ifrceslsionumistarumsequitate
1679 5693 2332 5776 acgreligioueambigenti

774 5760 1082 5823 Macedonio
1107 5760 1502 5825 accuratissime
1541 5769 1785 5826 rescribit
1813 5760 1965 5835 epist.
1997 5771 2085 5828 54.

2445 4591 2643 4661 Magni.
2672 4589 2898 4661 Habeat,
2931 4589 3122 4661 inquit,
3156 4592 3502 4661 unusquisque
3521 4589 3777 4661 lic—entiam
3801 4592 4016 4645 sanctis-

2440 4659 2573 4716 simo
2598 4659 2861 4715 catholica:
2886 4660 3250 4725 uenerabilique
3271 4659 3488 4713 concilio
3508 4659 3752 4715 decedens
3772 4661 4026 4714 bonorum?

2441 4731 2579 4798 quod
2604 4730 2792 4798 optavit
2811 4729 3116 4792 relinquere.
3139 4729 3274 4783 Cod.
3298 4729 3501 4784 Theod.
3529 4729 3595 4783 de
3610 4728 4014 4799 episcopis,etc.

2443 4799 2818 4855 Deiensionein
2853 4812 3066 4866 quoque
3091 4799 3351 4852 bonorum
3381 4799 3608 4854 subditis
3633 4800 3743 4853 suis
3767 4801 4014 4853 omnibus

2441 4871 2717 4939 principes
2745 4883 2866 4922 cum
2894 4868 3146 4939 debeant,
3178 4881 3499 4939 praecipuam
3528 4868 3727 4924 debent
3754 4868 4012 4939 ecclesia-

2444 4937 2698 4996 Stician
2729 4953 2837 5006 quo
2870 4952 3053 5007 regum
3085 4938 3210 4990 olitn
3241 4937 3567 4992 Francorum
3596 4939 3762 5007 pietas
3803 4938 4014 5003 enituit,

2442 5010 2530 5076 qui
2564 5022 2650 5063 res
2673 5017 2727 5062 et
2749 5008 3010 5075 mancipia
3040 5007 3282 5062 ecclesia:
3307 5008 3493 5062 eodem
3517 5023 3577 5062 se
3604 5007 3724 5063 loco
3743 5022 3804 5062 ac
3846 5023 3931 5062 res
3960 5020 4016 5062 et

2444 5078 2706 5142 mancipia
2737 5078 2845 5130 iisci
2877 5076 3074 5130 habere
3104 5078 3156 5131 in
3187 5076 3444 5146 Capitulis
3471 5078 3582 5131 suis
3620 5077 3842 5144 professi
3867 5088 4013 5132 sunt.

2515 5147 2541 5184 ά
2578 5148 2734 5201 Missa
2775 5161 2897 5201 cum
2940 5147 3314 5201 Sigismundus
3347 5148 3412 5200 ad
3461 5147 3703 5201 bellicam
3731 5147 4013 5201 uuamdatu

2629 5161 2734 5201 Issa
2775 5161 2897 5201 cum
2940 5161 3314 5201 mmsmunaus
3347 5161 3412 5200 ια
3463 5161 3703 5201 0011103111
3731 5161 4013 5201 uuamaatn

2515 5161 2541 5184 α
2578 5161 2734 5201 mssa
2775 5161 2897 5201 cum
2940 5161 3314 5215 mgismunaus
3347 5161 3412 5200 ao
3463 5161 3703 5201 bellicam
3731 5161 4012 5216 quamdam

2441 5217 2840 5287 expeditionem
2866 5231 2925 5271 se
2946 5218 3268 5287 accingeret,
3300 5215 3561 5287 incertum
3591 5231 3696 5286 quo
3724 5226 3776 5270 et
3800 5231 3934 5285 quos
3960 5219 4012 5272 in

2442 5285 2641 5342 hostes.
2696 5287 2845 5352 Quod
2875 5301 3002 5339 vero
3031 5285 3181 5340 illum
3225 5287 3455 5342 insinuat
3487 5285 3641 5340 iidem
3673 5287 4016 5354 catholicam,

2440 5372 2559 5412 cum
2593 5357 2707 5411 haec
2735 5356 2998 5410 scriberet
3028 5356 3331 5422 amplexum
3355 5358 3463 5422 jam
3494 5355 3682 5419 fuisse,
3706 5353 3831 5409 facit
3861 5365 3916 5409 ut
3948 5353 4011 5410 ea

2439 5443 2558 5496 quae
2579 5432 2678 5481 sub
2709 5425 2868 5496 ﬁnem
2891 5425 3131 5493 epistola
3154 5427 3220 5480 de
3241 5428 3460 5480 materia
3485 5425 3812 5496 pretiosioris
3825 5424 4012 5496 trium-

2440 5493 2528 5563 phi
2559 5495 3043 5551 sermocinaturum
3071 5511 3130 5551 se
3153 5496 3458 5564 pollicetur,
3474 5493 3537 5564 ad
3570 5493 3844 5564 homiliam
3877 5494 4011 5564 allu-

2437 5567 2568 5621 dere
2593 5566 2902 5630 videantur,
2930 5579 3088 5630 quam
3119 5567 3187 5619 ab
3215 5564 3373 5619 Avito
3399 5566 3452 5620 in
3497 5563 3823 5633 Sigismundi
3865 5563 4008 5632 regis

2437 5637 2810 5696 conversione,
2843 5648 3101 5704 sensuum
3132 5636 3390 5690 suavitate
3415 5634 3799 5704 plenissimam,
3819 5643 4006 5704 etver-

2438 5706 2626 5760 borum
2653 5703 3042 5775 compositione
3070 5700 3453 5775 dulcissimam,
3485 5704 3551 5761 ad
3575 5702 3828 5774 pupulum
3855 5700 4010 5758 habi-

2440 5785 2545 5831 tam
2574 5783 2758 5832 auctor
2783 5773 2863 5831 est
2893 5773 3225 5837 Agobardus.
