4190 6466
345 446 457 505 357

1768 443 2097 503 EPISTOLA
2139 441 2273 497 XLI.

3524 442 3629 503 938

350 554 607 627 possibile
626 556 731 611 erit
751 553 1242 626 qnemsuscepistis
1256 533 1473 610 servum
1507 553 1756 623 rejicere,
1776 567 1935 625 quem
1963 557 2012 613 Δ
2043 564 2163 621 quae
2196 548 2329 603 tanti
2376 546 2617 609 muneris
2665 545 2811 603 dono
2854 548 2969 605 Iob
3021 556 3299 607 ωθτωιιπ
3347 548 3626 621 illum".

346 644 676 715 eognovistis
722 643 1000 699 dominum
1044 658 1152 699 non
1194 658 1401 700 amare.
1454 644 1611 711 Quod
1664 650 1936 713 superest,

347 736 553 805 egressi
582 733 789 802 felices,
813 735 887 790 ite
930 735 1187 805 sospites,
1235 736 1413 792 redite
1454 737 1709 792 victores.
1749 734 1937 790 Fidem

348 834 586 881 vestram
614 824 735 879 telis
766 824 1012 890 inserite,
1043 825 1410 891 provisionum
1435 824 1669 881 divinam
1707 825 1938 895 promit-

351 915 518 971 tendo
545 914 853 979 admonete,
879 913 1078 968 auxilia
1101 916 1221 970 cali
1247 914 1496 984 precibus
1516 914 1737 984 exigite,
1762 914 1939 982 jacula

350 1014 533 1060 vestra
553 1003 689 1059 votis
717 1009 947 1060 armate.
981 1003 1137 1060 Dabit
1168 1005 1310 1059 Deus
1338 1014 1397 1059 ut
1424 1004 1694 1060 bellorum
1738 1015 1938 1075 tropaea

350 1109 476 1166 qua
502 1093 653 1149 vobis
708 1094 825 1163 ipse
872 1092 1205 1164 praestiterit,
1256 1095 1623 1165 cujuscunque
1672 1096 1938 1153 sermonis

352 1184 627 1253 obsequio
654 1183 755 1239 sub
784 1183 1008 1239 materia
1028 1184 1145 1254 ejus
1188 1200 1350 1254 quem
1395 1186 1596 1242 dudum
1642 1200 1935 1257 exsequor,

351 1274 610 1346 triumphi
637 1274 974 1346 pretiosioris
1002 1289 1346 1345 exaggerem.

880 1407 1215 1465 EPISTULA
1256 1408 1392 1466 XLI.

426 1536 613 1579 ινιτ-σε
634 1536 938 1578 νιειςιςιιιίιε
980 1537 1255 1580 81⁵1860908
1286 1532 1313 1561 ⁸
1341 1538 1685 1579 οηιοοονεεο
1713 1539 1855 1581 REGI.

430 1641 447 1673 ⁸
489 1639 693 1693 Vestras
754 1618 1071 1693 subtilitatis
1095 1637 1445 1693 acrimoniam
1488 1653 1938 1708 quorumcunque

354 1731 706 1786 scliismatum
724 1736 1017 1784 sectatores
1030 1729 1311 1784 sententiis
1330 1730 1464 1796 suis,
1477 1730 1642 1784 variis
1661 1732 1936 1799 Opinione,

356 1821 589 1875 diversis
621 1818 988 1881 multitudine,
1024 1817 1205 1873 vacuis
1221 1819 1468 1883 veritate,
1510 1817 1801 1874 Christiani
1844 1835 1941 1874 no-

2045 640 2185 710 quod
2209 653 2313 693 non
2331 638 2473 696 desit
2501 647 2557 695 et
2581 639 2790 709 reliquo
2818 640 2935 695 orbi
2961 641 3179 697 claritas
3206 655 3325 697 sua.
3350 640 3632 711 Siquidem

2040 740 2096 787 et
2124 730 2365 786 occiduis
2414 730 2654 800 partibus
2702 731 2756 786 in
2784 746 2911 803 rege
2957 746 3068 789 non
3102 747 3243 788 novo
3276 734 3398 787 novi
3422 733 3636 803 jubaris

2042 822 2224 878 lumen
2254 821 2559 893 eﬂulgurat.
2592 821 2756 891 Cujtts
2784 824 3133 894 splendorem
3161 839 3399 894 congrue
3425 825 3636 880 redem-

2043 912 2213 983 ptoris
2240 912 2410 967 nostri
2440 913 2690 967 nativitas
2714 914 2985 968 inchoavit
3015 931 3030 967 :
3062 922 3121 969 ut
3144 925 3544 983 consequenter
3569 929 3635 969 eo

2042 1003 2130 1058 die
2174 1002 2241 1059 ad
2288 1004 2517 1057 salutem
2553 1004 2861 1074 regenerari
2890 1018 2958 1059 ex
2991 1004 3131 1059 unda
3165 1018 3263 1059 vos
3294 1014 3500 1075 pareat,
3528 1020 3637 1075 quo

2041 1100 2226 1147 natum
2257 1092 2617 1162 redemptioni
2643 1108 2756 1148 suae
2795 1094 2918 1149 eteli
2964 1093 3245 1149 Dominum
3289 1096 3521 1150 mundus
3545 1110 3637 1150 ac-

2042 1185 2206 1253 cepit.
2235 1182 2398 1255 igitur
2424 1184 2514 1254 qui
2553 1184 2771 1240 celeber
2814 1194 2899 1241 est
2945 1187 3141 1241 natalis
3193 1186 3428 1255 Domini,
3472 1188 3542 1242 sit
3582 1196 3637 1243 et

2040 1272 2238 1328 vestri:
2262 1288 2371 1342 quo
2406 1288 2502 1329 vos
2529 1274 2738 1329 scilicet
2766 1274 3008 1341 Christo,
3040 1290 3148 1346 quo
3192 1274 3443 1332 Christus
3487 1287 3637 1333 ortus

2041 1373 2097 1420 et
2128 1363 2365 1419 mundo:
2395 1363 2449 1419 in
2479 1379 2586 1434 quo
2616 1380 2712 1421 vos
2736 1366 2971 1419 animam
2996 1367 3129 1435 Deo,
3164 1368 3327 1421 vitam
3351 1370 3637 1437 presenti-

2044 1454 2165 1518 bus,
2192 1453 2387 1509 famam
2420 1456 2648 1524 posteris
2677 1456 3056 1512 consecrastis.
3102 1456 3241 1524 Quid
3278 1457 3387 1527 jam
3417 1458 3487 1514 de
3522 1458 3637 1528 ipsa

2041 1545 2432 1615 gloriosissima
2463 1544 2896 1614 regenerationis
2924 1554 3121 1601 vestrae
3162 1548 3507 1604 solemnitate
3552 1549 3637 1604 di—

2040 1635 2236 1689 catur?
2263 1635 2416 1705 cujus
2435 1634 2749 1690 ministeriis
2778 1635 2881 1690 etsi
2909 1636 3264 1705 corporaliter
3284 1654 3390 1692 non
3407 1638 3635 1703 accessi,

2041 1724 2359 1796 gaudiorum
2406 1732 2590 1780 tamen
2638 1728 3018 1783 communione
3056 1742 3164 1782 non
3197 1727 3363 1783 defui.
3394 1729 3639 1796 Quando-

2041 1815 2261 1885 quidem
2295 1815 2399 1870 hoc
2425 1829 2639 1885 quoque
2660 1816 2969 1886 regionibus
3016 1818 3218 1873 nostris
3248 1818 3428 1874 divina
3458 1820 3631 1889 pietas

360 1912 521 1967 minis
550 1911 644 1965 visi
673 1919 800 1965 sunt
825 1908 1241 1967 obumbratione
1262 1909 1465 1967 velare.
1494 1910 1562 1965 At
1590 1910 1718 1966 dum
1761 1923 1937 1969 status
1970 1900 2015 1961 Β
2042 1904 2418 1976 gratulationis
2448 1905 2734 1975 adiecerit,
2782 1914 2842 1960 ιιι
2868 1914 2996 1962 inte
3038 1905 3366 1977 baptismum
3397 1919 3638 1965 vestrum

355 2014 572 2061 nostros
593 2003 879 2060 aeternitati
899 2003 1303 2067 committimus,
1325 2002 1453 2057 dum
1476 2003 1603 2073 quid
1632 2004 1761 2059 recti
1778 2020 1944 2058 unus-

356 2096 584 2166 quisque
614 2096 809 2148 sentiat
839 2092 1016 2148 futuro
1040 2094 1279 2148 examini
1305 2108 1667 2164 reservamus,
1699 2098 1861 2149 etiam
1888 2096 1940 2149 in

357 2185 717 2256 praesentibus
765 2184 1131 2240 interlucentis
1171 2185 1354 2239 radius
1406 2186 1648 2241 veritatis
1688 2185 1929 2241 emicuit.

358 2277 567 2332 Invenit
587 2276 783 2345 quippe
811 2275 1034 2344 tempori
1064 2284 1250 2329 nostro
1265 2275 1523 2330 arbitrum
1546 2274 1833 2343 quemdam
1860 2275 1943 2330 di-

358 2368 483 2423 vina
518 2366 769 2437 provisio.
801 2365 939 2420 Dum
962 2365 1114 2420 vobis
1139 2364 1358 2435 eligitis,
1388 2365 1637 2420 omnibus
1665 2365 1939 2433 judicatis,

356 2468 538 2514 vestra
566 2459 697 2513 lidcs
724 2466 904 2512 nostra
936 2456 1161 2511 victoria
1208 2464 1310 2512 est.
1363 2457 1549 2511 Solent
1597 2457 1838 2527 plerique
1888 2459 1943 2512 in

359 2549 460 2605 hac
478 2549 665 2604 eadem
690 2562 874 2613 causa,
901 2548 945 2602 si
973 2562 1069 2617 pro
1089 2546 1387 2612 expetenda
1412 2548 1643 2602 sanitate
1663 2547 1941 2613 credendi,

357 2651 453 2696 aut
474 2639 813 2695 sacerdotum
856 2638 1071 2694 hortatu
1095 2648 1183 2695 aut
1204 2653 1650 2709 quorumcunque
1679 2639 1942 2695 sodalium

358 2733 700 2801 suggestione
748 2741 1091 2797 moneantur,
1140 2730 1587 2786 consuetudinem
1625 2730 1847 2800 generis
1888 2738 1944 2785 et

359 2823 522 2877 ritum
576 2831 812 2891 paterna:
865 2822 1259 2878 observationis
1307 2836 1603 2890 opponere.
1658 2822 1730 2875 Ita
1786 2822 1944 2875 saluti

359 2927 645 2970 nocentem
676 2914 1053 2969 verecundiam
1090 2912 1453 2983 praferentes,
1484 2915 1609 2967 dum
1635 2914 1946 2981 parentibus

358 3005 414 3060 in
439 3004 824 3060 incredulitatis
873 3006 1113 3058 custodia
1145 3004 1383 3057 inutilem
1428 3003 1786 3057 reverentiam
1825 3018 1943 3057 ser-

359 3106 490 3151 vant
517 3095 844 3151 confitentur
870 3110 929 3149 se
973 3096 1372 3164 quodammodo
1421 3095 1629 3149 nescire
1672 3094 1799 3164 quid
1847 3095 1946 3149 eli-

359 3196 508 3257 gant.
542 3187 786 3242 Discedat
814 3186 973 3257 igitur
1016 3187 1083 3241 ab
1116 3186 1216 3240 hac
1253 3190 1625 3252 excusatione,
1677 3194 1796 3251 post
1826 3186 1947 3241 talis

2044 1996 2112 2051 ad
2145 2010 2243 2052 nos
2282 1996 2681 2052 sublimissimze
2709 1996 3027 2051 humilitatis
3054 1998 3275 2054 nuntius
3305 2001 3636 2067 perveniret.

2050 2086 2202 2143 Unde
2246 2100 2347 2141 nos
2391 2095 2512 2155 post
2562 2086 2702 2140 hanc
2748 2088 3209 2156 exspectationem
3254 2088 3367 2157 jam
3418 2103 3640 2146 securos

2046 2179 2211 2233 vestri
2240 2192 2391 2233 sacra
2425 2191 2530 2232 nox
2560 2177 2782 2247 reperit.
2813 2175 3238 2232 Conferebamus
3276 2194 3508 2250 namque
3538 2194 3638 2234 no-

2047 2271 2364 2341 biscumque
2390 2270 2777 2333 tractabamus,
2805 2269 2966 2338 quale
2988 2277 3133 2325 esset
3160 2268 3312 2335 illud,
3344 2286 3467 2326 cum
3505 2272 3643 2326 adu-

2048 2373 2295 2418 natorum
2318 2375 2576 2418 numerus
2594 2359 2928 2431 pontificum;
2952 2375 3110 2415 manu
3128 2361 3319 2429 sancti,
3349 2362 3643 2418 ambitione

2046 2455 2251 2511 servitii
2307 2453 2550 2509 membra
2599 2451 2745 2520 regia
2792 2450 2949 2505 undis
2991 2450 3240 2507 vitalibus
3281 2453 3634 2510 confoveret:

2047 2560 2169 2602 cum
2204 2558 2266 2618 sq
2291 2542 2385 2597 Dei
2413 2542 2587 2597 servis
2619 2540 2919 2596 inﬂecteret
2940 2540 3234 2596 timendum
3266 2544 3515 2611 gentibus
3546 2560 3637 2599 ca-

2049 2645 2143 2705 put
2168 2653 2181 2688 :
2214 2648 2336 2689 cum
2368 2634 2387 2664 ’
2410 2632 2511 2686 sub
2537 2630 2746 2687 casside
2774 2630 2953 2685 crines
2976 2631 3209 2686 nutritas
3238 2632 3457 2687 salutari
3488 2635 3642 2703 galea

2048 2742 2216 2784 sacrm
2244 2723 2513 2779 unctionis
2558 2722 2833 2786 indueret;
2865 2737 2985 2777 cum
3038 2722 3349 2779 intermisso
3405 2726 3639 2793 tegmine

2048 2819 2333 2875 loricarum
2363 2814 2694 2869 immaculati
2717 2825 2864 2868 artus
2892 2812 3053 2866 simili
3076 2814 3315 2869 candore
3347 2813 3639 2883 fulgerent.

2048 2908 2254 2975 Faciet,
2283 2906 2327 2960 si
2357 2904 2484 2976 quid
2514 2903 2759 2971 creditis,
2792 2918 2977 2974 regum
3009 2902 3423 2969 florentissime,
3457 2906 3640 2967 faciet.

2049 3001 2287 3067 inquam,
2320 2996 2756 3051 indumentorum
2783 2994 2882 3048 ista
2914 2994 3192 3061 mollities,
3217 3002 3274 3049 ut
3309 2993 3458 3051 vobis
3486 2997 3639 3052 dein-

2048 3105 2178 3160 ceps
2204 3091 2321 3158 pius
2343 3089 2518 3143 valeat
2544 3087 2687 3155 rigor
2715 3101 3023 3151 armorum;
3048 3094 3104 3141 et
3123 3086 3383 3156 quidquid
3409 3088 3641 3143 felicitas

2049 3197 2223 3253 usque
2253 3182 2357 3237 huc
2404 3178 2671 3249 praastitit,
2704 3176 2863 3232 addet
2908 3178 3031 3233 hinc
3086 3180 3369 3235 sanctitas.
3428 3179 3631 3235 Vellem

362 3279 492 3334 laeti
526 3278 864 3343 miraculum,
897 3279 1088 3331 noxius
1116 3277 1310 3345 pudor.
1360 3276 1436 3330 De
1463 3285 1577 3331 toto
1620 3276 1811 3345 priscre
1838 3277 1947 3331 ori-
1974 3262 2020 3326 C
2052 3289 2180 3329 vero
2205 3272 2489 3343 praeconiis
2516 3270 2709 3324 vestris
2749 3267 3001 3338 quiddam
3045 3270 3439 3326 exhortationis
3469 3273 3637 3327 adne-

360 3372 502 3441 ginis
542 3378 830 3425 stemmate
887 3370 1001 3424 sola
1053 3368 1333 3424 nobilitate
1378 3368 1634 3433 contenti,
1690 3370 1946 3439 quidquid

360 3460 540 3513 omnis
570 3469 745 3528 potest
772 3458 1037 3529 fastigium
1068 3458 1445 3528 generositatis
1491 3473 1708 3526 ornare,
1765 3474 1946 3528 prosa-

361 3554 465 3619 pia
493 3559 680 3604 vestra
710 3564 740 3604 a
766 3550 921 3604 vobis
950 3550 1194 3605 voluistis
1224 3564 1516 3619 exsurgere
1594 3549 1814 3604 Habetis
1846 3550 1944 3605 bo-

362 3654 556 3695 norum
578 3649 846 3706 auctores,
870 3639 1118 3696 voluistis
1147 3653 1271 3695 esse
1303 3640 1587 3695 meliorum
1612 3657 1624 3692 :
1663 3641 1950 3709 responde-

362 3732 665 3799 tisproavis
684 3732 1073 3802 quod_regnatis
1098 3730 1150 3784 in
1175 3730 1397 3795 seculo,
1423 3730 1687 3785 instruitis
1708 3740 1950 3799 posteros

361 3822 506 3892 quod
537 3823 770 3893 regnetis
800 3823 853 3876 in
884 3822 1041 3877 caelo.
1075 3820 1317 3877 Gaudeat
1342 3836 1474 3891 ergo
1501 3820 1719 3890 quidem
1747 3821 1773 3861 δ
1800 3822 1951 3879 Gra-

360 3912 442 3967 cia
476 3912 673 3967 habere
701 3926 760 3968 se
791 3912 1083 3983 principem
1111 3911 1244 3983 legis
1274 3922 1472 3970 nostra
1514 3915 1650 3971 :sed
1690 3929 1795 3971 non
1836 3912 1946 3981 jam

438 4052 477 4118 ξ
500 4043 823 4118 Francorum
877 4042 1169 4118 ad‘quem
1190 4042 1508 4101 Theoderici
1550 4062 1763 4117 quoque
1799 4049 1941 4118 regis

362 4114 531 4170 Italia:
560 4112 751 4185 duplex
783 4114 922 4185 apud
950 4112 1329 4185 Cassiodorum
1354 4126 1436 4169 est
1468 4112 1716 4185 epistola,
1743 4112 1884 4173 libro
1906 4134 1940 4172 ιι

365 4186 669 4255 Variarum,
694 4182 783 4247 6i,
806 4194 861 4238 et
890 4184 1026 4255 libro
1060 4200 1136 4255 tu,
1173 4184 1230 4247 Δ,
1254 4185 1345 4239 sed
1384 4182 1609 4255 utraque
1640 4188 1941 4244 Luduinutn

365 4265 542 4309 vocat.
589 4253 739 4308 Prior
778 4263 955 4308 autem
978 4254 1110 4327 huic
1158 4264 1355 4309 nostra:
1383 4253 1603 4327 suppar,
1654 4260 1698 4313 si
1735 4270 1945 4327 tempus

365 4330 642 4394 speetetur
665 4341 680 4381 ;
706 4328 901 4387 scripta
942 4325 1193 4378 videlicet
1216 4336 1335 4394 post
1368 4326 1647 4381 victoriam
1696 4325 1948 4383 Alaman-

364 4398 561 4459 uiuam.
605 4415 721 4465 qua:
761 4394 1036 4455 Clodoveo
1071 4398 1192 4452 fidei
1224 4395 1542 4450 Christianae
1571 4402 1785 4453 occasio
1818 4400 1941 4462 fuit,

2049 3374 2219 3430 clere,
2251 3363 2296 3417 si
2323 3360 2523 3431 aliquid
2545 3359 2631 3414 vel
2657 3358 2935 3413 scientiam
2963 3368 3200 3414 vestram
3228 3360 3310 3415 vel
3350 3363 3640 3419 observan-

2050 3455 2175 3509 tiam
2208 3453 2526 3523 prteteriret.
2570 3453 2816 3523 Nunquid
2847 3454 3006 3510 fidem
3056 3456 3291 3523 perfecto
3320 3459 3629 3527 praedicabi-

2049 3560 2191 3611 mus,
2220 3558 2377 3613 quam
2409 3553 2533 3598 ante
2559 3542 2944 3611 perfecuonem
2970 3546 3091 3601 sine
3124 3547 3479 3616 praedicatore
3507 3550 3641 3603 vidi-

2051 3639 2147 3693 stis
2170 3637 2191 3689 ?
2218 3653 2283 3689 an
2319 3634 2455 3690 forte
2485 3634 2863 3701 humilitatem,
2900 3650 3058 3706 quam
3092 3638 3203 3706 jam
3235 3638 3433 3692 dudum
3483 3639 3639 3693 nobis

2050 3728 2334 3785 devotione
2360 3726 2688 3795 impenditis,
2718 3728 2807 3797 qui
2841 3743 2983 3783 nunc
3022 3730 3252 3797 primum
3304 3730 3641 3799 professione

2050 3820 2293 3877 debetis?
2341 3834 2408 3873 an
2451 3818 2896 3884 misericordiam,
2948 3836 3108 3890 quam
3158 3821 3352 3876 solutis
3402 3839 3429 3875 a
3485 3825 3638 3878 vobis

2051 3912 2228 3967 adhuc
2251 3924 2420 3980 nuper
2450 3908 2677 3980 populus
2728 3908 2971 3976 captivus
3017 3912 3227 3979 gaudiis
3275 3913 3477 3967 mundo
3506 3913 3639 3968 iusi-

2115 4045 2145 4085 ι’
2178 4044 2515 4101 Anastasium
2542 4044 2673 4118 imp.
2703 4041 3246 4118 Chtjsttanumillnm
3273 4049 3512 4118 quidem,
3540 4053 3639 4107 sed

2046 4133 2152 4172 non
2184 4120 2315 4170 satis
2363 4115 2745 4169 orthodoxam.
2796 4114 2980 4170 Romae
3014 4132 3142 4171 vero
3169 4128 3223 4173 et
3269 4114 3321 4173 in
3355 4114 3504 4175 Italia
3529 4138 3624 4178 rex

2046 4187 2434 4256 Theodericus,
2470 4194 2521 4238 cl
2550 4185 2601 4238 in
2633 4183 2802 4238 Gallia
2829 4184 3251 4254 Wisigotharum
3280 4188 3549 4256 Alaricus,
3576 4202 3634 4248 et

2049 4255 2411 4333 Cundobadus
2449 4255 2924 4333 _Burgu_ndiunu_m,_
2971 4258 3151 4333 A_riani
3186 4274 3407 4333 prorsus
3454 4276 3636 4333 ermtt,

2048 4328 2287 4401 itemque
2302 4326 2484 4401 Suevi,
2514 4335 2569 4401 e_t
2597 4327 2640 4401 si
2672 4342 2761 4401 qut
2792 4326 2882 4383 alii
2909 4328 2965 4384 in
3000 4328 3288 4401 ﬂiSpania;
3319 4338 3370 4389 in
3416 4326 3641 4391 Germa;

2052 4400 2137 4471 nia
2163 4407 2343 4471 autem
2368 4396 2495 4454 etin
2524 4396 2817 4464 Britannia,
2842 4401 3018 4456 adhuc
3066 4396 3281 4471 pagani.
3310 4406 3376 4459 Ut
3418 4422 3523 4459 non
3558 4408 3642 4461 in-

366 4481 424 4524 et
443 4470 714 4542 b.-ptismi.
755 4470 905 4537 cujus
934 4476 1017 4522 Inc
1047 4484 1292 4542 pompam
1328 4469 1513 4525 Avitus
1542 4469 1937 4542 elegantissime
1976 4540 1998 4542 _
2050 4468 2175 4541 jurii
2199 4475 2326 4535 sint,
2358 4473 2448 4539 qui
2495 4472 2987 4538 pnstClodoveum,
3012 4468 3101 4541 qui
3137 4468 3348 4542 primus
3393 4478 3635 4531 omnium

364 4542 640 4595 describit.
672 4540 836 4593 Docet

366 4612 421 4682 i_n
462 4609 642 4677 vigilia
675 4610 864 4682 natalis
896 4608 1101 4662 Domini
1156 4609 1506 4682 celebratum,
1541 4608 1648 4665 non
1678 4616 1729 4665 in
1762 4609 1941 4682 vigilia

366 4680 619 4744 Paschze;
650 4680 788 4748 quod
820 4679 1136 4733 Hincmarus
1167 4678 1450 4735 Remensis
1479 4682 1613 4735 falso
1642 4683 1744 4737 sibi
1770 4678 1943 4739 et're-

364 4767 487 4805 rum
516 4762 818 4804 nostrarum
843 4750 1197 4818 scriptoribus
1224 4759 1579 4819 persuaserat.

436 4870 454 4942 ξ
479 4871 665 4942 Avitus
694 4870 745 4942 in
771 4867 869 4923 hac
897 4868 1121 4942 epistola
1165 4868 1425 4925 Clodovei
1467 4870 1792 4940 baptismum
1821 4886 1949 4942 gra-

363 4939 522 5011 phice
544 4937 873 5004 describens,
900 4938 1044 4994 haud
1061 4941 1307 5011 meminit
1332 4937 1581 5010 ampullm
1608 4937 1947 5011 ccelitus'de-

366 5009 548 5063 inissae
583 5011 1086 5085 _sac_ro_cnristnate
1130 5009 1385 5085 oppletas,
1427 5009 1544 5080 quo
1588 5010 1948 5085 Clodoveusa

366 5086 553 5153 sancto
578 5077 826 5153 Remigio
857 5077 1146 5153 perunctus
1170 5077 1334 5153 fuisse
1358 5077 1547 5153 fert—nr.
1597 5083 1781 5153 Neque
1814 5097 1947 5138 vero

364 5150 529 5204 ullam
573 5148 794 5217 hujusce
855 5147 932 5203 rei
984 5147 1314 5203 admirabilis
1370 5147 1707 5207 mentionem"
1750 5151 1942 5209 factam

364 5221 535 5293 fuisse
557 5214 813 5293 Gregorio
840 5218 1160 5293 Turonensi,
1185 5217 1507 5293 Fredegario
1531 5224 1759 5293 aliisque
1788 5230 1943 5278 vetu-

362 5288 619 5345 stioribus
675 5288 1000 5343 Francorum
1062 5289 1330 5343 historicis
1368 5288 1757 5360 comperimus.
1822 5293 1940 5360 Quo

365 5360 580 5427 quidem
608 5366 922 5429 argumento
938 5360 1197 5429 negativo
1224 5369 1442 5414 utuntur
1484 5363 1721 5417 nonnulli
1768 5364 1938 5419 critici

365 5428 811 5498 recentioresrad
859 5428 1158 5497 huiusmodi
1208 5429 1433 5498 prodigii
1459 5434 1739 5487 veritatem
1792 5435 1939 5487 infir-

368 5501 635 5553 mandam.
687 5497 878 5552 Verum
935 5501 1018 5553 his
1064 5500 1299 5554 occurrit
1358 5499 1418 5552 V.
1455 5500 1513 5553 C.
1550 5502 1649 5555 Dn.
1687 5503 1850 5557 abbas
1876 5504 1939 5559 de

376 5568 550 5623 Vertat
602 5571 654 5623 in
712 5568 1087 5624 dissertatione
1112 5570 1191 5622 sic
1217 5569 1509 5637 inscripta:
1545 5570 1622 5625 De
1667 5575 1719 5624 la
1770 5574 1938 5629 sainte

366 5640 616 5709 Amponle
672 5640 937 5709 conserves
976 5638 1009 5691 ὰ
1062 5638 1233 5693 Reims
1284 5656 1413 5709 pour
1462 5639 1519 5709 le,
1555 5658 1701 5695 suere
1744 5642 1808 5695 de
1844 5661 1935 5699 nos

369 5710 509 5764 Bois.
534 5708 719 5762 Exstat
737 5719 915 5762 autem
930 5708 1043 5763 haec
1066 5708 1370 5763 dissertatio
1398 5710 1448 5763 in
1464 5708 1623 5764 Mem.
1647 5712 1709 5763 de
1730 5713 1928 5769 l‘Acad.

866 4553 1044 4613 porro,
1076 4540 1503 4613 quodltaclenus
1541 4538 1938 4613 ignorabamus,
1974 4540 2019 4597 D
2050 4538 2104 4597 in
2134 4538 2386 4597 Ecclesia
2410 4542 2708 4613 catholicus
2760 4557 2852 4595 rex
2898 4538 3268 4613 fuit,'regihus
3312 4544 3640 4601 Francorum

2049 4614 2281 4683 primum
2313 4614 2453 4665 inter
2482 4612 2820 4665 Christianos
2853 4612 3137 4683 principes
3174 4615 3353 4671 locum
3405 4615 3491 4672 vel
3532 4616 3637 4672 hoc

2045 4682 2264 4739 nomine
2292 4682 2477 4737 deberi
2507 4689 2841 4737 asseverant.

2050 4870 2371 4926 Chimetios.
2412 4868 2522 4924 Hac
2564 4868 2692 4925 item
2733 4868 2803 4924 de
2840 4884 2901 4926 re
2945 4870 3108 4925 verba
3159 4869 3286 4925 facit
3333 4870 3641 4929 Hadrianus

2050 4940 2299 4997 Valesius
2329 4950 2461 4995 tom.
2493 4940 2512 4994 l
2543 4938 2664 4993 Rer.
2697 4938 2887 5012 Fratre.
2941 4939 3036 4994 lib.
3061 4957 3134 5012 vr,
3170 4956 3290 5010 pag.
3319 4940 3426 4997 260
3446 4954 3499 4997 et
3519 4958 3637 5012 seq.

2121 5014 2141 5042 ⁸
2174 5012 2503 5080 Francorum
2550 5024 2705 5079 reges
2734 5010 2976 5080 intonst
3024 5011 3314 5080 perhibent
3372 5010 3637 5070 historici.

2048 5080 2341 5151 Gregorius
2367 5077 2697 5151 Turonensis
2724 5078 2866 5151 Hist.
2900 5077 3098 5134 Franc.
3142 5082 3237 5135 lib.
3274 5097 3348 5146 vr,
3392 5097 3513 5151 cap.
3549 5082 3641 5149 24,

2046 5152 2117 5207 de
2144 5148 2495 5207 Gundovaldo
2522 5167 2536 5203 :
2568 5148 2692 5216 Hie,
2727 5150 2921 5219 inquit,
2953 5167 3067 5204 cum
3106 5160 3259 5206 natus
3292 5165 3419 5205 esset
3440 5148 3493 5205 in
3517 5148 3641 5207 Gal;

2048 5222 2157 5287 liis,
2182 5230 2227 5275 et
2247 5220 2483 5291 diligenti
2512 5235 2637 5273 cura
2681 5226 2924 5288 nutritus,
2976 5230 3032 5273 nt
3077 5237 3255 5291 regunt
3288 5223 3500 5276 istorum
3534 5240 3640 5277 mas

2046 5301 2140 5356 est,
2174 5292 2391 5345 crinium
2418 5291 2651 5359 flagellis,
2682 5306 2776 5359 per
2806 5301 2951 5359 terga
2980 5291 3236 5358 demissis,
3268 5306 3375 5347 etc.
3422 5292 3487 5346 Et
3535 5294 3629 5349 lib.

2044 5376 2158 5427 vin,
2201 5377 2319 5431 cap.
2374 5358 2461 5425 10,
2506 5358 2969 5431 de_Clodeyec’ho
3028 5363 3310 5417 interfecto
3348 5363 3631 5431 quemdam

2045 5426 2149 5486 ieta
2182 5426 2488 5486 narrantem
2515 5428 2748 5484 inducit:
2781 5426 2911 5484 Cum
2933 5433 3224 5497 ignorarem
3270 5426 3381 5495 ait,
3402 5435 3639 5501 quisnam

2043 5511 2193 5566 esset,
2215 5518 2247 5555 α
2262 5502 2469 5555 casuris
2492 5502 2922 5571 prolixecognovi
2946 5501 3358 5556 Cltlodovecltum
3386 5519 3513 5556 esse.
3544 5504 3640 5559 llis

2045 5586 2281 5627 consona
2322 5571 2487 5642 refert
2512 5570 2771 5642 Agathias
2798 5570 3164 5627 Scholasticus
3193 5572 3287 5642 lib.
3311 5588 3325 5626 ι
3358 5572 3421 5625 de
3444 5570 3638 5642 lmper.

2045 5653 2091 5696 et
2125 5641 2250 5696 Reb.
2274 5651 2403 5711 gest.
2433 5639 2631 5694 Justini
2655 5642 2780 5710 imp.
2820 5656 2939 5709 pag.
2974 5642 3199 5711 ligedit.
3228 5641 3397 5696 Paris.
3423 5639 3537 5709 Qua
3568 5650 3636 5699 ile

2043 5727 2104 5766 re
2132 5709 2327 5784 videsis
2360 5710 2517 5784 diem.
2564 5711 2631 5784 _de
2674 5709 2880 5784 (Acad.
2911 5712 3001 5767 des
3031 5709 3281 5777 Inscript.
3324 5722 3457 5769 tom.
3501 5712 3637 5784 Vill,

366 5780 454 5833 des
486 5779 728 5855 lnacript.
754 5778 999 5855 tom._ll._
1024 5793 1142 5847 pag.
1166 5779 1290 5855 619,
1330 5778 1933 5855 ἰιι-ι.ηυὶεᾳιιὶεἰιίοῃεηι
2040 5796 2161 5855 pag.
2196 5782 2324 5850 ‘87,
2356 5780 2486 5848 ωδ,
2510 5780 2641 5838 edit.
2676 5780 2815 5837 iit-4.

366 5862 575 5921 quoque
611 5848 675 5901 de
695 5849 932 5918 Ampulla
956 5846 1191 5903 Remensi
1222 5858 1375 5905 antea
1418 5846 1657 5907 ediderat
1698 5851 1782 5907 lo.
1813 5852 1928 5909 Jac.
