4154 6432
727 477 828 533 259

1993 463 2050 519 S.
2091 454 2271 512 AVITI
2313 451 2714 508 VlENNENSiS

3868 446 3972 498 160

727 592 871 650 nuat,
898 578 1146 649 lacrymis
1179 573 1319 629 Deo?
1350 572 1515 627 Unum
1543 581 1690 633 ergo,
1718 566 1858 632 quod
1907 567 2161 622 νειεειηιιε
2191 578 2282 616 au-

2394 560 2558 624 deus,
2588 559 2714 629 quid
2746 554 2956 610 assidue
3005 569 3293 625 cuperem,
3344 552 3432 607 vel
3477 567 3599 608 cum
3647 552 3972 623 possibilitas

727 674 870 742 geri:
901 679 960 725 ut
987 669 1108 738 quia
1135 666 1275 719 Deus
1309 669 1519 730 gentem
1551 668 1781 711 vestram
1813 672 1907 725 per
1948 673 2043 711 vos
2080 672 2143 710 ex
2177 663 2287 708 toto

727 778 875 818 suam
908 759 1084 824 faciet,
1112 751 1450 810 ulterioribus
1494 762 1705 816 quoque
1751 748 2002 816 gentibus
2057 759 2190 814 quas
2234 744 2287 796 in

728 851 954 906 naturali
984 847 1152 901 adhuc
1182 839 1470 910 ignorantia
1493 838 1807 892 constitutas
1833 837 1976 889 nulla
2007 849 2286 904 pravorum

733 942 1033 1009 dogmatum
1061 933 1294 1003 germina
1318 938 1671 996 corruperunt
1689 968 1704 988 ,
1757 929 1825 980 de
1851 927 1993 981 bono
2042 926 2289 979 thesauro

735 1032 892 1085 vestri
921 1025 1092 1081 cordis
1123 1021 1241 1074 iidei
1272 1019 1471 1073 semina
1508 1016 1818 1086 purrigatis;
1854 1030 1952 1070 nec
1992 1013 2193 1082 pudeat
2219 1012 2289 1078 pi-

733 1131 976 1189 geatque,
1006 1114 1164 1168 etiam
1185 1111 1402 1164 directis
1426 1111 1477 1162 in
1509 1123 1617 1162 rem
1647 1105 2028 1174 legationibus,
2056 1113 2292 1157 astruere

729 1216 912 1276 partes
937 1204 1055 1268 Dei,
1086 1201 1410 1270 qui.tantum
1437 1205 1640 1250 vestras
1666 1196 1858 1249 erexit.
1890 1196 2170 1260 Quatenus
2201 1207 2290 1244 ex-

729 1296 868 1352 terni
896 1307 1106 1364 quoque
1136 1289 1310 1360 populi
1342 1301 1687 1356 paganorum,
1711 1301 1808 1355 pro
1835 1286 2109 1354 religionis
2139 1283 2293 1336 vobis

732 1386 976 1455 primitus
1005 1381 1225 1451 imperio
1244 1377 1508 1440 servituri,
1529 1377 1653 1428 dum
1677 1375 1850 1430 adhuc
1871 1377 1924 1428 in
1946 1374 2080 1427 alios
2105 1373 2295 1426 viden-

733 1487 822 1532 tur
849 1477 1046 1530 habere
1072 1469 1476 1542 proprietatem,
1508 1468 1817 1521 discernant
1864 1467 2037 1535 potius
2082 1471 2291 1534 gentem

735 1581 893 1636 quam
926 1561 1239 1632 principem.
1265 1557 1419 1612 Nulla
1459 1557 1616 1625 igitur
1662 1557 1832 1624 patria
1884 1555 2035 1624 quasi
2080 1553 2294 1623 speciali

734 1656 861 1710 sede
889 1653 987 1708 sibi
1014 1651 1243 1705 vindicet
1282 1647 1403 1703 totis
1421 1662 1557 1716 quos
1587 1647 1846 1699 honorum
1862 1645 2114 1712 gradibus
2140 1645 2297 1698 attol-

733 1746 875 1800 litis:
905 1750 1115 1797 constat
1145 1755 1237 1794 vos
1258 1752 1400 1801 esse,
1430 1751 1534 1806 quo
1554 1735 1855 1790 communis
1891 1748 1998 1788 uno
2045 1735 2173 1790 solis
2212 1734 2296 1802 ju-

733 1837 860 1891 bare
880 1835 1058 1890 omnia
1081 1832 1441 1902 perfruuntur.
1475 1829 1654 1884 Vicina
1685 1828 1900 1897 quidem
1923 1828 2039 1896 plus
2064 1827 2297 1897 gaudent

2395 651 2656 720 permittit
2701 649 2892 717 allego.
2928 647 3034 702 Vos
3065 660 3207 702 nunc
3241 645 3661 701 clementissimo
3702 646 3973 699 communi

2395 741 2622 810 principi
2653 739 2776 810 quid
2821 737 3080 792 vellemus
3119 737 3364 792 asserite.
3400 734 3671 790 Insinuate
3719 733 3975 790 attentius

2391 832 2708 886 obedientia:
2737 831 3066 893 famulatum,
3096 841 3255 896 quem
3282 842 3421 882 nunc
3443 828 3494 882 in
3519 826 3802 896 obsequio,
3833 839 3974 879 sem-

2391 938 2488 990 per
2519 922 2776 976 habemus
2816 921 2867 973 in
2897 928 3041 972 voto.
3078 918 3356 986 Suggerite
3379 932 3443 972 ac
3475 917 3672 984 pariter
3699 928 3975 971 ccmmen-

2392 1014 2545 1074 date,
2579 1011 2645 1064 ab
2674 1019 2914 1063 amatore
2945 1023 3124 1062 vesrro
3146 1007 3343 1061 domno
3372 1018 3426 1060 et
3449 1016 3599 1075 patre
3631 1021 3753 1060 meo
3783 1005 3974 1074 imple-

2395 1114 2525 1168 tam,
2554 1118 2641 1156 me
2672 1100 3067 1164 intercedente,
3105 1099 3413 1168 principalis
3445 1098 3762 1151 reverentiae.
3777 1098 3973 1165 jussio-

2395 1210 2538 1249 nem.
2588 1194 2814 1248 Clientis
2864 1192 3027 1245 vestri
3083 1191 3181 1244 viri
3237 1190 3459 1245 illustris
3507 1188 3779 1243 Laurentii
3838 1183 3975 1242 Illius

2395 1285 2570 1339 studio
2599 1298 2720 1337 meo
2750 1282 2986 1336 redditus
3029 1281 3244 1336 additur
3283 1279 3509 1350 regioni.
3541 1279 3856 1334 Miseramus
3881 1281 3977 1332 du-

2397 1375 2521 1426 dum
2569 1372 2621 1424 in
2671 1381 2890 1439 parente
2935 1369 3192 1424 famulum
3224 1385 3238 1423 :
3270 1384 3400 1424 ecce
3444 1368 3728 1436 adjicimus
3769 1370 3821 1423 in
3869 1368 3976 1422 filio

2398 1459 2738 1514 famulatum.
2761 1460 2877 1526 Quo
2900 1474 3005 1513 uno
3027 1460 3175 1512 vobis
3200 1458 3425 1518 directo,
3453 1459 3683 1526 qualiter
3711 1472 3834 1512 cum
3859 1459 3976 1512 aliis

2397 1561 2585 1618 agatur
2617 1548 2899 1601 advertite.
2939 1547 3196 1616 Superest
3225 1553 3286 1600 ut
3315 1545 3566 1616 praefatus
3597 1546 3752 1601 miles
3779 1559 3974 1612 vester,

2397 1641 2549 1708 cujus
2577 1639 2755 1707 proles
2783 1648 2840 1694 et
2865 1639 2970 1692 illic
2987 1639 3175 1708 gratia:
3207 1646 3398 1693 vestrm
3437 1638 3744 1707 porrigitur,
3775 1647 3830 1691 et
3853 1637 3975 1692 hinc

2399 1731 2586 1799 patriae
2627 1739 2931 1784 reservtnr
2950 1770 2966 1794 ,
3007 1727 3412 1783 commendatus
3440 1728 3590 1782 vobis
3615 1729 3794 1784 studio
3822 1745 3974 1795 meo,

2400 1822 2517 1888 ipse
2547 1823 2884 1875 commendet
2911 1820 3054 1891 quod
3085 1822 3170 1876 vel
3199 1820 3268 1875 de
3294 1820 3438 1874 illius
3467 1819 3668 1874 sobolis
3687 1821 3977 1890 adeptione

735 1927 952 1991 lumine,
983 1924 1078 1978 sed
1098 1938 1209 1976 non
1235 1931 1418 1976 carent
1454 1918 1740 1974 remotiora
1790 1917 2013 1987 fulgure.
2047 1917 2290 1986 Quapro-
2324 1921 2368 1981 Β
2390 1912 2499 1982 jam
2526 1926 2762 1980 compos,
2795 1913 2876 1966 vel
2893 1912 2962 1967 de
2984 1913 3136 1966 istius
3161 1925 3280 1981 qua
3301 1911 3579 1966 nobiscum
3597 1911 3737 1966 redit
3759 1927 3980 1983 prospe-

735 2027 850 2087 ptar
876 2017 1078 2071 radiate
1117 2022 1428 2083 perpetuum
1463 2007 2160 2079 praesentibusdiademate,
2202 2009 2294 2061 ab-

733 2109 975 2164 sentibus
998 2104 1291 2174 majestate.
1325 2103 1616 2158 Successus
1638 2099 1868 2155 felicium
1903 2101 2294 2168 triumphorum

733 2216 867 2269 quos
897 2213 990 2268 per
1021 2210 1115 2250 vos
1143 2197 1288 2264 regio
1330 2194 1418 2247 illa
1468 2193 1625 2260 gerit,
1655 2199 1842 2245 cuncta
1890 2190 2293 2244 concelebrant.

732 2292 921 2359 Tangit
946 2289 1104 2343 etiam
1143 2301 1241 2340 nos
1269 2285 1495 2339 felicitas
1531 2299 1543 2334 :
1573 2276 1989 2351 quotiescunque
2029 2280 2138 2334 illic
2203 2294 2296 2348 pu-

729 2383 921 2450 gnatis,
951 2377 1229 2431 vincimus.
1258 2375 1395 2427 inter
1426 2373 1538 2426 haec
1564 2380 1739 2425 tamen
1764 2369 2041 2424 catholica:
2073 2369 2294 2438 religio-

731 2472 814 2526 nis
836 2469 1077 2523 an‘ecttrm
1124 2473 1304 2521 servat
1333 2467 1385 2518 in
1427 2464 1580 2518 vobis
1623 2477 1753 2516 cura
1803 2461 2134 2514 miserandi:
2163 2463 2293 2515 etin

729 2561 880 2630 apice
913 2573 1092 2614 rerum
1139 2556 1377 2611 omnium
1408 2554 1778 2624 gubernacula
1831 2555 2162 2618 continente,
2192 2567 2296 2607 non

732 2653 905 2704 minus
926 2649 1121 2702 eminet
1143 2647 1392 2700 sanctitas
1415 2658 1574 2712 quam
1596 2651 1852 2711 potestas.
1884 2643 1959 2696 Ex
1991 2657 2092 2712 qua
2117 2646 2296 2711 utique

731 2739 924 2793 factum
956 2747 1058 2800 est,
1091 2746 1147 2790 ut
1175 2734 1328 2801 dirigi
1372 2734 1439 2788 ad
1487 2748 1581 2787 vos
1610 2737 1747 2786 servi
1780 2733 1938 2786 vestri
1968 2741 1994 2768 ιι
2044 2733 2144 2786 viri
2176 2733 2296 2786 illn-

728 2831 853 2884 stris
891 2828 1158 2883 Laurentii
1212 2827 1376 2879 tilium
1427 2824 1708 2892 principali
1751 2824 1969 2878 oraculo
2014 2824 2292 2892 juberetis.

729 2919 879 2986 Quod
909 2917 1048 2987 apud
1077 2917 1330 2971 domuum
1364 2929 1564 2977 meum,
1599 2927 1707 2966 sum
1745 2913 1957 2981 quidem
2011 2914 2184 2983 gentis
2213 2929 2298 2966 re-

734 3023 878 3078 gem,
909 3005 1002 3061 sed
1035 3006 1260 3060 militem
1311 3016 1568 3067 vestrum,
1599 3003 1893 3058 obtinuisse
1923 3018 2008 3057 me
2048 3018 2294 3072 suggero.

731 3097 869 3154 Nihil
893 3099 1083 3166 quippe
1107 3108 1187 3150 est
1210 3097 1262 3149 in
1286 3111 1391 3164 quo
1420 3096 1625 3148 servire
1655 3109 1758 3148 non
1791 3103 1987 3162 potest.
2017 3093 2301 3148 Commen-

735 3190 825 3242 dat
854 3188 1146 3242 directum:
1176 3184 1436 3253 congaudi
1466 3184 1652 3250 misso,
1680 3183 1838 3236 invidi
1861 3197 1956 3236 vos
1975 3183 2179 3237 visuro.
2204 3184 2298 3238 Cui

2399 2004 2558 2057 ritate
2583 2017 2806 2057 securus
2835 2010 2937 2057 est.

2899 2092 3229 2148 EPISTOLA
3272 2092 3455 2148 XLIII.

2452 2201 2637 2238 Ανιτυε
2676 2199 2985 2238 νιεκκεκειε
3023 2199 3297 2239 ειηεοοιιυι
3333 2181 3360 2221 ἀ
3399 2201 3606 2242 εειειιο
3643 2202 3928 2244 εειυτοιιι.

2468 2272 2689 2328 Constat
2713 2291 2814 2327 non
2846 2275 3022 2328 minus
3046 2276 3298 2330 desiderii
3332 2277 3434 2330 mei
3457 2290 3580 2331 esse
3603 2294 3762 2347 quam
3793 2279 3981 2342 debiti.

2396 2372 2454 2418 ut
2474 2363 2648 2419 ofﬁcia
2678 2379 2798 2433 qua!
2830 2369 3021 2418 merito
3046 2366 3258 2435 inclytae
3290 2368 3635 2434 magnitudini
3654 2369 3802 2424 orbis
3822 2371 3984 2424 devoo

2396 2463 2484 2507 tus
2516 2454 2794 2520 impendit,
2823 2470 2851 2506 a
2874 2470 2962 2509 me
2989 2456 3076 2523 qui
3107 2455 3292 2521 gratiae
3313 2456 3431 2526 ejus
3443 2457 3552 2525 jam
3577 2447 3986 2515 dudum'videnr

2397 2543 2682 2612 obligatus,
2709 2545 2994 2612 specialius
3015 2545 3327 2599 excolantur
3353 2563 3367 2598 :
3395 2549 3624 2603 maxime
3645 2563 3766 2603 cum
3789 2565 3984 2620 oppor-

2401 2644 2582 2689 tunam
2616 2652 2756 2689 nuuc
2788 2631 3125 2694 occasionem
3169 2637 3322 2691 favor
3363 2639 3572 2693 divinus
3611 2639 3894 2703 obtulerit.
3927 2642 3984 2697 in

2401 2741 2504 2795 qua
2532 2727 2755 2794 imperio
2786 2728 3115 2782 celsitudinis
3156 2743 3267 2782 sua
3298 2731 3454 2798 plena
3496 2733 3784 2788 meruerim
3823 2735 3988 2790 devo-

2402 2817 2548 2870 tione
2577 2818 2802 2871 servire.
2833 2818 3168 2888 Quapropter
3195 2819 3419 2875 cultoris
3447 2823 3610 2876 vestri
3634 2824 3729 2878 viri
3759 2825 3985 2881 illustris

2401 2909 2670 2966 Laurentii
2697 2912 2883 2975 tilium,
2911 2928 3067 2981 quem
3091 2915 3154 2968 ad
3178 2918 3433 2970 mundum
3462 2931 3615 2971 suum
3637 2917 3792 2987 dirigi
3812 2919 3986 2988 jussio

2401 3003 2694 3056 reverenda
2740 3004 3025 3071 praecepit,
3077 3006 3484 3074 magniﬁcentia:
3523 3021 3720 3063 veStraa
3760 3015 3986 3079 prze'ato

2402 3091 2720 3160 largissimae
2780 3095 3053 3161 sospitatis
3110 3095 3314 3151 honore
3373 3099 3714 3156 commendo.
3779 3106 3987 3172 Angete

2403 3185 2582 3239 studio
2611 3184 2938 3240 defensionis
2978 3188 3121 3256 quod
3153 3188 3402 3242 voluistis
3449 3191 3630 3245 animo
3661 3192 3897 3260 pietatis.
3929 3193 3986 3246 In

729 3277 904 3331 minus
928 3275 1339 3342 computandum
1369 3283 1449 3326 est
1485 3273 1550 3326 ad
1587 3274 1887 3336 utilitatem,
1945 3274 2146 3335 parenti
2177 3289 2295 3343 pro-
2325 3253 2370 3316 (ἶ
2401 3277 2621 3340 regione
2644 3276 2845 3342 expetit
2875 3253 3109 3342 patrem.
3143 3278 3194 3330 in
3227 3278 3376 3331 vobis
3416 3253 3986 3348 reperiat-paternus-

732 3367 846 3436 prio
869 3365 1098 3429 restitui,
1135 3378 1292 3432 quam
1323 3363 1457 3431 patri
1483 3363 1718 3416 omnium
1752 3364 2080 3431 prassetitari.

1247 3472 1575 3530 EPISTOLA
1614 3471 1774 3527 XLll.

733 3587 797 3624 ita
835 3581 996 3622 mro
1038 3579 1282 3620 EPISCOPO
1319 3579 1545 3618 meum
1573 3562 1600 3600 δ
1631 3577 1724 3617 sua
1751 3577 1945 3618 NOIINB
1977 3577 2132 3618 boum
2163 3580 2213 3621 c.
2245 3581 2291 3620 s.

1086 3647 1109 3673 ο
1152 3652 1218 3688 AD
1257 3649 1576 3688 \‘I‘I’ALIANUII
1615 3648 1941 3687 SENATOBEI.

801 3728 1068 3794 Quantum
1102 3725 1333 3793 pertinet
1363 3723 1427 3776 ad
1461 3723 1674 3790 dignam
1715 3722 1898 3790 judicii
1944 3725 2104 3777 vestri
2161 3724 2297 3778 inte-

728 3819 973 3887 gritatem
994 3857 1007 3881 ,
1054 3828 1398 3884 quoscunque
1442 3813 1701 3865 honorum
1735 3812 2025 3881 privilegiis
2055 3815 2256 3882 erigitis
2276 3855 2290 3878 ,

730 3908 1001 3962 Romanos
1048 3915 1236 3975 putare
1265 3905 1492 3958 debetis.
1523 3903 1599 3957 Ex
1641 3903 1741 3956 hac
1779 3919 1905 3973 ergo
1935 3903 2154 3970 liducia,
2189 3922 2292 3959 non

728 3998 980 4052 convenit
1021 4006 1078 4051 ut
1122 4012 1185 4049 ex
1239 4004 1349 4049 toto
1396 3993 1682 4047 credantur
1720 3994 2005 4074 absentes,
2037 4010 2167 4063 quos
2192 3999 2290 4050 etsi

731 4088 896 4156 patria
920 4095 1153 4153 separat,
1176 4084 1364 4137 militia
1395 4091 1759 4152 repraesentat.
1791 4084 1938 4138 Unde
1957 4088 2096 4152 quod
2124 4088 2293 4140 solum

731 4177 916 4241 valeo,
947 4175 1038 4229 sed
1077 4176 1302 4227 uti-litate
1331 4171 1494 4227 ofﬁcii
1515 4175 1749 4226 animum
1776 4173 2074 4227 devotionis
2113 4185 2294 4228 osten-

798 4324 825 4354 ι
869 4315 940 4369 De
975 4328 1079 4381 quo
1128 4313 1314 4366 iterum
1364 4311 1414 4362 in
1465 4309 1667 4362 duabus
1717 4311 1975 4376 proximis
2024 4312 2286 4379 epistolis.

732 4387 879 4440 llunc
924 4385 986 4437 ad
1038 4390 1237 4451 patrem
1287 4383 1459 4434 redire
1509 4395 1637 4451 cum;
1678 4389 1904 4448 cuperet
1945 4383 2289 4447 Anastasius,

730 4449 1052 4509 Clodoveum
1088 4458 1488 4504 intercessorem
1519 4449 1788 4511 adhibuit,
1833 4461 1889 4502 ut
1933 4466 2052 4504 eum
2085 4466 2112 4503 a
2145 4453 2290 4506 Gun-

729 4524 935 4578 dobadu
959 4523 1396 4587 repeteret,_ajuid
1417 4534 1572 4587 quem
1600 4523 1838 4586 captivus
1871 4521 2048 4586 obses,
2069 4533 2124 4574 ut
2149 4538 2290 4588 reor,

734 4609 828 4665 pro
857 4602 1002 4665 patre
1033 4592 1330 4665 tenebatur.

803 4661 828 4700 δ
860 4657 958 4716 ’δίο
1002 4670 1058 4731 et
1103 4660 1153 4711 iu
1203 4657 1563 4731 epistolabd,
1593 4659 1684 4709 sub
1710 4661 1912 4731 nomine
1947 4659 2121 4712 damni
2157 4662 2289 4731 regis

732 4731 790 4785 C.
823 4731 918 4796 8.,
963 4730 1012 4782 id
1044 4740 1126 4781 eSt
1169 4728 1375 4780 Comitis
1420 4728 1762 4795 Sigistnuudi.
1799 4729 2115 4795 Sigismundi
2148 4728 2287 4784 enim

732 4806 871 4868 regis
899 4802 1111 4852 nomine
1140 4799 1388 4851 dictatam
1411 4835 1426 4857 ,
1446 4799 1693 4868 atquein
1725 4813 1784 4868 ea
1813 4796 1952 4864 loqui
1992 4799 2289 4866 Sigismun-

731 4864 876 4933 du'm,
911 4869 1030 4922 hinc
1050 4877 1285 4934 apparet,
1318 4867 1456 4934 quod
1490 4864 1873 4919 Gundobadum
1909 4864 2107 4932 patrein
2132 4885 2285 4924 suum

730 4949 915 5002 vocat,
948 4955 974 4990 a
1002 4952 1105 5006 quo
1136 4936 1430 5006 Anastasii,
1464 4947 1520 4988 ut
1549 4937 1746 5006 dictum
1778 4945 1890 5001 est,
1919 4937 1988 4989 de
2017 4937 2286 4994 Laurentii

733 5010 839 5062 filio
891 5008 1102 5073 impleta
1146 5005 1315 5058 fuerat
1353 5008 1543 5072 jUSle.
1582 5005 1793 5069 Quare,
1825 5008 1868 5058 si
1900 5012 2145 5061 comitem
2191 5011 2288 5064 hoc

731 5080 847 5132 loco
877 5079 1035 5138 dixit,
1067 5086 1124 5127 ut
1154 5077 1202 5126 in
1232 5075 1452 5142 epistola
1485 5075 1514 5126 7
1547 5078 1821 5142 patricium
1866 5076 2285 5144 Sigismundum,

731 5150 868 5201 inter
894 5156 1112 5201 caeteras
1141 5144 1370 5198 honor-es
1400 5144 1589 5212 quibus
1610 5155 1823 5198 exteros
1855 5160 2006 5212 reges
2026 5149 2287 5201 ornabant

730 5216 988 5280 Romani,
1037 5215 1336 5267 comitivam
1375 5228 1584 5282 quoque
1608 5215 1802 5268 deferri
1833 5216 2042 5269 solitam
2093 5219 2290 5272 intelli-

728 5289 955 5356 gendum
985 5293 1088 5337 est.

802 5366 823 5394 ο
858 5352 1121 5407 Patricioli
1168 5353 1328 5422 filium
1347 5352 1612 5423 ,AAsparis
1639 5363 1912 5421 nepotem,
1937 5355 2023 5423 qui
2053 5354 2170 5410 iidei
2199 5371 2286 5409 or-

729 5425 1004 5486 thodoxae,
1038 5421 1804 5492 synodiQueChalcedonensis
1839 5421 2046 5478 tuen-dte
2074 5428 2281 5490 stu-lin,

731 5505 786 5546 ut
809 5506 992 5547 auctor
1020 5491 1298 5546 estVictor
1335 5491 1699 5556 Tononensis,
1732 5496 1936 5546 hostem
1968 5509 2026 5548 se
2054 5500 2282 5547 Anasta-

733 5567 812 5616 sio
846 5565 1015 5631 palam
1047 5562 1318 5626 exbibuit;
1349 5570 1539 5614 etcum
1574 5560 1618 5614 is
1643 5563 1711 5615 de
1737 5561 1976 5628 Trisagro
2005 5566 2279 5628 insaniret,

768 5648 826 5684 ro
869 5646 936 5686 eo
983 5632 1268 5700 imperator
1313 5631 1634 5683 acclamatus
1682 5631 2177 5700 esl._Theopbanes
2228 5635 2280 5688 in

768 5648 826 5684 1⁵0
869 5648 936 5686 eo
983 5648 1268 5698 Imperator
1313 5648 1634 5683 acetamatus
1682 5648 1781 5684 881.
1840 5648 2177 5700 lueopuattes
2228 5651 2280 5688 ΠΙ

733 5648 1022 5772 Etrronico,
1053 5707 1152 5772 γτοῦ
1199 5698 1360 5770 ὄχλου
1411 5700 1766 5772 καταβοώντων
1797 5694 2144 5772 ’Δναστασίῳ,
2197 5709 2282 5759 καὶ

734 5767 873 5827 Nov
889 5769 1095 5843 βασιλὶρι
1115 5767 1404 5835 αἰτοῦὶτων,
1434 5770 1712 5843 Βιταλιᾳνόν
1737 5769 1791 5825 δέ
1815 5773 1979 5824 αὐτῶν
2009 5767 2279 5843 εὑφῆμούν-

733 5861 827 5898 ων
852 5838 1225 5911 «Graupium,
1255 5853 1554 5911 quanquam
1598 5841 1697 5896 boc
1734 5844 1998 5912 posterius
2025 5838 2282 5898 Marcelli-

2403 3370 2535 3416 ωσι.
2567 3362 2795 3416 Tuimini
2823 3365 2982 3418 etiam
3014 3379 3133 3419 cum
3171 3369 3316 3432 prole
3347 3380 3673 3437 susceptum.
3701 3371 3801 3438 Qui
3833 3372 3987 3427 vobis

2404 3450 2532 3506 licet
2555 3453 2684 3505 satis
2715 3453 2783 3507 sit
2811 3454 3024 3509 debitor
3051 3471 3147 3525 per
3172 3455 3465 3523 honorem,
3499 3460 3616 3527 plus
3645 3471 3822 3515 tamen
3855 3463 3987 3516 inci-

2410 3546 2520 3615 piet
2543 3547 2736 3600 debere
2759 3562 2852 3615 per
2881 3548 3118 3602 sobolem
3149 3567 3160 3601 :
3188 3551 3327 3618 quod
3361 3565 3454 3618 per
3482 3567 3576 3606 vos
3609 3557 3841 3621 potietur
3863 3571 3986 3623 pro-

2398 3637 2503 3704 prii
2545 3637 2766 3692 alfectus
2807 3639 3032 3706 solatio,
3081 3653 3526 3708 compensaturus
3563 3659 3686 3714 erga
3717 3661 3814 3698 vos
3852 3646 3984 3701 ail'e-

2399 3727 2593 3781 ctionis
2624 3728 3016 3796 experimento.
3053 3729 3128 3785 De
3157 3741 3354 3786 cmtero
3384 3742 3556 3786 autem
3581 3777 3596 3802 ,
3628 3749 3888 3804 quantum
3917 3738 3983 3792 ad

2397 3816 2583 3871 ﬁdeles
2607 3828 2818 3872 vestros
2842 3822 3093 3884 pertinet,
3120 3833 3479 3889 exspectatam
3500 3838 3714 3893 semper
3737 3829 3985 3894 cupimus

2391 3907 2712 3972 iussionem,
2746 3917 2994 3976 optamus
3021 3910 3340 3965 obedientia:
3372 3913 3698 3968 facultatem.
3725 3915 3830 3970 Vos
3862 3932 3986 3985 pro-

2399 4002 2526 4070 pitia
2554 4002 2834 4056 divinitate
2865 4013 3112 4070 praestate
3134 4045 3148 4068 ,
3180 4015 3239 4058 ut
3257 4004 3553 4059 Romanam
3583 4008 3682 4061 sub
3710 4009 3984 4075 gloriasis-

2403 4092 2542 4144 simo
2570 4092 2811 4158 principe
2841 4101 3028 4147 nostro
3061 4099 3466 4161 prosperitatem
3487 4135 3503 4156 ,
3551 4097 3603 4149 in
3650 4098 3804 4166 cujus
3831 4100 3984 4168 apice

2401 4181 2557 4249 digna
2591 4180 2807 4235 honoris
2836 4196 2964 4237 arce
2988 4181 3233 4253 fulgetis,
3266 4195 3371 4238 tam
3401 4187 3689 4242 serenitate
3714 4194 3984 4244 sermoiiis

2409 4332 2507 4370 nus
2550 4319 3360 4394 comes_Areobindai_tri_buit,
3409 4337 3511 4394 non
3541 4323 3830 4382 Vitaliann.
3883 4328 3980 4394 Qui

2409 4396 2617 4439 mortuo
2642 4389 2855 4440 tandem
2881 4390 3159 4442 Anastasio
3187 4389 3640 4458 Constantinopoli
3673 4397 3739 4446 ab
3767 4389 3981 4451 Justiim

2405 4468 2719 4535 revocatus,
2773 4472 2833 4509 ac
2881 4461 3130 4535 magister
3162 4461 3385 4513 militum
3439 4473 3494 4535 et
3538 4467 3724 4518 consul
3773 4470 3976 4535 collega

2324 4562 2374 4620 υ
2407 4526 2625 4620 liustico
2655 4538 2894 4620 creatus,
2925 4529 3150 4620 septimo
3187 4545 3369 4620 mense
3406 4533 3483 4620 sui
3517 4536 3829 4615 consulatus
3860 4526 3976 4620 vui-

2400 4598 2618 4649 neribus
2651 4596 2928 4667 confossus
2968 4601 3019 4648 in
3069 4601 3265 4664 palatio
3308 4600 3618 4655 interfectus
3646 4612 3758 4667 i-st,
3793 4606 3974 4659 indict.

2546 4676 2602 4718 ut
2632 4665 2966 4719 Marcellinus
2994 4667 3132 4722 idem
3163 4679 3340 4736 notat,
3370 4673 3468 4723 huc
3499 4681 3579 4725 est
3609 4665 3753 4726 anno
3779 4676 3976 4731 Christi

2459 4801 2489 4882 (ἦ
2521 4804 2716 4882 Eadem
2742 4813 3027 4882 tollenone
3053 4822 3156 4882 qua
3179 4806 3622 4882 Celei-[ejusdem
3654 4814 3819 4867 lilium
3852 4823 3967 4882 epi-

2390 4875 2524 4959 stola
2557 4875 2792 4959 §5ndixit
2818 4890 2911 4941 pro
2931 4875 3156 4957 Celeris,
3179 4879 3317 4959 quod
3341 4877 3511 4935 Graeci
3535 4897 3746 4950 quoque
3768 4875 3974 4959 sago:

2389 4944 2598 5019 dicunt:
2632 4945 2749 5019 Fuit
2781 4944 2865 4998 hic
2894 4946 3147 5019 magister
3175 4949 3472 5001 officiorum
3501 4991 3514 5014 ,
3551 4944 3719 5005 notus
3746 4944 3973 5019 expedi-

2389 5013 2534 5067 tione
2566 5014 2801 5077 Persica,
2834 5015 2955 5080 cui,
2988 5027 3039 5066 ut
3068 5015 3357 5082 PrOt‘Opltts
3389 5020 3478 5072 Iil).
3517 5035 3550 5072 tl
3580 5021 3798 5082 scribit.
3825 5013 3972 5079 inter

2389 5092 2620 5169 caeteros
2644 5084 2807 5169 duces
2844 5084 3053 5168 praefuit
3079 5093 3178 5139 τῶν
3218 5087 3280 5169 ἕν-
3309 5089 3540 5169 παλατξῳ
3571 5098 3851 5163 ταγμάτων
3880 5099 3973 5169 ἀρ-

2391 5155 2554 5222 χηγὸς
2584 5155 2761 5275 Κέλερ.
2793 5157 3068 5233 Mra/torpes
3096 5165 3329 5228 Ῥωμαῖοι
3357 5165 3446 5216 τήν
3473 5155 3851 5234 ἁρχὴιίὶωιλιῖν
3894 5155 3971 5219 v't-

2391 5235 2663 5275 voufzaa'w.
2697 5245 2711 5275 t
2742 5235 2862 5275 otus
2893 5235 2947 5275 et
2989 5226 3298 5275 dlscritnine
3340 5228 3478 5275 nuud
3524 5231 3685 5275 adit-
3733 5251 3856 5275 mn...
3905 5236 3967 5275 ml

2387 5235 2663 5294 νρμίιασιν.
2697 5226 2862 5276 Notus
2893 5235 2947 5276 et
2983 5226 3298 5280 'discrittiille
3340 5228 3478 5294 quod
3508 5226 3587 5282 'ati
3615 5231 3687 5294 it,
3733 5251 3857 5287 cum
3904 5236 3969 5288 ad

2387 5292 2702 5365 placandum
2738 5295 2987 5360 populum
3012 5294 3233 5362 'l'risagii
3257 5292 3418 5350 causa
3449 5292 3748 5365 ell‘eratum,
3775 5305 3966 5357 missu.

2390 5375 2490 5413 ess-
2515 5372 2533 5413 t
2563 5361 2629 5414 ab
2661 5365 2980 5426 Anastasio,
3024 5373 3082 5416 ut
3128 5361 3460 5421 Marcellinus
3498 5382 3679 5424 comes
3713 5361 3763 5424 iu
3796 5372 3968 5427 Cliroo

2389 5431 2508 5483 nico
2540 5442 2750 5495 narrat,
2783 5433 2944 5486 Paulo
2972 5442 3026 5487 et
3054 5433 3360 5488 Musoniano
3389 5451 3529 5491 coss.
3554 5439 3660 5493 Sed
3693 5452 3747 5494 et
3776 5456 3969 5496 coiisu~

2387 5499 2700 5579 Eltllphclllﬂ
2737 5501 2995 5579 Yenautio
3046 5503 3244 5579 Liberii
3295 5506 3402 5559 lilio
3444 5505 3687 5579 celerem
3737 5518 3966 5579 gessisse

2387 5567 2530 5622 Fasti
2563 5569 2720 5624 fidem
2748 5571 2969 5637 faciunt,
2999 5584 3053 5627 et
3082 5574 3338 5642 bonarum
3366 5576 3592 5642 partium
3617 5567 3782 5634 fuisse
3806 5567 3968 5637 tests-

2387 5647 2471 5692 tur
2490 5679 2506 5704 ,
2528 5649 2645 5716 tum
2680 5641 2974 5716 ﬂortnisdae
3001 5641 3335 5716 ad_Cele_rem
3357 5646 3584 5716 epistola
3611 5647 3715 5714 54,
3749 5662 3859 5706 tum
3888 5653 3965 5707 al-

2384 5719 2504 5788 tera
2521 5709 2724 5765 Celeris
2755 5711 2920 5788 ipsius
2956 5712 3025 5768 ad
3050 5709 3485 5772 Hormisdam'de
3511 5731 3646 5788 pace
3672 5709 3818 5778 inter
3856 5721 3966 5779 Ec-

2382 5778 2572 5836 clesias
2598 5785 2914 5850 composita.
