4190 6476
266 542 372 603 ‘26!

268 756 591 813 agnoscere.

787 825 1121 884 EPISTOLA
1162 824 1344 879 XLIV.

344 939 494 980 νιτυε
533 934 841 977 υιῑκιιεαειε
878 927 1233 991 εριεεοιιυεδι
1276 931 1453 971 DOINO
1492 929 1825 971 SIGISIUNDO.

338 1016 395 1073 Si
427 1013 802 1084 utdignamiui
828 1012 1058 1069 credere
1094 1012 1237 1080 loqui
1281 1024 1528 1079 possem,
1570 1011 1874 1079 importune

265 1119 378 1165 ttnn
404 1109 747 1178 obstreperet
789 1106 994 1163 Graecis
1041 1107 1263 1161 auribus
1302 1121 1483 1161 sermo
1534 1106 1775 1161 Latinus.
1805 1106 1875 1160 At

264 1216 388 1256 cum
414 1203 466 1255 in
496 1202 673 1271 lingua
700 1211 881 1256 nostra
912 1200 1011 1253 hoc
1052 1199 1224 1269 magis
1260 1199 1534 1252 abiturum
1567 1200 1638 1253 sit
1669 1198 1871 1253 intelli-

263 1292 450 1360 gibile,
484 1294 627 1360 quod
656 1290 835 1345 minus
874 1288 1043 1343 fuerit
1070 1288 1403 1357 espolitum;
1439 1289 1490 1342 in
1516 1288 1706 1343 litteris
1732 1304 1869 1359 quas

272 1398 371 1453 per
390 1398 709 1438 conseri-um
734 1397 911 1436 meum
944 1380 1123 1435 oﬂ‘erri
1153 1382 1489 1451 przecepistis
1510 1421 1523 1445 ,
1566 1390 1791 1449 possunt
1819 1385 1873 1435 et

272 1475 400 1527 vitia
431 1490 551 1528 cum
588 1473 877 1528 securitate
905 1472 1116 1525 dictari.
1153 1472 1254 1540 lpsi
1287 1478 1435 1526 certe
1464 1469 1593 1539 quid
1640 1470 1872 1524 velimus

274 1566 458 1621 dicere
481 1580 801 1636 quocunque
826 1572 1135 1620 scrutentur
1162 1566 1482 1633 inti-rprete,
1505 1579 1605 1632 ego
1626 1563 1680 1617 in
1708 1564 1870 1618 atl'atu

264 1671 529 1713 consueto
549 1659 860 1730 dignatione
899 1659 1017 1727 plus
1038 1696 1053 1721 ,
1084 1660 1129 1711 si
1160 1656 1265 1711 dici
1299 1666 1512 1726 potest,
1545 1671 1705 1726 quam
1744 1655 1869 1724 piis-

264 1755 388 1807 simi
434 1753 617 1806 domni
665 1736 1037 1820 experimento
1069 1751 1460 1818 interpretante
1509 1749 1759 1818 cognovi.
1796 1748 1872 1801 De

264 1846 513 1911 reliquo,
571 1840 819 1896 Christus
864 1840 1016 1895 vobis
1070 1855 1169 1909 pro
1225 1839 1624 1909 perseverantia
1681 1842 1871 1909 gratias

258 1948 421 2002 quam
463 1934 829 2001 peculiaribus
869 1935 1042 1987 servis
1071 1933 1332 1996 servatis,
1368 1932 1539 1985 vicem
1584 1930 1864 1999 rependat.

1672 527 2006 583 EPISTULA
2054 526 2210 583 XLV.

269 650 484 723 augusti
506 692 522 717 ,
552 662 713 718 quam
747 642 1022 719 dignitatis
1054 648 1246 699 vestra:
1269 638 1537 710 rescn'pto
1568 653 1877 694 mereamur
1903 648 1950 703 Α
1982 654 2121 703 sum,
2157 654 2375 692 manum
2404 650 2661 703 vestram,
2692 652 2797 708 qua
2832 651 2979 706 pius,
3010 647 3287 706 paternam
3315 638 3583 695 declama-

2609 59 2618 64 ⁵
3185 63 3400 76 .-μενά-..ωε-
3429 67 3550 79 ...ηδ-η
4093 67 4114 76 ,ρ

1980 730 2212 795 tionem,
2263 743 2367 801 qua
2414 730 2684 793 maxime,
2738 730 3133 784 haereditariam
3173 729 3581 799 benignitatem.

1972 819 2285 890 Scripsistis
2325 821 2507 889 igitur,
2542 818 2757 873 Christo
2802 828 3127 890 prastante,
3160 819 3269 888 jam
3319 820 3577 887 reduces,

1973 912 2157 967 omnia
2193 921 2303 966 tuta
2334 927 2487 980 esse,
2536 913 2791 981 circaque
2844 925 2940 967 vos
2985 911 3349 981 dignationem
3397 912 3581 969 domui

1978 1003 2121 1073 regis
2148 1003 2350 1058 Alarici
2384 1004 2607 1057 illaesam
2638 1012 2693 1058 et
2719 1004 3001 1072 pristinam
3033 1019 3375 1071 permanere.
3402 1005 3584 1071 Quasi-

1976 1110 2135 1164 quam
2166 1109 2270 1163 ego
2296 1110 2583 1161 censeam,
2615 1095 2757 1165 quod
2790 1104 2912 1164 post
2939 1111 3316 1165 quamcunque
3349 1097 3584 1150 nutatio-

1975 1201 2135 1252 nem,
2185 1188 2357 1255 gratia
2406 1186 2593 1240 talium
2644 1201 2999 1255 personarum
3047 1188 3117 1241 ita
3148 1189 3265 1243 sine
3292 1201 3582 1257 augmento

1976 1292 2081 1333 non
2115 1279 2380 1344 redditur,
2407 1280 2547 1334 sicut
2576 1281 2695 1333 sine
2727 1280 2968 1349 periculo
3004 1294 3109 1335 non
3142 1280 3349 1335 finitur.
3382 1280 3583 1334 Volunt

1974 1373 2119 1426 enim
2146 1373 2297 1442 quasi
2332 1372 2650 1427 satisfacere
2681 1372 3004 1427 innocentia:
3035 1374 3323 1437 lacessitzc,
3360 1383 3583 1440 tumque

1974 1463 2181 1534 eligunt
2210 1463 2510 1519 credidisse
2540 1478 2662 1519 cum
2687 1474 2920 1518 cernunt
2949 1481 2961 1517 ε
2993 1472 3049 1519 et
3082 1466 3161 1518 sic
3189 1466 3269 1519 eis
3298 1466 3580 1519 conscien-

1978 1554 2048 1607 tia
2077 1564 2263 1609 nostra
2296 1553 2514 1621 sufficit,
2549 1554 2593 1608 si
2624 1554 2851 1609 scientia
2880 1570 2977 1610 sua
3010 1557 3165 1610 testis
3200 1556 3431 1611 accedit.
3472 1556 3583 1626 Ego

1976 1655 2154 1699 tamen
2185 1645 2374 1699 nuntio
2400 1654 2620 1711 vestrae,
2644 1646 2753 1699 imo
2782 1656 2982 1700 nostra:
3008 1646 3311 1701 securitatis
3334 1656 3581 1715 accepto,

1974 1750 2101 1791 ecce
2144 1736 2257 1792 Deo
2305 1744 2443 1791 teste
2492 1737 2706 1807 loquor,
2755 1737 2807 1793 in
2850 1737 3119 1810 lacrymas
3159 1740 3354 1792 mixtas
3384 1739 3583 1792 laetitia:

1975 1829 2375 1895 praeteritorum
2430 1828 2811 1883 recordatione
2856 1828 3100 1896 prorupi.
3146 1830 3399 1882 Animum
3430 1844 3584 1883 nant-

1973 1933 2099 1985 que,
2126 1928 2182 1973 ut
2208 1920 2281 1973 ait
2310 1928 2490 1974 vester
2524 1926 2677 1988 poeta
2705 1919 2948 1991 (Αἰνεία.
2982 1920 3073 1992 ιι),
3106 1920 3267 1975 subiit
3293 1924 3401 1976 cari
3434 1923 3584 1991 geni-

260 2026 414 2092 ρηηά
465 2028 626 2078 eum"
676 2025 729 2079 in
760 2026 866 2081 hoc
898 2026 1017 2093 ipso
1062 2024 1407 2077 εαοιεεοεηιο
1437 2037 1593 2091 quem
1638 2023 1867 2091 (ﬁl-ignis
1902 2018 1945 2077 Β
1975 2012 2106 2066 toris
2136 2012 2333 2082 imago,
2366 2023 2424 2065 ut
2456 2012 2715 2067 memoria
2740 2015 3055 2081 retractavi,
3086 2029 3257 2083 usque
3278 2016 3344 2068 ad
3370 2026 3583 2068 nostras

260 2115 368 2170 tale
395 2126 745 2180 monstratur,
788 2116 915 2169 dum
961 2115 1263 2183 cogitantes
1311 2115 1363 2168 in
1408 2124 1602 2169 neutro
1649 2116 1864 2183 quidem

259 2220 457 2260 cumini
482 2206 632 2274 dum,
662 2208 755 2261 scd
790 2206 842 2260 in
885 2216 1118 2275 utroque
1160 2205 1500 2272 mercedem,
1534 2208 1683 2273 quasi
1716 2208 1867 2261 vobis

254 2299 502 2351 nutristis
526 2297 731 2363 hlium,
762 2307 815 2352 et
846 2299 998 2367 quasi
1030 2301 1163 2366 patri
1190 2297 1416 2352 redditis
1445 2298 1730 2352 nutritum.

794 2408 1127 2464 EPISTULA
1168 2408 1330 2461 XLV.

331 2513 519 2553 Ανιτυε
582 2512 890 2552 VIENNBNSIS
941 2514 1220 2552 EPISCOPUS
1274 2497 1301 2536 δ
1362 2515 1485 2554 νιηο
1542 2516 1793 2555 ιιιυετιιι

892 2585 1233 2623 APOLLINARI.

335 2664 433 2717 Din
465 2673 545 2718 est
611 2663 653 2717 si
684 2674 774 2717 aut
801 2664 965 2718 verbo
995 2678 1117 2719 meo
1147 2664 1400 2731 creditis,
1445 2675 1535 2718 aut
1574 2666 1641 2720 de
1672 2664 1865 2723 affectu

261 2768 450 2809 ntutuo
492 2757 649 2825 digna
697 2758 948 2823 sentitis,
998 2756 1141 2825 quod
1192 2757 1401 2811 litteras
1448 2758 1655 2826 aliquas
1700 2759 1863 2811 vestri

258 2861 477 2901 sumere
504 2848 842 2907 desiderans,
870 2849 987 2916 plus
1010 2856 1189 2902 tamen
1222 2848 1381 2900 ofﬁcii
1408 2850 1509 2901 mei
1542 2848 1739 2902 oll‘erre
1773 2865 1866 2902 cu-

260 2939 493 3007 piebam,
536 2942 678 3010 quod
713 2943 762 2994 in
794 2956 1019 3010 persona
1053 2956 1262 3005 veSIra,
1296 2944 1569 2997 dilcctioni
1598 2946 1861 3011 primum,

252 3027 450 3084 deinde
480 3032 895 3095 nt'cessitudini,
928 3033 992 3085 ad
1026 3032 1274 3085 ultimum
1314 3033 1557 3101 dignitati
1598 3049 1625 3085 a
1658 3050 1744 3088 me
1769 3036 1865 3090 de-

254 3121 473 3177 bentur.
530 3123 645 3176 Non
703 3139 919 3192 semper
965 3124 1228 3177 debemus
1285 3126 1664 3179 occasionibus
1715 3141 1863 3180 com-

257 3224 533 3267 meantium
588 3216 845 3267 solvenda
894 3217 1236 3269 committere
1278 3230 1292 3268 :
1338 3218 1461 3283 quia
1491 3216 1614 3269 licet
1643 3226 1696 3270 et
1746 3217 1861 3287 ipsa

257 3304 416 3357 nobis
462 3306 833 3372 opportunitas
880 3308 1200 3373 portitorum
1247 3315 1466 3375 propter
1508 3306 1860 3372 frequentiam

1973 2102 2272 2169 quamlibet
2302 2103 2505 2173 dispari
2554 2104 2894 2173 professione
2940 2119 3237 2173 personas,
3291 2106 3581 2174 quamdam

1976 2203 1999 2231 ε
2035 2203 2316 2262 parentum
2348 2203 2717 2249 communium
2770 2204 2973 2249 sortem
3018 2196 3289 2264 parilitate
3338 2198 3581 2250 laborum

1973 2284 2174 2339 invidia
2206 2299 2540 2356 exsequente
2574 2286 2818 2357 perduci.
2847 2287 2937 2341 llla
2967 2298 3144 2342 tamen
3173 2292 3223 2343 in
3246 2288 3340 2343 Dei
3366 2291 3583 2343 nomine

1971 2378 2131 2432 etiam
2159 2378 2315 2433 nobis
2344 2381 2614 2448 suppetit,
2648 2395 2769 2447 qua:
2800 2380 2907 2433 illis
2932 2380 3235 2435 consolatio
3265 2381 3362 2435 fuit
3394 2400 3405 2433 :
3434 2384 3577 2447 quod

1973 2479 2086 2523 toto
2114 2470 2435 2523 aemulorum
2468 2470 2620 2536 nisu,
2679 2478 2793 2523 toto
2838 2471 3297 2525 circumlatrantis
3345 2473 3581 2541 undique

1970 2561 2153 2615 livoris
2185 2563 2343 2615 dente
2376 2569 2575 2616 tentata
2598 2601 2613 2623 ,
2653 2564 3080 2631 quotiescunque
3103 2566 3283 2629 appeti
3318 2565 3429 2616 visa
3454 2576 3535 2618 est
3560 2606 3574 2628 ,

1970 2654 2331 2708 criminationi
2380 2652 2649 2722 subjacttit
2702 2650 2902 2706 familia
2952 2665 3168 2719 nostra,
3202 2671 3305 2706 nott
3342 2656 3578 2712 crimini.

1971 2745 2236 2809 Quoniam
2279 2745 2322 2796 si
2363 2759 2458 2797 vos
2489 2758 2517 2795 a
2563 2752 2717 2812 patre
2760 2754 2940 2797 vestro
2974 2743 3243 2798 Archadio
3274 2745 3537 2800 didicistis
3562 2788 3577 2813 ,

1970 2838 2145 2888 virum
2177 2837 2377 2888 ὅπουῗο
2400 2834 2720 2888 militantem
2753 2836 2929 2888 minus
2962 2839 3103 2888 inter
3126 2850 3275 2889 arma
3306 2852 3465 2904 quam
3496 2839 3578 2889 in-

1972 2937 2055 2981 ter
2093 2927 2343 2997 obloquia
2390 2928 2717 2993 periclitari;
2754 2941 2854 2981 nec
2884 2942 2985 2995 ego
3027 2942 3215 2994 parum
3264 2929 3505 2995 exempli
3550 2943 3578 2985 a

1970 3016 2195 3072 Sidonio
2224 3032 2346 3071 meo
2376 3031 2532 3084 quem
2566 3027 2773 3085 patrem
2802 3032 2998 3070 vocare
3028 3032 3133 3069 non
3165 3017 3340 3071 audeo
3360 3058 3375 3080 ,
3404 3034 3574 3086 quan-

1970 3120 2081 3162 tum
2113 3110 2343 3164 clericus
2389 3112 2592 3178 perpeti
2637 3111 2811 3178 possit
2858 3124 3099 3163 assumo.
3134 3109 3397 3175 Quocirca
3451 3112 3577 3179 illud

1973 3201 2233 3255 Divinitas
2266 3202 2486 3266 tribuat,
2521 3214 2575 3257 ut
2602 3203 2757 3256 nobis
2781 3218 2940 3269 quam
2967 3217 3163 3255 novum
3196 3216 3303 3255 non
3328 3214 3409 3255 est
3455 3204 3576 3256 talia

1970 3293 2131 3360 objici
2157 3335 2169 3355 ,
2203 3303 2309 3347 tam
2350 3310 2449 3349 nos
2482 3295 2626 3347 nulla
2662 3295 2876 3347 novitas
2904 3294 3099 3347 merito
3131 3294 3286 3347 faciat
3313 3298 3576 3348 accusari.

252 3396 454 3450 debeat
478 3412 599 3450 0,58
626 3401 803 3450 νοιίνε
828 3441 841 3460 ,
875 3414 1095 3453 necesse
1126 3409 1303 3455 tamen
1342 3412 1423 3454 ρει
1454 3410 1512 3454 ιη
1538 3402 1622 3455 ma
1656 3403 1858 3458 εοιιεα,
1887 3388 1933 3448 C
1968 3382 2071 3438 Sed
2098 3385 2324 3439 desistat
2356 3401 2497 3438 nunc
2529 3387 2728 3439 laetitia
2772 3398 3018 3455 tempoie
3040 3428 3053 3446 .
3087 3388 3467 3441 amaritudinis
3512 3403 3576 3441 ex

254 3488 387 3540 tudo
419 3490 715 3554 prmcellat,
747 3503 867 3552 qua:
889 3504 947 3542 se
993 3491 1232 3556 appetitu
1263 3491 1510 3557 proprio,
1540 3493 1657 3545 sine
1686 3494 1855 3546 ister—

252 3586 418 3629 ventn
442 3580 630 3631 alii-me
656 3580 994 3633 necessitatis
1020 3580 1272 3633 insinuat.
1300 3581 1469 3647 Hujus
1495 3582 1735 3651 obsequii
1770 3599 1857 3638 me

251 3669 545 3721 ohnoxium
591 3670 809 3735 sciens,
852 3670 1135 3723 intercludi
1194 3670 1612 3725 redhibitionem
1660 3674 1859 3739 justam

252 3760 452 3827 injusto
480 3762 742 3815 obstaculi
776 3763 1158 3830 pr'vpedientis
1180 3764 1334 3817 obice
1373 3762 1694 3831 jamdudum
1726 3767 1860 3819 taci-

259 3862 343 3905 tus
374 3852 811 3919 ingemiscebam.
844 3852 1170 3907 Pervenerat
1211 3855 1444 3922 quippe,
1486 3870 1589 3909 non
1619 3855 1683 3908 ad
1716 3857 1857 3909 noti-

251 3956 274 4001 t
297 3962 380 4000 am
416 3948 824 4009 tantummodo,
856 3950 949 4002 sed
986 3947 1051 4001 ad
1081 3948 1394 4002 mmstitiam
1450 3958 1719 4010 nostram,
1752 3950 1861 4001 dis-

252 4037 413 4105 positi
450 4037 628 4091 funtus
659 4037 930 4101 incendii,
962 4036 1103 4104 quod
1156 4049 1399 4090 sanctam
1448 4051 1508 4091 ac
1557 4037 1855 4105 simplicem

254 4129 622 4182 innocentiam
648 4139 904 4193 vestram,
934 4127 1081 4180 velut
1106 4126 1175 4180 de
1204 4127 1379 4179 etietis
1401 4127 1698 4193 cineribus,
1728 4142 1860 4181 con-

250 4216 452 4286 juratio
509 4218 810 4285 procellosa
868 4219 1041 4271 ventis
1092 4217 1445 4270 mendacibus
1497 4218 1754 4283 sufﬂans,
1808 4222 1857 4273 in

252 4322 470 4361 cassum
504 4323 727 4363 movere
769 4316 1090 4362 tentaverat.
1138 4308 1218 4362 Ub
1250 4323 1408 4376 quam
1451 4324 1668 4361 causam
1702 4326 1860 4365 vere-

255 4397 449 4452 bamur
505 4402 792 4454 anxietatis
837 4412 1036 4454 vestrae
1088 4401 1357 4454 sarcinam
1416 4412 1542 4455 voto
1590 4401 1861 4458 libaminis

252 4504 548 4559 aggravare
570 4532 583 4557 ,
618 4502 669 4545 et
708 4492 957 4546 maeroris
985 4503 1331 4561 augmentum
1366 4508 1462 4560 pro
1490 4496 1861 4551 consolatione

254 4582 646 4636 transmittere.
698 4582 810 4637 Sub
868 4581 1026 4651 hujus
1081 4597 1211 4651 ergo
1268 4583 1631 4650 ambiguitatis
1676 4587 1860 4639 nubilo

250 4674 472 4727 confusa
509 4674 913 4741 exspectatione
947 4672 1307 4742 pendentibus
1331 4716 1345 4740 ,
1379 4676 1585 4728 litteras
1610 4687 1818 4730 vestras
1840 4718 1855 4740 ,

1967 3478 2372 3545 Opportunitate
2400 3492 2582 3531 sermo
2616 3479 2971 3542 perstrictus:
3010 3478 3137 3545 quin
3172 3479 3349 3545 potius
3378 3480 3576 3546 ineptia

1968 3568 2209 3621 vacantis
2252 3568 2492 3622 audacia:
2526 3568 2669 3622 unde
2697 3569 2919 3623 rideatis
2964 3569 3239 3623 exhibeat.
3295 3571 3434 3623 Ante
3479 3571 3577 3622 ali-

1967 3669 2097 3728 qnot
2123 3674 2337 3713 menses
2365 3660 2518 3714 datas
2544 3661 2609 3713 ad
2643 3662 2876 3714 amicum
2911 3662 3198 3729 quemdam
3232 3676 3575 3715 communem

1970 3753 2387 3821 magnificentia:
2419 3762 2610 3806 vestra:
2640 3754 2848 3805 litteras
2883 3750 3015 3815 vidi,
3040 3753 3233 3820 quibus
3251 3753 3576 3807 salutatione

1967 3844 2220 3915 praefata,
2274 3844 2326 3897 in
2378 3845 2621 3915 epistola!
2676 3845 3044 3898 declamantes
3088 3854 3241 3912 parte
3286 3844 3573 3908 succidua,

1967 3937 2290 3991 scribeliatis
2323 3936 2347 3972 ἀ
2385 3939 2651 4005 placuisse
2680 3939 2831 3990 vobis
2865 3938 3109 4001 libellos,
3150 3951 3284 4005 quos
3312 3936 3454 3991 inter
3484 3953 3575 3990 occ

1964 4031 2276 4099 cupationes
2319 4031 2458 4083 seria
2505 4040 2558 4082 et
2610 4031 2779 4098 magis
2810 4028 3118 4083 necessaria
3150 4029 3568 4098 conscribendi,

1965 4124 2311 4176 nihilominus
2341 4134 2518 4175 tamen
2549 4124 2615 4175 de
2641 4122 2900 4191 Spiritalis
2946 4122 3186 4175 historian
3214 4123 3381 4191 gestis
3412 4124 3572 4175 etiam

1966 4215 2083 4283 lege
2109 4219 2368 4281 poematis
2394 4214 2515 4269 lusi.
2555 4214 2649 4267 llic
2684 4229 2824 4267 nunc
2850 4213 2979 4266 nihil
3016 4213 3153 4267 falso
3176 4255 3189 4277 ,
3223 4214 3357 4266 nihil
3390 4229 3576 4268 assen-

1965 4309 2160 4363 tat0rie
2202 4323 2287 4361 me
2320 4310 2462 4377 laqui
2485 4349 2498 4369 ,
2532 4323 2715 4361 coram
2752 4308 3067 4362 sinceritate
3098 4318 3273 4361 veSIra
3307 4307 3575 4375 imprecor

1965 4410 2155 4454 testem
2192 4401 2395 4464 Deum,
2438 4409 2642 4453 tantum
2698 4414 2785 4453 me
2832 4409 2925 4454 tuo
2970 4400 3177 4467 iudicio
3208 4400 3569 4466 delectatum,

1962 4493 2131 4547 veluti
2164 4495 2207 4545 si
2240 4493 2460 4545 auribus
2489 4492 2673 4544 domni
2710 4490 2814 4545 tnei
2848 4493 3014 4561 patris
3047 4493 3121 4544 ttti
3160 4491 3413 4546 meditata
3446 4506 3574 4545 con-

1963 4584 2168 4646 fessus,
2224 4583 2595 4651 cujnsrunque
2639 4583 2814 4637 laudis
2867 4594 3144 4637 momento
3196 4584 3297 4636 sub
3346 4597 3575 4637 censore

1964 4676 2216 4730 donarer.
2264 4674 2500 4727 Primum
2533 4689 2768 4739 namque
2794 4674 3134 4743 gaudebam,
3167 4675 3310 4741 quod
3332 4690 3573 4730 sensum

253 4766 567 4819 serenitatis
591 4767 850 4833 pristinm,
881 4766 1093 4834 pietatis
1118 4776 1375 4834 expertze,
1402 4766 1700 4835 inopinanti
1728 4768 1857 4821 mihi
1890 4764 1941 4823 D
1968 4780 2202 4823 vestrum
2232 4766 2354 4819 huic
2387 4766 2609 4819 liberius
2634 4781 2793 4833 quam
2819 4766 2973 4820 alteri
3002 4766 3337 4833 pandebatis.
3372 4768 3574 4821 Deinde

258 4855 401 4909 Dctts
444 4855 659 4909 obtulit.
725 4856 1034 4927 Recognovi
1090 4856 1232 4921 illic,
1263 4872 1366 4927 qua
1401 4858 1531 4910 satis
1558 4857 1861 4913 delectatus

330 5062 356 5090 ι
390 5052 643 5110 Dictarat.
671 5055 885 5115 opinor.
904 5051 1097 5108 Avitus
1117 5050 1336 5105 nomine
1364 5050 1717 5120 Sigismundi,
1747 5068 1851 5107 non

255 5126 429 5179 solum
460 5138 765 5191 superiores
798 5125 1004 5179 litteras
1044 5124 1108 5175 ad
1148 5122 1501 5183 Vitalianum,
1543 5124 1637 5175 sed
1672 5126 1858 5189 proxi-

260 5209 378 5247 mas
402 5195 565 5247 etiam
597 5196 662 5247 ad
686 5193 955 5249 Celerem.
984 5193 1063 5246 Ad
1104 5197 1196 5245 has
1225 5208 1352 5261 ergo
1388 5209 1436 5246 in
1465 5194 1728 5246 Graeciam
1754 5234 1767 5252 .
1799 5206 1857 5249 ut

258 5263 461 5319 Gracia
494 5266 707 5318 auribus
737 5267 1082 5333 obstrepant,
1117 5266 1353 5316 abituras
1384 5263 1602 5329 alludit,
1636 5272 1690 5317 et
1721 5265 1857 5320 Lau-

260 5333 611 5389 rentiitilium
648 5342 778 5399 patri
810 5336 1076 5389 redditum
1108 5335 1421 5401 gratulatur.

333 5403 359 5443 δ
394 5406 599 5459 Sidonii
633 5406 773 5468 ﬁlio,
826 5406 869 5460 si
919 5416 1064 5459 recte
1097 5405 1159 5456 ad
1192 5407 1473 5471 epistolam
1514 5403 1583 5456 22
1614 5406 1850 5474 conjeci-

260 5490 401 5535 mus.
425 5491 547 5529 cum
575 5476 618 5528 is
644 5477 712 5528 ab
746 5478 955 5529 Alarico
984 5490 1110 5545 rege
1137 5474 1278 5543 apud
1308 5490 1468 5545 quem
1499 5476 1709 5531 delatus
1741 5479 1855 5532 fue-

261 5557 361 5608 rat,
392 5546 558 5598 illuesa
590 5547 756 5614 gratia
784 5546 1051 5599 rediis'set.

338 5626 359 5653 ε
398 5616 547 5682 Mox,
593 5619 761 5684 appeti
796 5620 899 5669 t'isa
928 5629 1001 5670 est
1039 5618 1235 5684 familia
1277 5622 1471 5668 nostra.
1520 5615 1686 5669 Tanta
1738 5628 1855 5672 erat

261 5687 405 5741 Aviti
429 5687 643 5739 familiae
674 5703 794 5739 cum
832 5688 1119 5742 Sidoii'ana
1148 5688 1491 5752 eonjunctio,
1526 5698 1583 5739 ut
1607 5690 1852 5742 eamdi-nt

263 5758 452 5817 faciat.
488 5757 829 5825 vicissimque
870 5759 1084 5811 nomina
1131 5756 1417 5812 transferat
1446 5768 1500 5811 et
1531 5771 1848 5813 commutet.

262 5827 369 5881 Cur
398 5842 526 5895 ergo
554 5828 830 5897 Sidonium
865 5841 1069 5897 patrem
1101 5844 1256 5883 suum
1287 5827 1432 5880 dicat
1455 5832 1667 5893 Avitus,
1700 5845 1857 5893 aper-

264 5908 374 5949 tum
423 5909 540 5965 est,
588 5896 709 5967 quia
755 5898 801 5952 is
846 5896 995 5966 pater
1034 5899 1132 5953 fuit
1175 5898 1522 5968 Apollinaris.
1552 5901 1853 5955 Arcltadius

264 5982 394 6023 vero
439 5982 600 6040 quem
643 5968 939 6039 Apollinari
966 5978 1171 6041 patrem
1218 5969 1458 6039 affingit,
1497 5970 1616 6039 quis
1660 5969 1851 6037 fuerit,

1972 4858 2114 4927 quod
2144 4856 2371 4927 agnovi,
2410 4871 2506 4911 vos
2546 4856 2764 4925 aliquod
2800 4858 2998 4911 bonum
3027 4857 3095 4911 de
3120 4869 3319 4912 conatu
3350 4858 3572 4913 fratetni

1962 5062 2055 5105 aut
2085 5066 2206 5121 quae
2230 5050 2500 5121 robloquia
2548 5064 2742 5119 passus
2788 5052 2888 5115 sit,
2922 5053 3274 5121 qumrendum
3306 5063 3411 5109 est
3440 5055 3573 5112 Nam

1962 5123 2030 5177 de
2049 5120 2277 5192 Sidonio
2308 5138 2375 5176 ex
2400 5120 2523 5190 ejus
2548 5126 2652 5175 vita
2681 5135 2735 5175 et
2765 5120 3009 5190 epistolis
3039 5134 3203 5192 patet.

2035 5190 2062 5230 ἀ
2096 5193 2367 5247 Placuisse
2410 5194 2712 5259 Apollinari
2768 5190 3075 5260 poematum
3126 5209 3348 5248 suorum
3403 5197 3573 5252 libros

1962 5266 2199 5333 gaudet,
2234 5267 2300 5317 de
2328 5266 2521 5332 quibus
2554 5265 2761 5332 trepide
2803 5265 2853 5316 in
2899 5266 3126 5331 epistola
3161 5267 3231 5319 53
3262 5266 3405 5319 illius
3428 5266 3571 5334 judi-

1962 5337 2104 5388 cium
2139 5338 2511 5400 eXSpeCiahat.
2547 5334 2655 5388 Nec
2697 5338 2967 5388 immerito
3004 5354 3014 5388 :
3048 5337 3270 5390 bidonio
3299 5336 3443 5391 enim
3480 5354 3571 5405 pa-

1967 5416 2047 5459 tre
2078 5422 2183 5459 non
2236 5405 2490 5474 indignus
2520 5406 2691 5470 filius,
2737 5410 2802 5459 ad
2856 5422 3014 5476 quem
3043 5408 3289 5462 soriheus
3317 5408 3572 5463 Ruricius

1964 5477 2060 5531 lib.
2092 5492 2157 5543 tt,
2192 5489 2351 5545 ep:8t.
2387 5477 2484 5539 25,
2521 5477 2681 5544 Cujus
2718 5494 2837 5541 vos,
2874 5479 3076 5545 tnquit,
3124 5495 3231 5531 esse
3280 5479 3415 5545 ﬁlios
3465 5497 3568 5534 non

1961 5549 2130 5600 solum
2159 5549 2501 5617 generositate
2529 5552 2816 5614 prosapiw,
2858 5566 3031 5601 verum
3059 5551 3212 5602 etiam
3247 5560 3293 5601 et
3327 5551 3567 5616 eloqueno

1962 5621 2047 5671 tite
2092 5619 2251 5689 ﬂore,
2303 5628 2349 5671 et
2394 5620 2534 5671 omni
2579 5618 2825 5671 virtutum
2870 5633 3054 5688 genere
3104 5624 3466 5689 comprobata.
3509 5622 3573 5677 Et

1963 5697 2081 5755 post
2130 5688 2230 5742 alia
2268 5706 2280 5740 :
2319 5689 2479 5754 Quem
2531 5690 2576 5742 si
2626 5690 2801 5742 divina
2845 5691 3109 5743 clementia
3160 5688 3320 5751 usque
3365 5693 3431 5743 ad
3476 5692 3573 5746 hoc

1961 5767 2160 5825 tempus
2192 5775 2456 5827 superesse
2500 5760 2772 5824 nolitissct,
2818 5762 2949 5814 sicut
2988 5766 3103 5829 jam
3148 5772 3255 5813 tum
3298 5760 3362 5813 de
3405 5774 3571 5817 vestra

1960 5830 2249 5884 imitatione
2272 5833 2565 5895 leuabatur,
2596 5830 2669 5883 ita
2697 5847 2829 5883 nunc
2856 5833 2917 5884 de
2949 5833 3260 5900 perfectione
3283 5834 3529 5903 gauderet
3553 5851 3571 5896 ς

1961 5916 2076 5953 cum
2104 5917 2245 5965 spem
2272 5903 2339 5953 ad
2368 5917 2474 5955 rem
2505 5914 2727 5954 cerneret
2754 5902 3059 5965 pervenisse,
3094 5918 3182 5956 nec
3207 5902 3300 5957 sibi
3323 5904 3575 5959 invideret

1960 5971 2231 6040 wqualem,
2261 5987 2412 6041 quem
2439 5982 2702 6041 optaverat
2724 5988 2833 6027 esse
2862 5970 3147 6029 meliorem.
