4154 6414
601 419 711 475 ῒω

1862 404 1921 461 S.
1962 402 2150 463 AYITI
2188 402 2591 461 VIENNENSIS

3729 402 3834 459 ιω

601 527 780 598 oneris
806 539 913 581 non
938 524 1118 581 minus
1142 522 1279 580 velle
1309 534 1466 592 quam
1487 517 1708 575 credere
1739 533 1754 570 :
1785 527 1932 572 certe
1955 514 2163 570 meritis
2181 519 2239 579 Α
2264 526 2319 571 et
2355 517 2651 586 linguarum
2693 512 3017 569 mordacium
3043 512 3184 570 dolis
3216 513 3559 572 sibilantibus
3579 554 3596 581 ,
3622 513 3833 570 bIandL

604 615 854 673 dictionis
895 627 1002 668 non
1043 620 1295 682 quantum
1324 607 1583 664 volebatis
1628 605 1888 677 inventis,
1917 601 2162 673 supplere

601 721 698 762 vos
725 713 850 758 voto
877 704 1019 774 quod
1047 703 1151 757 nun
1181 701 1436 769 poteratis
1477 697 1701 767 implere
1734 695 1957 764 judicio.
1990 692 2164 748 Libel-

604 795 714 850 lum
743 805 920 850 tameu
963 793 1194 854 amicus.-
1242 789 1332 859 qui
1371 797 1429 843 ut
1469 798 1596 857 puto
1637 786 1704 842 ad
1735 800 1835 841 vos
1881 783 2162 855 pervenire

603 886 761 951 fecit,
793 898 895 940 non
923 882 990 936 de
1028 879 1230 936 librarii
1249 922 1265 950 ,
1305 879 1399 935 sed
1429 880 1604 933 adhuc
1629 892 1693 933 ex
1721 878 1911 932 notarii
1963 890 2121 930 manu
2140 914 2156 940 ,

602 977 735 1030 adeo
775 972 902 1027 mibi
952 971 1344 1026 inemendatum
1385 968 1713 1037 crudumque
1759 965 2064 1035 praeripuit,
2104 972 2162 1018 ut

599 1076 706 1116 non
734 1061 890 1116 facile
915 1059 1169 1123 denotes,
1195 1059 1428 1112 auctoris
1454 1057 1621 1125 magis
1659 1053 2005 1123 scriptorisve
2018 1052 2159 1107 vitiis

601 1150 870 1204 irascaris.
897 1148 1234 1218 Quapropter
1260 1147 1572 1216 opusculum
1612 1145 1782 1213 ipsum
1814 1143 1868 1195 in
1893 1133 2160 1196 membra-

602 1243 687 1297 nis
716 1241 1009 1305 redactum,
1042 1240 1140 1294 nec
1163 1237 1336 1292 adhuc
1354 1245 1548 1306 quanta
1570 1235 1840 1288 volueram
1869 1233 2176 1288 correctio—.

600 1346 670 1386 ne
703 1330 942 1398 politum,
957 1343 1023 1383 ne
1050 1343 1252 1382 moram
1291 1324 1556 1381 desiderio
1583 1338 1703 1378 meo
1731 1323 1986 1386 facerem,
2015 1322 2156 1378 cele-

543 1445 554 1476 i
601 1421 737 1476 riter
765 1419 1050 1474 destinavi.
1079 1416 1137 1473 Si
1167 1428 1356 1470 revera
1381 1429 1486 1468 non
1514 1411 1687 1467 solum
1714 1413 2032 1475 amantibus,
2061 1410 2155 1466 sed

600 1519 658 1566 et
679 1508 1036 1579 iudicantibus
1062 1504 1210 1559 vobis
1231 1505 1422 1573 placet,
1448 1504 1697 1572 quoniam
1717 1499 1859 1569 apud
1875 1508 2158 1556 extraneos

601 1599 739 1652 forte
757 1611 860 1650 non
889 1594 1059 1648 deerit
1075 1607 1232 1662 quem
1254 1592 1469 1650 audacis
1491 1599 1713 1645 conatus
1735 1597 1912 1657 tangat
1933 1588 2154 1657 invidia,

599 1687 812 1742 abunde
859 1685 991 1741 mihi
1037 1684 1261 1748 sufficit,
1303 1692 1363 1738 ut
1405 1696 1502 1737 vos
1529 1683 1667 1751 quod
1695 1684 1853 1750 cupio
1879 1681 2152 1746 sentiatis,

597 1778 718 1843 quia
748 1776 888 1829 sicut
924 1789 1030 1829 non
1074 1774 1250 1828 minus
1292 1771 1360 1827 ad
1399 1786 1575 1826 meam
1599 1784 1756 1839 quam
1785 1778 2016 1824 vestram
2043 1773 2156 1841 glo-

2265 615 2445 662 menta
2477 618 2782 673 venenaque
2809 604 3253 668 machinantibus,
3285 603 3495 658 doctius
3526 615 3647 672 post
3673 619 3832 672 θη»

2265 696 2494 752 rimenta
2524 712 2628 752 non
2658 695 2884 751 credite.
2929 694 3040 749 Nec
3069 697 3244 750 minus
3278 709 3374 749 vos
3411 698 3627 750 solertia
3677 696 3832 752 faciat

2263 795 2484 852 cautos,
2515 801 2675 857 quam
2719 786 3019 840 innocentia
3052 797 3264 854 praestat
3289 799 3525 841 securos.
3556 785 3830 856 Siquidem

2262 877 2554 933 intercluso
2603 876 2786 945 probis
2825 876 3134 944 explorandi
3179 876 3511 946 nocendique
3539 877 3713 943 aditu,
3747 880 3826 932 vel

2263 968 2333 1024 ob
2369 968 2469 1022 hoc
2493 968 2695 1038 gratius
2723 966 2930 1022 debetis
2964 965 3292 1022 debellandis
3330 981 3516 1022 eorum
3551 967 3827 1023 conatibus

2263 1055 2510 1111 laborare
2529 1099 2544 1126 ,
2573 1055 2715 1126 quod
2744 1055 2998 1111 ultionem
3031 1057 3209 1110 divino
3227 1055 3430 1124 judicio
3453 1067 3823 1124 reservantes,

2259 1144 2539 1201 debellatis
2584 1159 2801 1213 semper
2847 1145 3107 1201 statuistis
3143 1144 3438 1216 ignoscere.
3473 1145 3821 1217 Quanquam,

2261 1244 2320 1289 ut
2371 1248 2532 1304 supra
2581 1233 2691 1303 jam
2747 1233 2920 1288 fassus
2955 1249 3106 1302 sum,
3145 1249 3253 1290 non
3285 1249 3351 1292 ea
3393 1244 3503 1291 toto
3536 1235 3826 1306 impunitus

2257 1325 2418 1382 abeat
2444 1339 2601 1395 quem
2631 1325 2799 1394 gloria
2829 1324 3136 1381 lacessistis.
3245 1335 3248 1337 ‘

2751 1415 3081 1472 EPISTULA
3118 1415 3324 1472 XLVII.

2355 1522 2544 1565 utros
2590 1521 2890 1564 vtuasnsrs
2933 1522 3207 1564 srtscovns
3244 1506 3272 1547 ι’
3311 1523 3435 1564 vtao
3482 1524 3706 1565 ILLOBTB

2909 1591 3188 1633 ιιιιΑειιο.

2329 1687 2463 1743 Dum
2489 1687 2822 1743 incessabilis
2850 1686 2919 1742 de
2947 1688 3238 1742 amicorum
3261 1687 3364 1743 ﬁde
3407 1702 3472 1744 ac
3497 1689 3669 1745 salute
3695 1705 3820 1746 cura

2258 1777 2388 1833 mibi
2437 1786 2548 1845 est,
2595 1793 2762 1846 nuper
2805 1777 3174 1848 prosperitatis
3215 1789 3410 1832 vestrm
3457 1779 3599 1834 inter
3651 1783 3821 1847 prima

598 1866 732 1918 riam
763 1863 1022 1931 pervenit,
1062 1862 1358 1916 communis
1393 1859 1544 1915 Sollii
1581 1873 1714 1928 opus
1743 1859 2007 1913 illustrare
2039 1875 2052 1910 :
2085 1860 2156 1913 ita

2259 1869 2518 1923 sollicitus
2547 1868 2760 1938 agnovi,
2816 1870 2955 1938 quod
2987 1884 3108 1924 cum
3154 1868 3397 1924 familiari
3425 1871 3686 1926 catholico
3713 1875 3822 1939 epi-

596 1955 748 2008 vobis
766 1993 783 2019 ,
815 1955 1021 2035 [alch
1047 1950 1281 2018 Christo,
1306 1948 1523 2004 militari
1545 1958 1668 2002 actu
1693 1945 1861 2014 magis
1888 1947 2160 2014 magisque

597 2042 942 2109 ﬂorentibus,
974 2041 1018 2095 si
1049 2041 1100 2095 in
1139 2040 1372 2095 minimis
1411 2039 1659 2093 subtilius
1701 2036 1896 2102 aliquid
1941 2035 2156 2106 dignum

598 2135 827 2189 lectione
863 2129 1188 2192 confecerit.
1219 2130 1378 2184 etiam
1420 2131 1540 2183 sine
1569 2141 1654 2180 me
1683 2125 2032 2194 quodcunque
2060 2129 2159 2178 Ar-

597 2224 841 2279 cbadium
863 2238 968 2275 non
1001 2223 1245 2290 puderet.

1099 2305 1429 2362 EPISTULA
1469 2303 1648 2360 XLVI.

707 2416 893 2458 Δνιιυδ
929 2414 1230 2456 ῘΙΒΧἈΙΝΒΜ
1267 2412 1536 2452 ιιηδαονυε
1573 2405 1600 2433 ⁸
1643 2407 1766 2450 γιιιο
1811 2405 2049 2448 ιιιυςτιιι

1219 2482 1549 2522 Αροιιριιηιυ.

669 2581 947 2637 Communi
987 2578 1203 2650 quidem
1242 2578 1336 2632 sed
1381 2576 1554 2632 veraci
1598 2589 1843 2630 sermone
1888 2574 2156 2642 vulgatum

596 2684 708 2735 cst,
740 2673 879 2738 quod
916 2684 1035 2723 sese
1056 2678 1252 2722 mutua;
1281 2666 1577 2721 dilectionis
1605 2666 1794 2719 intuitu
1827 2664 2156 2718 concordan-

598 2762 728 2815 tium
757 2769 983 2814 cernunt
1010 2771 1185 2812 metus
1220 2757 1537 2810 animorum.
1572 2757 1721 2809 Patet
1751 2769 1977 2823 namque
2000 2793 2015 2818 ,
2046 2765 2152 2806 tarn

596 2868 752 2908 unam
795 2851 946 2905 nobis
987 2847 1396 2905 sollicitudinem
1445 2846 1610 2900 nostri
1652 2859 1807 2913 esse,
1861 2856 1916 2898 ut
1965 2845 2153 2898 litteris

594 2961 724 3015 quas
756 2949 938 2996 barum
967 2941 1188 3010 portitor
1216 2937 1356 2992 Illius
1388 2951 1537 2991 meus
1559 2935 1764 3000 attulit,
1795 2942 1922 2990 ante
1947 2935 1991 2988 si
2019 2935 2154 2988 bene

596 3035 891 3092 metiamini
919 3032 1326 3101 responderem,
1357 3044 1514 3098 quam
1543 3028 1805 3082 venirent.
1837 3028 1964 3079 Nam
1990 3027 2040 3080 in
2064 3040 2155 3093 pa-

594 3127 715 3198 gina
747 3125 1022 3179 famulatus
1051 3138 1206 3190 quam
1236 3134 1328 3189 per
1353 3133 1501 3174 meos
1528 3132 1598 3173 ex
1625 3131 1782 3172 causa
1813 3116 2113 3170 direxeram
2133 3155 2150 3181 ,

2256 1971 2450 2026 scopus
2479 1966 2654 2011 tacere
2680 1972 2786 2011 non
2809 1956 3031 2011 debeam
3059 1972 3074 2008 :
3109 1955 3334 2011 fructum
3369 1968 3543 2012 tamen
3591 1962 3641 2013 in
3673 1960 3825 2014 vobis

2258 2047 2522 2104 mercedis
2559 2048 2738 2102 taliter
2781 2046 3090 2116 acquisita,
3141 2061 3246 2102 non
3298 2058 3402 2101 tam
3448 2050 3626 2104 verbis
3672 2051 3825 2105 valeo

2255 2150 2576 2206 exaggerare
2605 2151 2761 2204 quam
2789 2136 3013 2205 gaudiis.
3041 2135 3172 2192 Nam
3202 2139 3302 2191 nisi
3336 2153 3429 2191 vos
3476 2154 3504 2192 a
3552 2142 3819 2206 praeconio

2261 2235 2439 2281 vestro
2470 2225 2771 2280 maturitate
2820 2226 3089 2282 senatoria
3136 2226 3564 2295 temperatissimi
3607 2228 3818 2293 pudoris

2255 2313 2402 2370 frena
2431 2300 2762 2378 cohiberent,
2807 2313 3050 2371 eﬂ‘ectum
3096 2315 3403 2371 certaminis
3449 2314 3822 2386 gloriosissimi

2257 2405 2475 2460 forsitan
2507 2405 2683 2474 lingua
2730 2405 2888 2474 digne
2934 2405 3179 2460 laudaret
3221 2405 3358 2474 apud
3405 2408 3668 2475 praprios,
3707 2423 3823 2476 qua:

2257 2496 2576 2551 mirabiliter
2619 2496 2886 2551 convincit
2932 2496 3208 2552 adversos.
3251 2496 3516 2552 Habuistis
3558 2499 3738 2568 igitur,
3766 2509 3822 2552 ut

2256 2585 2437 2651 audio,
2470 2599 2590 2640 cum
2619 2600 2745 2654 rege
2791 2593 3096 2651 tractatum,
3128 2584 3195 2639 de
3232 2599 3358 2654 quo.
3389 2594 3645 2654 quantum
3676 2603 3821 2640 com-

2255 2674 2392 2742 peri,
2415 2675 2535 2742 quia
2558 2689 2661 2728 non
2687 2689 2746 2728 se
2766 2674 3027 2729 ducebant
3051 2673 3280 2742 lenibus,
3307 2676 3571 2729 trausistis
3597 2675 3664 2729 ad
3690 2692 3822 2741 prae-

2254 2766 2403 2820 Iium.
2435 2765 2712 2820 Discussus
2756 2774 2836 2819 est
2868 2776 2998 2819 nutu
3028 2765 3237 2828 divino,
3287 2766 3375 2834 qui
3420 2766 3572 2821 cmlis
3615 2767 3820 2820 dudum

2255 2863 2435 2917 notus,
2461 2855 2572 2923 jam
2604 2866 2659 2908 et
2692 2852 2994 2908 hominibus
3035 2863 3315 2922 appareret
3343 2854 3607 2924 religionis
3645 2868 3822 2908 assero

2257 2958 2361 3002 tor.
2393 2949 2466 3003 Os
2512 2949 2783 3002 szvcnlaris
2825 2947 3140 3017 eloquentiae
3191 2947 3397 3017 pompis
3445 2957 3736 3011 assuetum,
3770 2957 3824 3004 et

2255 3042 2469 3096 fluentis
2497 3040 2888 3095 exundantibus
2915 3039 3186 3095 Romuleae
3210 3037 3581 3108 profunditatis
3602 3039 3820 3108 irriguo,

2255 3133 2530 3188 alacritate
2559 3131 2736 3186 debita
2766 3131 2981 3185 missam
3024 3131 3125 3186 sibi
3157 3131 3226 3186 de
3253 3132 3498 3197 supernis
3542 3131 3821 3185 materiam

593 3227 649 3272 et
674 3215 919 3285 gaudium
960 3218 1029 3267 de
1067 3221 1244 3265 vestra
1285 3211 1635 3281 pr0>peritate
1674 3216 1989 3277 conceptum
2032 3207 2150 3274 plus

2255 3223 2429 3293 dgna:
2456 3222 2829 3291 disputationis
2857 3221 3080 3287 arripuit
3109 3239 3122 3273 :
3154 3230 3208 3275 et
3237 3220 3535 3274 facundiam
3562 3236 3680 3288 qum
3701 3235 3821 3275 cum

592 3307 957 3362 allectionibus
983 3316 1143 3373 quam
1167 3301 1500 3356 sermonibus
1528 3300 1768 3354 exlialavi
1785 3339 1800 3364 ,
1838 3307 1893 3352 et
1920 3297 2150 3353 necessi-

592 3409 754 3453 tatem
784 3405 1019 3450 uostram
1042 3401 1356 3462 patrumque
1375 3389 1758 3451 communium,
1789 3388 1953 3442 mixta
1981 3389 2149 3456 lacry-

593 3489 696 3541 mis
721 3484 1079 3542 exsultatione
1118 3481 1424 3550 perstrinxi.
1469 3479 1544 3533 De
1581 3488 1775 3532 catcro
1812 3488 1988 3532 autem
2011 3519 2025 3542 ,
2060 3478 2154 3532 tri-

594 3578 721 3632 buat
758 3576 934 3631 divina
969 3571 1274 3635 miseratio,
1304 3585 1421 3639 qua:
1455 3583 1601 3638 spem
1634 3569 1942 3636 reparando:
1973 3581 2152 3635 prosa-

594 3671 693 3740 pia:
733 3670 786 3722 in
827 3679 1070 3736 personae
1110 3673 1301 3717 vestras
1341 3661 1542 3714 honore
1577 3659 1890 3721 constituit,
1922 3666 1975 3711 et
1998 3671 2152 3710 secu-

595 3772 726 3817 turaa
756 3757 1082 3828 posteritatis
1119 3761 1315 3808 nostra:
1364 3763 1414 3806 le
1449 3766 1553 3805 uno
1591 3750 1829 3818 genitore
1857 3749 2014 3803 e;iam
2054 3760 2151 3800 nos

593 3865 769 3921 patres
796 3863 917 3905 esse
955 3845 1251 3911 concessit,
1306 3852 1362 3897 ut
1406 3842 1623 3896 calcatis
1667 3839 1882 3908 jugitcr,
1932 3852 2150 3908 prospe-

593 3949 744 3996 rante
771 3951 1056 4000 successu,
1109 3936 1441 3989 inimicorum
1492 3935 1857 3999 coitjuratione
1894 3939 1948 3984 et
1995 3931 2152 3997 perti-

595 4032 781 4085 dorum
822 4028 1020 4090 livore,
1067 4025 1268 4094 primus
1306 4022 1542 4076 victoriae
1590 4032 1779 4075 vestrae
1819 4021 2011 4089 gradus
2051 4021 2148 4086 sit,

596 4118 952 4188 integritatem
980 4116 1030 4168 in
1056 4115 1381 4168 conscientia
1417 4125 1705 4178 reponere,
1739 4109 2000 4164 secundus
2030 4122 2151 4162 cum

597 4206 878 4263 distutitur
906 4207 957 4258 in
1003 4203 1274 4258 audientia
1301 4199 1684 4268 comprobare,
1740 4200 1923 4253 tertius
1974 4199 2149 4252 crimi-

595 4296 844 4352 nantibus
902 4305 1018 4364 post
1072 4294 1385 4347 sententiam
1436 4290 1759 4360 pepercisse.
1818 4290 2148 4356 Torqueatur

595 4391 802 4444 animus
830 4388 991 4442 etiam
1031 4399 1124 4453 pro
1151 4374 1473 4452 indulgentia
1504 4382 1604 4436 sibi
1632 4384 1825 4436 collata
1857 4382 2021 4436 hostis
2050 4398 2147 4442 op-

596 4483 804 4548 pressi,
845 4487 898 4530 et
936 4474 1133 4542 duplit-i
1164 4483 1344 4527 nostro
1373 4473 1545 4538 bono,
1581 4473 1838 4539 supplicio
1865 4487 1992 4536 suo,
2023 4487 2144 4527 cum

2253 3311 2512 3374 interfuit,
2537 3321 2624 3364 aut
2654 3309 2988 3365 describendi
3033 3308 3215 3364 mundi
3253 3308 3700 3378 jucunditatibus,
3734 3319 3821 3365 aut

2252 3403 2507 3472 regalium
2536 3402 2924 3468 triumphorum
2948 3401 3230 3470 praeconiis
3254 3399 3708 3469 patrocinabatur,
3731 3399 3820 3454 ubi

2253 3495 2481 3560 primum
2527 3489 2718 3546 melior
2761 3503 2883 3557 pars
2931 3488 3219 3557 poposcit,
3265 3487 3568 3543 astruendte
3615 3490 3821 3543 veritati

2253 3582 2456 3635 servire
2485 3595 2589 3634 non
2607 3579 2814 3647 puduit.
2838 3577 3018 3647 Itaque
3041 3578 3179 3632 sicut
3203 3578 3332 3631 alias
3357 3577 3616 3631 laudando
3640 3592 3816 3646 regem

2255 3669 2561 3726 reddidistis
2591 3668 2784 3722 Caesari
2807 3667 2950 3736 quod
2978 3665 3205 3721 Casaris
3230 3675 3363 3729 erat,
3390 3666 3460 3720 ita
3493 3666 3578 3722 hic
3618 3675 3674 3720 ut
3698 3667 3820 3721 red-

2252 3760 2453 3814 deretis
2486 3759 2594 3812 Deo
2623 3771 2738 3825 quae
2784 3756 2872 3810 Dei
2913 3764 3058 3821 sunt,
3106 3769 3204 3809 nec
3246 3755 3440 3809 Casari
3483 3755 3817 3824 peperi-istis.

2250 3849 2585 3918 Quaprople
2623 3847 2780 3900 liabet
2827 3844 2912 3900 bic
2961 3846 3012 3900 in
3062 3845 3234 3910 vobis,
3281 3844 3380 3899 etsi
3412 3859 3516 3898 non
3561 3846 3818 3913 sequitur,

2254 3951 2490 4012 potestas
2537 3941 2678 4009 regia
2727 3939 2868 4008 quod
2913 3938 3156 4001 miretur,
3182 3953 3302 4007 quae
3339 3952 3399 3992 se
3429 3935 3712 4006 aliquoties
3734 3935 3820 3990 de-

2252 4033 2604 4088 clamantibus
2635 4032 2808 4092 vobis,
2841 4045 2982 4084 nunc
3021 4030 3320 4083 evidentius
3366 4028 3529 4083 sentit
3557 4037 3818 4084 ornatam.

2251 4123 2526 4192 Siquidem
2556 4121 2767 4176 nescire
2808 4135 2903 4174 vos
2933 4116 3310 4174 assentationis
3343 4118 3670 4194 illecebram.
3701 4132 3818 4170 cum

2249 4229 2338 4269 res
2376 4213 2693 4278 admonuit,
2734 4212 2892 4266 etiam
2937 4211 3238 4266 resistendo
3285 4211 3644 4265 monstrastis.
3699 4209 3819 4263 Illos

2248 4306 2406 4374 igitur
2429 4304 2650 4358 denotet
2678 4302 2938 4370 sapientia
2983 4310 3329 4371 potestatum,
3379 4300 3536 4356 facile
3574 4300 3820 4355 humans

2249 4395 2406 4449 fidem
2461 4407 2617 4462 po~se
2665 4404 2894 4456 mutare,
2943 4405 3075 4460 quos
3123 4389 3316 4443 divinis
3383 4388 3566 4444 vident
3611 4400 3816 4442 terrena

2251 4498 2581 4552 praeponere.
2611 4481 2871 4535 Caeterum
2895 4481 3140 4544 cognosci
3171 4481 3223 4533 in
3248 4487 3492 4548 promptu
3511 4487 3614 4546 est,
3637 4490 3812 4532 custo~
3888 4527 3896 4536 .

597 4583 689 4622 vos
714 4565 973 4636 gemuerit
1009 4579 1114 4617 non
1150 4577 1308 4632 posse
1332 4561 1537 4632 decipi,
1567 4563 1745 4616 doleat
1785 4577 1940 4632 posse
1989 4566 2148 4619 mise-

2255 4576 2371 4629 dem
2401 4576 2686 4641 primarum
2713 4575 2940 4640 partium
2971 4572 3130 4625 etiam
3161 4584 3279 4639 quae
3315 4580 3437 4624 sunt
3465 4569 3676 4624 residua
3702 4584 3814 4624 ser-

595 4663 724 4716 reri.
753 4661 842 4714 Sic
869 4655 1112 4726 potestati
1140 4664 1331 4709 vestrm
1356 4655 1421 4707 ad
1453 4654 1552 4707 hoc
1581 4663 1777 4707 tantum
1805 4655 2039 4709 redditus
2078 4672 2146 4709 ne

597 4753 820 4823 periret,
848 4751 972 4803 dum
1001 4747 1189 4802 oblata
1229 4745 1370 4799 ultro
1413 4745 1580 4799 venia:
1627 4760 1837 4799 amarus
1882 4747 2142 4811 irascitur,

598 4846 718 4899 vita:
742 4838 1128 4913 quodammodo
1157 4852 1266 4893 sua:
1295 4837 1536 4891 invidere
1561 4844 1798 4906 cogatur.
1829 4839 1903 4892 De
1924 4840 2144 4906 reliquo,

599 4937 812 4990 domine
841 4944 1051 4999 semper
1078 4928 1313 4998 piissime
1353 4927 1533 4991 frater,
1581 4943 1707 4982 cura
1752 4931 1980 4997 pectoris
2016 4931 2148 4993 mei,

599 5041 791 5093 pompa
811 5023 1023 5094 generis
1052 5021 1151 5090 ttti,
1180 5019 1260 5076 fer
1291 5019 1553 5089 paulisper
1579 5021 1932 5089 trepidantem
1964 5019 2153 5075 frater-

596 5133 681 5178 nae
718 5113 1093 5171 admonitionis
1120 5112 1390 5178 ineptiam.
1419 5107 1615 5164 Cavete
1655 5117 1857 5164 attente
1896 5123 1925 5162 a
1964 5109 2149 5178 malis,

668 5279 694 5308 ⁸
726 5267 908 5323 Eidem
931 5261 1131 5322 Sidonii
1161 5259 1289 5327 lilio,
1312 5259 1379 5314 de
1403 5273 1460 5312 re
1479 5257 1663 5312 eadem
1685 5297 1700 5318 ,
1723 5256 1774 5312 id
1805 5265 1905 5322 est,
1936 5256 2003 5310 de
2033 5272 2157 5324 pro-

601 5354 756 5411 spero
784 5337 924 5390 exitu
952 5331 1268 5387 discriminis
1299 5327 1440 5396 quod
1463 5329 1613 5411 apud
1657 5327 1933 5411 .Alar'tcum.
1971 5341 2148 5411 regem

600 5396 839 5464 adierat:
873 5412 1156 5468 monetque
1196 5413 1381 5465 porro,
1423 5408 1481 5450 ut
1524 5397 1855 5450 inimicorum
1904 5396 2055 5468 dolos
2097 5404 2152 5448 et

604 5478 814 5533 insidias
837 5474 947 5542 jam
976 5466 1256 5538 expertus,
1295 5482 1385 5522 eas
1413 5468 1714 5536 diligentius
1750 5474 1935 5521 caveat
1960 5466 2015 5520 in
2040 5480 2152 5532 ,νο-

601 5559 820 5602 sterum.

671 5616 698 5654 δ
734 5611 995 5671 Senatori,
1027 5623 1131 5661 non
1161 5606 1212 5659 in
1244 5604 1408 5672 Italia,
1436 5604 1516 5657 vel
1549 5605 1599 5657 in
1631 5603 1855 5669 Gracia,
1903 5614 1959 5656 ut
1988 5603 2148 5672 pleri-

600 5699 705 5755 que
725 5680 1070 5755 superiorum,
1094 5677 1183 5755 sed
1217 5676 1265 5727 in
1293 5671 1484 5753 Gallia,
1526 5683 1580 5726 et
1611 5676 1660 5727 iu
1693 5671 2150 5755 aularegis’liur-

595 5743 943 5818 iundiouum,
976 5745 1135 5801 nobili
1165 5745 1381 5808 oratori,
1407 5759 1487 5798 cui
1511 5759 1606 5812 pro
1630 5752 1870 5812 suscepta
1904 5743 2023 5797 Iidei
2059 5757 2149 5796 ca-

2253 4675 2520 4719 vaturum.
2547 4663 2668 4716 llaec
2691 4663 2847 4730 igitur
2867 4661 3001 4716 dicta
3022 4671 3148 4716 sunt
3169 4676 3288 4715 cum
3317 4661 3383 4716 de
3409 4660 3647 4715 steculari
3672 4668 3815 4728 parte

2253 4761 2564 4806 tractamus.
2602 4750 2657 4805 Si
2688 4764 2814 4804 vero
2859 4749 2927 4803 ad
2965 4749 3300 4804 sacerdotum
3340 4763 3555 4804 causam
3584 4748 3812 4814 venitur,

2252 4855 2478 4910 quorum
2507 4839 2678 4896 adhuc
2707 4854 2813 4893 non
2841 4839 3046 4909 augetis
3082 4839 3341 4906 scholam,
3366 4840 3638 4893 sustinetis
3674 4839 3812 4909 inju-

2254 4932 2409 4997 riam,
2442 4941 2598 5000 atque
2637 4929 2929 4985 ornandam
2950 4931 3296 4985 contubernio
3326 4931 3474 5002 prius
3520 4931 3814 4986 informatis

2255 5021 2532 5089 exemplo;
2565 5019 2685 5090 quis
2714 5019 2903 5073 horum
2926 5035 3045 5086 vos,
3076 5021 3214 5091 quis,
3237 5021 3469 5091 inquam,
3493 5021 3719 5090 nesciat,
3748 5022 3810 5074 ad

2255 5121 2522 5166 certamen
2554 5109 2712 5178 hujus
2756 5108 3012 5178 spiritalis
3061 5114 3338 5179 palaestrae,
3377 5126 3483 5166 non
3531 5111 3692 5166 rudes
3727 5121 3814 5164 aut

2262 5256 2470 5328 tholicae
2497 5271 2678 5310 coram
2728 5254 3055 5328 Gundobado
3082 5255 3410 5328 defensione,
3455 5259 3809 5328 episcopalem

2259 5326 2562 5379 cathedram
2591 5329 2924 5378 vaticinatur.
2948 5325 3098 5391 Quod
3120 5328 3164 5380 si
3190 5342 3382 5380 vanum
3407 5325 3687 5391 augurium
3711 5345 3812 5385 non

2255 5397 2377 5459 fuit,
2403 5395 2701 5466 Heraclium
2735 5396 2876 5449 hunc
2897 5410 3084 5466 opinor
3112 5395 3416 5466 episcopum
3451 5400 3597 5451 illum
3628 5400 3810 5455 Trica-

2254 5466 2564 5525 stinensem,
2591 5465 2742 5533 cujus
2772 5478 2964 5535 nomen
2989 5463 3041 5517 in
3071 5463 3312 5520 cenciliis
3340 5468 3540 5535 aliquot
3568 5471 3814 5524 subnota-

2255 5544 2364 5587 tum
2388 5535 2675 5600 cernimus,
2722 5545 2778 5587 ut
2824 5534 2877 5588 in
2922 5533 3384 5600 Carpentoratensi
3430 5533 3488 5590 et
3521 5537 3573 5591 in
3605 5539 3814 5592 Arausi-

2253 5617 2408 5668 cano,
2433 5614 2486 5655 et
2505 5600 2725 5658 Vasensi
2751 5619 2807 5666 ιι,
2833 5617 2898 5658 ac
2917 5602 3143 5671 denique
3165 5606 3216 5659 in
3241 5621 3295 5659 tv
3317 5607 3712 5664 Aurelianensi.
3735 5608 3810 5664 Ad

2253 5672 2501 5752 eumdem
2541 5675 2733 5754 scripta
2788 5674 2915 5729 item
2959 5672 3183 5743 cpistola
3221 5676 3309 5745 86,
3358 5677 3442 5732 cui
3481 5677 3693 5733 subdita
3738 5687 3814 5734 est

2257 5756 2422 5808 ῳειιιε
2448 5757 2492 5794 l't
2509 5757 2746 5808 SWIISIO.
