4154 6432
320 476 425 530 205

1649 462 1976 522 EPISTOLA
2019 459 2202 517 XLIX.

3500 459 3603 517 266

320 582 535 652 ignaros
562 580 717 651 legis,
740 580 835 637 sed
863 581 960 636 sub
986 579 1147 648 longo
1161 576 1472 636 salutarium
1496 572 1901 629 meditatioiium
1934 575 1984 635 Α
2013 584 2255 637 vacuam,
2290 568 2457 624 veteri
2485 568 2814 637 oblitterata,
2858 583 2977 638 qua:
3009 569 3080 623 ita
3111 582 3171 626 se
3220 568 3604 631 circumductis

316 674 598 745 gymnasio
628 672 979 744 pervenisse!
1005 670 1267 739 Quocirca
1304 683 1500 723 novum
1526 668 1599 722 sit
1635 666 1774 731 aliis,
1806 680 1905 721 vos

318 760 693 817 necessitatem
712 762 838 817 belli
862 761 1021 831 hujus
1047 774 1077 814 a
1102 758 1435 829 perfectione
1461 757 1675 811 virtutis
1699 754 1902 820 ordiri;

316 867 416 923 ego
459 864 641 907 autem
688 852 744 906 in
773 850 929 919 cujus
974 850 1155 904 animo
1189 847 1429 903 caritatis
1473 860 1656 902 arcem
1684 845 1901 910 tenetis,

313 942 424 1014 jam
454 928 655 996 dudum
707 939 1085 997 incunctanter
1111 952 1461 1009 agnoveram,
1494 937 1561 991 ad
1606 934 1904 993 catholicos

316 1048 511 1091 sensus
542 1034 831 1089 intuendus
860 1047 957 1103 per
982 1030 1241 1097 studium,
1274 1029 1608 1099 tuendosque
1646 1042 1743 1097 per
1785 1041 1905 1081 ver-

315 1127 465 1195 bum,
517 1127 742 1197 probato
785 1126 841 1181 in
872 1124 1027 1181 vobis
1076 1122 1377 1180 devotionis
1419 1120 1602 1177 ardori
1644 1134 1754 1175 non
1797 1130 1903 1171 iam

316 1215 584 1271 desideria
609 1215 801 1271 deesse
820 1229 980 1285 quam
1009 1224 1270 1283 tempora.
1288 1211 1627 1281 Quapropter
1648 1208 1904 1265 famulatu

316 1308 659 1363 salutationis
675 1305 877 1374 oblato,
904 1315 1059 1375 pastu
1080 1320 1186 1375 quo
1211 1313 1444 1359 mentem
1467 1313 1700 1358 vestram
1719 1300 1905 1373 jejuno

315 1414 550 1469 corpore
593 1398 861 1462 satiasiis.
919 1397 1232 1468 significans
1280 1395 1441 1451 etiam
1485 1410 1574 1450 me
1622 1394 1902 1460 relectum,

314 1492 458 1548 unde
491 1492 713 1561 paucula
745 1493 860 1546 haec
886 1490 1185 1546 saturitatis
1207 1504 1341 1543 mea:
1360 1487 1652 1555 gratulatio
1673 1495 1902 1549 eructat,

315 1580 493 1636 Deum
525 1581 670 1651 quod
698 1590 872 1636 restat
903 1587 1159 1649 exposco,
1192 1589 1247 1634 ut
1274 1578 1361 1633 cui
1389 1577 1753 1648 praedicatoris
1781 1575 1903 1631 olli-

313 1671 459 1725 cium
504 1669 615 1740 jam
660 1670 935 1740 imposuit,
991 1668 1254 1724 honorem
1296 1668 1626 1739 subjungat,
1668 1678 1724 1723 et
1761 1666 1903 1737 quod

313 1768 609 1817 exercetur
638 1771 781 1823 actu,
816 1761 1132 1815 ostendatur
1175 1768 1232 1815 et
1272 1758 1485 1825 habitu;
1531 1772 1632 1815 nec
1672 1757 1903 1814 docilem

313 1850 410 1906 sed
451 1850 695 1917 doctum,
740 1864 839 1905 nec
878 1850 1174 1907 discentem
1206 1849 1300 1905 sed
1331 1850 1608 1907 doctorem
1647 1849 1903 1907 cathedra

2011 660 2267 716 irridebat
2297 660 2593 726 erroribus,
2625 660 2872 715 ut-salva
2916 660 3298 730 respondentis
3328 662 3605 734 libertate,

2010 753 2387 823 propositionis
2410 754 2643 823 pravitas
2670 754 2878 809 exitum
2900 768 3008 807 non
3032 754 3275 819 haberet,
3301 764 3357 809 et
3384 769 3451 809 ex
3474 771 3600 825 pro-

2008 843 2141 912 priis
2169 843 2537 901 instrumentis
2584 844 2635 899 in
2673 836 2917 915 jugulum
2952 859 3106 899 suum
3146 844 3421 900 resistenti
3450 860 3604 903 arma

2008 948 2341 1006 suggereret.
2384 936 2524 1003 Quid
2572 937 2791 992 multis?
2822 937 3013 1007 pagina
3046 952 3167 1005 qua:
3196 935 3300 1007 legi
3336 948 3602 1009 cmperat,

2008 1028 2073 1081 ad
2104 1026 2376 1081 silentium
2407 1026 2655 1082 conferre
2692 1042 2752 1083 se
2780 1027 2970 1082 maluit
3000 1046 3013 1081 :
3042 1036 3099 1081 ut
3121 1027 3370 1085 omnibus
3400 1031 3604 1100 proba-

2007 1116 2186 1172 biliter
2232 1118 2569 1181 innotescat,
2620 1132 2781 1187 quam
2829 1118 2901 1173 sit
2948 1116 3142 1183 divisa,
3190 1132 3354 1188 quam
3400 1118 3599 1189 facilis,

2008 1221 2165 1275 quam
2194 1196 2493 1275 spernenda
2529 1208 2831 1276 persuasio.
2853 1222 2973 1277 qua:
2995 1207 3311 1277 excogitatis
3340 1209 3603 1279 multipli-

2008 1297 2160 1352 cibus
2179 1298 2508 1368 argumentis
2529 1298 2725 1353 divinae
2746 1298 3115 1354 instructionis
3141 1298 3355 1367 inopem
3381 1299 3603 1356 turbare

2008 1406 2117 1446 non
2139 1390 2325 1446 valuit.
2358 1390 2483 1447 Haec
2514 1392 2695 1463 itaque
2722 1390 2945 1461 replico,
2969 1400 3029 1447 ut
3057 1390 3319 1461 quidquid
3345 1399 3430 1447 est
3456 1392 3601 1463 quod

2010 1481 2063 1535 in
2093 1496 2256 1536 causa
2296 1482 2393 1538 Dei
2439 1482 2680 1551 placeat,
2730 1482 2883 1537 vobis
2930 1482 3119 1552 procul
3162 1481 3327 1539 dubio
3368 1483 3603 1539 sentiam

2009 1574 2407 1630 ascribendum.
2445 1574 2735 1630 Enimvero
2762 1576 2815 1629 in
2836 1575 3121 1645 propatulo
3160 1574 3412 1641 habetur,
3458 1575 3606 1646 quod

2009 1681 2096 1722 me
2126 1667 2205 1723 sic
2230 1667 2359 1722 olim
2390 1668 2768 1723 collocationis
2794 1676 2988 1722 vestra:
3017 1667 3146 1721 lima
3175 1668 3471 1737 componit,
3486 1683 3605 1723 om-

2006 1757 2196 1827 nisque
2222 1758 2275 1813 in
2306 1772 2595 1814 commune
2624 1758 3064 1829 praedicationum
3093 1767 3393 1813 vestrarum
3421 1760 3605 1815 cultus

2010 1848 2278 1917 inuberat,
2314 1858 2371 1904 ut
2400 1850 2560 1905 sedes
2587 1849 2674 1903 illa
2706 1850 2791 1904 cui
2825 1864 2923 1904 vos
2954 1848 3184 1905 contulit
3210 1850 3433 1905 caeleste
3458 1848 3605 1919 judi-

312 1941 596 2009 suscipiat.
627 1940 684 1995 In
712 1955 842 2011 qua,
863 1940 1009 1996 velut
1034 1939 1429 2009 triumphatore
1470 1938 1763 2008 conspicuo
1790 1953 1905 1993 ser~
1936 1930 1981 1990 Β
2008 1939 2149 1994 cium
2170 1982 2185 2009 ,
2233 1941 2461 1994 multum
2512 1939 2933 1995 adniinistratori
2980 1940 3221 1995 muneris
3261 1939 3603 2009 praestitisse,

315 2032 385 2086 tis
414 2032 599 2101 gloria:
620 2032 858 2087 victricis
880 2032 1117 2099 evincto,
1133 2031 1276 2087 inter
1295 2032 1688 2087 acclamanttim
1710 2030 1905 2100 gaudio

312 2136 581 2179 consonus
609 2140 789 2189 vn‘ccs,
820 2134 1050 2195 quantus
1080 2124 1134 2179 in
1160 2123 1407 2195 clypeum
1440 2138 1708 2193 assurges,
1743 2122 1904 2179 eﬁam

312 2214 505 2268 nolens
534 2214 854 2284 astipuletur
884 2214 1055 2270 hostis
1091 2224 1367 2283 expertus,
1400 2228 1673 2282 nunquam
1720 2214 1902 2267 inven-

315 2317 469 2361 turus
498 2306 641 2377 quod
674 2306 742 2361 de
762 2306 1019 2377 qualitate
1048 2306 1225 2361 meriti
1250 2304 1600 2372 contradicat,
1633 2303 1729 2360 sed
1755 2304 1905 2358 liabi-

298 2408 468 2453 -turus
495 2412 711 2468 semper
735 2397 805 2454 de
829 2396 1003 2467 prailii
1024 2395 1391 2465 inaequalitate
1420 2392 1563 2465 quod
1591 2394 1793 2449 timeat.

800 2485 1137 2543 EPISTOLA
1178 2484 1410 2541 XLVIII.

566 2592 892 2633 ιιιδοιιιιιτυι
929 2592 1037 2633 VIDI
1076 2590 1347 2633 ILLllSTRIS
1387 2589 1653 2630 Βεωειιι.

389 2670 601 2726 Utinam
644 2669 774 2725 milii
814 2670 1043 2727 subinde
1091 2669 1368 2740 contingat
1394 2677 1453 2723 ut
1488 2667 1711 2737 alloquii
1742 2669 1905 2722 vestri

315 2761 643 2819 focuiiditate
670 2776 893 2833 augear,
924 2762 1229 2817 eruditione
1268 2759 1615 2816 corroborer.
1668 2757 1907 2830 Duplicis

314 2852 579 2919 siquidem
610 2852 798 2923 gloriae
824 2852 1029 2908 fructus
1059 2852 1152 2907 tali
1180 2850 1423 2907 succedit
1449 2858 1669 2917 eventu,
1698 2849 1823 2905 dum
1853 2860 1910 2906 et

315 2942 452 2998 fides
499 2950 687 3012 tepore
731 2940 967 2998 marcida
1014 2941 1271 2998 ferventis
1313 2940 1636 2998 hortaminis
1686 2940 1910 2997 calescit

316 3033 505 3102 affatu,
556 3042 613 3089 et
660 3034 931 3103 ingenium
998 3033 1229 3089 naturali
1292 3039 1606 3103 paupertate
1670 3030 1909 3101 jejunum

317 3122 587 3192 perspicui
634 3122 857 3177 cultoris
901 3136 1006 3191 ope
1047 3120 1282 3177 ditescit.
1326 3120 1479 3178 Unde
1502 3122 1548 3177 si
1589 3120 1906 3191 dignamini,

317 3217 609 3271 comitante
629 3214 966 3269 salutationis
986 3213 1185 3279 officio,
1203 3213 1463 3269 maximas
1483 3214 1683 3284 gratias
1706 3215 1910 3271 referre

2007 2032 2104 2087 sed
2134 2047 2241 2087 non
2278 2033 2457 2088 minus
2500 2033 2553 2087 in
2585 2032 3016 2087 administrantis
3054 2045 3288 2101 persona
3338 2032 3605 2089 meruisse

2006 2121 2270 2178 videatur.
2321 2122 2577 2179 Incumbe
2620 2137 2750 2193 ergo
2792 2122 3065 2187 orationi,
3112 2121 3329 2178 domine
3373 2120 3606 2191 pectoris

2009 2215 2137 2282 mei,
2170 2224 2224 2271 et
2253 2215 2513 2269 auxilium
2541 2216 2658 2278 Dei,
2682 2223 2940 2283 quantum
2971 2227 3070 2282 pro
3096 2222 3149 2268 te
3171 2222 3279 2267 tam
3302 2226 3403 2282 pro
3430 2213 3608 2269 omni-

2007 2305 2129 2367 bus.
2177 2304 2319 2360 sicut
2364 2305 2545 2361 facere
2590 2304 2883 2369 consuesti,
2932 2304 3051 2373 pius
3091 2312 3147 2358 et
3178 2304 3431 2375 pervicax
3460 2311 3609 2359 tutor

2008 2386 2255 2465 impl'ora,
2287 2406 2349 2451 ut
2393 2396 2516 2451 fidei
2545 2412 2734 2451 murus
2776 2395 2920 2450 nulla
2952 2393 3351 2465 oppugnatione
3382 2408 3607 2465 quasse-

2010 2497 2115 2542 tur.
2165 2486 2574 2543 Procurandum
2615 2496 2797 2542 autem
2847 2492 2933 2541 est
2980 2494 3038 2539 ut
3085 2484 3223 2539 tilios
3253 2485 3607 2555 aiumnosque

2010 2590 2130 2633 tuos
2158 2578 2371 2649 vulgata
2400 2576 2767 2633 indesinenter
2795 2575 3147 2645 castigatione
3177 2576 3403 2641 tuearis,
3428 2581 3485 2629 et
3514 2590 3605 2629 va-

2007 2668 2281 2722 lidissimis
2300 2667 2561 2723 doctrina:
2586 2666 2942 2745 armis,_sicut
2988 2665 3237 2736 legimus,
3270 2670 3450 2725 tecum
3480 2665 3601 2722 vin-

2008 2772 2134 2813 cere
2155 2772 2331 2827 cogas.

2528 2847 2862 2903 EPISTOLA
2902 2846 3093 2902 XLIX.

2138 2954 2253 2993 ttvn
2268 2954 2329 2994 us
2368 2953 2679 2994 VIENNENSIS
2716 2953 2995 2994 EPISCOPUS
3022 2946 3049 2976 ι
3083 2952 3209 2994 vnto
3246 2953 3483 2997 istrtu

2639 3024 2978 3067 Ακεειιυκυο.

2082 3121 2376 3175 Plurimum
2408 3120 2576 3176 miror
2604 3122 2747 3191 quod
2770 3136 2999 3191 persona
3022 3137 3121 3192 pro
3141 3138 3245 3193 qua
3268 3123 3610 3199 intercedere

2012 3211 2323 3283 dignamiiii,
2356 3212 2489 3267 mihi
2524 3212 2767 3283 Lugduni
2794 3214 2970 3284 posito
2995 3215 3112 3270 sola
3142 3226 3361 3287 negaret
3400 3219 3609 3276 crimen

319 3319 613 3373 praesumo,
638 3303 791 3377 quod,
813 3303 1092 3373 responsio
1136 3318 1251 3358 inea
1281 3303 1419 3373 apud
1466 3302 1763 3373 principem
1814 3304 1909 3359 ha—
1937 3299 1984 3363 C
2014 3307 2156 3376 quod
2187 3305 2508 3361 universitas
2534 3306 2934 3375 conclamabat,
2956 3316 3012 3364 et
3038 3318 3161 3372 post
3185 3308 3252 3364 ad
3284 3309 3387 3366 hoc
3416 3312 3614 3382 resipi-

320 3395 455 3461 bita,
482 3404 536 3451 et
564 3394 629 3449 ad
659 3409 755 3449 vos
780 3404 841 3449 ut
875 3394 1152 3450 indicastis
1183 3408 1403 3449 rumore
1432 3395 1659 3464 perlata,
1693 3384 1915 3464 compe-

323 3498 445 3541 tens
468 3483 748 3555 judicium,
778 3500 883 3540 non
914 3500 977 3538 ex
1010 3498 1131 3540 meo
1161 3495 1279 3554 ore,
1305 3486 1398 3540 sed
1424 3500 1491 3540 ex
1522 3494 1704 3541 vestro
1730 3501 1915 3542 amore

321 3577 644 3647 promeruit.
693 3574 1012 3645 Quanquam
1066 3574 1593 3644 praecellentissimus
1638 3577 1913 3646 princeps,

323 3683 451 3723 cum
480 3668 550 3722 sit
574 3667 641 3722 ad
671 3664 1052 3722 inveniendum
1084 3666 1292 3735 igneus,
1327 3665 1567 3736 protinus
1612 3667 1679 3720 ail
1726 3665 1911 3721 dici-ii-

325 3760 482 3825 dum,
510 3759 582 3813 ita
611 3772 804 3814 sensus
830 3765 1101 3813 scrutatur
1143 3756 1428 3822 humanos,
1459 3766 1515 3812 ut
1538 3770 1754 3828 semper
1779 3772 1912 3812 eon-

327 3848 581 3905 ventibus
610 3848 897 3903 mitissimo
926 3857 1110 3918 pareat
1139 3848 1321 3901 auditu
1350 3864 1366 3905 ;
1392 3858 1568 3903 tamen
1592 3848 1790 3905 laboris
1811 3848 1919 3904 mei

329 3942 527 3998 seriem
556 3949 831 4011 amputato
859 3955 1075 4010 equore
1125 3940 1445 4010 prolixitatis
1475 3942 1707 3997 insinuo.
1740 3942 1919 3997 Labo-

330 4049 447 4091 rem
478 4034 692 4103 inquam
720 4032 862 4101 dico,
895 4032 1019 4103 quia
1064 4033 1331 4103 procellas
1375 4033 1665 4103 inopinatis
1708 4033 1923 4089 ﬂatibus

333 4127 606 4181 irruentes
652 4124 1137 4194 imperitus-nauta
1174 4126 1261 4178 vix
1307 4126 1552 4181 sustinet.
1603 4126 1747 4197 Ergo
1774 4142 1920 4193 cum,

334 4216 431 4272 Dei
463 4214 723 4271 beneflcio
772 4214 986 4270 tandem
1027 4226 1278 4270 cessante
1328 4216 1508 4280 taedio,
1561 4217 1924 4284 tranquillitas

333 4306 547 4376 publica
575 4305 842 4369 rediisset,
867 4304 1020 4373 quasi
1043 4306 1263 4359 mutatis
1283 4306 1371 4359 diu
1387 4307 1577 4361 castris
1597 4308 1923 4362 destinatum

333 4405 606 4451 certamen
639 4395 836 4449 inveni.
870 4394 1095 4463 Semper
1132 4396 1275 4449 enim
1308 4396 1527 4465 ignavas
1568 4397 1924 4467 imbellesque

337 4502 598 4557 personas
622 4487 947 4557 petulantior
983 4486 1262 4542 conﬂictus
1309 4490 1638 4558 aggreditur.
1688 4489 1924 4545 Primum

338 4583 555 4654 quidem
600 4597 629 4636 e
676 4582 884 4635 diversa
938 4592 1090 4650 parte
1139 4583 1341 4651 proprii
1386 4583 1689 4637 luctaminis
1746 4598 1926 4639 sermo

2018 3398 2221 3453 scendo
2244 3397 2512 3464 pervenit,
2531 3408 2589 3452 ut
2612 3398 2767 3453 vobis
2791 3412 2888 3469 pro
2909 3400 3063 3453 venia
3086 3400 3432 3470 supplicaret.
3458 3402 3621 3478 Quod

2020 3488 2064 3541 si
2096 3486 2413 3555 simpliciter
2440 3488 2598 3558 petit,
2641 3498 2857 3546 constat
2902 3489 3178 3547 hominem
3226 3492 3385 3547 etiam
3432 3504 3617 3553 reatus

2019 3576 2263 3632 ordinem
2296 3578 2564 3635 confiteri.
2598 3579 2864 3645 Quocirca
2897 3580 3025 3636 licet
3057 3582 3111 3635 in
3143 3584 3394 3637 omnibus
3418 3588 3616 3652 causis,

2023 3686 2116 3737 pro
2148 3670 2457 3741 dignatione
2498 3685 2656 3741 quam
2702 3671 2834 3725 mihi
2865 3672 3195 3740 impenditis,
3238 3674 3467 3730 liberum
3510 3693 3618 3734 non

2021 3758 2249 3816 habeam
2290 3760 2435 3815 aliud
2469 3760 2649 3817 facere
2678 3776 2837 3830 quam
2860 3761 3064 3831 jubetis
3090 3779 3106 3817 :
3134 3779 3241 3818 non
3283 3780 3503 3835 possum
3535 3778 3620 3823 ta-

1966 3926 1970 3931 ι
2023 3868 2169 3918 men,
2197 3853 2318 3922 quia
2348 3852 2426 3908 sic
2458 3855 2608 3910 vobis
2641 3856 2816 3909 visum
2841 3867 2943 3921 est,
2976 3856 3300 3913 remissurus
3328 3860 3429 3913 nisi
3472 3861 3623 3929 prius

2024 3955 2348 4012 crapgerare
2378 3943 2520 4011 quod
2550 3941 2726 3998 doleo.
2760 3943 2875 3999 Scit
2902 3946 3046 3999 enim
3069 3946 3241 4014 pietas
3262 3958 3462 4015 vestra,
3490 3962 3545 4005 et
3570 3953 3625 4005 in

2025 4034 2253 4090 ecclesia
2274 4034 2375 4105 legi
2404 4035 2713 4104 frequenter
2734 4036 2961 4102 audivit,
2988 4036 3042 4091 in
3066 4037 3183 4107 ipso
3204 4038 3451 4096 adulterii
3480 4041 3624 4098 malo

2026 4134 2256 4193 quantos
2301 4124 2581 4195 Scriptura
2630 4125 2812 4179 divitia
2860 4127 3061 4195 gradus
3109 4131 3399 4197 exprimat.
3439 4131 3625 4188 Primo

2029 4215 2327 4272 foriiicandi
2359 4217 2512 4285 lapsu
2546 4218 2813 4287 peccavit,
2846 4220 2938 4288 qui
2968 4220 3223 4275 feminam
3254 4223 3508 4293 conjugio
3532 4239 3625 4279 ca-

2029 4322 2237 4367 rentem
2286 4310 2509 4365 libidine
2546 4310 2909 4366 inflammatus
2949 4313 3194 4382 appetiit.
3226 4314 3476 4371 Secundo
3517 4332 3626 4386 quo

2032 4401 2221 4471 pejori,
2265 4401 2354 4470 qui
2398 4401 2540 4455 furto
2578 4417 2741 4470 super
2786 4413 2977 4458 cuncta
3022 4405 3317 4461 damnabili
3361 4406 3625 4478 simplicis

2030 4495 2133 4550 tori
2167 4493 2479 4563 pudicitiam
2520 4493 2758 4549 violavit.
2810 4494 3055 4566 Cumque
3099 4497 3234 4552 nihil
3264 4501 3481 4565 gravius
3524 4501 3626 4556 liae

2033 4586 2224 4654 injuria
2250 4586 2512 4639 humanus
2540 4586 2753 4639 animus
2786 4597 2957 4654 putet,
2988 4602 3083 4643 vos
3113 4589 3365 4658 conjicite
3395 4594 3626 4660 qualiter

334 4674 596 4743 praelusit.
623 4672 823 4726 Deinde
846 4672 989 4726 velut
1017 4674 1084 4727 ab
1112 4673 1315 4728 insidiis
1340 4677 1635 4743 repentinis
1666 4680 1814 4732 fusus
1838 4688 1925 4733 est
1948 4663 2000 4720 Ῑ)
2027 4678 2265 4731 caelestis
2307 4676 2530 4745 ⁸ῖιιειὶιίιίι
2580 4678 2801 4731 castitas
2848 4689 3147 4745 moveatur,
3191 4677 3217 4717 δ
3268 4681 3313 4735 si
3368 4697 3623 4751 sponsam

335 4768 567 4843 vomitus
612 4766 1021 4820 transmarinus.
1082 4767 1323 4836 Denique
1373 4768 1532 4823 incidi
1587 4770 1638 4823 iii
1683 4774 1924 4825 chartam

410 4916 434 4942 ι
477 4904 681 4959 Nomen
712 4904 813 4961 lioc
836 4918 964 4969 vero
988 4905 1142 4973 plane
1171 4905 1447 4966 Celticum,
1471 4920 1533 4959 ac
1565 4907 1789 4961 fortasse
1816 4906 1918 4960 lioc

334 4979 455 5031 loro
487 4974 882 5045 Burgundirum
908 4991 921 5027 :
945 4976 1100 5044 cujus
1130 4976 1342 5045 generis
1382 4976 1521 5031 inter
1569 4978 1797 5031 comites
1827 4978 1917 5045 qui

336 5044 771 5117 Burgundionum
792 5046 1027 5117 _legibus
1070 5046 1456 5117 subscripSere,
1504 5044 1913 5117 Auiieinuiidus,

331 5115 739 5183 Andemundus,
786 5115 1163 5185 Fredisguudus
1205 5125 1261 5169 et
1301 5117 1705 5170 Godemuntlus.
1754 5115 1917 5171 Anse-

332 5186 536 5243 iiinntlo
564 5185 735 5240 eidem
770 5186 1040 5253 inscriptae
1068 5196 1194 5239 sunt
1234 5188 1393 5240 etiam
1425 5188 1668 5255 epistola:
1696 5190 1755 5241 7!
1775 5230 1787 5251 ,
1827 5189 1913 5241 72.

404 5256 433 5294 δ
475 5257 529 5311 In
559 5270 653 5310 eos
684 5257 772 5323 qui
804 5255 903 5309 sibi
950 5270 1130 5309 sacras
1162 5256 1393 5321 virgines
1427 5260 1475 5311 in
1520 5258 1912 5313 matrimonium

333 5330 599 5397 jungunt,
631 5324 1023 5379 Gallicanorum
1072 5327 1389 5392 antistitum,
1437 5342 1504 5382 ne
1534 5330 1666 5381 alios
1716 5344 1918 5382 mento-

334 5414 473 5462 rem,
508 5404 705 5463 apertae
752 5406 877 5448 sunt
927 5398 1227 5450 senteniite.
1278 5397 1331 5451 In
1366 5399 1591 5451 concilio
1639 5400 1843 5453 'l‘uroii.
1877 5414 1912 5460 i,

332 5484 454 5522 can.
480 5467 515 5519 6
551 5483 564 5518 :
603 5464 702 5529 Qui
733 5480 786 5518 se
821 5468 1033 5518 sacratis
1065 5467 1339 5534 virginibus
1373 5485 1459 5536 per
1502 5470 1917 5533 conjunctionem

333 5537 612 5607 nefandam
640 5536 948 5597 miscuerint,
982 5541 1057 5589 vel
1086 5537 1404 5606 propositum
1436 5538 1678 5606 profestis
1713 5540 1920 5606 religio-

331 5606 415 5661 m's
458 5606 856 5675 dereiiquerint,
904 5609 1103 5676 utrique
1147 5624 1178 5658 a
1234 5612 1586 5661 communione
1631 5608 1916 5662 habeantur

332 5678 488 5729 alieni
514 5692 530 5729 .'
553 5678 672 5745 quia
704 5676 748 5728 si
785 5677 894 5736 quis
940 5679 1178 5741 templum
1214 5676 1300 5731 υιιι
1344 5678 1623 5743 violaverit,
1658 5681 1917 5746 disperdat

333 5752 480 5803 iiltun
515 5747 668 5803 flens.
701 5746 857 5817 iisnec
887 5750 1231 5807 i'tta.in'.~snttcs
1255 5753 1319 5815 (ιιι
1343 5748 1591 5800 auxilium
1617 5750 1919 5817 paenitentia:

333 5830 668 5871 revertantur.
706 5816 768 5868 Et
801 5822 848 5868 in
882 5820 1107 5870 concilii)
1141 5817 1424 5870 l’arisicnsi
1464 5833 1536 5876 ill,
1570 5835 1688 5871 itan.
1724 5820 1755 5870 ἱ)
1782 5838 1792 5871 :
1820 5820 1919 5872 Sa-

335 5900 590 5942 rmtarnnt
627 5885 872 5953 uirginum
902 5903 1059 5951 neque
1084 5902 1171 5953 per
1202 5898 1427 5955 ruptum,
1468 5904 1623 5956 neque
1660 5905 1746 5957 per
1778 5905 1918 5942 com-

578 5978 848 6035 l’ariteL.
901 5975 1057 6032 ΗΧ.

2029 4770 2243 4823 Christo
2274 4768 2546 4835 devotum,
2573 4782 2629 4823 et
2654 4771 2705 4824 iii
2734 4771 2904 4824 saueii
2935 4772 3118 4828 altaris
3136 4770 3371 4830 thalamo
3401 4774 3622 4832 benedi-

2026 4904 2294 4973 petitiones
2323 4904 2542 4973 aliquas.
2573 4904 2842 4971 quisquam
2877 4903 3119 4973 conjugia
3161 4907 3425 4959 sortiatur.
3471 4908 3623 4973 Quod

2022 4978 2067 5030 si
2096 4985 2273 5028 contra
2314 4974 2586 5027 interdicta
2628 4974 2740 5039 quis
2778 4974 2994 5037 venerit,
3026 4986 3074 5026 et
3112 4976 3427 5031 sacerdotem
3469 4996 3623 5034 suum

2022 5046 2204 5116 audire
2236 5046 2533 5116 neglexerit,
2560 5055 2606 5096 et
2633 5046 2685 5097 in
2720 5044 2961 5111 praesenti
2989 5060 3021 5096 a
3052 5048 3413 5101 communione
3439 5050 3622 5103 catho-

2025 5118 2140 5170 lica:
2160 5114 2407 5169 Ecclesia:
2435 5115 2678 5186 habeatur
2706 5123 2997 5186 extraneas,
3022 5126 3069 5167 et
3098 5118 3148 5167 in
3175 5129 3471 5186 perpetuum
3497 5137 3622 5173 ana-

2024 5187 2243 5241 themate
2265 5188 2510 5255 feriatur;
2534 5185 2588 5239 Ill
2608 5184 2913 5258 Turonensi
2945 5184 3179 5253 denique
3210 5184 3275 5258 i_i,'
3298 5201 3504 5245 canone
3525 5190 3619 5258 20,

2024 5254 2674 5329 Simlll10f_SlalUllllllLUI
2702 5256 2875 5329 nullus
2920 5256 3313 5329 sacratangea
3349 5254 3620 5329 virginem,

2023 5345 2138 5397 qua
2179 5330 2230 5380 in
2262 5320 2506 5379 honorent
2552 5325 2751 5397 Christi
2783 5336 2966 5379 vestem
3003 5327 3249 5392 mutavit,
3291 5338 3379 5380 aut
3420 5320 3618 5397 rapJe,

2025 5395 2113 5452 out
2168 5410 2477 5463 competere,
2531 5407 2619 5448 aut
2658 5395 2753 5448 sibi
2796 5398 3034 5467 conjugio
3077 5399 3272 5450 sociare
3302 5395 3617 5467 'priesninat.

2027 5469 2174 5534 Quod
2205 5469 2247 5519 si
2276 5477 2527 5541 pastorem
2546 5484 2703 5541 suum
2724 5467 2920 5541 audire,
2954 5476 3001 5519 et
3028 5482 3084 5524 se
3112 5469 3175 5519 de
3202 5467 3353 5541 ve‘ito
3380 5475 3622 5541 conjugt'o

2024 5554 2262 5608 separare
2291 5539 2636 5604 despexerint,
2673 5538 2881 5603 perenni
2920 5538 3445 5608 excommunicatimie
3468 5538 3617 5593 utim-

2024 5607 2225 5662 nentur.
2263 5608 2529 5661 llactciius
2557 5608 2703 5675 leges
2726 5608 3132 5662 ecclesiasticae.
3167 5607 3297 5662 Nam
3322 5607 3446 5675 jure
3472 5616 3619 5665 civili

2024 5680 2184 5731 etiam
2215 5678 2351 5745 apud
2378 5693 2497 5743 nos,
2529 5678 2618 5744 qui
2650 5686 2913 5731 sacratam
2940 5678 3200 5746 viigineiii
3230 5677 3328 5731 sibi
3355 5678 3403 5731 in
3431 5689 3622 5734 matri—

2027 5752 2206 5801 monii)
2228 5751 2478 5806 sticinrat.
2509 5748 2721 5816 capitali
2752 5748 3015 5801 sententia
3051 5750 3359 5805 feriebtiui‘.
3396 5767 3458 5803 ex
3494 5752 3627 5805 Clo-

2030 5821 2147 5871 tarii
2177 5820 2214 5872 ll
2249 5820 2386 5886 regis
2418 5818 2825 5881 constitutione,
2860 5833 2978 5884 qua:
3016 5820 3154 5874 inter
3183 5819 3409 5873 concilia
3437 5822 3624 5877 Gallia:

2028 5890 2265 5943 subnexa
2296 5899 2374 5943 cst
2402 5891 2628 5943 concilio
2653 5904 2681 5941 ν
2712 5888 3019 5943 Ρπίδιοιιεὶ.

3150 5982 3185 6037 9
