4190 6428
769 455 871 511 267

2036 449 2087 504 S.
2133 445 2312 504 AVlTl
2355 446 2758 505 VIENNENSIS

3903 453 4002 507 268

769 572 939 625 ctione
967 570 1218 632 dotatam,
1256 576 1308 622 ut
1333 565 1459 620 nihil
1492 566 1714 632 amplius
1738 564 1933 629 dicam,
1969 563 2051 618 vel
2083 561 2331 630 petulan-
2363 565 2411 622 Α
2441 562 2712 631 peperisse
2753 563 2860 631 jam
2905 560 3081 614 (Ιυίοο.
3121 562 3187 615 Ει
3221 563 3435 632 quidem
3477 562 3607 618 mihi
3639 562 3751 618 haec
3785 563 3999 632 paucula

769 668 849 714 ter
874 658 1158 725 aspexerit.
1199 657 1370 710 Audio
1414 666 1586 716 tamen
1614 653 1795 717 dicere
1837 653 2090 721 juvenem
2127 651 2324 719 ipsum,

765 763 870 802 non
890 763 949 802 se
975 747 1232 814 virginem
1256 754 1559 808 temerasse,
1581 743 1735 811 cujus
1757 743 1998 812 turpibus
2019 741 2156 794 votis
2181 741 2326 810 prior

763 839 1050 892 multorum
1071 837 1351 891 carnalitas
1373 835 1441 888 sit
1465 835 1645 888 abusa.
1663 834 2014 903 Quapropter,
2032 846 2153 887 cum
2179 846 2324 886 reum

764 926 1016 981 facinoris
1047 925 1326 987 manifesti,
1357 923 1460 978 nisi
1486 922 1782 978 satisfactio
1814 938 1904 978 sua
1935 931 1991 977 et
2016 921 2329 976 intercessio

762 1023 934 1069 vestra
967 1029 1072 1067 non
1095 1014 1300 1080 liberet,
1326 1013 1430 1068 dici
1454 1027 1557 1067 non
1590 1023 1761 1081 potest
1787 1019 2045 1082 quantum
2075 1013 2324 1066 miserum

759 1102 848 1166 sit,
870 1115 965 1170 pro
992 1100 1420 1156 reconciliatione
1445 1115 1540 1155 sua
1566 1100 1790 1154 aliorum
1813 1099 2042 1154 crimina
2063 1098 2321 1154 confiteri.

759 1196 965 1247 Accuso
1005 1193 1058 1244 in
1089 1191 1188 1245 hac
1231 1200 1384 1260 parte
1438 1191 1603 1245 nostri
1646 1191 1905 1258 temporis
1953 1189 2323 1260 negligentiam

760 1282 1165 1337 sacerdotalem.
1195 1280 1310 1335 Non
1356 1296 1454 1335 nos
1484 1282 1580 1335 ista
1625 1279 1989 1349 perquiritnus
2023 1279 2222 1334 :oil‘crt
2265 1291 2324 1333 se

757 1375 912 1429 nobis
943 1373 1267 1442 inexplorata
1296 1371 1575 1426 criminum
1608 1371 1937 1440 magnitudo.
1970 1369 2100 1437 Quis
2131 1370 2182 1423 in
2213 1383 2325 1421 ma-

759 1464 826 1516 lis
853 1463 1055 1518 socium
1085 1461 1328 1529 quierat?
1357 1461 1474 1528 quis
1503 1461 1552 1512 in
1595 1459 1714 1513 aliis
1745 1459 1965 1514 maculis
1994 1473 2054 1514 se
2080 1457 2324 1513 inserat?

756 1556 931 1626 Atque
955 1556 1155 1607 utinam
1175 1561 1228 1607 et
1256 1551 1420 1620 ipsius
1450 1550 1529 1604 vel
1560 1550 1637 1603 sic
1659 1565 1720 1605 se
1748 1556 2103 1618 temperasset
2132 1547 2322 1602 obsce-

758 1646 897 1698 nitas
919 1652 975 1696 ut
1005 1643 1212 1697 lateret.
1237 1638 1437 1694 Deinde
1457 1654 1522 1693 ex
1551 1639 1760 1694 duobus
1781 1639 1940 1708 eligat
1963 1645 2139 1691 utrum
2172 1636 2318 1690 velit.

756 1734 812 1787 Si
845 1734 1047 1800 primus
1074 1733 1128 1784 in
1171 1728 1403 1798 puellam
1434 1743 1595 1783 carne
1633 1728 1895 1797 peccavit,
1927 1726 2102 1781 adhuc
2130 1739 2319 1792 exspe-

754 1830 865 1876 ctat
901 1819 1041 1890 quod
1071 1819 1312 1888 praedicit
1351 1817 1635 1886 Apostolus
1661 1832 1678 1872 :
1707 1814 1768 1871 Si
1793 1817 1906 1885 quis
1933 1816 2179 1883 templum
2221 1813 2318 1868 Dei

2431 666 2586 705 error
2631 653 2880 707 extorsit.
2933 651 3036 706 Sed
3093 666 3187 706 vos
3236 654 3427 719 quibus
3454 666 3679 708 summm
3727 654 4000 720 potestatis

2433 739 2712 808 privilegio
2739 740 2907 808 major
2951 738 3174 793 facultas
3202 745 3437 810 suppetit
3479 741 3792 815 castigandi,
3833 743 4000 796 humi.

2429 844 2555 883 nem
2577 829 2837 885 violenter
2857 829 3534 898 arguite.Cnnciliationem
3557 831 3634 886 illi
3661 845 3856 896 meam,
3878 833 3999 900 quia

2429 918 2500 972 ita
2530 919 2836 988 praecipitis,
2886 919 3117 996 indicate
3160 937 3174 974 :
3207 935 3417 989 meque.
3462 935 3529 975 ne
3557 921 3752 976 malum
3781 921 3882 979 hoc
3912 924 3997 978 vel

2429 1006 2699 1062 mandatis
2721 1014 2814 1061 aut
2836 1007 3038 1062 nuntiis
3064 1018 3372 1072 renovetur.
3393 1009 3699 1064 curaturum
3724 1024 3843 1064 esse
3865 1025 3997 1078 pm-

2427 1095 2588 1151 dicite
2630 1104 2730 1151 :nt
2766 1096 2839 1159 ei,
2888 1097 2932 1150 si
2972 1111 3077 1151 non
3125 1097 3444 1168 corrigendo
3491 1113 3588 1168 per
3631 1099 3993 1161 voluntatem,

2426 1193 2572 1242 certe
2596 1185 2678 1240 vel
2708 1199 2802 1254 per
2833 1185 3128 1240 custodiam
3156 1185 3520 1254 reprimendo,
3549 1186 3738 1241 saltem
3771 1186 3994 1241 facultas

2425 1275 2593 1344 culpae
2623 1275 2784 1343 possit
2805 1276 2943 1343 erui,
2965 1275 3010 1330 si
3033 1275 3364 1343 pteniteutiaa
3393 1275 3680 1331 salubritas
3698 1288 3802 1332 non
3829 1277 3994 1345 possit

2429 1365 2761 1436 persuaderi.

2985 1453 3318 1510 EPISTOLA
3355 1453 3420 1509 L.

2422 1560 2607 1601 AVITUS
2632 1559 2936 1599 VIENNENSIS
2957 1559 3232 1600 EPISCOPUS
3262 1555 3284 1584 °
3310 1547 3435 1600 VIBO
3456 1559 3694 1601 ιιιυετιιι
3720 1559 3986 1602 IESSIANO.

2498 1634 2760 1690 Maximus
2784 1633 3054 1690 desiderio
3087 1644 3272 1688 nostro
3303 1634 3548 1690 cumulus
3576 1643 3752 1704 optata
3775 1637 3989 1706 gaudio-

2421 1744 2538 1783 rum
2568 1728 2806 1783 ubertate
2827 1727 3121 1790 confertur,
3148 1727 3192 1780 si
3238 1726 3571 1796 magniﬁcum
3595 1735 3788 1783 vestra:
3816 1728 3982 1797 pieta-

2421 1820 2486 1871 ti<
2514 1827 2706 1873 statum
2739 1818 2948 1873 florenti
2979 1816 3333 1887 prosperitate
3356 1817 3643 1886 pollentem
3665 1815 3816 1873 avida
3837 1819 3985 1872 solli-

755 1913 1033 1976 uiolauerit,
1081 1913 1158 1965 dis
1169 1911 1342 1976 perdet
1383 1909 1527 1962 illum
1567 1906 1702 1960 Deus
1737 1905 1791 1977 (I
1821 1904 1943 1961 Cor.
1974 1919 2055 1972 ιιι,
2103 1905 2212 1973 t7).
2258 1903 2315 1959 Si
2351 1901 2393 1959 Β
2420 1909 2667 1964 citudinis
2696 1916 2891 1964 nostra:
2915 1918 3040 1962 vota
3065 1909 3439 1978 cognoverint,
3469 1908 3593 1979 quia
3614 1908 3714 1964 hoc
3735 1908 3985 1979 profecti-

754 2014 930 2058 autem
957 2001 1353 2070 corruptionem
1374 2010 1530 2069 quam
1555 2013 1657 2051 non
1686 1996 2054 2060 inchoaverat,
2074 1995 2315 2066 gravavit

753 2098 1062 2162 augmento,
1091 2090 1218 2159 quid
1248 2089 1537 2157 excogitari
1583 2087 1810 2154 turpius,
1839 2085 1966 2154 quid
2010 2085 2319 2140 horribilius

754 2193 952 2252 potest,
1000 2195 1156 2248 quam
1203 2188 1262 2233 ut
1289 2178 1434 2233 illum
1464 2191 1565 2231 nec
1607 2177 1708 2232 hoc
1749 2173 2054 2244 prohiberet
2082 2189 2111 2227 a
2141 2188 2313 2229 mere-

756 2277 916 2335 trice.
965 2279 1230 2340 propter!l
1263 2269 1402 2339 quod
1455 2269 1626 2323 solum
1671 2266 1809 2321 Deus
1855 2265 2092 2334 separari
2143 2263 2316 2318 virum

756 2363 1010 2434 permittit
1036 2377 1064 2416 a
1104 2359 1368 2430 conjuge?
1406 2357 1515 2412 Nec
1539 2357 1706 2420 solus,
1735 2357 1780 2411 si
1811 2355 2098 2424 respicitis,
2126 2369 2191 2409 ex
2220 2353 2319 2409 hac

755 2463 905 2524 parte
932 2464 1290 2509 commoveor.
1332 2447 1560 2504 Gemunt
1588 2445 1824 2516 religiosi
1853 2453 2105 2514 parentes
2142 2444 2318 2499 scelus

754 2545 1066 2607 admissum,
1096 2549 1151 2596 et
1177 2540 1328 2610 quasi
1351 2538 1613 2609 perditam
1643 2537 1848 2607 prolem
1876 2536 2142 2607 lugentes,
2169 2534 2320 2591 orbi-

756 2645 920 2690 tatem
947 2634 1001 2688 in
1029 2631 1325 2703 planctibus
1353 2628 1688 2702 proﬁtentur.
1709 2627 1844 2696 Quid
1872 2627 1940 2684 de
1965 2627 2153 2683 matris
2179 2641 2317 2683 mte-

753 2725 898 2780 stitia
928 2724 1132 2790 loquar,
1156 2735 1312 2788 quam
1339 2717 1577 2789 praedicti
1599 2719 1708 2787 jam
1734 2716 1934 2772 dudum
1965 2716 2146 2771 mariti
2174 2716 2318 2770 omni

755 2820 930 2868 morte
972 2809 1205 2865 deterius
1253 2807 1421 2876 turpis
1465 2806 1570 2861 vita
1618 2804 1890 2860 viduavit?
1919 2804 1986 2860 Et
2011 2818 2315 2874 quanquam

753 2905 901 2961 coitu
945 2901 1150 2957 moveri
1197 2898 1407 2964 solitus,
1435 2906 1621 2953 tamen
1659 2897 1922 2968 patienter
1949 2897 2067 2952 haec
2100 2896 2312 2958 tulerat.

755 2995 896 3048 tilius
923 2992 1039 3048 sine
1080 2991 1292 3060 pietate.
1324 2988 1549 3044 maritus
1592 2987 1709 3044 sine
1751 2987 1958 3051 sobole,
2001 2995 2156 3056 pater
2198 2986 2316 3040 sine

757 3081 1082 3138 lueretlezet
1116 3079 1369 3133 nutritum
1395 3078 1613 3147 insuper
1653 3076 1771 3146 ejus
1807 3076 1985 3131 studio
2029 3075 2319 3144 quamlibet

754 3181 929 3227 ortum
959 3185 1025 3226 ex
1050 3168 1324 3240 generosis
1366 3167 1621 3222 adulteris
1651 3166 1827 3223 nobile
1869 3166 2095 3231 malum;
2133 3166 2211 3222 sic
2243 3174 2317 3219 ta-

2416 2001 2516 2056 hus
2544 2000 2740 2055 nostris
2765 1999 3083 2069 compendio
3121 1999 3356 2055 indubia}
3397 1999 3666 2057 felicitatis
3705 2001 3982 2066 accrescit,

2417 2090 2670 2162 quidquid
2709 2090 3016 2146 eminentiae
3053 2098 3246 2146 vestrae
3272 2090 3569 2146 ctelestium
3600 2091 3979 2147 beneﬁciorum

2420 2186 2588 2255 pietas
2613 2182 2799 2239 diffusa
2827 2182 3137 2238 contulerit.
3153 2181 3284 2238 Nam
3306 2183 3359 2238 in
3377 2196 3444 2238 eo
3467 2184 3719 2238 metimur
3743 2182 3988 2239 felicibus

2419 2275 2758 2330 incrementis
2794 2284 3101 2330 nostrorum
3140 2275 3577 2346 propagationem
3623 2289 3984 2341 successuum,

2418 2367 2472 2422 in
2493 2381 2599 2436 quo
2637 2365 2866 2421 actionis
2905 2372 3100 2420 vestra:
3125 2366 3322 2420 crescit
3368 2368 3487 2421 sine
3535 2365 3638 2421 ﬁne
3657 2363 3984 2435 suffragium.

2419 2456 2758 2525 Quapropter
2784 2453 3140 2509 honoriﬁcum
3167 2453 3316 2510 salve
3341 2454 3669 2525 persolvens,
3696 2468 3824 2525 rogo
3847 2453 3987 2524 quod

2419 2548 2490 2613 si,
2516 2555 2575 2601 ut
2599 2545 2865 2616 cupimus,
2891 2544 3061 2602 felicia
3090 2559 3217 2615 erga
3241 2559 3338 2601 vos
3359 2555 3548 2602 cuncta
3569 2561 3655 2617 get
3668 2556 3845 2612 antur,
3878 2561 3988 2599 ma-

2419 2634 2641 2706 gnitudo
2662 2645 2836 2691 vestra
2863 2636 3198 2691 occurrentis
3227 2636 3434 2705 pagina
3460 2637 3764 2693 elocutione
3800 2635 3984 2707 perde-

2417 2731 2556 2781 ceat.

2945 2827 2948 2830 ’
2979 2814 3312 2872 EPISTOLA
3349 2814 3436 2870 LI.

2420 2918 2604 2960 Ανιτυι
2647 2917 2950 2959 νιειιιιεκιιε
3000 2920 3275 2960 ιριςοοιιιιε
3307 2902 3334 2942 δ
3363 2919 3681 2961 γενητιοω
3734 2920 3983 2963 ιιιετθιιιε

2489 2997 2680 3052 Audivi
2720 2997 2866 3067 quod
2923 2996 2976 3052 in
3033 2996 3248 3052 humilia
3272 3010 3373 3066 qua
3419 3010 3590 3066 nuper
3633 2996 3700 3051 ad
3739 3001 3988 3067 populum

2425 3088 2832 3158 Lugdunensem
2862 3088 2916 3141 in
2944 3085 3278 3142 dedicatione
3305 3087 3542 3143 basilica:
3561 3087 3746 3144 videor
3775 3089 3989 3144 concio-

2421 3187 2601 3244 natus,
2631 3176 3018 3232 barbarismum
3043 3190 3128 3230 me
3153 3175 3444 3232 incurrisse
3465 3176 3676 3244 dicatis,
3700 3177 3868 3247 palam
3886 3177 3993 3232 sci-

756 3275 879 3317 men
918 3260 1060 3330 quod
1105 3260 1159 3314 in
1204 3256 1494 3314 desiderati
1523 3256 1798 3312 nativitate
1821 3254 2077 3327 portenti,
2104 3271 2210 3313 non
2237 3264 2320 3312 est
2347 3246 2389 3308 C

2347 3246 2389 3308 (ἶ
2423 3267 2548 3322 licet
2573 3267 2894 3337 castigantes
2920 3264 3062 3334 quod
3105 3266 3314 3335 publica
3348 3268 3592 3322 oratione
3635 3246 3987 3337 peccaverim.

755 3359 1096 3422 augmentum
1123 3349 1405 3420 prosapiae,
1436 3348 1531 3404 sed
1560 3347 1791 3402 infamia:
1820 3347 2222 3403 documentum.
2255 3345 2320 3400 Et

755 3441 969 3508 quidem
991 3441 1137 3495 salva
1161 3453 1319 3510 quam
1349 3437 1481 3493 mihi
1511 3438 1650 3494 Deus
1679 3438 1733 3491 in
1758 3436 1909 3492 vobis
1937 3436 2186 3507 praestitit
2223 3435 2318 3491 de-

758 3533 1022 3598 fensione,
1070 3531 1188 3602 plus
1241 3529 1454 3600 culpam
1502 3528 1706 3600 prsfati
1749 3542 1907 3598 quam
1951 3527 2318 3596 penitentiam

758 3624 1100 3690 pertimesco.
1128 3619 1237 3678 Sed
1278 3633 1408 3691 rogo
1435 3633 1504 3676 ne
1531 3620 1788 3676 irascatur
1813 3619 1914 3674 ista
1940 3618 2162 3674 dicenti.
2189 3617 2323 3688 Spe-

758 3716 966 3772 culator
1006 3729 1146 3780 sum,
1190 3713 1369 3768 tubam
1410 3721 1586 3777 teneo,
1635 3720 1810 3767 tacere
1859 3709 1988 3765 mihi
2020 3724 2127 3765 non
2174 3709 2318 3764 licet.

760 3808 933 3875 Atque
957 3804 1159 3859 utinam
1188 3814 1415 3871 peccans
1445 3799 1677 3856 humano
1694 3799 1873 3856 animo
1902 3797 2084 3865 fuerit,
2121 3797 2205 3852 cui
2233 3810 2322 3852 so-

761 3896 911 3953 litum
939 3903 1021 3950 est
1051 3893 1156 3948 labi
1183 3907 1280 3961 per
1317 3891 1645 3956 facilitatem,
1676 3898 1731 3946 et
1774 3903 1872 3960 per
1902 3887 2319 3943 satisfactionem

759 3985 956 4040 reverti
978 3998 996 4038 :
1022 3990 1272 4036 castarum
1297 3979 1570 4035 iracundia
1593 3979 1792 4044 calere,
1812 3987 2021 4034 tumere
2049 3977 2321 4048 superbia,

762 4074 976 4132 lascivia
1011 4073 1176 4127 fetere
1205 4071 1468 4126 taurinum
1509 4077 1612 4126 est.
1643 4070 1904 4137 Quocirca
1930 4068 2059 4124 licet
2084 4068 2325 4124 diversas

761 4167 818 4220 in
841 4177 927 4221 me
953 4162 1145 4218 iterum
1175 4159 1416 4214 flammas
1453 4165 1686 4224 evomat,
1713 4165 1771 4213 et
1793 4155 1821 4195 δ
1841 4156 1911 4211 ad
1937 4156 2192 4212 Romanae
2215 4156 2326 4212 for-

759 4254 898 4309 sitan
928 4248 1181 4307 Ecclesia
1205 4247 1528 4303 audientiam
1555 4254 1736 4314 vocet,
1757 4253 1813 4303 et
1837 4247 1884 4304 si
1921 4245 2095 4302 adhuc
2125 4247 2320 4319 placet,

763 4344 924 4400 etiam
950 4339 1088 4398 filios
1125 4339 1323 4395 habere
1359 4352 1444 4393 me
1470 4337 1634 4401 dicat.
1668 4351 1767 4393 nec
1802 4337 1974 4393 minas
2001 4352 2125 4395 suas
2148 4352 2326 4396 assen-

763 4437 966 4492 tatione
992 4432 1232 4504 placabo,
1277 4444 1376 4488 nec
1418 4430 1753 4501 fatigationes
1780 4430 2033 4489 itinerum
2067 4435 2322 4505 verebor,

2422 3356 2616 3412 Fateor
2635 3356 2775 3411 istud
2799 3356 3031 3426 potuisse
3043 3354 3378 3426 contingere,
3407 3357 3704 3426 praesertim
3728 3355 3876 3420 mihi,
3902 3357 3991 3413 cui

2419 3446 2466 3500 si
2488 3461 2590 3515 qua
2619 3445 2671 3500 in
2693 3447 2850 3500 annis
2874 3444 3210 3500 viridioribus
3238 3444 3453 3500 fuerunt
3473 3446 3644 3500 studia
3670 3446 3990 3507 litterarum,

2422 3537 2600 3590 omnia
2633 3535 2736 3589 fert
2759 3544 2891 3588 aetas
2918 3532 3093 3604 (Virg.
3124 3535 3218 3589 ecl.
3250 3533 3328 3602 6).
3358 3534 3667 3588 Ambieram
3693 3543 3869 3591 tamen
3895 3537 3998 3590 hoc

2423 3627 2598 3694 ipsum
2620 3638 2650 3677 a
2679 3621 2835 3678 vobis
2859 3636 3042 3678 coram
3069 3623 3274 3693 positus
3297 3623 3503 3694 audire,
3526 3623 3626 3680 etsi
3651 3623 3760 3693 jam
3788 3623 3991 3679 sciendi

2423 3713 2478 3772 in
2507 3730 2594 3771 me
2617 3715 2843 3771 facultas
2867 3715 3141 3770 minuitur.
3165 3715 3271 3772 Sed
3293 3715 3418 3786 quia
3431 3729 3527 3771 vos
3544 3716 3792 3771 absentes
3814 3716 3995 3770 dicere

2421 3805 2683 3876 comperi,
2711 3819 3011 3875 quanquam
3034 3804 3226 3860 absens
3251 3804 3576 3875 respondere
3602 3805 3803 3860 curavi.
3833 3805 3997 3872 Igitur

2421 3899 2668 3968 culpasse
2691 3911 2788 3953 vos
2814 3896 3013 3964 ferunt,
3035 3895 3177 3966 quod
3198 3895 3406 3951 Patitur
3423 3896 3596 3952 media
3619 3895 3772 3967 longa
3790 3895 3991 3969 syllaba

2423 3991 2672 4056 dixerim,
2690 3988 2969 4059 Virgilium
3000 3988 3056 4044 in
3085 3987 3186 4044 hoc
3206 3987 3373 4045 verbo
3393 3987 3599 4044 scilicet
3624 4001 3730 4043 non
3753 3994 3990 4052 secutus,

2425 4084 2515 4152 qui
2555 4079 2756 4150 syllaba
2786 4079 2903 4149 ipsa
2929 4085 3176 4146 correpta
3214 4091 3344 4133 usus
3363 4087 3449 4133 est
3486 4078 3670 4133 dicens
3713 4077 3759 4130 ri
3799 4077 3992 4146 potitur

2424 4169 2586 4244 (diu.
2620 4168 2722 4239 nt).
2745 4167 2852 4225 Sed
2873 4166 3013 4225 istud
3040 4166 3359 4223 remissibile
3377 4177 3460 4222 est
3481 4166 3740 4237 poematis
3763 4166 3993 4221 necessi-

2425 4268 2556 4324 tate,
2583 4257 2728 4329 quod
2773 4258 2828 4312 in
2865 4271 3031 4327 opere
3068 4271 3167 4313 suo
3214 4271 3356 4327 sape
3393 4257 3693 4312 invenimus
3721 4255 3992 4326 Virgilium

2424 4347 2854 4420 praesumpsisse,
2899 4356 2960 4402 ut
3003 4347 3214 4403 scilicet
3251 4345 3409 4402 metri
3446 4345 3638 4417 legem,
3663 4345 3834 4402 sicubi
3859 4361 3994 4416 opus

2426 4447 2530 4503 est,
2567 4437 2904 4494 barbarismo
2931 4445 3214 4491 contentus
3253 4435 3524 4506 expediat,
3561 4445 3617 4492 et
3670 4435 3992 4506 syllabarum

762 4526 853 4597 qui
901 4523 1085 4579 οἱνὶοἱι
1121 4519 1434 4577 criminibus
1475 4520 1528 4574 ίη
1576 4520 1746 4589 Patri!
1784 4520 1904 4590 Pl“!
1949 4520 2168 4593 ἴειῖεοΐ,
2222 4538 2326 4579 nec
2357 4594 2390 4599 _
2427 4539 2672 4587 naturam
2692 4529 2856 4586 certis
2873 4529 3173 4599 quibusque
3201 4527 3336 4584 locis
3353 4538 3522 4584 artem
3544 4526 3761 4583 minime
3782 4539 3996 4582 secutus

765 4594 960 4670 multos
1005 4611 1142 4668 ﬁlios
1181 4609 1381 4700 habere
1421 4624 1509 4665 me
1551 4609 1777 4681 negabo,
1817 4611 1908 4681 qui
1956 4627 2119 4669 unum
2150 4627 2217 4670 ex
2246 4616 2325 4673 eis
2355 4594 2410 4656 θ
2429 4622 2665 4678 invertat
2688 4637 2704 4674 :
2727 4594 2996 4689 quale'est
3019 4594 3173 4684 illud,
3204 4619 3328 4672 Non
3351 4619 3537 4672 erimus
3564 4632 3716 4687 regno
3737 4616 3994 4672 indecores

836 4775 861 4802 ι
899 4765 1031 4819 mne
1055 4769 1199 4832 ρειαί
1223 4773 1534 4835 persuasum
1563 4760 1736 4835 adhuc
1764 4761 1868 4816 illis
1896 4766 2226 4835 temporibus
2268 4770 2321 4826 in

765 4835 932 4890 Gallia
970 4829 1154 4899 fuisse,
1196 4829 1416 4901 propter
1453 4829 1856 4901 fornicationem
1884 4829 2119 4901 separari
2145 4839 2320 4894 virum

765 4907 834 4960 ab
857 4917 1046 4965 uxore,
1064 4911 1119 4956 et
1137 4899 1307 4956 aliam
1321 4899 1538 4966 dueere,
1551 4899 1749 4955 Christi
1780 4899 2036 4967 permissu
2064 4905 2280 4964 licuisse
2302 4926 2318 4964 :

765 4974 904 5044 quod
931 4987 995 5027 ex
1024 4969 1248 5044 concilio
1272 4983 1482 5044 quoque
1511 4970 1766 5044 Venetico
1776 4983 1997 5044 canone
2021 4972 2058 5025 2
2099 4978 2322 5033 manife.

764 5038 905 5096 stum
945 5050 1031 5094 e~t
1064 5057 1080 5092 :
1116 5038 1225 5108 Eos
1257 5040 1341 5107 qui
1387 5038 1572 5094 relictis
1616 5039 1860 5093 uxoribus
1911 5042 2039 5108 suis,
2080 5046 2213 5099 sicut
2265 5048 2318 5101 in

770 5108 1046 5180 Evangelia
1087 5107 1296 5180 dicitur,
1339 5119 1546 5180 accepto
1596 5124 1750 5180 refusa
1796 5109 2163 5179 fornicationis,
2212 5116 2323 5172 sine

764 5177 1002 5235 adulterii
1021 5177 1315 5249 precatione
1328 5177 1456 5231 alios
1481 5178 1738 5244 duxerint,
1763 5177 2028 5234 statuimus
2050 5198 2084 5235 a
2097 5177 2324 5239 conrump-

765 5253 917 5305 nionc
937 5248 1201 5302 arcendos.

836 5320 862 5358 ιι
889 5318 1040 5384 Quod
1066 5317 1120 5371 in
1145 5314 1328 5370 Galliae
1345 5330 1557 5385 quoque
1585 5314 1869 5385 provinciis
1887 5317 2137 5374 usitatum
2161 5321 2321 5378 docet

768 5387 874 5443 Leo
921 5391 1135 5457 Magnus
1159 5425 1176 5450 ,
1216 5386 1283 5457 ad
1318 5387 1597 5454 episcOpos
1645 5385 1930 5457 provincia
1979 5386 2316 5447 Viennensis.

770 5454 1066 5528 Nobiscum,
1097 5454 1288 5524 inquit,
1309 5464 1476 5528 uestra
1511 5455 1803 5528 fraternitas
1831 5469 2169 5526 recognoscat,
2192 5477 2320 5528 apo-

771 5527 993 5579 stolictmt
1018 5523 1185 5596 sedem
1202 5538 1304 5596 pro
1325 5523 1409 5596 sui
1434 5524 1726 5596 reuerentia,
1757 5539 1790 5596 ᾳ
1809 5523 1986 5596 restria
2017 5523 2171 5582 etiam
2200 5523 2321 5596 pro-

770 5597 941 5648 vincite
965 5592 1305 5648 sacerdotibus
1328 5592 1606 5646 innumeris
1631 5592 1964 5647 relationibus
1980 5609 2088 5650 esse
2117 5592 2323 5654 consul-

772 5676 892 5733 tunt,
923 5673 969 5715 et
1007 5678 1097 5733 per
1131 5663 1463 5733 diuersarum,
1490 5661 1910 5730 qumdmodum
1937 5673 2074 5720 vetus
2115 5683 2324 5723 consue-

771 5731 895 5785 tudo
913 5730 1161 5799 poscebat,
1189 5730 1577 5797 appellationem
1612 5745 1900 5799 cessarunt,
1929 5741 2020 5786 aut
2050 5744 2321 5793 retractatu

771 5809 859 5853 aut
885 5798 1182 5866 conﬁrmata
1205 5800 1588 5870 {uissejudieim

2501 4783 2526 4812 ο
2553 4770 2794 4828 Messiani
2834 4783 2930 4896 Ἔν
2955 4770 3070 4827 haec
3098 4778 3338 4839 tempora
3373 4771 3480 4841 duo
3507 4781 3701 4842 praeter
3737 4773 3892 4829 istum
3935 4774 3990 4830 in

2427 4841 2651 4898 Galliam
2683 4839 2855 4922 noti.“
2897 4840 3324 4922 nusmAvitiimp.
3351 4840 3627 4922 patricius,
3653 4856 3810 4922 quem
3851 4844 3996 4922 Rici-

2426 4926 2563 4975 mer,
2586 4925 2714 4980 chm
2743 4912 2952 4980 Avitum
2977 4909 3259 4980 Placentiae
3274 4909 3530 4980 spoliaret
3554 4909 3797 4980 imperio,
3825 4928 3858 4967 e
3883 4915 3989 4969 vita

2426 4979 2668 5044 sustulit;
2699 4980 2833 5034 alter
2859 4979 2919 5034 S.
2960 4978 3444 5049 Cesariiepieeopi
3497 4978 3754 5047 notarius,
3805 4992 3991 5049 postea

2428 5050 2724 5120 presbyter,
2757 5050 2850 5120 qui
2877 5062 2980 5120 una
3007 5062 3129 5102 cum
3168 5047 3441 5120 Stephano
3469 5049 3692 5105 diacono
3732 5047 3994 5119 posterio-

2426 5132 2541 5190 rem
2573 5117 2736 5188 ipsius
2763 5117 2884 5172 vitae
2919 5117 3120 5190 librum
3157 5119 3493 5190 conscripsit.
3522 5120 3678 5190 ,Iuter
3710 5117 3993 5190 utrumque

2427 5187 2745 5258 hicntister,
2783 5187 3035 5258 omnibus
3073 5188 3339 5258 antiquior
3376 5187 3672 5258 Messianus
3708 5187 3990 5258 proconsul

2426 5255 2618 5330 Africae
2646 5265 2765 5324 post
2792 5257 3126 5330 consulatum
3152 5255 3419 5330 Bautonis,
3445 5257 3512 5312 de
3532 5274 3640 5329 quo
3660 5255 3724 5313 SI
3742 5260 3992 5330 Augusti-

2424 5339 2526 5394 nus
2548 5325 2683 5380 libro
2713 5343 2727 5379 ι
2752 5335 2937 5394 contra
2967 5326 3172 5380 litteras
3201 5327 3440 5381 Petiliam
3471 5325 3589 5394 cap.
3612 5331 3702 5383 23.

2499 5391 2526 5467 ἦ
2554 5393 2765 5450 Refellit
2788 5393 3021 5467 hominis
3047 5394 3277 5467 imperiti
3306 5391 3591 5467 inscitiam,
3618 5401 3706 5467 qui
3737 5398 3987 5454 vitiosum

2427 5464 2886 5537 Avito_g_ccen_tugt
2921 5465 3193 5537 obiecerat
3227 5465 3279 5520 in
3311 5466 3528 5521 humilia
3557 5464 3716 5537 quam
3750 5467 3988 5536 Lugduni

2428 5534 2482 5588 in
2504 5533 2737 5602 basilicae
2753 5533 3088 5592 dedicatione
3116 5536 3500 5602 pronuntiaret.
3528 5533 3752 5592 ilomilia
3780 5533 3892 5592 nec
3912 5539 3992 5592 in-

2426 5603 2591 5674 teriit.
2622 5601 2822 5674 Laudat
2850 5601 3156 5674 veroetiatn
3179 5603 3356 5660 Fausti
3385 5603 3628 5661 Reiensis
3653 5607 3907 5674 episcopi,
3936 5609 3987 5660 in

2424 5670 2664 5745 ejusdem
2693 5671 2935 5745 ecclesia:
2973 5672 3338 5745 Lugdunensis
3376 5674 3636 5732 dedicata:
3676 5670 3988 5745 festis'pre-

2424 5741 2716 5816 dicationes
2736 5741 2982 5798 Sidonius
3014 5741 3106 5797 lih.
3133 5759 3187 5809 ιι,
3217 5745 3377 5814 epist.
3410 5746 3466 5810 ὅ,
3491 5755 3612 5816 qua:
3635 5747 3764 5816 ipse
3792 5741 3985 5816 pariter

2425 5810 2760 5867 interierunt.

2902 4785 2930 4825 r
2955 4770 3070 4827 haec
3098 4778 3338 4842 tempore
3373 4771 3485 4842 duo
3507 4781 3701 4842 praeter
3737 4773 3892 4829 istum
3935 4774 3990 4830 in
