4190 6404
417 418 489 472 σε
1702 403 2033 463 EPISTULA
2077 402 2261 460 LXVI.

3559 405 3667 459 274

378 547 489 586 non
529 532 596 585 ad
629 528 942 597 l)eum,.sed
967 526 1037 584 ad
1065 526 1324 583 saeculum
1357 525 1709 595 pertinentes,
1738 536 1809 576 ne
1848 519 1969 574 laici
1998 522 2050 578 Δ
2078 527 2369 576 convertor
2386 519 2453 576 ad
2480 534 2691 590 preces,
2722 520 2960 577 divinam
2991 517 3417 576 misericordiam
3442 533 3662 589 rogans,

376 606 763 690 quidem,‘non
790 621 965 676 dicant
996 617 1202 687 clerici,
1232 602 1420 672 sancta
1448 614 1827 672 communione
1856 610 1965 680 pri—

336 762 339 765 ,
380 719 582 764 ventur
611 727 625 763 :
653 690 777 779 quia
807 706 979 764 nescit
1007 706 1164 777 cujus
1182 705 1457 777 dignitatis
1484 704 1555 759 sit
1582 705 1697 773 ipsa
1716 715 1963 758 commu-

378 800 495 867 nio,
516 800 607 871 qui
628 815 734 855 non
764 813 905 863 eam,
934 800 1083 855 omni
1111 799 1453 854 animositate
1481 797 1738 866 seposita,
1766 803 1963 850 etcum

376 903 576 957 magno
598 887 788 944 dolore
814 888 1114 958 suspendit,
1136 897 1336 944 etcum
1367 886 1599 942 maxima
1623 884 1964 940 festinatione

377 976 634 1032 restituit.

368 1078 373 1081 ’
872 1076 898 1105 ⁸
942 1065 1270 1122 EPISTULA
1308 1065 1470 1120 LXII.

608 1172 951 1214 ιροιιιειιιε
972 1170 1247 1212 ειηιεοιιυε
1272 1171 1433 1211 Ανιτο
1454 1168 1719 1209 EPISCOPO.

448 1248 702 1320 Cogitans
746 1260 908 1318 atque
954 1258 1329 1317 pertractans,
1378 1247 1830 1303 inofficiositatcm
1874 1262 1964 1302 ve-

378 1348 543 1396 stram
580 1355 687 1409 qua
715 1340 919 1395 ultione
947 1340 1322 1409 pereellerem,
1354 1340 1430 1394 nil
1470 1338 1683 1409 dignius
1702 1338 1960 1408 iudicavi,

376 1443 536 1498 quam
572 1429 617 1483 si
655 1428 921 1484 declinata
960 1427 1153 1499 injuria
1184 1428 1319 1484 nihil
1358 1430 1577 1498 segnius
1621 1429 1961 1483 intentarem.

378 1520 458 1576 Ne
479 1535 638 1590 quam
661 1521 824 1590 igitur
875 1523 927 1576 in
957 1530 1229 1590 posterum
1259 1520 1580 1586 vereamini,
1612 1520 1703 1590 qui
1741 1520 1965 1576 cernitis

379 1619 700 1679 przesentem
732 1627 925 1666 noxam
959 1613 1204 1681 protinus
1232 1612 1460 1681 expiari.

892 1700 1221 1757 EPISTULA
1266 1700 1453 1756 LXIII.

429 1807 620 1847 AVITUS
644 1806 951 1846 WENNENSIS
982 1807 1257 1848 ενιςουρυε
1288 1806 1603 1847 APOLLINARI
1634 1805 1907 1847 EPISCOPO.

2072 619 2131 665 ut
2155 609 2354 666 caritas
2393 611 2548 680 cujus
2582 611 2885 682 profectum
2920 612 3102 669 studio
3126 610 3392 677 asseritis,
3415 609 3567 666 vobis
3595 612 3661 665 ad

2070 704 2370 770 prtemium,
2405 700 2535 757 mihi
2583 700 2651 757 ad
2702 701 2999 773 gaudium,
3049 702 3261 759 cunctis
3308 701 3552 772 proﬁciat
3593 701 3661 758 ad

2069 793 2398 863 exemplum.

2589 882 2924 940 EPISTOLA
2963 883 3126 940 LXV.

2126 986 2316 1027 uirus
2356 987 2662 1029 visuumsts
2704 963 3051 1057 episcopus}
3092 989 3296 1031 IAXIIO
3336 987 3602 1029 Episcopo.

2139 1062 2413 1129 Quantum
2439 1062 2508 1119 ad
2559 1063 2827 1120 infernum
2872 1074 3082 1135 spectat
3104 1073 3161 1120 et
3191 1065 3383 1133 linem,
3410 1064 3657 1135 aliquan-

2070 1150 2198 1207 tulis
2224 1152 2531 1221 corpusculi
2563 1152 2768 1208 viribus
2808 1153 2997 1224 vigeo,
3045 1154 3239 1209 anxius
3269 1164 3467 1221 tamen,
3513 1157 3656 1223 quod

2068 1243 2138 1296 de
2185 1245 2384 1300 domno
2432 1254 2456 1283 ο
2489 1243 2598 1299 lilio
2640 1257 2859 1310 vestro,
2896 1244 2980 1299 vel
3018 1245 3359 1301 absolutione
3405 1245 3656 1316 colloquii

2069 1336 2142 1389 nil
2171 1350 2428 1405 agnoseo,
2459 1336 2604 1407 quod
2634 1350 2735 1392 nec
2762 1352 2831 1393 eo
2871 1337 2974 1393 loci
3018 1338 3210 1394 fuerim
3256 1346 3314 1393 ut
3365 1351 3657 1409 agnoscere

2070 1427 2387 1497 potuissem.
2420 1426 2553 1481 Nam
2576 1428 2917 1483 monasteriis
2943 1425 2970 1465 ά
3000 1427 3473 1485 Grenencensibus
3498 1441 3656 1482 occu-

2070 1527 2249 1586 patus,
2280 1518 2590 1591 aliquandiu
2613 1519 2725 1589 jam
2768 1519 3075 1574 habitaculo
3104 1519 3344 1575 civitatis
3358 1518 3654 1574 abfueram.

2071 1608 2344 1677 Siquidem
2394 1607 2602 1663 delicia:
2631 1621 2769 1678 quas
2807 1608 3116 1678 dignatione
3160 1609 3315 1663 solita
3358 1606 3655 1671 dit-existis,

2069 1699 2124 1752 in
2154 1700 2344 1755 itinere
2370 1714 2459 1755 me
2484 1708 2538 1754 et
2566 1699 2741 1755 adhuc
2765 1699 2836 1757 ab
2859 1700 2989 1757 urbe
3018 1700 3278 1755 remotius
3313 1698 3544 1769 positum
3574 1714 3656 1752 re-

2070 1800 2350 1861 pererunt.
2396 1792 2679 1862 Quasque,
2712 1793 2855 1864 quod
2903 1791 3272 1861 multipliciter
3300 1792 3516 1855 mirum,
3544 1804 3654 1846 ser-

448 1885 527 1939 Ne
578 1884 847 1940 festivitati
898 1898 1240 1939 occurrerem
1290 1884 1584 1939 necessitas
1620 1884 1861 1949 obstitit;
1905 1894 1965 1940 ut
1991 1877 2039 1937 Β
2069 1896 2169 1937 vus
2211 1892 2390 1936 veSIer
2438 1882 2771 1952 Leonianus,
2804 1883 3030 1938 multum
3079 1896 3329 1953 gemens,
3374 1880 3654 1936 minimum

378 1976 510 2029 mihi
557 1975 813 2031 festivitas
860 1986 1209 2043 occurreret,
1260 1975 1568 2032 humanitas
1628 1978 1960 2047 procuravit.

377 2064 623 2120 Sci-ibitis
648 2080 776 2135 ergo
808 2066 1203 2121 indevotionem
1230 2081 1403 2121 meam
1428 2066 1650 2123 marinis
1670 2083 1769 2123 vos
1794 2068 1963 2138 c0piis

379 2155 566 2210 luisse.
616 2156 841 2226 Dignum
886 2155 1095 2212 scilicet
1137 2171 1305 2226 genus
1348 2158 1635 2228 supplicii,
1685 2161 1827 2228 quod
1876 2176 1963 2216 me

377 2244 655 2301 faciat.....
686 2262 805 2300 cum
855 2247 1126 2302 desiderio
1152 2248 1289 2316 gula:
1318 2248 1652 2304 conﬂictum.
1693 2249 1839 2305 Satis
1869 2267 1962 2305 vo-

376 2341 460 2397 bis
483 2344 793 2410 prmsenlari
825 2356 1102 2412 cuperem,
1136 2342 1181 2397 si
1226 2358 1333 2398 non
1368 2344 1543 2400 taliter
1580 2346 1842 2414 puniretis
1868 2347 1961 2401 ab-

376 2442 580 2488 sentes.
612 2426 827 2489 Utinam
866 2448 1110 2489 censura:
1152 2442 1343 2490 vestrre
1378 2435 1432 2490 in
1460 2445 1778 2493 eontumace
1805 2454 1959 2507 ptena

378 2538 485 2578 non
515 2525 741 2579 desinat.
768 2526 908 2581 Nihil
940 2527 1108 2597 magis
1138 2527 1300 2583 timeo
1329 2544 1486 2598 quam
1526 2530 1668 2598 quod
1699 2546 1784 2585 me
1806 2532 1961 2601 jube-

378 2618 448 2669 tis
479 2616 531 2669 in
558 2624 832 2685 posterum
879 2618 951 2671 nil
980 2619 1175 2673 vereri.
1209 2618 1597 2689 Indulgentiam
1645 2621 1720 2675 illi
1753 2624 1840 2691 qui
1871 2638 1958 2677 ro-

374 2707 583 2767 caverit
632 2707 789 2771 date,
848 2707 933 2762 cui
988 2709 1135 2762 avari
1180 2723 1301 2764 esse
1347 2709 1625 2764 volueritis
1674 2711 1955 2779 ignoscite.

370 2797 639 2851 (lictorum
676 2813 781 2860 me,
815 2799 1122 2867 qualitatem
1168 2799 1518 2856 districtionis
1544 2812 1848 2871 expertum,
1881 2805 1962 2859 of-

376 2886 581 2940 {emam
614 2886 781 2953 magis
811 2897 1042 2942 vestram
1076 2898 1290 2943 constat
1327 2889 1635 2947 desiderare
1671 2907 1828 2960 quam
1864 2909 1960 2949 ve-

375 2976 540 3029 niam.
586 2975 661 3031 De
707 2987 921 3040 cancro,
974 2979 1308 3035 orationibus
1349 2984 1543 3035 vestris
1576 2983 1773 3037 tribuat
1818 2984 1958 3039 Deus

373 3072 582 3129 noster,
607 3073 666 3118 ut
690 3066 777 3133 qui
808 3065 1082 3121 festivitati
1113 3067 1272 3137 hujus
1300 3071 1579 3136 praesentis
1608 3073 1735 3125 anni
1764 3073 1957 3126 officiis

372 3156 540 3225 magis
567 3169 726 3223 quam
756 3156 964 3211 deliciis
994 3158 1168 3225 abfui,
1197 3160 1251 3213 in
1283 3168 1523 3229 tempore
1554 3161 1733 3219 futuro
1760 3166 1957 3221 vestris

2069 1986 2311 2039 sumens,
2342 1971 2501 2027 avido
2528 1973 2768 2043 quidem,
2792 1973 2886 2029 sed
2916 1988 3084 2029 vacuo
3114 1982 3305 2029 ventre
3338 1972 3651 2027 transmisit.

2068 2063 2323 2118 Putasses
2348 2063 2587 2133 eulogias
2615 2074 2825 2121 vestras
2854 2065 3026 2121 tenaci
3065 2079 3350 2121 corvorum
3382 2073 3559 2125 rostro
3590 2062 3655 2117 ad

2069 2159 2199 2212 Elite
2248 2158 2369 2224 (III
2421 2160 2548 2231 Reg.
2606 2176 2739 2227 xvtt,
2787 2161 2843 2231 6)
2894 2172 3103 2228 pastum
3152 2160 3348 2230 bajulis
3389 2158 3656 2229 unguibus

2064 2250 2333 2306 exhiberi.
2384 2251 2535 2307 Adeo
2573 2252 2641 2308 ab
2681 2253 3031 2309 insultatione
3067 2266 3185 2307 mea
3232 2252 3286 2305 in
3330 2265 3425 2306 vos
3459 2250 3653 2320 justius

2065 2344 2397 2410 exercenda,
2441 2344 2588 2402 misit
2628 2347 2907 2415 esuriens,
2952 2346 3095 2417 quod
3124 2361 3317 2401 vorare
3344 2358 3449 2399 non
3482 2345 3654 2416 potuit

2065 2437 2474 2505 concupiscens.
2525 2435 2730 2490 Vellem
2777 2452 2920 2492 nunc
2961 2437 3101 2492 scire
3134 2436 3258 2506 quid
3307 2434 3475 2506 prosit
3510 2433 3652 2504 quod

2065 2528 2201 2599 gulae
2229 2527 2513 2597 peculiaris
2547 2527 2730 2581 famuli
2755 2526 2833 2582 sic
2857 2527 3105 2594 studetis,
3130 2528 3216 2583 cui
3250 2544 3317 2583 ne
3346 2527 3475 2581 mihi
3500 2527 3654 2583 datas

2063 2634 2093 2673 a
2125 2620 2235 2675 Deo
2263 2620 2518 2689 vobisque
2548 2620 2734 2689 epulas
2775 2621 2844 2676 de
2882 2635 2975 2675 ore
3008 2621 3092 2674 vel
3136 2620 3386 2679 inanibus
3416 2630 3651 2689 raperet,

2061 2711 2319 2782 optabilis
2354 2712 2669 2766 absentandi
2716 2727 2875 2767 causa
2903 2728 2989 2769 me
3037 2713 3196 2781 rapit.
3229 2711 3495 2769 Caeterum
3532 2723 3555 2752 ⁸
3589 2715 3653 2769 de

2062 2800 2395 2867 recentibus,
2427 2804 2552 2871 quia
2582 2803 2891 2872 praecipitis,
2926 2814 2981 2859 et
3012 2818 3163 2860 meas
3203 2814 3384 2875 partes
3409 2805 3567 2871 cedo,
3599 2815 3653 2863 et

2062 2896 2384 2963 multiplices
2428 2910 2570 2949 suas.
2623 2896 2815 2951 Utatur
2858 2906 3161 2966 paterarum
3208 2898 3510 2967 eapacitate
3555 2913 3652 2968 pro

2060 2990 2247 3058 capis:
2278 2997 2475 3044 atterat
2525 2988 2689 3044 labris
2739 2988 2977 3059 phialas.
3019 3004 3153 3059 quas
3189 2990 3487 3045 circumdet
3512 2991 3652 3059 pita-

2060 3082 2266 3135 eiorum
2310 3079 2578 3135 densitate
2642 3094 2742 3149 pro
2796 3080 3036 3136 circulis.
3103 3081 3239 3136 Nam
3300 3080 3501 3136 curabo
3552 3096 3652 3150 ego

2061 3185 2297 3241 quoque,
2329 3170 2472 3239 quod
2504 3185 2625 3226 eum
2670 3171 2811 3226 velle
2858 3185 3153 3243 cognosco,
3185 3188 3308 3227 cum
3348 3173 3523 3227 simile
3552 3173 3651 3228 ali-

370 3262 458 3301 ine
477 3248 1027 3303 orationibus‘ail'ectu
1054 3265 1160 3303 non
1186 3249 1352 3304 simili
1378 3254 1734 3319 prazsentetis,
1758 3265 1952 3311 etcum
1984 3244 2030 3306 C
2062 3260 2189 3331 quid
2220 3262 2287 3316 de
2314 3269 2486 3315 vestra
2518 3261 2901 3317 benedictione
2946 3277 3160 3330 eruere,
3185 3262 3252 3317 ad
3276 3264 3642 3331 multiplican-

369 3337 614 3404 rediero,
641 3339 929 3393 severitate
971 3338 1136 3394 simili
1184 3341 1501 3397 absentasse
1537 3344 1787 3400 credatis.
1819 3347 1953 3403 Ot‘to

368 3427 633 3494 palustres
660 3428 779 3497 quis
806 3429 929 3498 quia
961 3444 1021 3482 se
1040 3430 1149 3484 duo
1172 3432 1319 3500 paria
1347 3433 1637 3504 solearum,
1666 3452 1785 3506 quae
1816 3440 1953 3495 den-

364 3520 510 3577 tibus
545 3524 865 3587 maceretis,
891 3523 1229 3594 aliquatenus
1258 3538 1592 3592 commotus,
1626 3545 1733 3585 non
1772 3539 1949 3588 tamen

360 3628 429 3668 ex
451 3614 660 3684 integro
690 3616 889 3669 malum
914 3632 1008 3683 pro
1033 3617 1175 3672 malo
1201 3618 1432 3673 reddens
1459 3621 1661 3677 direxi.

868 3706 1200 3761 EPISTULA
1246 3707 1431 3762 LXIV.

408 3809 596 3851 απυδ
639 3810 946 3850 νιεακευειε
974 3811 1248 3852 EPISCOPUS
1278 3813 1593 3855 VIVENTIOLO
1622 3818 1887 3861 EPISCOPO.

432 3886 670 3940 Servatis
689 3887 986 3943 dulcedinis
1009 3903 1234 3957 morem,
1259 3890 1389 3957 imo,
1421 3901 1477 3946 ut
1508 3895 1684 3948 verius
1714 3898 1941 3965 dicatur,

357 3976 587 4045 augetis.
620 3977 902 4032 Refecistis
946 3979 1363 4035 sollicitudinem
1414 3992 1649 4038 nostram
1681 3985 1749 4041 de
1792 3989 1943 4043 vobis

360 4084 611 4137 prospera
642 4070 932 4125 nuntiando
965 4090 975 4123 :
1015 4073 1264 4127 visitastis
1293 4073 1637 4131 festivitatem
1667 4078 1735 4133 de
1774 4081 1932 4137 nobis

353 4177 476 4229 qua:
504 4164 770 4230 Optaliatis
800 4180 1091 4235 agnoscere
1122 4168 1407 4235 cupiendo.
1441 4169 1588 4226 Inter
1633 4172 1727 4228 has
1761 4183 1936 4230 tamen

353 4253 673 4321 multiplices
712 4256 900 4323 epulas
947 4258 1251 4312 animorum
1282 4299 1299 4325 ,
1346 4252 1508 4315 etiam
1568 4267 1940 4331 corporalibus

351 4358 565 4410 quoque
592 4345 793 4400 deliciis
821 4348 1055 4403 ornastis
1098 4358 1153 4403 et
1184 4364 1448 4419 mensam,
1482 4355 1570 4421 qui
1605 4355 1939 4421 Spiritalibus

352 4434 619 4502 par-eratis
668 4436 981 4492 Ecclesiam.
1032 4440 1370 4510 Quapropter
1394 4443 1566 4513 impar
1615 4446 1680 4499 ad
1712 4448 1937 4516 gratias,

423 4570 968 4647 f‘Fratrumramure
1014 4577 1207 4646 dignus
1256 4576 1555 4633 conflictus.
1608 4582 2011 4647 ApollinarisD

348 4641 494 4695 Aviti
540 4642 717 4721 fratris
760 4641 1240 4721 inofficiositatem,
1287 4649 1431 4721 sive,
1486 4660 1541 4703 ut
1587 4641 1775 4707 Avitus
1818 4654 1933 4721 ipse

348 4722 535 4783 vocat,
584 4712 1013 4779 indevotionem,
1064 4717 1204 4783 qttod
1245 4718 1313 4771 ad
1345 4718 1640 4775 Valentino:
1689 4712 1933 4778 eccleszte

348 4780 694 4858 festivitatem
738 4799 845 4838 non
888 4780 1120 4858 venerit,
1176 4787 1469 4858 ulciscens,
1514 4792 1761 4858 supplicii
1814 4796 1931 4847 loco

348 4864 573 4931 munera
625 4853 888 4931 miserat:
929 4856 1147 4931 Avitus,
1202 4856 1422 4911 fraterni
1471 4853 1715 4931 supplicii
1762 4879 1930 4931 genus

347 4918 591 4989 laudans,
625 4927 739 4989 pari
762 4940 882 4977 eum
914 4926 1090 4978 studio
1122 4938 1517 4982 remuneratur.

418 4987 444 5026 δ
486 4987 1263 5069 GenayensiaUCujusnomen
1314 4998 1453 5052 inter
1504 5000 1787 5068 episcopos
1838 5005 1927 5069 qui

347 5057 650 5125 Epaonensi
688 5057 1261 5139 concilio'adfuerunt.
1309 5068 1390 5121 Ab
1433 5057 1800 5139 boc'eulu'gias
1832 5057 1926 5126 seu

348 5144 570 5205 inunera
594 5133 860 5205 ,“opimas
886 5135 1069 5202 epulas
1107 5150 1224 5188 cum
1259 5140 1589 5205 accepisset,
1635 5133 1714 5193 iu'
1738 5141 1925 5196 harum

347 5198 582 5274 latorem
600 5198 808 5255 Maximi
840 5198 1091 5257 ian—inium
1128 5205 1300 5272 lepide
1322 5198 1553 5274 jocatur.

420 5270 985 5342 ¢~Ss'igisinuiido-rege,
1020 5270 1438 5342 quem'Geuavae
1466 5281 1516 5332 in
1548 5290 1696 5333 sorte
1728 5295 1822 5334 sua
1856 5282 1929 5335 la-

346 5352 457 5414 rem
476 5340 737 5414 habuisse
774 5342 827 5395 in
855 5340 1076 5414 epistola
1106 5346 1173 5398 29
1200 5347 1637 5414 conjiciebanius.

415 5410 442 5445 ά
473 5412 547 5462 De
600 5411 793 5485 quibus
847 5412 1098 5485 Sidonius
1151 5416 1241 5470 lib.
1281 5410 1372 5479 vn,
1420 5420 1577 5485 epist.
1638 5422 1747 5472 l7:
1796 5419 1929 5474 Flu-

345 5486 598 5551 cttmntem
620 5482 847 5551 regulam
877 5483 1093 5551 fratrum
1116 5482 1474 5539 destitutorum
1503 5490 1785 5541 secundum
1820 5499 1923 5543 sta-

346 5558 455 5629 tiua
479 5548 824 5629 Lirinensium
863 5548 940 5603 uel
966 5549 1378 5629 Grinincensium
1417 5561 1630 5625 festinus
1672 5560 1920 5629 informa.

345 5617 773 5696 Grinincensium
806 5624 1183 5696 monachorum
1216 5617 1428 5679 familiai
1465 5642 1629 5696 prepe
1662 5617 1918 5683 “cunam

345 5703 538 5766 magno
563 5692 689 5766 olim
724 5706 947 5766 nurnero
991 5692 1221 5766 fuerunt,
1263 5692 1517 5766 subcura
1559 5692 1613 5751 et
1640 5699 1917 5766 disciplina

345 5758 577 5829 episcopi
623 5761 940 5815 Viennensis
984 5778 997 5814 :
1038 5764 1231 5829 quibus
1273 5764 1497 5831 proinde
1526 5758 1806 5824 visitandis
1829 5784 1917 5825 0c-

256 5900 265 5909 .
345 5839 589 5896 cupatum
620 5845 677 5883 se
702 5830 804 5885 hoc
832 5839 1069 5896 tempore
1092 5832 1254 5888 fuisse
1276 5830 1554 5900 Significat.

2057 3353 2155 3407 das
2177 3358 2423 3407 recentes
2451 3352 2592 3422 gula:
2612 3352 2842 3429 calenti,
2884 3354 2930 3408 si
2959 3368 3066 3409 non
3092 3354 3428 3425 excogitatur
3454 3356 3647 3412 modus

2058 3444 2110 3497 in
2138 3441 2420 3511 calicibus,
2451 3452 2682 3513 ponatur
2711 3444 2763 3498 iu
2789 3444 3045 3511 piscibus.

2567 3534 2900 3591 EPISTULA
2940 3535 3122 3590 LXVI.

2126 3639 2317 3680 AVI'I‘US
2355 3640 2659 3679 VIENNENSIS
2700 3641 2979 3681 EPISCOPIJS
3017 3641 3265 3681 νιοτοηιο
3304 3643 3571 3683 EPISCOI‘O.

2128 3715 2349 3769 Factum
2389 3715 2531 3784 quod
2564 3716 2755 3771 litteris
2801 3717 3102 3783 indicastis,
3153 3717 3255 3771 levi
3300 3719 3367 3772 ad
3408 3735 3496 3773 me
3522 3728 3647 3774 ante

2055 3808 2273 3862 allatum
2304 3818 2541 3864 vestrum
2574 3824 2795 3864 rumore
2824 3818 3162 3879 pervenerat.
3197 3809 3361 3880 Cujus
3404 3825 3499 3880 per
3526 3828 3648 3865 sano

2052 3910 2197 3956 ctum
2252 3899 2565 3955 A-rchidiam
2617 3900 2911 3956 acerbitate
2966 3910 3279 3975 comperta,
3329 3903 3373 3955 si
3421 3902 3647 3958 credere

2049 3992 2380 4062 dignamini,
2430 4006 2540 4045 non
2590 3991 2768 4045 minus
2816 4005 2973 4060 quam
3011 4004 3107 4045 vos
3157 3990 3399 4046 dolorem
3452 4002 3645 4048 vestra:

2049 4083 2427 4138 commotionis
2459 4082 2720 4151 ingemui.
2750 4080 3029 4150 Siquidem
3061 4082 3190 4135 satis
3208 4081 3387 4150 gravis
3410 4084 3643 4153 exempli

2046 4184 2151 4240 est,
2181 4183 2237 4228 ut
2263 4189 2405 4229 nunc
2433 4173 2784 4227 sacerdotalis
2806 4172 3073 4228 ordinatio
3101 4188 3128 4226 a
3164 4175 3374 4243 populis
3408 4178 3641 4246 regenda

2048 4266 2256 4319 dicatur
2285 4282 2297 4319 :
2330 4280 2449 4320 cum
2476 4264 2674 4319 idcirco
2708 4274 2915 4318 tantum
2938 4264 2989 4319 in
3017 4268 3401 4321 consecrandis
3427 4268 3639 4337 episco-

2046 4358 2130 4427 pis
2170 4357 2415 4425 plebibus
2444 4366 2695 4412 servetur
2726 4358 2941 4421 eiectio,
2974 4366 3033 4411 ut
3062 4359 3350 4415 assiduitas
3379 4362 3641 4417 constitu-

2047 4450 2208 4503 tionis
2233 4448 2380 4502 velut
2429 4463 2524 4517 per
2575 4448 2847 4517 quoddam
2894 4448 3209 4505 mandatum
3251 4450 3438 4506 electis
3480 4454 3639 4508 liceat

2122 4594 2144 4621 ε
2178 4584 2439 4639 Recentes
2470 4585 2704 4653 appellat
2752 4584 2982 4638 recentis
3014 4592 3107 4638 aul
3150 4587 3438 4652 recentati,
3473 4588 3524 4641 id
3556 4601 3639 4643 est

2047 4655 2111 4707 ad
2154 4657 2387 4719 rigorem
2438 4656 2673 4719 redacti,
2706 4658 2812 4709 vini
2850 4656 3126 4723 potiones,
3172 4672 3301 4725 quas
3336 4658 3637 4713 Leonianus

2044 4726 2258 4779 calente
2300 4727 2420 4790 gula
2452 4725 2843 4792 frequentabat.
2877 4726 2963 4779 Sic
2990 4727 3215 4793 cpistola
3267 4728 3333 4780 ’Π
3370 4746 3380 4775 :
3418 4728 3635 4781 Summa

2041 4794 2427 4866 importunitate
2466 4812 2685 4866 perago,
2727 4807 2782 4849 ut
2811 4808 2909 4849 tres
2946 4806 3168 4849 recentes
3199 4797 3315 4850 aliis
3357 4798 3472 4861 plus
3497 4815 3635 4865 prta.

2042 4880 2263 4917 sumam.
2298 4865 2375 4919 Eo
2397 4865 2805 4933 itaque’spcctat
2836 4866 2977 4934 quod
3010 4866 3270 4937 sequitur,
3296 4876 3472 4919 utatur
3492 4877 3635 4937 pate-

2041 4950 2217 5005 rarum
2249 4938 2529 5003 capacitate
2556 4953 2647 5001 pro
2677 4938 2817 5001 capis
2850 4954 2861 4986 :
2896 4935 3048 5003 quasi
3072 4937 3230 4998 dit-at,
3279 4953 3375 5005 pro
3406 4935 3632 4993 vas-culis

2042 5004 2269 5070 exiguis,
2315 5007 2513 5071 pateris
2560 5006 2703 5059 bibat
2737 5005 3108 5072 capacioribus
3132 5049 3145 5069 ,
3181 5004 3287 5060 ubi
3312 5008 3455 5073 capis
3495 5024 3629 5061 nova

2045 5074 2336 5128 inflexione
2384 5075 2562 5143 posuit
2612 5090 2709 5143 pro
2760 5076 3057 5139 catidibus.
3109 5076 3337 5144 Capides
3388 5078 3531 5132 enim
3579 5090 3633 5132 et

2042 5145 2249 5215 capula:
2294 5146 2432 5213 apud
2471 5145 2794 5209 Varronem,
2835 5147 3009 5209 poculi
3051 5161 3220 5214 genus
3266 5162 3373 5215 quo
3415 5148 3631 5215 deplere

2044 5228 2165 5287 vasa
2195 5214 2391 5287 olearia
2433 5215 2700 5287 solebant.
2734 5216 2934 5287 Eodem
2984 5232 3196 5285 quoque
3228 5214 3457 5284 pertinet
3485 5214 3627 5287 quod

2039 5284 2309 5353 Suhjungit
2330 5325 2343 5349 ,
2374 5294 2557 5337 atterat
2590 5286 2745 5338 labris
2782 5285 3013 5351 phialas,
3040 5303 3165 5347 quas
3197 5287 3473 5339 circumdet
3498 5284 3630 5354 pita—

2039 5354 2233 5405 ciorum
2260 5357 2508 5408 densitate
2531 5373 2621 5423 pro
2649 5357 2870 5408 circulis.
2907 5359 3023 5420 Quo
3055 5358 3171 5409 loco
3202 5357 3283 5411 cui
3310 5358 3422 5409 usui
3454 5356 3631 5412 forent

2042 5424 2253 5488 pitacia,
2290 5424 2524 5478 Petronii
2576 5426 2774 5479 Arbitri
2809 5426 2861 5478 in
2886 5426 3106 5479 satirico
3142 5429 3301 5480 verba
3330 5427 3624 5481 declarant.

2043 5491 2231 5546 Statim
2261 5493 2434 5547 allata:
2458 5505 2596 5557 sunt,
2632 5497 2822 5562 inquit,
2861 5496 3123 5563 ampliora:
3161 5499 3331 5550 vitrew
3360 5496 3629 5565 diligenter

2041 5572 2289 5634 gypsattc,
2320 5581 2535 5634 quorum
2563 5571 2613 5617 in
2636 5566 2908 5619 cervicibus
2933 5568 3121 5634 pitacia
3149 5579 3292 5621 erant
3320 5568 3483 5633 afﬁxa
3511 5582 3629 5620 cum

2040 5620 2135 5683 tibi
2162 5620 2343 5703 titulo;
2363 5632 2645 5687 Falernum
2671 5620 3004 5699 Opimianum
3030 5653 3283 5689 annorum
3310 5620 3532 5689 centum.
3571 5639 3624 5691 Ill

2041 5703 2181 5752 vasis
2214 5718 2340 5772 ergo
2388 5706 2626 5765 vinariis,
2661 5706 2805 5758 aflixi
2831 5708 3172 5775 ’pitaciorum
3205 5707 3377 5771 tituli,
3398 5708 3501 5759 vini
3533 5723 3626 5760 cu-

2021 5770 2216 5893 iuique
2254 5770 2500 5841 patriam,
2534 5784 2770 5841 aetatem,
2797 5770 3023 5844 pretium
3058 5788 3111 5832 et
3143 5770 3455 5846 dignitatern
3488 5777 3623 5831 iudi-

2022 5855 2080 5893 ca
2124 5856 2187 5893 an
2219 5880 2230 5893 .

2022 5855 2230 5894 canant.
