4190 6466
688 407 794 465 ‘275

1943 407 2001 463 S.
2044 405 2226 463 AVlTl
2269 403 2581 461 ἨΕΝΝΕΝ-
2604 407 2662 462 IS

3837 409 3940 465 276

685 525 863 594 legere
884 523 1020 594 quod
1053 523 1282 579 videtur.
1313 523 1425 578 Non
1454 531 1630 578 autem
1665 534 1759 576 vos
1802 535 1899 590 pro
1930 535 2070 575 novo
2090 519 2256 576 debc-
2287 523 2330 580 Α
2361 529 2536 573 Vestia
2563 529 2614 574 et
2664 519 3034 576 incolumitate
3078 520 3357 589 sollicitis,
3390 520 3514 577 licet
3541 518 3779 578 Cresares
3801 524 3935 586 sitis.

685 613 756 668 tis
784 615 1057 682 accipere,
1087 614 1212 685 quid
1243 611 1554 669 tribulandis
1597 612 1754 668 nobis
1809 611 1982 668 valeat
2030 611 2255 667 commi-

689 704 819 759 nisci
865 705 1132 760 clericalis
1176 704 1446 774 nequitia,
1494 703 1624 759 fulta
1671 703 1912 760 subsidio
1960 703 2260 760 insolentia:

684 795 977 850 saecularis.
1022 794 1158 849 Puto
1199 808 1326 851 sane
1369 793 1693 851 districtioni
1741 794 2119 851 ecclesiastica
2165 795 2260 849 ﬁlii

683 886 849 940 vestri
871 886 1046 955 expeti
1067 885 1263 942 debere
1283 900 1626 956 consensum,
1657 895 1874 959 propter
1894 887 2016 943 illos
2034 901 2257 959 quorum

683 975 925 1031 abusioni
969 977 1450 1034 consuetudinarim
1489 994 1674 1049 parum
1719 978 1788 1034 de
1825 979 2260 1034 excommunica-

682 1066 916 1121 tionibus
955 1080 1145 1122 curare
1169 1068 1444 1124 decretum
1485 1080 1587 1125 est.
1617 1069 1847 1124 Litteras
1874 1084 2088 1140 quoque
2126 1084 2256 1138 quas

678 1155 745 1210 ad
771 1156 1141 1228 presbyterum
1175 1159 1353 1214 illicita
1376 1167 1782 1230 praesumentem
1815 1175 1919 1214 non
1958 1161 2134 1216 minus
2170 1160 2262 1230 pie

678 1261 838 1316 quam
868 1249 1184 1320 regulariter
1213 1250 1502 1315 direxistis,
1531 1251 1740 1321 inspexi
1770 1269 1782 1304 :
1815 1253 1867 1307 in
1894 1254 2087 1322 quibus
2128 1267 2254 1308 vere

679 1336 801 1406 plus
820 1353 980 1408 quam
1003 1353 1228 1410 persona
1250 1339 1441 1396 meruit
1467 1342 1742 1411 patientia:
1764 1343 2095 1399 reservastis.
2115 1343 2254 1406 Qua-

677 1440 916 1500 propter,
949 1431 1074 1487 licet
1088 1431 1216 1486 satis
1239 1430 1454 1485 diabolo
1484 1432 1538 1486 in
1563 1443 1669 1487 tam
1696 1432 1936 1487 horribili
1959 1431 2252 1488 rebellione

677 1519 910 1588 licuerit,
930 1536 1024 1577 vos
1035 1531 1214 1577 tamen
1230 1522 1346 1577 sine
1366 1522 1541 1594 aliqua
1556 1525 1717 1578 animi
1737 1523 2138 1593 perturbatione
2156 1524 2250 1580 Dei

674 1624 739 1666 ac
762 1621 992 1666 vestram
1016 1611 1264 1682 iniuriam
1288 1613 1567 1682 castigate.
1589 1613 1649 1667 Et
1670 1628 1738 1669 ne
1757 1613 1883 1683 quid
1903 1614 1954 1668 in
1978 1624 2248 1684 posterum

673 1701 862 1761 similis
881 1715 1044 1758 ausus
1063 1702 1306 1771 arripiat,
1334 1703 1570 1773 impensa
1591 1702 1926 1760 districtione
1939 1705 2243 1776 perspicite.

1179 1792 1510 1851 EPISTULA
1548 1793 1753 1848 LXVII.

2363 609 2503 679 quod
2532 610 2746 667 domnis
2773 609 3004 680 exigitis,
3037 611 3242 668 reddite
3275 611 3478 682 pietati.

2868 723 3207 783 EPISTULA
3245 725 3434 782 LXIX.

2363 834 2428 872 ΑΒ
2457 834 2618 875 Ανιτο
2648 832 2925 874 τιειωεκδι
2954 833 3204 875 EPIICOPO
3248 835 3493 886 BIC'I'A'I'A,
3525 837 3616 878 SUB
3640 835 3834 878 κοκιαε
3862 835 3932 876 ﬂe

2747 902 3014 955 etslunnt,
3034 889 3059 928 1³
3075 906 3142 944 so
3174 905 3571 946 llPElATOltEI.

2431 979 2486 1034 Si
2528 978 2866 1036 devotionem
2919 988 3156 1035 nostram
3185 995 3287 1051 qua
3331 982 3484 1036 vobis
3513 983 3697 1038 animo
3741 980 3938 1038 milita-
4021 1019 4024 1022 ~

2361 1085 2504 1136 mus,
2532 1069 2690 1125 etiam
2719 1071 3073 1139 corporaliter
3120 1073 3430 1142 praesentari
3474 1073 3611 1127 obex
3640 1082 3934 1143 temporum

2359 1163 2744 1233 regionumque
2784 1177 2889 1217 non
2936 1166 3158 1233 patitur,
3205 1165 3347 1235 quod
3379 1174 3556 1221 tamen
3601 1164 3856 1221 habemus
3880 1167 3934 1222 in

2358 1255 2496 1312 votis
2514 1296 2528 1320 ,
2555 1269 2806 1312 exserere
2836 1263 3105 1320 tentamus
3131 1255 3348 1314 ofﬁciis.
3386 1255 3665 1313 Credimus
3689 1257 3830 1311 enim
3854 1264 3934 1311 to-

2357 1345 2458 1401 ties
2488 1360 2667 1401 coram
2689 1349 2858 1402 sacris
2887 1345 3072 1416 gloria:
3103 1359 3295 1403 vestrm
3329 1348 3602 1404 obtutibus
3632 1348 3930 1409 intromitti.

2354 1438 2564 1509 quoties
2575 1437 2951 1495 sollicitudinis
2970 1439 3208 1496 debitum
3222 1441 3400 1497 studio
3415 1441 3618 1513 paginae
3629 1440 3932 1497 famulantis

2353 1529 2658 1585 oﬁ'erimus.
2704 1529 2837 1586 Nam
2878 1529 3001 1587 licet
3029 1531 3285 1587 mundum
3316 1532 3480 1588 latere
3505 1542 3736 1602 nequeat
3759 1541 3931 1588 vestra

2354 1619 2700 1690 prosperitas,
2746 1628 2804 1675 et
2842 1622 3025 1678 orbem
3055 1635 3211 1677 suum
3244 1622 3406 1678 radiis
3446 1623 3740 1693 perspicua:
3777 1623 3931 1679 clari-

2351 1713 2476 1768 tatis
2504 1714 2757 1781 illustret,
2786 1715 2942 1772 dulce
2987 1725 3162 1773 tamen
3209 1727 3314 1783 est,
3361 1717 3407 1772 si
3456 1715 3542 1772 his
3567 1731 3706 1788 quos
3729 1717 3931 1772 militia:

2351 1805 2582 1863 fascibus
2606 1816 2662 1862 et
2685 1807 2967 1878 peculiaris
2991 1807 3177 1879 gratim
3207 1808 3405 1879 pietate
3453 1808 3733 1864 sustollitis
3751 1849 3766 1874 ,
3795 1821 3928 1877 quos

716 1896 904 1938 Ανιτσς
939 1898 1242 1939 νιεκιιειεειιι
1281 1899 1557 1940 εριεοονυε
1595 1892 1623 1921 ⁸
1663 1899 1837 1941 DOINO
1873 1875 2201 1942 ειςιςιυκυό.

2354 1899 2406 1954 in
2433 1875 2978 1956 extremis—terrarum
2996 1875 3248 1970 partibus
3281 1900 3418 1956 aulae
3465 1900 3713 1971 pollentis
3740 1875 3927 1953 contu-

741 1973 879 2029 Dum
905 1974 994 2029 alii
1019 1976 1216 2030 sanctis
1243 1989 1306 2030 ac
1332 1976 1540 2031 serenis
1564 1979 1868 2046 praesentia
1895 1987 2084 2032 vestra:
2108 1992 2156 2044 ei
2179 1993 2242 2030 u-

670 2065 867 2130 lantur,
887 2077 989 2124 ego
1017 2064 1355 2119 sterilitatem
1387 2065 1639 2122 desiderii
1673 2065 1776 2120 mei
1809 2075 2052 2120 sustento
2079 2066 2246 2133 magis

669 2154 919 2225 pauperis
945 2153 1108 2211 ofﬁcii
1137 2155 1398 2212 tenuitate
1442 2170 1599 2226 quam
1650 2157 1882 2212 ratione.
1935 2155 2087 2212 Unde
2123 2166 2245 2226 post

667 2243 1035 2315 festivitatem,
1064 2245 1268 2301 cunctis
1293 2245 1506 2316 quidem
1549 2259 1765 2316 semper
1802 2246 2085 2300 amabilem
2106 2285 2122 2312 ,
2147 2247 2241 2301 sed

666 2347 810 2389 nunc
833 2333 1279 2390 Cabilonensibus
1304 2335 1656 2407 singularem,
1694 2334 1908 2390 famula:
1930 2336 2243 2392 sollicitudi-

667 2425 752 2482 nis
779 2424 987 2483 litteras
1013 2426 1301 2483 destinavi.
1331 2426 1464 2494 Quae
1492 2429 1537 2483 si
1580 2428 2098 2498 quantulamcunque
2123 2441 2246 2497 par-

665 2518 882 2576 ticulam
910 2519 1126 2576 laudum
1155 2528 1459 2576 vestrarum
1489 2521 1790 2577 niterentur
1831 2521 2118 2592 attingere.
2146 2536 2245 2577 nec

667 2611 771 2666 hoc
817 2610 1034 2682 quidem
1063 2611 1395 2668 sufﬁcienter
1435 2611 1782 2679 excolerent,
1841 2613 1982 2681 quod
2034 2627 2127 2668 eas
2161 2613 2243 2666 vel

667 2700 957 2758 humilitati
980 2716 1115 2758 mea:
1142 2702 1264 2758 licet
1292 2702 1590 2774 porrigere,
1619 2702 1704 2758 vel
1729 2701 2021 2773 dignationi
2052 2711 2242 2757 vestrae

664 2806 880 2848 sumere
923 2791 1074 2849 libet.
1117 2793 1426 2864 Conjiciens
1474 2808 1603 2864 ergo
1631 2793 1698 2849 de
1749 2800 2014 2849 tantorum
2061 2792 2242 2848 laetitia

665 2887 1033 2956 multipliciter
1058 2901 1154 2943 vos
1186 2886 1296 2944 Deo
1325 2888 1554 2958 propitio
1602 2887 1779 2953 laetos,
1811 2896 1935 2957 pcto
1966 2887 2242 2956 paschales

668 2977 824 3032 nobis
852 2977 968 3034 dies
995 2978 1139 3034 felici
1160 2978 1336 3035 reditu
1361 2978 1567 3035 faciatis
1592 2996 1606 3032 :
1627 2978 1754 3050 quia
1775 2993 1896 3034 cum
1922 2979 1976 3033 in
2001 2978 2242 3035 absentia

669 3077 847 3124 vestra
874 3069 1115 3140 quaedam
1142 3071 1298 3126 nobis
1324 3069 1758 3142 Quadragesimte
1782 3069 2032 3140 perduret
2059 3078 2242 3126 auste-

665 3162 820 3231 ritas,
851 3162 1102 3219 omnibus
1118 3161 1396 3220 catholicis
1417 3161 1713 3234 principem
1736 3161 2121 3230 Christianum,
2151 3176 2245 3232 pe-

2353 1990 2539 2046 bernio
2567 2000 2622 2047 et
2651 1991 2954 2046 veneranda
2983 1991 3205 2045 Romani
3253 1991 3487 2046 nominis
3519 1990 3927 2062 participatione

2347 2080 2545 2146 ditatis,
2595 2081 2903 2151 specialiter
2930 2080 3120 2152 gaudia
3151 2091 3346 2138 vestra:
3389 2081 3742 2152 perennitatis
3765 2095 3930 2151 agno-

2346 2181 2500 2226 scant
2518 2187 2636 2243 qua:
2660 2172 2988 2244 generaliter
3015 2173 3225 2228 cunctis
3249 2171 3387 2228 fama
3427 2171 3792 2227 concelebrat.
3824 2174 3926 2224 Ur-

2348 2274 2435 2319 nat
2458 2265 2653 2337 quippe
2679 2265 2888 2334 imperii
2914 2265 3076 2320 vestri
3116 2264 3525 2340 amplitudinem
3570 2262 3930 2334 longinquitas

2345 2356 2730 2427 subiectorum,
2759 2365 2816 2414 et
2844 2356 3195 2413 diii‘usiouem
3224 2356 3534 2426 reipubliczc
3561 2363 3758 2412 vestra
3784 2366 3931 2408 asse-

2345 2447 2417 2503 rit
2442 2447 2583 2519 quod
2614 2449 2875 2505 remotius
2905 2448 3270 2522 possidemur.
3312 2446 3468 2504 Unde
3505 2445 3762 2517 suscipite
3805 2460 3931 2516 pro-

2346 2537 2463 2610 pitii
2489 2553 2611 2594 cum
2637 2538 2897 2609 obsequio
2926 2538 3261 2606 portitorem.
3296 2536 3362 2593 Et
3390 2551 3694 2608 quanquam
3715 2535 3928 2593 univer-

2345 2625 2422 2678 sis
2451 2623 2827 2692 expetcntibus
2853 2621 2919 2677 ad
2947 2621 3166 2677 honoris
3191 2621 3398 2692 apicem
3440 2621 3706 2688 sufﬁciat,
3756 2621 3801 2676 si
3833 2634 3929 2676 vos

2348 2723 2624 2770 merentur
2670 2713 2943 2784 aspicere;
2992 2721 3047 2768 et
3103 2726 3204 2768 nos
3249 2722 3430 2768 tamen
3478 2712 3753 2768 insinuent
3794 2725 3926 2780 quos

2343 2805 2783 2876 praesumpsimus
2804 2803 3205 2860 commendare.
3225 2803 3465 2871 Quorum
3485 2804 3651 2860 etiam
3677 2816 3926 2859 carorum

2342 2894 2792 2964 familiariumque
2818 2909 3100 2966 personas,
3121 2895 3224 2950 hoc
3253 2895 3646 2950 intercurrendi
3673 2909 3927 2950 commer-

2342 2986 2430 3044 cio
2455 2988 2608 3044 nobis
2634 3001 2847 3057 quoque
2888 2986 3101 3057 profore
3143 2985 3466 3056 iudicantes,
3515 2985 3770 3046 desiderii
3802 3000 3926 3056 pro-

2347 3078 2562 3135 siliente
2595 3077 2918 3148 compendio
2959 3077 3012 3131 in
3044 3077 3129 3132 his
3159 3091 3295 3148 quos
3319 3076 3651 3132 deatinamus
3696 3074 3930 3131 occurri-

2348 3183 2485 3224 mus:
2515 3167 2647 3224 illud
2678 3182 2839 3236 super
2857 3167 3036 3222 omnia
3062 3166 3436 3236 deprecantes,
3458 3176 3516 3221 ut
3542 3167 3663 3234 quia
3689 3164 3927 3235 dignatio

662 3252 852 3309 culiari
872 3255 1085 3309 servulo
1111 3253 1409 3323 piissimum
1436 3251 1711 3321 domuum,
1746 3253 1902 3308 etiam
1929 3266 2026 3323 per
2047 3251 2242 3308 solem-
2271 3239 2318 3302 (ἶ
2347 3258 2679 3314 celsitudinis
2706 3267 2898 3313 vestra:
2919 3257 3162 3312 oblivisci
3184 3272 3288 3311 non
3317 3265 3493 3325 potest
3521 3255 3780 3312 beneficia
3806 3269 3924 3320 sua,

665 3345 887 3399 nitatem
911 3343 1111 3400 vidisse
1129 3343 1371 3399 solemne
1394 3352 1499 3399 est.

1159 3434 1493 3492 EPISTULA
1531 3433 1762 3490 LXVIII.

737 3542 926 3586 AVITUS
965 3542 1268 3584 VIBUNINSIS
1311 3541 1586 3582 EPISCOPUS
1620 3539 1796 3581 DOINO
1832 3539 2161 3581 SIGISIIUNDO.

737 3617 1142 3674 Cciebravimus
1187 3616 1485 3682 vobiscum,
1529 3615 1809 3672 divinitate
1836 3616 2062 3686 propitia
2088 3656 2103 3682 ,
2150 3627 2245 3669 vo-

665 3709 896 3774 biscum,
924 3709 1162 3777 inquam,
1193 3721 1302 3763 non
1349 3707 1486 3773 loco,
1534 3706 1629 3762 sed
1673 3707 1887 3771 animo,
1933 3704 2240 3774 pauperculi

665 3806 998 3860 Viennenses
1020 3803 1181 3859 vestri
1211 3803 1462 3874 paschale
1483 3801 1755 3858 festivum.
1783 3798 1842 3856 Si
1872 3808 2048 3854 autem
2081 3801 2244 3854 inter-

665 3899 863 3968 rogetis
892 3906 946 3953 et
984 3898 1212 3968 qualiter
1240 3915 1254 3952 :
1280 3897 1402 3967 quia
1451 3895 1688 3951 vicinum
1715 3910 2034 3966 quemquam
2058 3935 2075 3960 ,
2117 3893 2239 3964 quia

666 3992 857 4046 adesse
880 3990 1086 4044 facilius
1108 3997 1336 4057 poterat,
1364 3987 1484 4058 plus
1511 3987 1695 4043 doleat
1738 3986 1997 4042 defuisse.
2027 3985 2136 4039 Nec
2162 3994 2243 4038 ta-

667 4097 830 4146 men,
878 4095 999 4136 cum
1045 4080 1144 4135 ista
1173 4079 1454 4146 deﬂemus,
1481 4077 1794 4149 discrepare
1836 4091 1935 4132 uos
1987 4091 2020 4131 a
2067 4085 2243 4131 vestra

662 4174 939 4228 voluntate
982 4171 1193 4230 dicatis.
1222 4169 1343 4226 iam
1372 4169 1572 4224 dudum
1603 4168 1672 4222 ab
1697 4168 1821 4232 illo,
1849 4176 2033 4223 sancte
2069 4167 2244 4222 credi-

666 4281 806 4328 tuus,
839 4263 1061 4317 affectus
1082 4261 1191 4318 illic
1217 4260 1454 4326 cohibet,
1481 4274 1590 4315 non
1613 4258 1737 4314 hinc
1752 4259 2036 4328 despectus
2063 4257 2242 4312 exclu-

665 4355 762 4408 dit.
793 4353 958 4409 Unam
997 4351 1049 4406 in
1072 4361 1299 4420 utraque
1340 4349 1556 4406 civitate
1604 4357 1781 4405 vestra
1811 4348 2089 4404 ecclesiam
2123 4362 2243 4417 per-

666 4444 791 4498 inde
830 4442 1080 4512 diligitis;
1121 4441 1217 4496 sed
1262 4440 1353 4511 pio
1383 4441 1560 4511 patri,
1599 4440 1655 4495 in
1701 4449 1955 4509 quantum
2003 4437 2240 4508 expedit,

664 4533 839 4587 donec
865 4547 963 4586 vos
997 4531 1062 4586 ad
1094 4530 1384 4600 quamlibet
1411 4532 1563 4600 sequi
1592 4534 1911 4596 consentiat,
1933 4529 2240 4585 adhaeretis.

2345 3365 2442 3419 pro
2463 3350 2755 3419 gratiarum
2782 3347 2995 3403 actione
3023 3362 3126 3420 qua
3154 3346 3447 3416 fungimur,
3500 3360 3658 3413 quam
3694 3346 3924 3417 primum

2344 3442 2674 3499 serenissimi
2703 3441 2814 3496 oris
2844 3454 3100 3508 responsa
3132 3453 3458 3494 mereamur.

2871 3529 3200 3585 EPISTOLA
3245 3528 3407 3584 LXX.

2417 3637 2607 3679 AVITUS
2632 3636 2937 3678 VIENNENSIS
2959 3635 3235 3678 EPISCOPUS
3267 3630 3290 3660 ⁸
3321 3633 3495 3677 DOINO
3521 3631 3852 3676 SIGISIUNDO.

2416 3714 2708 3768 Praesentia
2755 3711 2939 3769 domui
2993 3713 3161 3784 patris
3208 3711 3391 3782 glorias
3444 3719 3639 3767 vestrae
3696 3707 3922 3764 biduana

2343 3806 2698 3872 occupatione
2728 3802 2979 3859 detentus
3017 3803 3356 3873 aliquatenus
3385 3803 3696 3872 portitorem
3723 3799 3924 3857 tardius

2344 3895 2625 3961 ordinavi,
2683 3909 2783 3965 per
2835 3909 2995 3965 quem
3048 3909 3285 3949 annuum
3335 3894 3402 3950 de
3448 3893 3618 3950 sancti
3659 3891 3923 3948 Vincentii

2347 3985 2690 4042 solemnitate
2718 3983 2996 4040 servitium
3024 3982 3514 4039 eonsuetudinarias
3550 3981 3926 4038 sollicitudinis

2347 4087 2475 4131 cura
2519 4072 2881 4142 dependerem
2919 4090 2933 4127 :
2983 4082 3037 4128 et
3074 4073 3214 4128 inter
3241 4072 3482 4129 actiones
3519 4073 3710 4142 quibus
3748 4082 3925 4128 vester

2349 4181 2446 4237 pro
2491 4165 2666 4222 salute
2709 4172 2891 4220 nostra
2941 4163 3094 4220 labor
3121 4163 3402 4234 invigilat,
3455 4163 3666 4218 debitus
3715 4177 3926 4228 semper

2346 4259 2558 4312 animus
2601 4258 2808 4312 cultum
2859 4255 3065 4311 meritas
3103 4254 3397 4311 devotionis
3435 4253 3671 4310 oﬁ‘erret.
3713 4251 3925 4309 Sufﬁcit

2347 4364 2476 4420 ergo
2519 4348 2588 4403 ad
2631 4347 3057 4403 consolationem
3108 4345 3360 4403 desiderii
3409 4346 3548 4414 mei,
3597 4347 3643 4402 si
3685 4344 3922 4400 omnium

2347 4451 2589 4497 nostrum
2636 4438 2838 4494 sanitas
2882 4439 2934 4492 in
2979 4446 3159 4492 vestra
3207 4444 3326 4507 post
3363 4435 3530 4492 Deum
3572 4433 3924 4505 prosperitate

2347 4530 2613 4586 consistit.
2631 4528 2899 4583 Caeterum
2921 4541 3028 4582 non
3050 4528 3251 4597 absque
3265 4525 3516 4596 scrupulo
3539 4535 3711 4594 potest
3731 4522 3921 4590 accipi,

666 4623 820 4681 Unde
846 4622 984 4678 sicut
1009 4623 1218 4692 iussum
1244 4630 1346 4690 est,
1371 4623 1601 4692 primum
1633 4622 1743 4676 Deo
1789 4623 1856 4678 de
1881 4623 2238 4687 solemnitate,
2269 4601 2320 4662 Ῑ)
2348 4620 2491 4692 quod
2515 4619 2544 4657 ά
2576 4619 2644 4674 de
2683 4616 2949 4688 Sapaudia
2981 4614 3272 4674 itineribus
3286 4616 3568 4688 exquisitis
3594 4615 3832 4672 videmur
3854 4613 3920 4669 ad

665 4724 776 4772 tum
806 4713 946 4783 quod
977 4713 1201 4769 debetur
1237 4713 1498 4768 solvimus
1533 4711 1753 4766 Caesari.
1789 4713 1894 4767 Vos
1944 4713 2011 4768 de
2057 4710 2239 4768 laetitia

737 4972 767 5002 ι
790 4960 1247 5031 δούριθίιιιηιιηθ
1285 4966 1403 5031 post
1429 4959 1547 5031 dies
1575 4956 1853 5031 paschales
1878 4970 1982 5031 non
2011 4963 2233 5031 enota-

668 5047 788 5087 men
811 5025 970 5085 anno.
995 5025 1309 5095 Prior,'cum
1333 5027 1704 5098 Sigismundus
1727 5025 2067 5098 festivitatem
2093 5027 2235 5079 illaut

669 5101 906 5157 Cabiloni
934 5100 1310 5170 transegisset;
1339 5095 1625 5170 postericn
1657 5111 1776 5170 cum
1822 5095 2064 5164 Lugduni
2092 5111 2238 5150 cam-

667 5175 787 5226 dem
817 5166 1143 5226 Gundobadt}
1170 5169 1307 5239 patri
1332 5166 1615 5239 adhaerens
1633 5166 1982 5239 celebrasset.

739 5241 768 5280 δ
800 5239 1137 5306 Anastasium
1172 5236 1185 5290 Ξ
1218 5239 1286 5294 ab
1307 5240 1464 5294 Avito
1509 5237 1836 5306 Sigismundi
1880 5236 2097 5289 nomine
2128 5243 2241 5287 tum

668 5313 864 5378 scripta
887 5350 901 5374 ,
931 5319 1050 5365 cum
1078 5307 1444 5378 Sigismundus
1486 5306 1649 5361 ofﬁcii
1694 5319 1852 5378 causa
1883 5307 2236 5378 legatoseum

671 5374 862 5437 litteris
888 5379 1124 5434 mitteret
1141 5374 1227 5434 'ad
1264 5378 1662 5446 imperatorem.
1694 5375 1846 5446 Quod
1884 5374 2010 5429 vero
2035 5374 2236 5446 militias

671 5449 1210 5528 fasci_bus,_aulaeque
1236 5443 1630 5528 contubernio,
1669 5452 1725 5500 et
1751 5443 1974 5528 Romani
2005 5444 2236 5525 nominis

671 5514 1076 5588 participatione
1096 5514 1342 5588 ornatum
1368 5531 1427 5570 se
1447 5515 1671 5588 scribit,
1711 5514 2014 5588 conuitivam
2044 5514 2236 5588 opinor

672 5582 952 5644 militarem
983 5595 1038 5641 et
1068 5586 1400 5652 patriciatum
1429 5583 1691 5653 designat,
1721 5582 1788 5638 de
1811 5584 2001 5652 quibus
2027 5582 2229 5653 dictum

672 5668 755 5712 est
774 5657 1036 5725 superius.
1071 5657 1186 5724 Quo
1217 5655 1343 5709 item
1375 5652 1616 5725 alludens
1646 5654 1874 5725 epistola
1913 5654 1982 5708 85
2013 5652 2234 5725 :__Conj_t-

671 5731 772 5778 cite
793 5716 948 5787 nunc,
966 5716 1164 5792 inquit.
1181 5730 1437 5792 quantum
1453 5716 1833 5792 Adebeant'quos
1857 5716 2142 5770 [tortoribus
2156 5716 2252 5785 Ta-

673 5795 904 5872 stigatis,
918 5789 1229 5866 quos'socitts
1245 5790 1625 5862 triumphorum
1642 5789 1872 5845 omnium
1889 5803 2253 5844 succcssuum-

2345 4709 2672 4782 provinciam
2707 4708 2990 4778 praeteriri.

2337 4973 2435 5028 que
2462 4965 2766 5028 uestrorum,
2793 4953 3102 5028 dignitatum
3120 4953 3293 5028 titulis
3311 4955 3602 5028 applicatis.

2417 5025 2776 5106 ngbilonem
2826 5024 3192 5106 fregtientasse
3242 5024 3642 5106 Sigisrnund‘um
3689 5041 3752 5080 ex
3805 5026 3915 5096 epi-

2340 5097 2473 5151 stola
2508 5096 2576 5152 67
2612 5095 2868 5166 colligere
2903 5093 3073 5150 licuit.
3106 5093 3249 5150 idem
3273 5109 3414 5150 nunc
3438 5095 3717 5150 conﬁrmat
3743 5093 3919 5150 annua

2342 5168 2655 5221 solemnitas
2679 5165 2760 5222 S.’
2779 5165 3043 5220 Vincentii
3075 5167 3541 5236 martyris.quem
3566 5166 3836 5235 prtecipuo
3865 5167 3916 5220 iu

2342 5236 2487 5290 cultu
2519 5245 2575 5292 et
2597 5236 2834 5303 honore,
2868 5243 2926 5289 ut
2953 5235 3252 5302 patronum,
3292 5235 3487 5289 habent
3513 5236 3914 5291 Cabiloncnses.

2346 5307 2450 5363 Sed
2503 5316 2558 5360 et
2608 5306 2896 5360 concilium
2951 5304 3303 5360 Cabiloneuse
3352 5305 3818 5372 quod,Clndoveo
3875 5305 3914 5360 ll

2343 5386 2620 5439 regnante,
2650 5383 3000 5431 convocatum
3055 5386 3166 5435 est.
3207 5378 3258 5429 iu
3286 5377 3516 5431 ecclesia
3561 5376 3618 5432 S.
3656 5376 3915 5431 Vincentii

2337 5447 2665 5517 celebratum
2695 5446 2886 5517 synodi
2909 5443 3065 5517 docet
3097 5446 3363 5517 praefatio.
3407 5467 3412 5473 -

2404 5512 2430 5550 ἀ
2457 5515 2570 5586 Non
2617 5512 2758 5585 quoii
2790 5518 2843 5569 in
2881 5514 3206 5586 provinciam
3246 5515 3319 5568 de
3359 5514 3628 5586 Sapaudia
3673 5515 3920 5586 proﬁcis-

2333 5585 2577 5639 centibus
2608 5584 2811 5641 rectum
2844 5587 2948 5639 iter
2995 5585 3063 5638 sit
3089 5601 3186 5653 per
3214 5585 3495 5650 Viennam,
3525 5584 3620 5640 sed
3656 5584 3775 5652 quia
3809 5601 3914 5640 non

2333 5669 2582 5723 magnum
2604 5665 2687 5710 cst
2706 5652 3015 5719 divortium,
3043 5652 3220 5710 studio
3243 5659 3569 5725 praeteritam
3597 5655 3764 5713 videri
3788 5671 3919 5712 cou-

2333 5728 2591 5793 quieritur.
