4190 6410
387 368 493 427 277

901 480 1230 537 EPISTULA
1272 478 1457 533 LXXI.

493 588 682 630 Ανιτυε
722 586 1028 629 νιεηπεκειε
1075 585 1353 624 εριςοοιιυε
1394 579 1419 606 ⁸
1472 584 1591 626 νιιιο
1631 583 1867 624 ιιιυετιιι

1006 655 1337 695 ΔΝδΕΙΙυΝῐιΟ.

462 754 692 807 Tantum
741 750 993 807 sermius
1038 758 1219 805 vester
1264 749 1446 804 domui
1478 748 1647 803 nostri
1688 758 1972 810 recenset,

388 854 644 914 quantum
666 842 843 897 sentio
876 859 892 897 :
919 840 1154 897 nondum
1180 843 1334 908 plene
1356 841 1566 895 detersa
1591 838 1971 909 inaequalitate,

390 947 623 990 attentos
669 934 845 988 reddit
884 943 938 988 et
978 932 1167 987 anxios
1214 948 1229 985 :
1275 940 1332 985 ut
1375 946 1471 1001 pro
1517 930 1978 999 contemplatione

391 1027 604 1094 pietatis
632 1024 777 1079 illius
802 1039 961 1094 quam
988 1022 1138 1077 festis
1161 1023 1452 1092 specialius
1476 1030 1665 1091 optare
1690 1021 1978 1076 consuevi-

393 1129 550 1181 mus,
603 1114 853 1169 sufficere
892 1112 1049 1167 nobis
1092 1112 1532 1167 commoditatem
1586 1119 1824 1166 vestram
1885 1126 1979 1179 pro

391 1206 537 1259 onmi
559 1204 880 1259 solemnium
899 1202 1235 1272 iucunditate
1254 1201 1555 1257 credamus.
1581 1200 1733 1257 Unde
1757 1214 1977 1255 servans

394 1306 515 1364 post
562 1294 761 1350 cultum
806 1292 1010 1349 Natalis
1066 1292 1327 1348 dominici
1382 1292 1555 1348 solita:
1605 1290 1981 1347 sollicitudinis

390 1387 723 1453 servitutem,
754 1393 863 1439 tota
885 1398 1047 1439 nosse
1070 1397 1162 1439 vos
1181 1384 1288 1439 voti
1314 1384 1606 1438 ambitione
1632 1382 1908 1447 desidero,
1932 1383 1978 1436 si

391 1476 556 1531 decus
582 1488 871 1530 commune
898 1473 1041 1544 quod
1066 1474 1387 1529 Viennensis
1414 1474 1697 1529 ecclesiola
1726 1475 1977 1543 praesenti

394 1568 511 1622 vico
539 1581 647 1621 non
683 1568 899 1631 meruit,
922 1566 1007 1622 vel
1038 1566 1473 1635 Lugdunensium
1500 1567 1817 1634 populorum
1844 1578 1976 1634 gau-

390 1659 478 1714 dia
518 1657 834 1726 duplicavit.
866 1659 995 1712 Nam
1043 1658 1090 1713 si
1119 1674 1245 1726 vos,
1279 1658 1495 1714 Christo
1525 1659 1737 1713 favente
1759 1698 1774 1722 ,
1814 1668 1871 1711 ut
1910 1658 1976 1711 ad

390 1749 675 1805 ecclesiam
698 1750 936 1819 potuisse
962 1750 1255 1819 procedere
1280 1760 1374 1804 aut
1392 1749 1733 1806 devotionem
1751 1763 1980 1807 consue-

1692 359 2021 419 EI’ISTOLA
2060 360 2314 417 LXXVII.

1592 454 1593 457 Ἴ
2002 482 2052 538 Α
2082 486 2237 543 nato,
2276 478 2439 532 etiam
2470 476 2730 532 devincta:
2760 477 2890 530 mihi
2923 475 3241 531 sublimitati
3273 486 3464 534 vesu‘a:
3488 480 3665 535 officia

3558 364 3666 422 278

2080 582 2291 636 semper
2313 567 2556 623 debenda
2583 566 2829 636 persolvo
2856 585 2869 618 :
2894 566 3127 621 suadens
3144 607 3158 631 ,
3188 568 3294 621 imo
3316 570 3436 635 quia
3461 576 3667 623 tantum

2080 658 2411 713 obduruistis
2436 668 2491 713 et
2517 657 2848 726 supplicans,
2881 668 2935 711 ut
2959 656 3269 711 stomachos
3298 656 3482 711 multis
3502 659 3669 714 Saxo-

2082 752 2183 805 nite
2230 750 2438 805 deliciis
2493 749 2807 802 nausiantes
2855 747 3073 802 tandem
3117 748 3453 817 parcioribns
3500 749 3669 803 iatria:

2084 850 2277 895 vestra:
2302 839 2522 908 jejuniis
2545 841 2811 893 atteratis.
2853 837 3005 905 Quod
3036 839 3079 892 si
3112 838 3250 893 adeo
3279 839 3497 893 nescitis
3524 839 3667 894 desi-

2081 933 2215 988 derii
2264 931 2689 987 vicissitudinem
2738 945 3066 999 repensare,
3115 939 3173 984 ut
3216 931 3454 986 nondum
3521 932 3671 986 vobis

2082 1024 2329 1088 videatur
2382 1024 2622 1079 absentia
2664 1032 2841 1077 vestra
2886 1022 3166 1090 sufficere,
3218 1024 3412 1091 injuria
3454 1036 3673 1080 coaetus

2084 1115 2186 1169 hoc
2205 1124 2355 1184 epto,
2380 1128 2575 1183 meque
2598 1114 2790 1167 baculo
2811 1112 2971 1178 hujus
3002 1113 3403 1182 imprecationis
3418 1114 3669 1180 ulciscor,

2082 1217 2140 1258 ut
2172 1214 2448 1259 mutentur
2476 1205 2781 1275 prmsentia:
2809 1205 2981 1269 vices,
3014 1212 3071 1258 et
3102 1206 3245 1273 quod
3276 1204 3478 1259 Vienna
3503 1206 3655 1259 abun.

2083 1295 2193 1359 dat,
2223 1294 2495 1349 Cabiloois
2530 1294 2791 1349 obtineat.
2826 1292 2893 1348 Ut
2923 1294 2967 1347 si
2997 1294 3085 1349 hic
3110 1308 3216 1349 non
3244 1294 3504 1351 habemus
3530 1296 3671 1363 quod

2081 1385 2276 1441 debeat
2316 1384 2530 1453 expeti,
2578 1383 2689 1438 illic
2717 1386 2994 1438 mittamus
3021 1384 3166 1453 quod
3197 1386 3363 1442 libeat
3391 1386 3668 1442 declinari.

2087 1478 2151 1531 Et
2182 1476 2306 1545 quia
2328 1476 2470 1543 quod
2500 1475 2626 1530 dico
2665 1475 2719 1529 in
2748 1474 2830 1529 via
2857 1482 2973 1541 est,
3001 1476 3045 1529 si
3077 1475 3254 1530 adhuc
3284 1479 3335 1531 in
3361 1478 3480 1533 loco
3508 1487 3643 1534 retur

2081 1568 2241 1635 datis,
2264 1566 2497 1637 excipite
2523 1582 2538 1621 :
2567 1567 2614 1623 si
2630 1566 2742 1636 jam
2766 1566 2943 1622 redire
2969 1566 3277 1638 disponitis,
3302 1569 3593 1638 prmterite.

2592 1724 2921 1780 EPISTULA
2962 1726 3171 1783 LXXV.

392 1840 714 1896 tudiuariam
744 1840 1130 1910 rescripseritis
1158 1841 1434 1910 implesse,
1468 1841 1755 1910 participes
1784 1837 1975 1894 redditi

2084 1830 2271 1871 AVITUS
2296 1829 2602 1870 VIBENENSIS
2631 1829 2907 1873 EPISCOPUJ
2940 1832 3063 1871 νιιιο
3125 1832 3363 1872 ιιιυετκι
3390 1834 3673 1874 IIELLAIINI.

392 1932 593 1987 laetitia:
620 1931 942 1997 vicinorum,
971 1933 1282 1999 epulaturus
1312 1947 1408 1987 nos
1436 1933 1750 2001 profitemur
1770 1929 1976 1993 auditu.

392 2022 439 2077 si
482 2020 606 2075 illos
646 2021 839 2091 quibus
866 2021 1149 2090 prasentia
1173 2029 1351 2077 vestra
1375 2021 1571 2081 donata
1604 2029 1688 2078 est
1708 2060 1724 2087 ,
1752 2019 1981 2075 refectos

390 2113 803 2183 cognoverimus
831 2111 1047 2167 intuitu.

899 2199 1226 2256 EPISTULA
1268 2200 1480 2256 LXXII;

538 2304 725 2347 Ατιτυε
764 2304 1069 2346 νιεμκεδειε
1107 2303 1387 2346 ειηεεορυε
1440 2304 1565 2345 νιιιο
1606 2303 1841 2345 ιιιωετιιι

1022 2374 1353 2415 Ακεειιυυυο.

465 2470 603 2527 Cum
630 2470 982 2541 peculiarium
1007 2470 1354 2526 vernularum
1378 2468 1714 2525 absentando
1750 2484 1979 2539 suspen-

392 2561 522 2617 ditis
559 2571 715 2630 vota,
747 2561 921 2618 facitis
969 2575 1069 2617 nos
1096 2576 1203 2618 non
1252 2562 1318 2615 ad
1352 2560 1567 2631 plenum
1593 2562 1850 2631 consequi
1896 2563 1979 2617 vel

395 2654 645 2709 nuntiare
665 2655 868 2713 votiva.
890 2652 1064 2709 Fastis
1084 2668 1214 2725 ergo
1240 2651 1442 2709 Natalis
1462 2652 1784 2729 Dontinihin
1813 2669 1981 2724 quan-

395 2754 507 2800 tum
536 2746 654 2800 sine
678 2746 832 2801 vobis
858 2744 1058 2816 potuit,
1081 2744 1397 2800 solemniter
1424 2742 1730 2809 celebratis,
1760 2756 1981 2813 prospe-

391 2836 609 2891 ritatem
639 2836 868 2907 piissimi
898 2834 1085 2891 domui
1123 2834 1317 2900 nostri,
1344 2850 1506 2905 quam
1539 2834 1687 2905 justo
1711 2836 1981 2891 desiderio

393 2934 774 2994 optaverimus
800 2924 1017 2991 videre,
1067 2935 1175 2980 tam
1204 2924 1461 2995 dignabili
1496 2924 1733 2996 alloquio
1759 2937 1980 2996 praesto-

398 3015 575 3071 lamur
622 3029 943 3087 agnoscere.
990 3015 1142 3071 Illam
1193 3016 1405 3086 plebem
1448 3016 1711 3074 refecistis
1747 3020 1977 3089 gaudio,

395 3106 555 3163 istam
577 3106 746 3163 ditate
777 3109 1039 3177 rescripto
1064 3125 1081 3163 :
1113 3123 1272 3179 quam
1300 3122 1396 3178 per
1424 3124 1512 3165 me
1540 3111 1977 3167 vester-illustret

393 3199 634 3267 affectus,
664 3200 836 3257 donec
863 3201 1018 3257 vobis
1042 3202 1159 3271 ejus
1188 3201 1468 3257 servitium
1507 3216 1659 3258 meus
1690 3212 1979 3274 praesentet
2006 3209 2053 3273 (ζ

393 3308 446 3347 ο(
461 3306 672 3349 cursus.

884 3361 1218 3418 EPISTULA
1256 3361 1490 3418 LXXIII.

394 3468 586 3509 AVITUS
615 3467 923 3510 νιεεσιηειιειι
948 3466 1229 3509 ινιςεορυε
1253 3468 1377 3509 Πκο
1401 3469 1641 3511 ιιιυετκι
1662 3470 1979 3512 VALERIANO.

464 3565 920 3623 Consuetudinem
977 3567 1358 3623 sollicitudinis
1404 3582 1518 3624 sum
1575 3568 1746 3639 pietas
1799 3580 1979 3627 vestra

394 3654 656 3722 custodit,
688 3671 787 3712 nos
816 3655 1125 3727 dignatione
1149 3657 1349 3727 pariter
1377 3672 1440 3713 ac
1471 3660 1662 3715 litteris
1689 3660 1979 3717 visitando.

402 3747 699 3803 Addidistis
717 3748 1043 3804 solemnitati
1068 3763 1226 3819 quam
1243 3748 1538 3820 gaudenter
1563 3750 1673 3806 Deo
1695 3762 1985 3821 praestante

397 3840 759 3910 suscepimus,
789 3848 844 3895 et
866 3838 1009 3910 quod
1028 3842 1368 3910 spectabatur
1384 3841 1436 3895 in
1462 3843 1638 3897 votiva
1661 3844 1834 3897 cultus
1856 3859 1985 3899 con-

398 3933 757 3987 summatione
810 3933 1120 4002 supplestis.
1160 3932 1285 3988 Mihi
1335 3944 1515 3988 autem
1566 3934 1636 3990 de
1678 3935 1897 3998 lmtitia,
1932 3938 1985 3990 in

394 4032 651 4090 quantum
682 4036 800 4077 eam
823 4036 1153 4093 cognovero,
1178 4021 1467 4091 gratulanti
1490 4039 1595 4079 non
1631 4025 1805 4080 minus
1829 4026 1985 4081 dulce

394 4121 510 4177 est,
536 4120 658 4181 post
685 4111 901 4181 longum
948 4120 1157 4181 tempus
1186 4112 1447 4168 absentiae
1480 4128 1733 4183 prospere
1776 4130 1870 4170 vos
1900 4131 1983 4169 rc-

395 4200 571 4268 dissc,
610 4217 768 4272 quam
802 4201 937 4257 festa
967 4202 1236 4270 paschalia
1265 4218 1386 4259 eum
1428 4205 1784 4261 exsultatione
1812 4217 1986 4262 trans-

398 4291 570 4361 δμῶ’
887 4361 1217 4418 EPISTOLA
1258 4363 1499 4420 Lxxw.

400 4467 587 4506 AVITI'S
651 4468 956 4508 VIENNENSIS
994 4467 1269 4509 EPISCOI’US
1297 4466 1417 4512 νικῦ
1448 4471 1687 4513 ιιιυετιιι
1731 4456 1983 4516 ελεκῗιο.

469 4542 552 4597 Ad
588 4542 844 4597 domuum
876 4560 1212 4601 communem
1236 4547 1534 4603 litterarum
1564 4550 1785 4606 servitio
1814 4554 1984 4609 desti-

469 4713 881 4795 fAAultenregia;
926 4714 1682 4795 Burgundionumprincipi,
1731 4724 1797 4795 ad
1826 4741 1986 4795 quem

396 4783 621 4863 cpistola
644 4786 732 4863 sit.
767 4786 992 4863 scriptae
1020 4783 1192 4863 a'tubae
1220 4802 1339 4863 post
1368 4783 1485 4845 dies
1512 4783 1715 4848 Natalis
1746 4783 1980 4863 Domini,

395 4853 549 4929 cujus
603 4853 923 4929 solemnitati
958 4860 1097 4929 quia
1148 4853 1239 4912 rei
1288 4861 1503 4914 Vienna:
1546 4878 1650 4915 non
1702 4853 1979 4929 adfuerat:

396 4926 536 4977 seire
566 4935 687 4978 avet
727 4940 793 4978 an
827 4925 1067 5003 Lugduni
1108 4929 1362 5003 adfuerit.
1416 4938 1529 5003 Quo
1566 4943 1691 5001 post
1748 4925 1980 5003 priorem

394 5004 698 5060 comperto,
723 5002 1072 5119 posteriorem
1102 5002 1386 5067 epistolam
1418 5002 1637 5071 adjecit.
1750 5002 1759 5003 7

469 5060 497 5102 δ
549 5065 728 5117 Divers
793 5066 862 5119 ab
908 5065 1046 5133 hoc,
1100 5077 1261 5124 aetate
1306 5086 1410 5125 non
1446 5074 1614 5125 lllllIIO
1654 5073 1941 5132 inferiores

393 5134 675 5216 Sap_audus
687 5134 972 5216 episcopus
984 5121 1341 5216 Arsiatensis,
1351 5121 1574 5216 'ﬁlaeidi
1587 5121 1977 5216 patri-ciiiilius:

394 5216 453 5263 et
489 5205 768 5272 Sapaudus
795 5205 961 5276 abbas
998 5208 1090 5276 qui
1117 5210 1345 5265 concilio
1380 5205 1751 5269 Aurelianensi
1790 5232 1821 5269 v
1851 5205 1980 5273 sub:

395 5275 612 5343 scripsit
639 5288 737 5342 pro
753 5275 1220 5349 Albinoepiscopo
1245 5280 1640 5349 Andegavensi.
1672 5284 1981 5342 Leonianus

394 5360 553 5408 vero,
590 5358 743 5413 nunc
783 5347 1226 5413 archidiaconus,
1273 5347 1422 5405 idem
1443 5353 1653 5406 videtur
1682 5371 1801 5409 cum
1842 5358 1981 5412 Leo-

394 5416 554 5491 _niano
580 5411 1015 5491 famttlo-hfaxinmi
1039 5411 1298 5489 episcopi,
1334 5422 1384 5474 in
1418 5422 1573 5491 cujus
1602 5425 1778 5490 gulam
1820 5411 1977 5481 ludi--

394 5485 484 5538 hat
513 5484 749 5564 epistola
915 5484 1176 5564 convenit
1199 5484 1356 5564 ‘euim
1401 5484 1635 5547 hominis
1685 5495 1898 5564 ingenio
1923 5512 1977 5552 et

393 5554 630 5638 moribus
665 5555 893 5638 epistola
919 5556 1035 5638 eius
1067 5561 1637 5638 nomineeomposita.
1684 5554 1785 5620 Sed
1819 5570 1974 5638 longe

390 5624 635 5678 diversus
668 5636 723 5697 et
751 5624 1061 5697 dissimilis,
1101 5632 1344 5697 quamvis
1375 5624 1473 5685 nec
1496 5641 1654 5690 artato
1676 5675 1692 5696 .
1727 5645 1783 5689 ut
1830 5624 1965 5691 fatua

392 5704 471 5774 est
494 5735 509 5759 ,
564 5707 661 5748 nec
696 5694 1034 5774 habitatione
1062 5694 1394 5774 disiunctus»,
1423 5694 1727 5759 Lconianus
1764 5706 1930 5760 abbas
1951 5756 1962 5773 ,

390 5763 541 5833 cujus
560 5763 861 5835 sepulcrum
887 5766 1105 5826 Vienna:
1136 5763 1304 5841 nuper
1327 5763 1730 5831 observavimus
1759 5777 1810 5833 in
1835 5763 1960 5833 sub:

2157 1926 2291 1982 Cum
2318 1925 2387 1981 ad
2427 1926 2666 1981 officium
2696 1938 2891 1982 vestrae
2937 1928 3288 1995 magnitudini
3322 1929 3676 1985 deferendum

2085 2026 2343 2085 perpetua
2377 2032 2593 2085 semper
2614 2032 2775 2071 causa
2809 2028 3059 2087 suppetat
3091 2020 3351 2084 caritatis,
3384 2029 3437 2074 et
3467 2021 3677 2088 specia-

2085 2108 2189 2161 lem
2233 2106 2536 2161 devotionis
2580 2106 2981 2162 observantiam
3022 2108 3147 2177 jure
3194 2108 3419 2165 debeam
3467 2111 3679 2165 obnixa:

2084 2197 2380 2265 impensius
2428 2197 2615 2265 pietati
2657 2214 2670 2251 :
2715 2213 2858 2253 nunc
2902 2208 3082 2254 tamen
3134 2200 3493 2257 desideratam
3547 2204 3679 2257 mihi

2086 2289 2465 2343 necessitatem
2494 2288 2633 2357 ratio
2660 2288 2965 2344 festivitatis
2986 2291 3206 2359 indixit,
3241 2302 3297 2345 ut
3317 2292 3531 2349 aII'ectui
3558 2309 3675 2349 vcs-

2086 2391 2170 2434 tro
2196 2380 2278 2435 vel
2302 2381 2601 2436 litterarum
2623 2390 2979 2451 praesentarer
2998 2384 3200 2451 officio,
3230 2388 3321 2455 qui
3343 2402 3597 2454 cuperem
3624 2399 3681 2441 et

2084 2485 2332 2526 occursu.
2368 2470 2581 2527 Idcirco
2609 2472 2911 2527 reverentia
2939 2475 3249 2543 supplicans
3269 2475 3449 2531 debita
3469 2520 3484 2544 ,
3516 2494 3677 2547 quam

2083 2576 2148 2615 ex
2195 2572 2321 2617 velo
2373 2562 2509 2618 festa
2557 2561 2961 2619 celebraVeritis
3009 2563 3263 2635 inquiro,
3305 2566 3682 2639 Redemptoris

2087 2653 2256 2706 nostri
2289 2652 2669 2708 inexhaustam
2700 2652 3000 2720 deprecans
3031 2655 3333 2725 largitatem
3353 2699 3370 2723 ,
3412 2665 3471 2712 ut
3511 2673 3681 2725 usque

2083 2743 2148 2795 ad
2188 2750 2401 2798 aetatem
2441 2743 2811 2799 ceutenariam
2857 2758 2953 2799 sua
3006 2747 3340 2817 protectione
3366 2762 3463 2803 vos
3489 2763 3679 2818 prove-

2086 2832 2174 2885 hat
2197 2873 2213 2897 ,
2256 2844 2310 2888 et
2359 2834 2423 2888 ad
2453 2843 2701 2890 ornatum
2735 2845 3005 2901 uestrum,
3036 2838 3179 2893 sicut
3226 2838 3487 2895 hactenus
3516 2839 3672 2905 fecit,

2085 2924 2241 2979 bouis
2271 2924 2520 2981 omnibus
2552 2938 2924 2983 remuneralos
2953 2929 3185 2984 attollat.

2572 3074 2902 3131 EPISTULA
2946 3076 3179 3133 LXXVI.

2084 3180 2279 3222 AVITUS
2331 3181 2639 3223 VIENNENSIS
2689 3183 2969 3225 EPISCOPUS
3008 3185 3129 3226 τωο
3186 3186 3425 3227 ιιιυετιιι
3480 3186 3675 3229 ιιεοκι.

2157 3275 2284 3330 Post
2316 3276 2657 3332 festivitatem
2701 3280 2753 3332 in
2792 3294 2897 3348 qua
2926 3278 2994 3333 de
3028 3282 3315 3347 praesentia
3345 3283 3427 3338 vel
3476 3284 3676 3339 incolu-

2088 3366 2272 3421 mitate
2302 3365 2483 3421 domni
2516 3368 2683 3421 nostri
2703 3378 2825 3422 vota
2847 3380 3023 3424 vestra
3046 3379 3101 3426 et
3128 3372 3319 3428 merita
3347 3373 3682 3439 claruerunt,

2086 3456 2296 3525 paginis
2329 3455 2394 3509 ad
2430 3457 2602 3525 ipsum
2628 3457 2823 3512 officiis
2849 3459 3154 3527 destinatis,
3180 3460 3303 3532 jure
3336 3465 3491 3520 vobis
3521 3480 3681 3536 pecu-

2086 3544 2312 3604 liaribus
2363 3550 2597 3617 pectoris
2627 3550 2734 3605 mei
2772 3552 2935 3607 etiam
2984 3557 3334 3621 praesentium
3384 3557 3682 3614 litterarum

2086 3638 2372 3694 famulatus
2410 3640 2638 3696 offertur
2669 3658 2682 3694 :
2716 3656 2814 3711 per
2852 3659 3013 3710 quem
3060 3660 3160 3701 nos
3197 3646 3340 3702 inter
3372 3656 3584 3716 tantos,
3626 3661 3685 3706 ut

2086 3728 2203 3784 fieri
2234 3730 2441 3797 potuit,
2461 3747 2641 3785 rerum
2688 3747 2935 3790 rumores
2967 3735 3171 3792 Pascha
3201 3753 3461 3809 prospere
3508 3749 3678 3797 trans-

2086 3823 2265 3891 egisse
2292 3824 2534 3893 signifieo
2560 3844 2572 3879 :
2604 3826 2685 3881 sie
2718 3828 2845 3882 mihi
2871 3830 3117 3897 judicans
3144 3832 3262 3900 ejus
3294 3833 3683 3902 plenitudinem

2086 3916 2253 3971 divini
2306 3918 2547 3971 muneris
2591 3918 2867 3976 beneficiis
2927 3932 3313 3990 proventuram
3351 3968 3366 3993 ,
3420 3928 3466 3981 si
3519 3931 3681 3983 vestri

2086 4021 2300 4077 quoque
2326 4009 2581 4078 colloquii
2617 4010 2986 4080 dignationem
3014 4028 3137 4069 cum
3167 4016 3328 4072 simili
3363 4022 3685 4089 prosperita-

2089 4099 2157 4153 tis
2176 4099 2449 4169 agnitione
2479 4115 2751 4157 meruero.

2572 4193 2907 4249 EPISTULA
2955 4196 3214 4252 LXXVII.

2090 4320 2155 4359 AB
2212 4319 2367 4360 AVITO
2405 4321 2679 4359 \‘IENNEKSI
2745 4322 2993 4365 EPISCOI‘O
3047 4327 3297 4375 BIGTATA,
3354 4328 3446 4368 SUB
3490 4330 3683 4368 NOMIM;

2165 4388 2411 4429 LBONIANI
2462 4392 2861 4445 ARCIIIDIACONI,
2913 4379 2939 4419 δ
2991 4397 3056 4435 AD
3118 4399 3277 4438 VIIIUI
3327 4399 3683 4440 SPECTAHILE‘I

2161 4458 2463 4502 SAPAUDUII.

2177 4559 2327 4614 Licet
2363 4574 2612 4626 pompam
2636 4562 2865 4615 convivii
2887 4564 3217 4633 principalis,
3240 4566 3458 4619 marinis
3482 4566 3689 4622 deliciis

2020 4734 2073 4794 D
2100 4733 2308 4815 urhuna
2345 4735 2461 4815 tudo
2600 4738 2763 4815 Petri,
2805 4746 2937 4815 _c'nm_
2960 4742 3256 4809 epitaphio,
3289 4748 3406 4799 rudi
3445 4750 3678 4815 quidem.

2095 4806 2189 4925 lsed
2222 4807 2391 4928 sancbti
2451 4807 2547 4861 viri
2583 4812 2751 4878 gratia
2803 4806 3212 4884 haudquaquam
3256 4806 3596 4887 spernendo,
3634 4806 3683 4876 in

2114 4888 2209 4926 nec
2242 4888 2334 4928 ver
2373 4890 2423 4928 a.

2114 4888 2209 4926 nec
2242 4888 2423 4929 verba.

2163 5013 2173 5024 ,
2250 5013 2261 5024 _
2443 4947 2858 5024 ept'raputun
2898 4951 2957 5007 s.
2997 4953 3335 5010 LEONIANI.

2099 5010 2151 5065 ΙΙ
2157 5013 2204 5065 ic
2214 5013 2292 5089 vir
2311 5018 2575 5089 sanctitate
2588 5023 2888 5089 conspicuus
2911 5024 2962 5075 in
2987 5026 3082 5078 hac
3101 5026 3223 5079 urbe
3246 5024 3323 5080 Vit
3340 5029 3521 5083 mwnsi
3531 5030 3685 5083 abbm

2164 5085 2353 5170 exstitit
2378 5085 2634 5170 ξαὸὺανὶρ
2656 5085 2942 5170 ξὰηηρηὶω
2955 5105 3117 5170 ortus,
3145 5112 3179 5148 (ι
3207 5097 3435 5153 barbaris
3458 5102 3683 5170 captiua-

2162 5163 2261 5239 tns,
2296 5154 2562 5239 (foliorum
2585 5159 2775 5239 ﬁnibus
2793 5163 2988 5218 devenit
3015 5154 3417 5239 :AAttgustoduni
3438 5154 3677 5239 primum,

2161 5224 2346 5305 deinde
2388 5224 2596 5305 Viennae
2644 5229 2868 5305 claustro
2900 5224 3175 5302 peculiari}
3202 5239 3345 5291 cellre
3373 5224 3676 5303 conclusus:

2162 5296 2509 5380 quadraginta
2532 5298 2650 5380 plus
2678 5304 2828 5357 annis
2854 5296 2946 5358 (aii
2982 5308 3163 5380 ordine
3182 5305 3384 5380 Christo
3410 5296 3669 5375 militavit,

2160 5375 2317 5447 tantm
2339 5368 2695 5452 districtionis,
2714 5383 2765 5452 ut
2783 5390 2916 5452 pene
2929 5378 3071 5452 vultu
3093 5379 3327 5432 omnibus
3344 5368 3684 5452 undeqttoqno

2156 5437 2468 5516 urnientibus
2490 5439 2701 5516 ignotus
2728 5444 3072 5516 introvixerit,
3097 5462 3211 5499 cum
3236 5458 3361 5503 esset
3386 5437 3535 5503 veroo
3556 5437 3681 5504 (ὡς-

2156 5509 2311 5592 trime,
2352 5509 2526 5562 multis
2570 5513 2639 5564 ad
2680 5514 2897 5592 salutent
2940 5509 3258 5592 notissimus.
3307 5520 3391 5573 Ita
3432 5529 3487 5573 ut
3524 5525 3681 5592 juxta

2155 5575 2397 5656 cellulam
2417 5595 2566 5633 suam
2598 5585 3004 5656 quamplurimas
3027 5588 3304 5643 monac/tos
3330 5575 3545 5656 rexerit:
3572 5609 3676 5644 mo-

2152 5646 2343 5701 nachos
2374 5664 2489 5703 vero
2509 5646 2705 5706 ambitu
2745 5646 3041 5711 monasterii
3071 5660 3209 5780 inl'ra
3248 5660 3420 5713 urbem
3454 5646 3676 5715 inclusus

2152 5716 2217 5767 rid
2242 5722 2634 5780 sexagenurium
2652 5740 2916 5779 numerum
2935 5729 3114 5780 m‘rabi
3142 5730 3157 5780 ἑ
3178 5731 3501 5780 ordinatione
3524 5748 3674 5780 nam-

2149 5716 2217 5802 ud
2242 5722 2916 5802 st'maqenttrittmnumerum
2935 5716 3157 5802 mft‘aliiIi
3178 5731 3501 5786 ordinatione
3523 5748 3674 5802 paus-

2146 5791 2209 5840 t't't
2229 5827 2243 5852 ,
2277 5798 2324 5841 et
2354 5791 2797 5859 disciplinabiliter
2820 5798 3137 5855 custodierit.
