4154 6428
718 381 821 436 ars
1493 361 1498 366 ’
1659 363 1672 375 ’
1964 368 2020 422 s.
2066 366 2241 420 avm

2367 360 2678 418 ENNESSIS
3834 351 3936 404 230

716 491 1156 560 terrestribusque
1194 487 1475 559 fulgentem
1498 524 1514 550 ,
1563 481 1830 537 luculento
1861 493 2110 541 sermone
2167 479 2262 533 dc-
2292 484 2344 541 Α
2369 473 2602 530 inediam
2627 471 2815 540 patior,
2839 475 2929 522 aut
2951 463 3148 534 aliquid
3170 463 3409 534 rapuisse
3423 462 3719 560 contingor;
3732 475 3936 518 summa

714 581 1012 650 scripseris,
1041 581 1405 635 incunctanter
1431 582 1603 632 tamen
1638 571 1919 638 declarare,
1937 580 2084 624 tuum
2105 583 2257 622 amo-

712 687 849 730 rem
875 682 1186 730 consuetum
1233 680 1333 726 est.
1375 666 1603 723 Securus
1647 664 1785 719 enim
1830 663 2008 718 taliter
2035 664 2262 723 recitas.

712 773 993 836 postquam
1039 763 1211 834 datam
1265 759 1359 814 tibi
1387 756 1663 811 materiam
1711 770 1814 809 non
1861 754 2124 818 versibus,
2170 751 2262 805 sed

714 856 961 911 dentibus
979 851 1234 920 expedisti
1268 865 1282 903 :
1325 863 1446 903 cum
1488 849 1540 900 in
1571 861 1674 899 uno
1702 844 1956 914 prandio,
1988 842 2125 911 quod
2170 840 2257 894 vis

711 946 917 1001 duobus
945 941 1240 996 hurdonum
1269 948 1412 1008 terga
1437 937 1767 1001 detulerant,
1810 949 1946 988 unus
1970 945 2155 987 venter
2184 932 2265 984 in-

711 1035 871 1090 clusit
924 1052 939 1088 :
983 1046 1103 1087 cum
1135 1032 1187 1086 in
1233 1044 1427 1100 pransu
1471 1027 1742 1097 negligens
1801 1025 2036 1088 crimen,
2085 1022 2259 1076 alvum

712 1124 979 1179 nimietate
1009 1131 1311 1178 concretam
1340 1118 1634 1190 pectinibus
1669 1114 1912 1186 posuisti.
1957 1113 2104 1180 Quod
2139 1113 2262 1168 licet

709 1216 776 1270 ad
815 1214 1176 1270 insultandum
1201 1206 1326 1267 mihi
1364 1221 1707 1279 exaggerasse
1737 1214 1788 1261 te
1816 1212 1990 1274 pateat
2009 1247 2022 1265 .
2056 1218 2157 1272 ego
2185 1211 2264 1255 ta-

707 1319 830 1361 men
857 1312 1162 1360 constanter
1186 1301 1424 1365 affirmo,
1457 1299 1655 1352 nullum
1686 1295 1911 1357 similem
1945 1294 2134 1358 nostri,
2167 1305 2260 1346 seu

709 1397 908 1453 esuriat
936 1396 1045 1460 ille,
1073 1409 1167 1449 seu
1190 1393 1454 1458 comedat,
1483 1391 1692 1445 beatum
1723 1387 1915 1441 merito
1947 1383 2256 1452 nuncupari.

709 1488 837 1544 Nam
877 1498 934 1541 ut
954 1485 1023 1541 de
1054 1485 1224 1554 primo
1250 1481 1389 1552 quod
1430 1479 1720 1549 exposuisti
1768 1476 1971 1531 ferculo
1995 1475 2261 1545 colloqua-

708 1593 863 1647 mur,
919 1589 1132 1645 parvum
1171 1573 1262 1626 tibi
1300 1585 1471 1642 prunas
1510 1583 1678 1639 genus
1705 1569 1926 1636 putabas
1969 1565 2219 1620 afflictum
2243 1604 2257 1626 ,

708 1667 846 1737 quod
895 1664 1182 1734 appetitum
1232 1660 1573 1716 interioribus
1625 1657 1915 1712 inhiantem
1968 1653 2260 1710 devorabill

708 1755 942 1824 tegmine
967 1767 1129 1823 pavus
1159 1761 1182 1789 ⁸
1213 1751 1363 1805 islcio
1411 1749 1694 1805 conclusus
1714 1744 1969 1810 exclusit,
1995 1754 2050 1800 et
2092 1745 2259 1813 trepi-

2373 564 2774 632 importunitate
2800 570 2996 628 perago
3023 563 3083 610 ut
3104 563 3214 610 tres
3242 563 3486 611 recentes
3509 552 3632 608 aliis
3659 554 3780 622 plus
3804 567 3938 621 prat-

2364 669 2591 710 sumam.
2645 653 2776 721 Ipsa:
2801 648 2959 704 etiam
3000 654 3234 716 pateras,
3271 660 3404 714 quas
3433 642 3675 699 confictis
3723 644 3936 701 casibus

2366 745 2570 813 frango,
2601 739 2907 812 quotidiana
2949 734 3289 808 reparatione
3309 735 3645 791 decrescunt.
3667 734 3938 804 Quaprop-

2366 844 2449 891 ter
2475 835 2741 890 laborioso
2788 832 2843 886 in
2874 831 2959 886 his
2993 840 3201 885 tantum
3240 829 3499 884 insultare
3524 829 3724 884 desiste
3753 846 3769 884 :
3812 829 3934 898 quia

2364 942 2484 982 cum
2518 927 2728 997 utrique
2773 932 3011 980 nostrum
3049 921 3414 992 quotidianum
3452 919 3619 975 fatum
3673 921 3745 974 sit
3793 919 3936 990 quod

2364 1019 2588 1088 quisque
2605 1019 2826 1072 sortitus
2847 1023 2962 1070 est:
2993 1024 3102 1068 tum
3127 1011 3406 1068 familiaris
3431 1010 3662 1066 miserias
3689 1009 3937 1067 oblivisci

2366 1117 2590 1177 potero,
2635 1106 2680 1161 si
2727 1106 2887 1174 epulo
2915 1117 3015 1158 suo
3041 1102 3270 1158 domnus
3305 1109 3496 1156 noster
3521 1101 3598 1155 sic
3630 1098 3823 1154 adesse
3853 1114 3939 1154 me

2361 1198 2566 1266 iubeat,
2591 1204 2648 1250 ut
2670 1203 2722 1250 te
2751 1194 2942 1249 deesse
2968 1194 3262 1262 contingat.

2817 1326 3144 1384 EPISTOLA
3185 1324 3466 1381 LXXVI“.

2389 1457 2578 1499 ινιτσε
2605 1455 2906 1498 νιεκιιειιςιδ
2935 1453 3207 1495 ειηεοοιυσε
3234 1448 3257 1477 ⁸
3291 1451 3605 1493 APOLLINARI
3637 1449 3934 1504 EPISCOP0.,

2430 1573 2654 1631 Confido
2677 1574 2852 1644 plane,
2878 1586 2976 1628 nec
3005 1571 3214 1636 dubito,
3241 1569 3423 1625 divino
3445 1582 3668 1623 munere
3691 1581 3952 1623 commu..

2363 1681 2484 1722 nem
2515 1666 2752 1721 laetitiam
2796 1663 3065 1718 communi
3107 1659 3407 1730 praesentiat
3445 1659 3761 1714 nuntiatam.
3805 1657 3932 1711 Nam

2366 1753 2507 1822 quod
2549 1763 2602 1808 et
2642 1752 2706 1806 ad
2739 1765 2836 1806 vos
2877 1751 2986 1820 jam
3013 1748 3254 1819 suspicor
3278 1749 3588 1817 pervenisse
3613 1786 3629 1812 ,
3661 1746 3822 1800 etiam
3860 1747 3934 1800 illi

705 1823 838 1899 dans
890 1845 1126 1900 accensis
1175 1843 1411 1896 faucibus
1466 1841 1582 1910 gula
1639 1837 1959 1907 aliquantula
2010 1836 2264 1905 temporis
2294 1823 2337 1882 Β
2367 1845 2454 1913 qui
2476 1853 2689 1899 vastare
2728 1842 2953 1897 limitem
2981 1840 3328 1906 dicebantur,
3359 1840 3559 1894 reversi
3605 1847 3748 1894 sunt.
3783 1837 3937 1893 Unde

707 1950 856 1990 mora
882 1933 1028 1989 subb
1057 1933 1197 1990 docti
1238 1931 1482 1986 incisoris
1523 1927 1776 1998 pependit
1805 1923 2042 1980 arbitrio.
2074 1924 2266 1992 Sicque

707 2026 906 2080 factum
932 2031 1033 2093 est,
1065 2033 1122 2078 ut
1148 2021 1374 2076 bibendo
1393 2019 1561 2084 cibos,
1596 2017 1779 2086 pocula
1805 2013 2135 2078 ruminando,
2157 2015 2265 2082 pri-

707 2131 847 2169 mam
879 2114 1084 2184 prandii
1114 2121 1316 2181 partem
1347 2109 1585 2164 esuriens
1621 2104 1850 2176 querelis
1870 2144 1884 2167 ,
1918 2103 2147 2158 mediam
2174 2118 2264 2158 co-

707 2207 923 2262 medens
970 2203 1200 2273 rapinis,
1244 2203 1477 2255 ultimam
1518 2207 1662 2251 satur
1710 2197 1957 2266 lacrymis
1998 2195 2258 2265 exegeris.

705 2301 814 2355 Nec
844 2298 939 2352 tibi
973 2295 1197 2351 dixerim
1236 2291 1492 2361 profuisse
1521 2289 1662 2358 quod
1687 2288 1850 2344 defui.
1879 2288 1975 2342 Vel
1998 2288 2048 2342 id
2079 2288 2258 2354 nobis,

705 2399 960 2460 quantum
989 2388 1082 2442 tibi
1101 2384 1380 2456 superfuit,
1410 2381 1657 2438 omnibus
1685 2379 1961 2435 satisfecit.
1990 2378 2119 2433 Nam
2143 2395 2261 2433 cum

706 2489 764 2533 tu
807 2479 859 2532 in
887 2485 1030 2531 tanta
1058 2468 1287 2530 convivii
1333 2470 1658 2526 beatitudine
1686 2469 1968 2524 deliciatus
2003 2469 2260 2534 maxime,

709 2569 1009 2624 tardissime
1039 2567 1279 2632 satiatus,
1311 2563 1396 2617 vix
1436 2571 1487 2617 te
1532 2562 1706 2629 possis
1748 2560 1973 2629 probare
2020 2558 2261 2624 felicem;

705 2659 830 2728 quid
858 2659 925 2712 de
955 2673 1038 2712 me
1081 2656 1279 2710 misero
1320 2667 1538 2709 censeas
1567 2636 1915 2724 interrogare
1965 2663 2258 2718 prtesumo,

704 2749 844 2820 quia
869 2747 1064 2818 regalis
1089 2760 1286 2800 mensae
1313 2737 1628 2799 abundantia
1657 2756 1761 2796 non
1798 2743 2096 2810 permittor,
2135 2751 2186 2800 et
2209 2742 2262 2795 in

705 2838 1063 2894 ecclesiastica
1088 2835 1387 2905 frugalitate
1418 2848 1520 2887 non
1542 2841 1752 2887 saturor
1779 2850 1790 2882 :
1819 2833 1905 2901 qui
1928 2831 2026 2886 sub
2049 2832 2264 2886 honoris

705 2929 922 2982 nomine
946 2926 1199 2981 custodia:
1232 2924 1558 2992 mancipatus
1578 2961 1593 2988 ,
1624 2923 1774 2991 quasi
1821 2920 1887 2975 ad
1923 2922 2144 2991 primam
2168 2937 2263 2975 vo-
2294 2960 2299 2966 .

707 3027 860 3073 catus
880 3027 933 3072 et
954 3033 982 3072 a
1009 3017 1230 3072 meliore
1249 3015 1564 3083 prohibitus,
1588 3029 1654 3068 ne
1670 3013 1865 3081 possim
1886 3011 2066 3081 fugere
2084 3013 2266 3082 jacere

707 3110 1036 3178 compellor:
1070 3108 1291 3177 impleor
1315 3106 1572 3188 oleribus,
1605 3113 1660 3160 et
1681 3103 1838 3159 inﬂor
1857 3103 2036 3177 napis;
2056 3106 2264 3160 abundo

2369 1950 2528 1990 causa
2557 1933 2933 1989 sollicitudinis
2964 1933 3057 1986 bas
3092 1930 3283 1996 direxi,
3313 1939 3371 1986 ut
3394 1945 3512 2000 quae
3536 1931 3602 1984 ad
3628 1945 3723 1985 vos
3753 1939 3935 1999 postea

2367 2027 2432 2080 de
2457 2026 2822 2095 cujuscunque
2839 2021 3141 2078 securitatis
3179 2031 3465 2091 augmento
3497 2021 3834 2090 pervenerint
3859 2019 3934 2072 iu-

2367 2117 2594 2182 dicetis;
2625 2125 2715 2170 aut
2744 2113 2787 2169 si
2806 2116 2915 2183 jam
2938 2114 3003 2169 ad
3026 2115 3300 2169 civitatem
3324 2113 3460 2170 liber
3483 2127 3734 2169 recursus
3761 2127 3790 2166 a
3811 2127 3934 2167 con-

2365 2206 2647 2261 suetudine
2678 2219 2774 2260 vos
2796 2242 2810 2270 ,
2847 2204 2953 2258 imo
2994 2205 3171 2274 potius
3219 2203 3287 2258 ab
3315 2218 3497 2258 amore
3524 2203 3821 2259 obsidionis
3847 2217 3937 2259 ex-

2369 2299 2548 2353 traxit.
2581 2297 2847 2352 Prtcterea
2889 2293 2917 2333 ά
2961 2295 3276 2366 magdalioia
3306 2295 3394 2349 illa
3425 2309 3542 2363 quae
3585 2294 3936 2364 promisistis,

2369 2403 2529 2456 posco
2550 2397 2607 2442 ut
2627 2402 2747 2442 cum
2778 2385 3170 2441 observationis
3191 2384 3464 2439 breviculo
3500 2384 3654 2455 dirigi
3687 2385 3937 2453 iubeatis.

2375 2477 2638 2532 Hactenus
2695 2475 3068 2530 familiariter:
3101 2474 3227 2528 hinc
3253 2473 3394 2544 quod
3439 2475 3777 2542 restat,quia
3821 2475 3929 2543 jam

2373 2567 2538 2631 libet,
2567 2563 2725 2635 paulo
2771 2565 2992 2620 hilarius
3021 2564 3287 2619 indicabo.
3328 2573 3352 2601 ε·
3383 2563 3738 2632 Signatorium
3785 2565 3938 2634 igitur

2366 2657 2507 2721 quod
2540 2658 2708 2724 pietas
2739 2667 2914 2710 vestra
2941 2672 3044 2710 non
3077 2666 3182 2710 tam
3214 2655 3524 2723 promittere
3561 2671 3720 2725 quam
3746 2656 3939 2711 offerre

2366 2747 2577 2818 dignata
2602 2757 2707 2810 est.
2741 2749 2792 2802 in
2827 2747 2967 2802 hunc
2983 2747 3197 2801 modum
3224 2746 3337 2801 fieri
3362 2747 3509 2802 volo.
3537 2747 3748 2802 Annulo
3770 2747 3940 2801 ferreo

2366 2849 2421 2893 et
2469 2837 2754 2892 admodum
2788 2839 2956 2904 tenui,
2987 2838 3130 2892 velut
3156 2838 3596 2892 concurrentibus
3636 2837 3688 2891 in
3727 2851 3785 2891 se
3826 2836 3940 2891 del-

2367 2928 2603 2997 phinulis
2631 2929 2924 2982 concludcn
2949 2929 3029 2990 'o,
3069 2925 3228 2995 sigilli
3257 2928 3485 2996 duplicis
3510 2928 3680 2984 forma
3715 2930 3939 2998 geminis

2370 3015 2664 3068 cardinulis
2693 3015 2978 3068 inseratur.
3026 3016 3154 3082 Qua:
3190 3026 3246 3069 ut
3286 3016 3500 3071 libuerit
3538 3017 3772 3072 vicissim
3796 3057 3812 3080 ,
3847 3031 3940 3072 seu

2371 3105 2718 3168 latitabunda,
2738 3120 2829 3158 seu
2858 3107 3088 3174 publica,
3114 3105 3385 3159 obtutibus
3403 3106 3717 3160 intuentium
3738 3107 3938 3161 alterna

706 3175 1078 3270 leguminibus,
1110 3175 1202 3254 sed
1228 3176 1562 3268 qum‘icllus,
1597 3212 1699 3249 non
1734 3175 2148 3264 pontuscmisit.
2181 3197 2262 3250 fn-
2293 3175 2339 3236 Ο
2369 3196 2640 3250 vernantis
2670 3194 2832 3263 lapilli
2875 3194 2959 3249 vel
2989 3195 3173 3249 electri
3204 3195 3448 3262 pallentis
3480 3195 3655 3250 fronte
3682 3206 3932 3252 mutetur.

706 3301 789 3346 ter
811 3291 923 3345 huic
939 3290 1109 3360 qualia
1131 3288 1320 3343 fuerint
1343 3290 1492 3341 bonze
1509 3286 1781 3340 memoriae
1796 3286 2062 3354 quondam
2087 3293 2264 3340 ostrea

712 3396 810 3437 nec
839 3380 1110 3451 recordor.
1146 3379 1202 3434 Si
1225 3378 1489 3431 modicum
1517 3375 1643 3445 quid
1675 3363 1890 3429 vasculo
1919 3389 2022 3429 uno
2047 3376 2266 3431 minimo

708 3469 1001 3537 semipleno
1023 3467 1128 3522 vini
1161 3465 1406 3534 pallentis
1434 3465 1742 3532 apponitur.
1772 3473 1826 3518 et
1857 3463 1940 3516 hic
1971 3463 2159 3517 modus
2185 3464 2269 3518 vel

711 3560 893 3630 regula
914 3557 1229 3612 custoditur.
1254 3555 1368 3609 Jam
1399 3555 1465 3608 de
1487 3554 1620 3608 cibis
1643 3562 1793 3606 tacco
1826 3569 1839 3604 :
1865 3553 1915 3605 in
1948 3552 2271 3621 accipiendis

709 3650 1014 3706 recentibus
1045 3646 1212 3716 major
1244 3654 1324 3700 est
1371 3657 1555 3713 poena;
1599 3651 1769 3697 musta
1809 3642 2131 3710 deposcens,
2183 3654 2272 3698 aut

779 3854 805 3880 ἰ
851 3845 953 3897 Aut
994 3843 1128 3896 sicut
1167 3842 1391 3904 ﬁcedula
1419 3841 1617 3893 inclusa
1667 3855 1767 3893 ovo
1813 3846 2075 3908 pavonino
2123 3843 2261 3910 apud

709 3914 1035 3971 Petronium.
1082 3919 1175 3963 aut
1202 3925 1387 3978 pavum
1415 3910 1542 3961 dicit
1566 3909 1827 3963 isiciatum
1849 3951 1862 3973 ,
1900 3911 2037 3964 Sicut
2064 3915 2263 3979 pullum

708 3984 968 4037 isiciatum
1025 3980 1240 4048 Apicius
1295 3979 1590 4032 minutatim
1639 3981 1948 4043 concisum,
1994 3989 2047 4034 et
2083 3984 2132 4033 in
2165 3982 2251 4033 isi-

707 4055 844 4105 cium
869 4063 1200 4104 conversum.
1231 4049 1442 4114 Apicius
1467 4048 1557 4099 lib.
1579 4062 1692 4111 vm,
1716 4063 1832 4115 cap.
1861 4050 1914 4111 7,
1940 4049 2006 4101 de
2034 4050 2266 4116 porcello

707 4121 900 4182 farsili,
953 4119 1211 4171 Porcellus
1246 4115 1543 4169 hortulanus
1589 4129 1849 4186 crassatur
1885 4134 1972 4181 per
2006 4115 2175 4186 gulam
2212 4121 2264 4171 in

706 4191 911 4242 modum
939 4189 1062 4240 utris
1086 4203 1104 4240 :
1129 4188 1340 4239 mittitur
1360 4187 1413 4238 in
1441 4202 1497 4239 eo
1522 4185 1693 4254 pullus
1732 4189 1958 4239 isiciatus
1985 4185 2262 4255 particula—

706 4262 796 4311 tim
821 4259 1065 4323 concisus,
1084 4257 1238 4326 turdi,
1270 4256 1514 4319 ﬁcedulae,
1542 4257 1738 4308 isicium
1752 4258 1813 4308 de
1831 4256 1985 4326 pulpa
2007 4273 2120 4319 sua,
2151 4267 2257 4311 etc.

779 4326 806 4365 δ
835 4328 932 4393 Qui
962 4325 1234 4382 scindendi
1263 4326 1467 4379 obsonii
1515 4327 1763 4392 magister
1791 4327 2040 4390 Senecas,
2066 4327 2262 4381 scissor

709 4396 979 4459 Petronio,
999 4396 1234 4448 iuvenali
1255 4403 1425 4452 autem
1440 4395 1799 4456 chironomus,
1820 4411 1841 4444 a
1861 4396 2262 4463 gesticulatione

709 4481 808 4534 qua
842 4466 1058 4520 obsnnia
1089 4465 1334 4518 scindens
1364 4465 1605 4517 utebatur
1633 4482 1646 4517 :
1671 4466 1736 4519 dc
1758 4479 1856 4532 qua
1883 4476 1935 4519 et
1959 4465 2258 4520 Petronius.

715 4535 998 4598 Processit,
1035 4535 1232 4604 inquit,
1266 4535 1432 4585 statim
1451 4533 1660 4604 scissor,
1689 4545 1733 4586 et
1783 4537 1852 4586 ad
1908 4536 2262 4604 symphoniam

709 4605 777 4657 ita
804 4606 1126 4674 gesticulatus
1153 4603 1386 4654 laceravit
1409 4602 1688 4674 obsonium,
1719 4613 1772 4654 ut
1805 4615 2002 4669 putares
2022 4602 2027 4604 ’
2050 4605 2260 4657 Darium

2373 3286 2483 3340 Nec
2527 3285 2739 3354 quidem
2791 3287 2910 3340 talis
2940 3285 3124 3339 clec'ri
3152 3325 3166 3350 ,
3205 3287 3360 3353 quale
3399 3301 3588 3355 nuper,
3637 3295 3694 3340 ut
3731 3297 3942 3358 egomet

2375 3376 2548 3439 hausi,
2577 3375 2628 3426 in
2657 3384 2842 3428 sancto
2864 3359 2925 3426 ac
2953 3375 3313 3429 sincerissimo
3341 3375 3632 3444 impolluta:
3655 3391 3842 3434 manus
3865 3381 3942 3434 ui-

2375 3475 2488 3519 tore
2515 3467 2786 3529 sordebat,
2817 3465 2899 3518 cui
2921 3474 3225 3534 corruptam
3256 3468 3585 3536 potiusquam
3617 3469 3937 3538 confectam,

2375 3557 2488 3608 auri
2541 3554 2558 3592 ε
2604 3556 2838 3609 nondum
2891 3555 3105 3611 fornace
3147 3555 3352 3610 decocti
3391 3556 3710 3612 crediderim
3769 3559 3940 3616 inesse

2377 3647 2658 3700 mixturam
2706 3663 2721 3700 :
2761 3645 2844 3700 vel
2875 3646 3016 3700 illam
3045 3657 3189 3701 certe
3209 3684 3226 3713 ,
3267 3663 3422 3716 quam
3453 3651 3758 3718 nuperrime
3785 3661 3811 3700 ι
3838 3668 3940 3711 .rex

2370 3858 2509 3919 mam
2535 3858 2618 3919 Aac
2635 3844 2923 3919 _materi_a_m
2944 3886 2958 3909 ,
2976 3859 3109 3919 cum
3142 3845 3390 3919 omnibus
3417 3847 3779 3919 ornamentis,
3813 3865 3941 3919 qua-

2373 3914 2476 3982 lem
2506 3913 2607 3967 sibi
2631 3913 2742 3966 fieri
2765 3915 2912 3977 velit,
2940 3914 3339 3982 elegantissime
3360 3915 3633 3971 describit.

2446 3979 2465 4020 ί
2503 3982 2826 4057 aniauro,
2856 3992 2912 4034 ut
2936 3979 3139 4057 Plinius
3154 3986 3328 4048 docet,
3349 3986 3489 4057 inest
3502 3992 3781 4057 argentum
3804 3991 3939 4043 rario

2375 4050 2936 4123 pondere._l_/bicunque
2961 4053 3137 4120 quinta
3165 4055 3358 4121 argenti
3384 4056 3548 4123 portio
3575 4050 3669 4120 Est,
3701 4060 3938 4111 elertrum

2375 4131 2600 4191 uocatur.
2624 4120 2675 4173 Id
2699 4135 2817 4173 cum
2851 4123 2900 4174 in
2933 4123 3146 4175 metallo
3163 4120 3447 4191 reperitur,
3469 4127 3699 4179 nativum
3724 4129 3934 4182 dicitur.

2374 4189 2454 4264 _Fit
2483 4201 2658 4250 autem
2685 4199 2741 4264 et
2770 4204 2898 4244 cura
2919 4191 3172 4244 electrum
3199 4189 3632 4264 argento'addito
3671 4215 3682 4248 :
3708 4198 3849 4264 quod
3895 4199 3936 4252 si

2361 4257 2561 4334 justum
2578 4259 2788 4334 modum
2813 4264 3121 4334 excesserit,
3150 4257 3507 4334 corrumpitur
3535 4257 3789 4329 mixtura,
3812 4283 3936 4334 qua-

2364 4331 2469 4382 lem
2493 4329 2737 4407 insigillo
2757 4343 2854 4382 suo
2876 4331 3072 4407 respuit
3094 4330 3298 4385 Avitus.

2437 4407 2464 4445 κ
2494 4399 2756 4469 Alaricns,
2807 4413 2837 4469 a
2886 4399 3152 4454 Clodovco
3193 4409 3485 4469 prostratus
3516 4418 3529 4455 :
3557 4403 3610 4456 in
3662 4404 3764 4458 hoc
3795 4408 3934 4460 enim

2365 4469 2568 4520 corruit
2597 4466 3019 4539 Wisigothorum
3047 4466 3264 4538 regnum
3291 4471 3341 4522 in
3369 4470 3562 4535 Gallia,
3587 4474 3740 4539 cuius
3770 4478 3937 4530 ruinas

2367 4539 2714 4599 praenuntiam
2745 4538 2932 4590 Avitus
2960 4537 3303 4592 adulterinam
3329 4553 3590 4594 monetam
3621 4537 3728 4595 vult
3754 4546 3933 4598 lniSSr-.

2367 4606 2620 4659 Visuntur
2651 4622 2779 4660 sane
2809 4621 2947 4659 nunc
2975 4610 3131 4659 etiam
3161 4609 3365 4663 Gothici
3393 4625 3459 4662 ex
3499 4612 3701 4665 electro
3728 4626 3934 4668 veteres

711 4651 1224 4752 hdei-aularautante
1255 4687 1496 4752 pugnare:
1531 4671 1779 4752 Quamvis
1805 4651 1934 4752 rergo
1955 4674 2258 4752 celerrime.
2291 4651 2339 4709 D
2368 4679 2588 4738 nummi,
2620 4677 2752 4752 adeo
2784 4677 3075 4752 pallentes,
3106 4651 3303 4732 utvauri
3323 4651 3935 4752 Litiiliswtiiiieifiiﬁ'é;

709 4740 764 4795 ct
792 4743 983 4797 volanti
1015 4743 1250 4807 cultello,
1276 4751 1332 4794 ut
1355 4740 1584 4808 loquitur
1613 4740 1900 4800 Juvenalis,
1936 4743 2098 4810 dapes
2140 4759 2262 4796 ert:-

708 4812 1014 4932 dit'almanu
1040 4821 1274 4876 secaret,
1325 4812 1497 4864 lentus
1529 4811 1695 4862 avidis
1739 4812 1987 4864 Le0niani
2025 4815 2260 4868 faucibus

710 4884 779 4932 νὴ
801 4900 825 4932 c
853 4889 1004 4932 natur.

710 4883 1004 4934 videbatur.

783 4961 805 4988 α
845 4951 1043 5014 Fratri,
1066 4949 1358 5003 Valentinus
1408 4949 1545 5002 sedis
1576 4949 1827 5014 antistiti,
1868 4950 1931 5001 ad
1959 4965 2112 5019 quem
2144 4951 2261 5005 aliae

709 5035 822 5074 com
833 5022 915 5082 plu
925 5035 1025 5072 res.

779 5087 804 5124 ἀ
835 5088 1268 5158 Sepiasiariorum
1301 5086 1526 5140 officinis
1556 5098 1733 5140 notum
1762 5089 2094 5142 vocabulum.
2123 5091 2265 5158 Mag-

711 5159 957 5212 daleones
987 5159 1126 5211 enim
1158 5157 1416 5225 hodieque
1458 5159 1694 5209 vocitant
1732 5167 1924 5212 teretes
1953 5157 2252 5227 cylindros,

709 5229 759 5280 in
791 5242 921 5295 quos
945 5227 1244 5295 composita.
1257 5227 1534 5292 emplastra
1562 5227 1800 5295 redigere
1827 5230 2017 5282 solent.
2044 5229 2256 5283 Scribo-

710 5291 826 5349 nius
855 5297 1051 5364 Largus
1070 5291 1155 5348 'de
1186 5291 1416 5362 chirurgi
1455 5291 1754 5365 Tryphonis
1791 5300 2077 5363 emplastro
2131 5301 2257 5350 sub-

711 5366 861 5418 viridi
909 5385 922 5418 :
971 5365 1103 5436 Dum
1144 5365 1322 5418 desinit
1369 5370 1588 5432 fervere,
1641 5367 2168 5436 manibus-subigetur,
2210 5379 2256 5420 et

710 5436 962 5486 redactum
984 5435 1298 5506 iitrotumlas
1325 5437 1585 5502 ampliores
1608 5452 1732 5503 quas
1753 5435 2058 5506 μανδαλὶδάς
2081 5439 2253 5490 dicunt

710 5514 994 5566 reponetnr.
1025 5503 1191 5570 Rogat
1221 5504 1460 5570 itaquent
1483 5520 1598 5555 cum
1635 5503 1964 5572 Inagdaliolis
1991 5522 2107 5573 qua:
2134 5523 2252 5572 pro-

711 5573 889 5644 mittit,
945 5573 1226 5625 indtcnlum
1257 5583 1428 5626 tutttat
1454 5613 1466 5636 ,
1497 5585 1595 5642 qua
1630 5576 2007 5629 observatione
2036 5578 2256 5644 singulis

710 5643 784 5695 uti
816 5649 1072 5707 oporteat.

782 5719 806 5747 ⁸
833 5712 1098 5767 Annulum
1121 5711 1493 5782 signatorium,
1525 5727 1620 5772 seu
1665 5715 1896 5786 sigillum
1929 5731 1942 5768 :
1978 5715 2129 5785 cujus
2155 5715 2262 5772 fora

2364 4759 2520 4812 quam
2536 4746 2760 4820 argenti.
2786 4743 3047 4820 Cancrum
3065 4747 3373 4812 impressam
3400 4749 3592 4803 habent
3611 4743 3800 4820 regum.
3823 4767 3937 4806 suo.

2364 4815 2746 4889 rumefligiem;
2763 4815 2900 4889 quod
2918 4815 3208 4889 ignorasse,
3225 4827 3315 4872 aut
3337 4827 3582 4885 tanquam
3606 4815 3931 4889 illegitimum

2364 4883 2729 4939 dissimulasse
2754 4885 2961 4937 videtur
2979 4884 3284 4952 Procopius,
3302 4903 3418 4939 cum
3446 4883 3578 4942 solis
3612 4883 3930 4945 Francorum

2364 4955 2575 5021 regibus
2605 4954 2656 5025 id
2676 4955 2905 5025 licuisse,
2938 4953 3177 5025 barbaris
3205 4957 3323 5010 aliis
3349 4959 3724 5025 rcgihusnefas
3746 4961 3929 5025 fuisse.

2369 5025 2554 5077 scribit
2609 5024 2744 5076 libro
2773 5040 2826 5076 lll
2872 5024 3001 5076 Belli
3042 5022 3269 5079 Gothici.
3325 5022 3655 5082 Dc'Francis
3685 5031 3825 5084 enim
3860 5022 3933 5085 lo;

2365 5107 2554 5158 quens,
2601 5107 2892 5167 eorumque
2939 5093 3480 5167 rege'l‘hcodeberto,
3512 5099 3600 5165 qui
3650 5101 3932 5167 provincia:

2369 5171 2570 5241 partem
2623 5162 3264 5241 obtinebanth‘Népmpu
3293 5166 3346 5221 δὲ
3375 5162 3628 5241 mue-am,
3653 5162 3860 5238 inquit,
3885 5171 3934 5224 ἐκ

2367 5238 2463 5307 τῷν
2490 5235 2540 5284 ἐν
2568 5233 2811 5307 ,Γάλλοις-
2835 5233 3089 5307 μετάλλων
3116 5233 3432 5294 mimicum}?
3461 5240 3520 5291 οὐ
3562 5246 3656 5294 τοῦ
3684 5233 3932 5307 Ῥῶμαίων

2365 5302 2752 5382 αὐτοξράτορρς,
2781 5301 2905 5382 iure
2935 5303 3172 5382 εἴθισται,
3219 5315 3529 5380 χαρακτῆρα
3575 5301 3816 5377 ἕνθέμινὸι
3861 5317 3931 5382 τῷ

2363 5379 2577 5449 στατῇρι
2606 5374 2794 5449 retires,
2830 5374 2954 5449 em
3004 5379 3091 5430 τήν
3115 5374 3363 5449 spesspes
3405 5374 3572 5449 ριῦτῶν
3609 5374 3792 5433 rixam.
3844 5374 3930 5435 ἐοίί

2363 5459 2441 5492 τοι
2459 5440 2682 5528 {tumltu
2709 5440 2795 5512 μὲν
2824 5445 3076 5516 ἀργυροῦν
3107 5440 3354 5528 ὁῇἱξιθέῶν
3387 5446 3623 5528 pacifici);
3649 5447 3926 5521 ᾖβούλοίτο

2363 5517 2541 5589 crossing
2569 5512 2725 5589 εἵωςε,
2777 5512 3087 5589 χαρὰκζῆρα
3132 5512 3926 5589 δέᾕςῖδιονγέμϐᾳλέσθοίίστατῆρι

2365 5587 2570 5662 χρυσῇ,
2624 5580 2911 5662 οὔτελαὺτρν
2954 5580 3126 5662 θέμις-ι.
3153 5583 3266 5639 οὗτε
3313 5580 3452 5640 ἄλλόν
3480 5588 3694 5641 ὁντινοῦν
3723 5580 3928 5658 ﬁamus:

2364 5657 2460 5701 τῶν
2488 5652 2688 5725 τῖᾴςντων
2731 5652 3020 5725 βαρϐάρων.
3058 5653 3356 5725 Nummum
3403 5667 3572 5713 autem
3619 5652 3827 5711 aureum
3869 5674 3928 5710 ex

2369 5719 2584 5772 metallis
2606 5735 2718 5788 qua:
2742 5719 2856 5773 sunt
2881 5719 2935 5774 tn
2967 5721 3138 5775 Gallia
3190 5725 3519 5794 fabricarum,
3550 5744 3650 5782 non
3691 5728 3926 5785 Romani.
