4316 6378
474 378 577 433 281

1825 367 2153 424 EPISTULA
2199 367 2412 422 LXXX.

3648 366 3752 422 281

475 490 749 556 Getarum,
781 497 1045 543 secutura:
1074 498 1367 557 prtcsagam
1398 482 1589 547 ruinte,
1618 480 1847 535 monetis
1878 478 2048 548 publi—
2078 483 2126 539 Δ
2158 496 2276 534 rum
2315 479 2503 536 solatia
2536 489 2711 535 vestra
2770 481 2956 534 meriti
2988 479 3293 536 cumuletis.
3329 478 3594 535 Fecerunt
3640 482 3746 546 qui-

472 583 555 638 cis
579 578 896 634 adulterium
914 578 1217 632 tlrmantem
1250 573 1617 629 mandaverat.
1651 570 1757 627 Sed
1787 568 1856 640 sit
1900 570 2047 639 ejus-

472 668 619 727 modi
670 668 848 735 color,
895 681 1054 739 quem
1096 665 1377 734 aequaliter
1404 677 1468 720 ac
1495 663 1765 727 modeste,
1797 663 2049 717 ruborem

472 760 540 815 ab
583 773 758 827 auro,
799 759 868 813 ab
916 768 1139 824 argento
1165 754 1491 820 candorem,
1542 753 1929 822 pretiositatem
1980 755 2049 809 ab

472 860 717 921 utroque,
744 865 773 903 a
795 848 1005 903 expleris
1025 846 1321 917 rapientem
1344 846 1628 916 fulgorem,
1661 844 1951 901 artiﬁciosa
1977 847 2053 900 si-

470 943 686 1014 quidem
717 940 1037 996 medioxima
1063 939 1255 994 viroris
1282 937 1623 994 commendet
1647 938 1957 992 amoenitas.
1988 935 2049 992 Si

470 1046 678 1102 quteras
699 1030 825 1101 quid
852 1030 1257 1099 insculpendum
1296 1028 1474 1098 sigillo
1505 1046 1517 1081 :
1544 1035 1572 1065 ι
1599 1028 1817 1097 Signum
1855 1041 2045 1082 mono-

468 1122 778 1194 grammatis
821 1122 926 1176 mei
974 1134 1070 1190 per
1100 1134 1287 1191 gyrum
1332 1118 1515 1189 scripti
1556 1118 1789 1173 nominis
1838 1117 2049 1187 legatur

470 1216 682 1271 iudicio.
713 1214 939 1269 Medium
961 1226 1121 1282 porro
1150 1211 1333 1267 annuli
1358 1253 1373 1277 ,
1411 1212 1480 1266 ab
1512 1226 1576 1267 ea
1604 1222 1755 1281 parte
1783 1224 1887 1280 qua
1914 1210 2046 1264 vola:

468 1305 664 1361 clausa:
706 1303 1057 1366 vicinabitur,
1108 1302 1485 1372 delphinorum
1532 1317 1759 1371 quorum
1801 1304 2046 1369 superius

467 1399 638 1469 capita
662 1396 1043 1465 descripsimus
1065 1438 1080 1464 ,
1113 1395 1298 1450 cauda:
1339 1394 1613 1450 tenebunt.
1646 1394 1849 1460 Quith
1877 1394 2043 1461 lapis-

466 1489 618 1545 culus
660 1489 731 1543 ob
779 1487 880 1542 hoc
907 1487 1078 1555 ipsum
1119 1486 1418 1555 quaesitus,
1452 1484 1713 1552 oblongus
1742 1485 1948 1538 scilicet
1991 1493 2047 1540 et

466 1578 634 1632 acutis
661 1577 922 1646 capitibus
948 1576 1203 1629 formatus
1234 1574 1467 1628 indetur.
1504 1574 1645 1628 Ecce
1683 1574 1847 1628 habes
1875 1573 2047 1642 quod-

464 1670 585 1726 dam
603 1669 972 1725 tantummodo
990 1668 1265 1737 speculum
1290 1668 1554 1735 dogmatis
1570 1667 1916 1737 exsequendi.
1936 1666 2045 1723 Nec

465 1772 645 1816 tamen
675 1762 1082 1831 amplitudinem
1109 1760 1387 1829 elegantiae
1420 1770 1522 1815 tute
1561 1761 1640 1815 sic
1667 1760 1733 1814 ad
1775 1776 2044 1815 memora-

2153 573 2275 628 dcm
2326 584 2543 643 peccata
2574 588 2691 629 mea
2749 588 2854 628 non
2896 573 3320 642 qualemcunque
3355 573 3748 637 necessitatem,

2155 681 2257 734 qua
2298 680 2398 719 nos
2429 666 2482 719 in
2532 664 2621 719 dic
2660 674 2926 731 suscepta:
2964 664 3267 718 fi-stltatnlze
3295 674 3513 725 nostrai,
3560 677 3749 731 corpo-

2152 758 2253 811 rali
2285 766 2476 813 vestra:
2498 757 2710 830 pietatis
2736 757 3016 824 prmsentia
3044 755 3435 810 lraudarcmur.
3481 753 3587 809 Sed
3629 752 3749 808 red-

2152 849 2365 903 didistis
2421 862 2483 902 ac
2530 848 2959 917 repraesentatis
2993 847 3148 902 nobis
3195 847 3617 901 vicissitudinem
3641 862 3739 901 ve-

2150 938 2248 993 stri
2306 948 2555 1005 aspectus
2606 938 2659 993 in
2705 938 2927 1003 lumine,
2957 941 3067 994 oris
3098 941 3150 993 in
3180 953 3452 1002 sermone,
3484 948 3655 995 tactus
3691 940 3744 993 in

2150 1044 2333 1099 opere.
2383 1030 2557 1098 Spero
2600 1030 2655 1085 in
2688 1029 2781 1084 Dei
2812 1031 2979 1085 nostri
3012 1030 3406 1096 misericordia,
3456 1032 3599 1102 quod
3632 1048 3739 1088 non

2150 1136 2272 1177 meo
2327 1132 2532 1177 tantum
2582 1130 2849 1191 tempore,
2905 1123 3000 1177 sed
3034 1124 3193 1177 etiam
3236 1134 3510 1191 secuturo,
3542 1123 3740 1179 donum

2150 1224 2342 1268 vestra:
2371 1212 2663 1267 oblationis
2691 1213 2977 1269 ecclesiola
3002 1224 3186 1268 nostra
3208 1215 3569 1269 venerabitur.
3588 1215 3741 1280 Quod

2148 1305 2288 1360 sicut
2316 1319 2420 1375 ego
2450 1305 2577 1359 dum
2624 1306 2747 1359 vivo
2778 1304 2832 1359 in
2860 1306 3227 1361 testimonium
3274 1306 3606 1362 inexhaustae
3638 1309 3743 1360 lar-

2146 1395 2329 1464 gitatis
2385 1407 2608 1449 servare
2646 1393 2936 1461 desidero,
2987 1396 3057 1447 ita
3086 1395 3214 1449 mihi
3246 1395 3385 1450 Deus
3413 1404 3656 1466 pmstet,
3682 1405 3741 1449 ut

2144 1488 2307 1543 etiam
2349 1486 2397 1542 ei
2446 1501 2604 1555 quem
2654 1494 2776 1554 post
2797 1501 2904 1553 me,
2936 1500 3059 1540 cum
3090 1486 3233 1542 Deus
3273 1488 3521 1556 jusserit,
3546 1488 3739 1543 electio

2144 1589 2324 1633 vestra
2371 1578 2693 1645 decreverit,
2770 1577 3112 1648 peculiariter
3190 1581 3489 1637 auctoritas
3557 1588 3735 1636 vestra

2144 1672 2509 1728 commendet.

2644 1760 2981 1816 EPISTOLA
3017 1760 3233 1815 LXXX.

465 1860 572 1906 tum
602 1850 876 1921 exemplar
916 1860 1133 1919 coacto,
1166 1850 1317 1919 quasi
1360 1850 1583 1904 liberum
1616 1866 1721 1906 non
1749 1850 1819 1905 sit
1843 1836 2122 1905 addere-3

1984 1836 2122 1905 I'G‘B
2196 1869 2383 1908 AVITUS
2412 1866 2723 1907 VIENNENSIS
2755 1865 3037 1907 EPISCOPUS
3058 1862 3079 1890 ⁸
3108 1865 3392 1913 ΟΙΊΝῚΊΛΝΟ
3421 1867 3688 1908 κρικοῐιο.

464 1943 607 2012 quod
653 1942 888 1997 videtur.
938 1941 1144 1996 Licebit
1182 1955 1342 2009 porro
1384 1942 1783 2010 supercurrenti
1833 1942 2046 2011 ingenio

464 2045 647 2089 vestro
672 2033 931 2089 terminos
955 2032 1284 2102 praescripta:
1305 2030 1736 2087 demandationis
1759 2034 2044 2089 excedere.

461 2126 519 2180 In
551 2125 655 2180 ﬁne
682 2134 858 2180 autem
900 2126 1146 2194 epistula:
1169 2166 1184 2190 ,
1224 2128 1367 2181 luteo
1406 2127 1553 2193 Operi
1584 2127 1699 2181 sine
1733 2141 1840 2195 quo
1867 2135 2044 2181 tamen

461 2232 567 2271 non
604 2218 950 2286 transigetur,
979 2218 1287 2271 lznculentus
1308 2232 1487 2271 sermo
1508 2216 1768 2286 deposcit,
1797 2229 1855 2272 ut
1880 2219 2045 2273 artill-

458 2321 579 2362 cem
614 2306 830 2379 iigulum
858 2308 1005 2362 brevi
1040 2308 1327 2363 tenendum
1350 2323 1380 2362 e
1404 2309 1629 2377 vestigio
1652 2308 1889 2379 dirigatis
1910 2351 1925 2375 ,
1956 2312 2044 2378 qui

464 2398 643 2463 nob's,
687 2399 935 2467 qualibus
982 2400 1113 2452 strui
1156 2398 1418 2453 mensuris
1446 2400 1676 2454 crebrati
1708 2402 2042 2455 cmuaeulum

464 2488 639 2554 furni,
679 2489 764 2544 vel
792 2490 930 2544 intra
968 2490 1109 2559 quod
1138 2490 1368 2557 spatium
1402 2489 1597 2543 fossilis
1637 2489 1805 2556 glebae
1836 2492 2044 2545 scrobis

458 2580 708 2635 sordibus
733 2589 899 2649 septas
927 2581 1238 2635 animalium
1264 2580 1486 2648 pedibus
1514 2582 1723 2637 coctilis
1752 2583 1890 2636 caeni
1928 2583 2042 2651 glu-

458 2674 626 2728 tinum
654 2674 841 2728 lentari
865 2674 1033 2743 possit
1063 2673 1321 2728 instituat.

934 2766 1264 2821 EPISTOLA
1304 2767 1538 2822 LXXIX.

461 2873 648 2911 uirus
684 2874 985 2912 VIENNENSIS
1030 2873 1301 2913 EPISCOPUS
1329 2859 1352 2896 δ
1386 2874 1727 2913 Αριιοιιικλῐιι
1770 2877 2036 2917 ευιεοορο.

516 2950 760 3007 innexus
785 2952 982 3016 pariter
1002 2966 1061 3003 ac
1084 2960 1330 3017 gravatus
1352 2960 1543 3004 vestrae
1558 2951 1864 3020 dignatione
1891 2953 2038 3006 solli-

451 3036 722 3107 citudinis,
740 3037 1096 3106 tnagniludine
1117 3040 1373 3107 Itlttnt'tis,
1389 3040 1779 3099 masne-tudine
1799 3042 2029 3115 pietatis,

450 3150 559 3205 qua
601 3136 758 3205 (ligna
802 3136 886 3191 vel
916 3136 1204 3204 gratiarum
1236 3136 1465 3200 actione,
1516 3151 1618 3189 non
1671 3138 1843 3191 dicam
1881 3140 2037 3191 niueo

447 3230 561 3296 quii
597 3228 901 3294 sedulitate,
929 3228 1315 3293 respondeam?
1358 3228 1463 3279 Nisi
1497 3226 1633 3282 forte
1674 3230 2038 3293 multipliciter

448 3318 712 3372 invalidus
782 3317 968 3372 eadem
1031 3320 1079 3370 in
1146 3318 1245 3370 hoc
1296 3328 1563 3372 sustentcr
1616 3322 1783 3388 gratia
1836 3334 2034 3387 vestra,

446 3425 567 3478 quae
624 3424 719 3463 nos
775 3418 984 3463 onerat.
1037 3408 1304 3462 Concedat
1355 3424 1452 3462 vos
1506 3414 1715 3463 ornatui
1771 3414 1943 3468 ecelcs
1970 3433 2033 3481 τιο,

445 3499 799 3553 consolationi
860 3508 912 3553 et
947 3499 1218 3553 relemioni
1258 3509 1449 3552 nostrae
1480 3502 1818 3569 omnipotens
1876 3506 2033 3571 Deus,

446 3602 508 3644 ut
550 3591 673 3658 quia
728 3604 915 3644 revera
950 3604 1055 3645 non
1107 3590 1278 3643 solum
1325 3590 1476 3643 vobis
1536 3592 1730 3654 vivitis,
1783 3610 1878 3662 per
1903 3600 2029 3647 alm-

443 3775 502 3819 nt
548 3782 656 3819 mos
684 3775 776 3827 est,
808 3765 1128 3833 imperatoris
1158 3766 1369 3836 efﬁgiem
1395 3765 1517 3836 huic
1543 3769 1744 3831 stateri,
1770 3771 1859 3821 sed
1884 3785 2029 3825 suam

442 3837 676 3904 ipsorum
707 3838 974 3905 imaginem
1000 3834 1358 3903 intprimchtes.
1386 3834 1450 3886 Et
1477 3853 1592 3890 vero
1623 3853 1885 3891 nummum
1939 3859 2028 3893 ar-

442 3903 680 3979 genteum
707 3903 819 3959 κατ’
843 3903 1123 3958 Persarum
1158 3922 1249 3971 pro
1272 3906 1483 3979 arbitrio
1513 3906 1696 3959 cudere
1723 3910 1849 3979 solet
1876 3927 1896 3965 :
1925 3913 2029 3979 επὶ-

442 3977 577 4045 giem
606 3991 754 4042 porro
784 3991 1100 4049 sitamgaurco
1122 3977 1296 4027 stateri
1318 3992 1595 4049 apponere,
1626 3993 1788 4049 neque
1814 3978 1911 4047 ipsi
1938 3977 2017 4049 fas

442 4054 539 4110 est,
565 4060 721 4117 neque
746 4045 837 4117 alii
866 4047 1100 4117 cuiquam
1143 4061 1315 4117 regum
1348 4046 1702 4117 barbarorum.
1750 4045 1843 4100 Est
1886 4045 2025 4117 apud

448 4130 549 4169 nos
579 4114 931 4168 Theodeberti
978 4114 1114 4182 regis
1164 4114 1231 4169 de
1276 4130 1380 4183 quo
1430 4115 1741 4183 Proc0pitts,
1778 4114 2027 4175 nummus

441 4200 657 4249 aureus,
688 4185 825 4237 mole
854 4186 1064 4251 quidem
1096 4187 1339 4249 exiguus,
1370 4186 1460 4239 sed
1490 4188 1665 4252 proba:
1716 4196 1878 4253 notre,
1900 4205 2023 4245 cum

445 4255 616 4325 ipsius
638 4253 810 4324 elligic
841 4270 899 4325 ac
925 4258 1156 4319 nomine,
1184 4255 1240 4307 ῐ).
1276 4254 1336 4325 Ν.
1368 4255 1797 4309 Τιιεουευειιτυε
1820 4258 1879 4311 C.

514 4334 541 4359 ιι
567 4323 720 4390 Quod
744 4323 795 4377 in
818 4323 986 4394 sigillo
1009 4340 1106 4375 suo
1134 4325 1245 4377 lteri
1266 4324 1417 4392 jubet
1441 4327 1645 4387 Avitus,
1673 4326 1772 4379 hoc
1798 4328 1935 4383 idem
1969 4329 2021 4385 in

442 4393 679 4448 denariis
710 4395 819 4447 suis
851 4393 1058 4461 pra-cep
1080 4404 1175 4446 -rat
1204 4394 1428 4461 Caroles
1476 4394 1667 4449 Calvus
1698 4412 1791 4449 rex
1834 4400 1883 4451 in
1913 4402 2025 4454 edi-

440 4476 528 4517 Cto
559 4464 779 4518 Pistensi
824 4466 949 4517 anni
984 4465 1108 4525 864.
1146 4480 1265 4532 cap.
1302 4464 1520 4519 Ηνυι
1552 4468 1601 4518 in
1632 4469 1855 4519 denariis
1882 4486 2025 4525 nova:

444 4544 633 4587 nostra:
654 4545 867 4586 moneta:
896 4551 957 4587 cx
985 4551 1088 4586 una
1112 4546 1253 4602 parte
1283 4551 1461 4588 nomen
1514 4544 1743 4588 nostrum
1772 4536 2021 4594 habratur

442 4604 495 4655 in
526 4620 673 4672 gyro,
698 4615 741 4655 et
772 4605 823 4656 in
843 4606 1006 4656 medio
1021 4604 1181 4656 nostri
1204 4606 1420 4658 nominis
1440 4622 1840 4673 monogramma,
1862 4625 2017 4662 neni-

444 4688 509 4738 με
540 4687 593 4725 ιιι
636 4674 904 4741 implicita:
953 4685 1002 4727 ct
1036 4673 1271 4727 confusa:
1323 4680 1793 4744 monogramtnatis
1827 4679 2021 4735 littera:

444 4743 659 4817 ascripti
695 4759 786 4809 per
809 4759 1021 4817 gyrum
1058 4743 1509 4817 nominisindicio
1556 4746 1878 4814 legerentur,
1914 4764 2020 4817 quo

447 4813 682 4885 nodoin
711 4814 941 4881 antiquis
978 4829 1158 4881 ri-gutu
1196 4814 1500 4881 diplotnatls
1530 4813 1648 4869 cum
1682 4813 2020 4885 monogram-

446 4892 585 4953 mate
617 4884 785 4949 ianlll
809 4898 1017 4951 quoque
1045 4885 1179 4951 regis
1208 4900 1402 4939 nomen
1425 4886 1692 4953 adjectum
1711 4884 1890 4941 videre
1911 4900 2016 4944 est.

441 4950 702 5005 Ciclcruni
731 4954 869 5021 regis
890 4950 1063 5007 edicto
1095 4950 1145 5005 iit
1175 4954 1405 5009 denariis
1434 4950 1734 5020 monetarii,
1754 4958 1892 5025 quod
1920 4961 2017 5013 mi.

443 5036 557 5095 rum
584 5031 687 5095 est,
717 5038 829 5095 non
855 5033 1158 5088 paruerunt.
1188 5027 1339 5077 Ulivii
1370 5027 1512 5079 enim
1542 5036 1685 5090 sunt,
1706 5038 1813 5079 tum
1848 5030 2015 5095 ipsius

440 5090 636 5153 Caroli,
673 5102 781 5145 tum
816 5094 905 5145 lllii
930 5095 1044 5161 ejus
1078 5095 1326 5148 Ludovici
1358 5096 1583 5157 denarii,
1612 5097 1660 5149 in
1694 5090 1884 5161 quibus
1917 5116 2008 5166 per

437 5177 622 5228 gyrum
654 5176 1125 5237 monogrammatis
1152 5180 1253 5217 non
1287 5181 1500 5237 nomen,
1531 5168 1621 5219 scil
1656 5170 1796 5234 regia
1826 5169 2004 5237 digni-

442 5241 520 5282 tas
554 5246 804 5299 expressa
846 5251 857 5283 :
892 5235 945 5285 iit
976 5232 1184 5296 Carolo,
1223 5252 1414 5289 cauta
1450 5236 1541 5289 Dat
1574 5252 1673 5289 nux
1709 5232 1806 5289 {ut
1836 5232 2007 5292 Ludo-

438 5301 572 5363 vico,
606 5317 969 5356 IISERICORDIA
1004 5303 1097 5355 DEI
1134 5320 1254 5357 nat.

508 5369 533 5407 δ
568 5372 770 5435 Eidem,
804 5384 999 5441 gratias
1042 5389 1203 5440 agens
1230 5376 1295 5429 ile
1322 5376 1629 5429 muneribus
1660 5392 1779 5442 qua:
1806 5379 1869 5431 ad
1921 5395 2006 5431 or-

437 5449 615 5513 natum
646 5443 959 5497 Viennensis
976 5444 1219 5497 ecclesia:
1248 5445 1487 5511 miserat,
1524 5462 1643 5499 cunt
1668 5447 1784 5513 ejus
1816 5450 2010 5502 festivi-

436 5512 731 5565 tatiadcsse
760 5513 870 5578 ipse
902 5529 1003 5565 non
1038 5525 1233 5575 posset.

507 5593 527 5619 ε
556 5584 609 5634 lu
638 5581 882 5635 coiil‘esso
910 5594 989 5635 est
1023 5584 1368 5648 Quintianum
1400 5586 1498 5638 hoc
1548 5595 1785 5647 tempore
1820 5593 2014 5641 Art-cr-

436 5655 940 5725 norumcpiscopum
972 5656 1155 5707 luisse.
1180 5656 1353 5719 Quare
1372 5656 1499 5709 lalsa
1534 5654 1742 5708 videtur
1772 5660 2013 5725 epistola:

436 5723 728 5787 inscriptio.
761 5723 891 5775 Cum
935 5726 1073 5776 enim
1105 5726 1169 5775 ad
1218 5726 1503 5791 provincia)
1552 5723 1868 5782 Viennensis
1899 5731 2010 5793 epi-

434 5808 620 5864 scopos
668 5796 860 5861 scripta
920 5795 1004 5857 sit,
1065 5805 1120 5847 ut
1150 5796 1213 5849 ad
1242 5797 1523 5851 concilium
1558 5798 1871 5867 Epamiense
1918 5813 2007 5852 \e-

2222 1943 2317 1995 Diu
2349 1952 2429 1997 est
2473 1940 2613 2011 quod
2646 1956 2759 1997 rem
2786 1940 2939 1994 valde
2968 1941 3350 2008 necessariam,
3382 1950 3437 1995 et
3484 1956 3592 1996 non
3620 1944 3738 1998 sine

2148 2033 2327 2087 divina
2382 2033 2730 2100 inspiratione
2759 2049 2787 2084 a
2826 2032 3074 2086 Patrihus
3126 2032 3443 2097 institutam,
3475 2044 3566 2087 aut
3595 2034 3735 2089 obli-

2147 2126 2303 2178 vinne
2326 2133 2417 2177 aut
2437 2124 2787 2191 occupatione
2813 2124 3133 2179 deserimus.
3158 2124 3264 2179 Sed
3288 2126 3583 2194 rumpenda
3612 2136 3736 2182 sunt

2101 2225 2104 2228 ’
2147 2217 2416 2271 interdum
2441 2216 2651 2269 vincula
2682 2218 3084 2275 neces<itatum,
3114 2225 3172 2270 ut
3200 2215 3491 2285 aliquando
3522 2218 3734 2285 impleri

2146 2309 2350 2376 possint
2379 2321 2410 2360 a
2438 2314 2787 2375 praeceptore.
2817 2304 2843 2341 ά
2876 2304 3186 2359 Conventus
3213 2320 3341 2375 ergo
3372 2322 3507 2375 quos
3539 2309 3619 2361 bis
3640 2323 3737 2377 per

2145 2413 2343 2451 annum
2369 2412 2395 2449 a
2425 2396 2795 2450 sacerdotibus
2818 2395 2929 2449 ﬁeri
2948 2396 3219 2448 seniorum
3247 2410 3372 2448 cura
3404 2396 3735 2462 decreverat,

2145 2490 2187 2543 si
2224 2490 2360 2542 bene
2392 2488 2746 2556 perpenditis,
2779 2486 2985 2539 utinam
3018 2488 3099 2539 vel
3130 2486 3339 2555 singula
3371 2496 3491 2554 post
3523 2487 3734 2542 biennia

2146 2578 2467 2631 iaceremus.
2528 2578 2658 2629 Nam
2706 2588 2759 2630 et
2812 2576 3137 2631 venerabilis
3196 2592 3346 2645 papae
3369 2576 3551 2644 Urbis,
3581 2580 3737 2632 nobis

2143 2673 2281 2726 hanc
2314 2671 2692 2738 negligentiam
2728 2672 3117 2733 succensentis,
3142 2669 3409 2723 mordacia
3440 2671 3569 2723 mihi
3599 2687 3735 2724 non-

2145 2780 2413 2833 nunquam
2446 2764 2641 2827 scripla
2671 2762 2874 2828 perlata
2898 2772 3043 2815 sunt.
3064 2761 3216 2816 Unde
3230 2763 3493 2830 supplicat
3518 2778 3613 2832 per
3628 2780 3734 2827 me,

2142 2861 2185 2915 si
2214 2856 2525 2927 dignamini,
2558 2854 2787 2909 ecclesia
2836 2854 3179 2918 Viennensis,
3213 2854 3384 2922 poscit
3415 2856 3736 2909 intermissm

2143 2949 2547 3007 consuetudinis
2577 2947 2811 3001 rediviva
2856 2946 3320 3013 salubritas,quod
3356 2949 3613 3000 hactenus
3656 2947 3737 3001 in-

2145 3046 2533 3119 frequentatum
2576 3038 2792 3112 torpuit,
2823 3038 3065 3097 excitari.
3092 3036 3301 3096 .lustuiu
3334 3046 3437 3109 est,
3466 3048 3727 3111 quantum

2146 3158 2287 3208 reor,
2318 3150 2375 3194 ut
2397 3136 2703 3194 constitutis
2731 3134 2997 3203 prioribus
3027 3134 3126 3187 sub
3151 3134 3449 3187 communis
3480 3149 3720 3201 prtesen-

2145 3237 2232 3288 tia:
2257 3232 2653 3302 opportunitate
2685 3229 2944 3291 tractatis,
2991 3227 3191 3281 nostris
3231 3226 3390 3279 simul
3441 3226 3727 3295 nobisque,

2146 3334 2308 3395 prout
2358 3322 2491 3375 ordo
2542 3318 2919 3374 collocutionis
2973 3317 3253 3382 invenerit,
3288 3317 3368 3369 vel
3402 3316 3737 3373 insinuemns

2147 3426 2350 3476 vetera,
2401 3412 2505 3475 vel,
2537 3410 2579 3462 si
2616 3422 2836 3461 necesse
2866 3416 2969 3473 est,
3024 3406 3181 3460 etiam
3215 3416 3396 3459 nostra
3424 3408 3732 3475 jungamus.

2147 3506 2353 3559 ldeireo
2394 3509 2617 3555 cunctos
2661 3497 2819 3552 simul
2872 3497 3162 3564 poscimus,
3198 3496 3411 3561 fratres,
3442 3506 3499 3550 ut
3524 3497 3633 3551 Deo
3658 3496 3733 3553 fa-

2144 3609 2301 3653 vente
2330 3604 2517 3648 octavo
2543 3591 2722 3643 iduum
2754 3586 3148 3656 Septembrium
3180 3597 3201 3623 ε
3232 3588 3283 3640 in
3316 3588 3565 3654 parocliia
3588 3586 3733 3657 Epo-

2139 3771 2309 3833 niant,
2333 3768 2453 3837 quis
2480 3766 2627 3837 lorus
2652 3764 2790 3817 foret
2812 3762 3071 3837 episcopo
3093 3761 3477 3837 Arvernorum,
3502 3764 3602 3837 qui
3624 3780 3727 3816 nam

2142 3832 2303 3895 modo
2332 3832 2481 3891 extra
2524 3834 2881 3888 Viennensem
2925 3832 3251 3899 provinciam
3281 3843 3455 3895 erant,
3506 3833 3603 3887 sed
3636 3850 3729 3887 cx-

2139 3920 2220 3965 tra
2264 3908 2521 3963 ditionem
2564 3918 2777 3973 quoque
2829 3900 3305 3973 Burgundionum?
3345 3900 3475 3973 Nam
3510 3904 3735 3973 utAgag-

2138 3983 2332 4036 thense
2354 3968 2641 4031 concilium
2681 3968 2867 4027 eorum
2901 3968 3103 4025 tantum
3141 3968 3238 4023 fuit
3273 3970 3362 4038 qui
3397 3968 3726 4038 Wisigotha-

2137 4067 2253 4105 rum
2303 4047 2531 4115 imperio
2564 4044 2843 4115 parebant,
2872 4051 2929 4115 et
2957 4040 3345 4094 Aurelianense
3370 4043 3600 4108 primum
3622 4058 3719 4096 eo-

2134 4136 2253 4175 rum
2300 4111 2576 4171 duntaxat
2609 4114 2697 4182 qui
2729 4113 2827 4165 sub
2872 4111 3200 4182 Francorum
3233 4120 3385 4164 erant
3418 4121 3676 4177 potestate
3710 4132 3735 4169 :.

2132 4192 2209 4244 sic
2266 4190 2332 4241 ad
2385 4180 2699 4254 Epaonense
2732 4183 2763 4235 ii
2794 4180 3160 4254 tantummodo
3213 4190 3601 4254 convenerunt,
3633 4186 3722 4250 qui

2133 4250 2573 4330 Burgundionum
2622 4253 2821 4330 ﬁnibus
2844 4250 3280 4330 continebantur.
3332 4251 3465 4304 lliuc
3504 4263 3723 4330 apparet

2131 4320 2322 4385 dcegse
2356 4328 2457 4381 hoc
2487 4329 2603 4379 loco
2630 4322 2911 4391 epistolam
2942 4321 3007 4373 ad
3036 4320 3401 4391 Quintianum,
3434 4321 3585 4388 cujus
3606 4324 3732 4377 sola

2130 4411 2300 4454 restat
2352 4397 2631 4463 inscriptio
2656 4390 2678 4445 εί
2706 4393 2863 4459 hujus
2911 4405 3058 4455 vero,
3110 4403 3267 4459 quam
3326 4390 3390 4443 ad
3421 4394 3725 4463 episcopos

2129 4470 2421 4540 provincia:
2441 4460 2693 4540 scriptam
2709 4464 2961 4540 diximus,
2979 4463 3381 4540 inscriptionem
3402 4460 3717 4540 desiderari.

2198 4539 2226 4577 ά
2262 4542 2369 4594 lloc
2422 4530 2738 4592 decreterat
2784 4535 3021 4602 synodus
3053 4530 3281 4585 Nicaeus.
3309 4545 3430 4583 can.
3461 4547 3490 4583 v
3514 4547 3527 4602 ξ
3553 4533 3718 4596 Καλῶς

2126 4610 2315 4676 ἔδοξεν,
2342 4610 2561 4663 ἑκάστου
2593 4600 2827 4659 ἑνιαντοῦν
2847 4603 3184 4676 κρςθ“ἐκάᾳτην
3217 4602 3475 4676 ἐπᾳρχίαν
3505 4600 3581 4660 δὶς
3630 4611 3718 4676 τοῦ

2127 4672 2281 4741 ἕτοὺς
2304 4672 2554 4737 ὲνυνὸδονς
2584 4676 2830 4748 γίνεσθαι.
2866 4672 3020 4724 Recte
3051 4673 3235 4748 habere
3251 4688 3275 4748 ,ι
3292 4672 3419 4748 istm;
3440 4682 3519 4748 est
3542 4672 3723 4725 utsin-

2124 4739 2461 4820 gulisianuis,
2492 4739 3009 4815 pcr'nnnmquumque
3038 4739 3368 4820 prouinciam,
3402 4740 3474 4791 bis
3506 4742 3554 4793 in
3585 4759 3721 4795 anno

2126 4810 2345 4873 concilia
2392 4810 2535 4885 ﬁant.
2565 4818 2681 4881 Quo
2711 4810 2961 4885 Spectatus
2991 4810 3278 4863 concilium
3312 4810 3557 4885 liegense
3595 4826 3717 4885 can.

2124 4891 2181 4943 8:
2204 4881 2400 4944 Statuit
2424 4899 2475 4939 ut
2495 4886 2772 4939 secundum
2790 4884 3043 4947 antiquam
3060 4882 3494 4939 consuetudaiem,
3513 4881 3557 4933 si
3579 4883 3721 4949 quies

2126 4970 2413 5029 temporum
2444 4958 2560 5017 erit,
2595 4955 2749 5029 (iisin
2777 4961 3215 5029 a‘mtomconventm
3250 4950 3521 5029 agant..Et
3544 4951 3719 5029 ἈΙ-ειυς

2127 5020 2369 5084 sicarium
2405 5044 2441 5090 t,
2476 5042 2598 5081 can.
2629 5025 2698 5078 ἓξ)
2732 5040 2744 5075 :
2779 5021 2878 5087 Qui
2907 5020 3126 5073 Patrum
3174 5029 3366 5072 statuta
3411 5021 3713 5088 despiciunt,

2045 5070 2091 5126 υ
2118 5070 2399 5167 ἇυῖῐίίέὶφίε
2428 5070 2481 5150 in
2512 5112 2669 5160 anno,
2706 5070 2838 5161 quo‘d
2870 5091 3011 5144 nobis
3043 5107 3134 5155 pro
3159 5100 3444 5167 temporum
3475 5070 3722 5167 qrualitate

2118 5160 2321 5238 difﬁcile
2378 5178 2474 5231 est,
2524 5160 2757 5238 sanctum
2808 5172 2882 5238 est
2941 5163 3197 5213 concurri.
3242 5161 3319 5238 ΩΙ)
3363 5160 3501 5238 hanc
3528 5162 3719 5238 opinor

2118 5230 2507 5299 diiieultatem,
2536 5236 2737 5303 placuit
2790 5233 3045 5296 deinceps
3093 5231 3327 5303 synodos
3369 5230 3593 5303 singulis
3625 5247 3719 5303 anf

2122 5311 2204 5362 nis
2228 5309 2489 5364 celebrari
2524 5301 2548 5357 ε’
2573 5305 2711 5373 quod
2743 5303 2880 5368 apud
2917 5303 3083 5353 nosin
3115 5301 3379 5352 conciliat
3414 5301 3715 5369 Agathcnsi

2121 5389 2402 5443 statutum,
2430 5380 2478 5429 in
2510 5372 2625 5428 aliis
2651 5382 2830 5441 postea
2855 5372 3043 5443 multis
3062 5380 3341 5443 repetitum
3364 5379 3464 5422 est.

2196 5460 2217 5485 ο
2255 5451 2358 5502 l’ro
2390 5439 2733 5515 'Epaoneusi.
2768 5445 2913 5515 lipao
2962 5442 3103 5515 enim
3138 5440 3467 5515 plerumque
3494 5439 3710 5502 dicitur,

2125 5534 2244 5585 quzc
2280 5520 2411 5571 alias
2444 5509 2679 5583 Epauna.
2710 5514 2789 5585 De
2820 5514 2919 5564 hoc
2950 5512 3094 5585 enim
3126 5509 3356 5585 concilio
3387 5509 3469 5579 agi
3507 5518 3715 5585 certum

2126 5579 2239 5649 est;
2269 5590 2361 5642 SCli
2397 5579 2659 5640 incertum
2708 5584 2963 5636 hactenus
3008 5581 3128 5646 quis
3162 5582 3330 5642 let-us,
3364 5589 3418 5633 et
3465 5579 3606 5645 quod
3640 5580 3717 5633 illi

2128 5648 2290 5712 hodie
2314 5659 2379 5712 sit
2413 5672 2605 5711 nomen
2643 5671 2653 5705 :
2689 5655 2756 5706 de
2783 5668 2885 5718 quo
2910 5652 3058 5703 niulti
3089 5651 3230 5702 varia
3255 5649 3563 5718 conjiciunt.
3613 5648 3716 5712 Qui

2125 5731 2299 5781 sancti
2358 5726 2577 5781 Firmati
2630 5717 2809 5776 vitam
2844 5720 3184 5786 conscripsit,
3233 5729 3421 5772 auctor
3442 5729 3521 5771 est
3542 5717 3720 5781 illum.

2128 5798 2436 5854 Turonibus
2487 5797 2707 5861 relictis,
2746 5793 3053 5862 pervenisse
3090 5790 3151 5845 ad
3186 5791 3358 5845 locum
3390 5790 3475 5843 cui
3517 5802 3713 5844 nomen
