4154 6400
647 354 753 410 285

1910 339 1967 394 ὃ.
2010 335 2191 392 Ανιτι
2235 335 2633 390 VIENNENSIS

3786 333 3889 389 εδδ

656 464 806 520 nensi
850 460 1040 517 adesse
1085 455 1374 528 dignemini
1406 470 1420 508 :
1445 452 1535 524 qui
1563 451 1734 517 locus,
1761 450 1998 505 omnium
2027 447 2216 516 fatiga-
2243 453 2291 507 Δ
2320 463 2533 516 precor,
2565 459 2620 503 ut
2649 461 2948 517 quanquam
2978 449 3170 506 merito
3193 447 3260 502 de
3283 447 3492 502 indicta:
3518 447 3639 501 lidci
3673 447 3894 503 firmita-

651 559 794 613 tione
821 568 1113 626 perpensa,
1153 547 1436 606 conventui
1471 540 1604 601 satis
1652 551 1984 613 opportunus
2011 539 2214 595 electus

649 658 767 714 est;
799 649 936 701 sicut
959 652 1016 700 et
1041 652 1265 710 tempus.
1297 644 1351 693 in
1373 645 1630 707 quantum
1656 643 1849 705 potest,
1874 633 1943 688 ab
1968 629 2215 686 instantia

655 739 850 796 ruralia
897 733 1069 804 operis
1111 745 1362 794 vacuum,
1404 728 1711 784 liberiorem
1736 721 1940 780 cunctis
1962 720 2218 791 permittit

655 840 938 885 excursum
973 842 987 876 :
1018 836 1323 894 quanquam
1363 818 1605 874 ecclesia
1646 816 1820 886 potior
1853 825 2016 867 causa
2051 811 2218 865 inter-

654 915 787 973 mitti
819 913 1077 985 quaslibet
1101 920 1365 967 terrarum
1393 915 1638 979 posceret
1655 905 1914 960 actiones.
1944 900 2222 971 Supplica-

653 1024 771 1064 mus
794 1020 928 1076 ergo
962 1013 1018 1060 et
1062 1015 1392 1074 quaesumus,
1432 1008 1711 1059 testamur,
1757 995 2106 1055 obtestamur.
2151 1003 2220 1045 ne

654 1113 812 1166 quem
843 1112 872 1149 a
897 1093 1248 1165 dispositione
1281 1101 1388 1146 tam
1415 1098 1600 1144 saneta
1631 1087 1764 1141 obex
1795 1083 1958 1139 ullius
1999 1094 2219 1138 excusa-

655 1185 818 1240 tionis
845 1185 1096 1249 abducat,
1119 1198 1188 1238 ne
1206 1196 1362 1250 quem
1383 1195 1414 1233 a
1439 1177 1531 1232 tali
1551 1175 1791 1230 caritatis
1817 1172 2032 1229 vinculo
2056 1182 2222 1226 nexus

660 1285 1022 1340 temporanete
1047 1269 1377 1326 necessitatis
1405 1264 1678 1334 impediat.
1699 1263 1806 1319 Sed
1827 1263 1869 1318 si
1898 1262 2059 1326 forte,
2079 1256 2222 1328 quod

666 1364 806 1419 Deus
832 1361 1066 1416 avertat!
1092 1368 1233 1412 tanta
1273 1356 1568 1423 cuicunque
1597 1363 1624 1391 ι
1665 1352 1927 1407 acerbitas
1953 1361 2225 1419 corporea:

663 1452 988 1508 infirmitatis
1040 1448 1318 1518 ingruerit,
1380 1455 1438 1499 ut
1476 1444 1716 1514 spiritale
1753 1440 2077 1497 desiderium
2107 1452 2224 1492 car-

661 1541 766 1594 nali
793 1540 1032 1593 vincatur
1061 1533 1429 1600 incommodo;
1462 1533 1490 1572 ιι
1515 1533 1649 1588 duos
1671 1531 2005 1600 presbyteros
2024 1542 2226 1597 magum

658 1643 722 1684 ac
782 1627 1072 1699 probabilis
1103 1627 1251 1696 vitae,
1288 1622 1521 1679 mandati
1576 1619 1930 1676 instruetione
1968 1619 2227 1680 ﬁrmatos.

668 1716 919 1773 fratribus
940 1731 1036 1787 pro
1063 1720 1486 1784 se‘prtesentare
1522 1715 1793 1781 procuret.
1825 1706 1934 1764 Sed
1974 1707 2109 1761 tales
2149 1704 2230 1760 di-

2319 548 2371 593 te
2393 541 2598 594 sccuris
2628 538 2806 604 nobis,
2834 539 3002 607 magis
3039 539 3280 607 impenso
3309 538 3532 592 cautela:
3561 547 3751 592 lestrm
3779 552 3896 591 nlu-

2319 645 2450 688 nere
2483 631 2820 701 trepidationi
2865 641 3061 686 nosam
3095 640 3154 687 et
3186 629 3408 703 ignavia:
3427 630 3722 686 consulatis
3752 647 3769 686 :
3800 647 3895 686 nc-

2318 739 2422 792 que
2451 724 2570 792 plus
2599 723 2846 793 cogitetis
2868 721 3008 790 quod
3033 723 3354 777 universitas
3383 736 3478 790 pro
3519 721 3670 775 vobis
3703 719 3896 775 devota

2319 814 2605 884 supplicat,
2636 827 2796 881 quam
2842 812 2984 881 quod
3014 825 3274 881 suspensa
3304 810 3569 880 formidat.
3629 810 3735 866 Sed
3769 809 3899 865 licet

2321 905 2495 974 pavidi
2523 919 2588 960 ex
2615 903 2943 959 conscientia
2971 910 3305 972 peccatores,
3333 902 3676 958 incunctaliili
3718 910 3898 956 tamen

2324 996 2427 1052 ﬁde
2482 996 2880 1066 prrsumimus,
2932 994 3075 1062 quod
3121 995 3281 1049 etiam
3310 992 3356 1048 si
3378 992 3550 1059 vobis,
3584 1002 3900 1062 protegente

2320 1086 2557 1150 Christo,
2592 1085 2679 1139 hic
2707 1093 2884 1140 metus
2907 1093 3091 1140 noster
3109 1085 3272 1138 risum
3302 1084 3551 1149 moverit,
3579 1082 3664 1137 vel
3685 1083 3900 1138 divinas

2322 1190 2482 1230 aures
2517 1174 2580 1228 ad
2611 1174 2912 1229 donandam
2952 1174 3106 1229 nobis
3145 1173 3411 1229 felicitatis
3435 1184 3631 1229 vestra:
3659 1173 3898 1230 laetitiam

2323 1264 2675 1335 permovebit.

2802 1352 3135 1411 EPISTOLA
3163 1353 3419 1420 LXXXII.

2424 1461 2612 1501 Ανιτιιε
2633 1459 2937 1501 γιεκιηειιειε
2963 1459 3237 1499 εριεοονυε
3276 1456 3454 1498 DOIHO
3481 1455 3810 1498 οιοιειυηυο.

2397 1535 2621 1591 Videtur
2662 1535 2876 1605 quidem
2921 1533 2987 1590 de
3019 1534 3196 1589 divina
3247 1533 3603 1603 promissione
3633 1532 3900 1599 difﬁdere,

2331 1625 2632 1694 quicunque
2672 1624 2848 1680 minus
2876 1624 2944 1680 de
2965 1635 3141 1680 vestra
3171 1622 3523 1694 prosperitate
3547 1635 3770 1678 securus
3797 1630 3900 1676 est.

2331 1713 2436 1769 Sed
2458 1715 2502 1768 si
2533 1714 2768 1768 animum
2812 1727 2988 1767 meum
3013 1712 3183 1768 solida
3224 1712 3531 1783 dignatione
3551 1711 3900 1780 perpenditis,

680 1807 1095 1877 guetureligere,
1127 1817 1261 1874 quos
1278 1801 1646 1873 episcopon
1673 1799 1900 1854 concilio
1921 1810 2027 1852 non
2054 1796 2230 1851 minus
2266 1792 2309 1852 Β
2339 1805 2544 1862 facilem
2574 1803 2868 1874 intelligitis
2898 1804 3109 1858 veniam
3160 1802 3386 1872 ignavia:
3421 1815 3558 1856 mea:
3602 1814 3700 1871 pro
3740 1800 3904 1854 nimia

673 1899 894 1953 scientia
937 1911 1093 1966 quam
1127 1895 1424 1952 reverentia
1455 1895 1579 1963 jure
1611 1891 1768 1947 faciat
1800 1890 2081 1954 interesse,
2111 1901 2229 1942 cum

666 1988 860 2057 quibus
892 1987 1120 2044 delectet
1147 1999 1383 2041 summos
1434 1983 1711 2054 pontiﬁces
1760 1981 2002 2035 conferre
2029 1991 2233 2034 sermo-

675 2094 820 2144 nem,
840 2093 974 2150 quos
1001 2077 1068 2134 ad
1098 2076 1432 2132 deﬁnitiones
1453 2088 1550 2145 pro
1574 2073 1829 2144 episcopo
1865 2086 1964 2128 suo
1991 2075 2234 2131 sancian-

665 2174 765 2224 das
807 2165 1342 2235 subscribendasque,
1371 2177 1490 2219 cum
1529 2162 1691 2217 fuerit
1725 2161 1944 2222 solertia
1967 2163 2112 2234 eligi,
2163 2166 2233 2219 sit

665 2257 949 2313 auctoritas
978 2257 1101 2327 legi.
1132 2256 1238 2312 Sed
1264 2253 1406 2310 istud
1436 2269 1540 2309 non
1563 2261 1880 2324 extorqueat
1899 2251 1998 2308 nisi
2026 2268 2231 2309 summa

668 2347 985 2403 necessitas.
1007 2345 1271 2402 Czcterum
1298 2344 1604 2399 dilectionis
1629 2343 1876 2398 fraterna:
1902 2357 1966 2398 ac
1991 2352 2235 2412 pastora-

668 2439 736 2494 lis
787 2437 1078 2508 diligentia:
1125 2435 1455 2508 magnitudo,
1484 2433 1586 2489 nisi
1619 2433 1817 2489 laboris
1844 2435 2234 2500 magnitudine,

669 2543 776 2584 non
823 2527 1098 2598 probatur.
1144 2524 1378 2595 Conjicit
1415 2526 1556 2580 enim
1609 2524 1862 2578 sanctitas
1890 2532 2088 2591 vestra,
2118 2531 2236 2592 post

669 2619 771 2672 huc
793 2617 1004 2687 longum
1027 2617 1300 2672 abusionis
1330 2625 1528 2671 nostra:
1555 2615 1850 2679 silentium,
1885 2614 2117 2683 qualiter
2145 2621 2238 2668 aut

669 2710 877 2766 deﬁniri
902 2709 1132 2765 debeant
1157 2722 1275 2777 quae
1319 2709 1428 2764 Deo
1455 2715 1740 2776 praestante
1770 2704 2045 2762 tractanda
2087 2711 2233 2767 sunt,

669 2809 759 2856 aut
777 2799 1128 2872 quaedeﬁnita
1155 2798 1370 2866 fuerint,
1402 2797 1634 2854 universi
1653 2797 1999 2854 ecclesiarum
2024 2796 2235 2868 provin-

672 2891 771 2948 cie
800 2901 998 2948 nostra
1017 2890 1244 2945 ministri
1263 2891 1494 2945 debeant
1521 2889 1740 2944 imitari.

1159 2980 1484 3037 EPISTOLA
1514 2979 1749 3036 LXXXI.

775 3084 969 3126 svrrus
988 3085 1290 3126 vtsansttsts
1313 3083 1586 3126 setscoms
1614 3084 1788 3125 nolito
1808 3073 2132 3126 sintsunt-tuo.

2335 1897 2691 1965 trepidatione
2734 1895 2940 1951 deberi.
2963 1894 3174 1964 Quippe
3218 1908 3339 1948 cum
3369 1892 3672 1962 quicunque
3702 1891 3908 1948 veraci-

2334 1998 2416 2043 ter
2469 1989 2855 2044 catholicorum
2902 2001 3095 2042 nomen
3153 1993 3431 2054 usurpant,
3477 1983 3716 2054 pervigili
3746 1998 3912 2053 prece

2336 2078 2445 2134 Deo
2469 2078 2771 2148 supplicare
2810 2091 2952 2132 nunc
2999 2075 3251 2138 debeant,
3281 2082 3340 2128 ut
3379 2071 3531 2128 vobis
3555 2082 3676 2126 vota
3724 2078 3909 2124 nostra

2335 2169 2535 2222 illibata
2588 2177 2748 2237 atque
2804 2167 3007 2235 integra
3055 2163 3321 2227 rclaturis,
3368 2171 3424 2218 et
3475 2159 3702 2238 ﬁdeliter
3736 2161 3912 2215 vicina

2332 2259 2644 2329 coniungat,
2675 2265 2732 2312 et
2758 2255 2986 2312 feliciter
3029 2254 3260 2310 adversa
3307 2252 3577 2322 subjiciat.
3616 2252 3814 2321 Sicque
3857 2253 3913 2305 in

2335 2365 2512 2406 rerum
2541 2349 2856 2405 necessitate
2885 2345 3162 2414 multiplici
3206 2343 3542 2400 ambifariam
3577 2342 3732 2398 vobis
3757 2341 3914 2396 Cbri-

2337 2449 2420 2497 sto
2450 2448 2819 2509 propugnante
2855 2439 3150 2507 contingat,
3181 2445 3234 2491 cl
3280 2451 3401 2505 pars
3428 2447 3547 2504 qum
3591 2433 3825 2503 cupitur,
3862 2444 3918 2488 et

2339 2533 2508 2586 victor
2529 2546 2560 2586 a
2591 2546 2709 2600 qua;
2744 2530 2990 2585 debetur.
3013 2529 3346 2597 Quapropter
3374 2525 3418 2580 si
3466 2523 3740 2580 memoriae
3783 2539 3918 2580 mea:

2337 2623 2562 2692 gratiam
2594 2622 2661 2677 de
2688 2621 2870 2676 animo
2893 2629 3073 2674 vestro
3101 2626 3377 2673 nutantem
3392 2615 3682 2672 anxietatis
3707 2625 3920 2684 tempus

2341 2711 2628 2777 imminuit,
2645 2709 2877 2765 famulus
2898 2707 3145 2778 specialis
3174 2706 3550 2764 salutationem
3577 2705 3790 2776 quidem
3821 2705 3920 2761 de-

2340 2802 2483 2858 ferre
2533 2815 2638 2856 non
2683 2813 2869 2866 ausus,
2915 2799 3010 2854 sed
3064 2798 3290 2853 salutem
3335 2804 3567 2852 vestram
3609 2810 3642 2851 a
3694 2795 3922 2852 Domino

2339 2891 2763 2963 prmstolaturus,
2801 2890 2933 2944 satis
2959 2901 3220 2957 suspenso
3247 2896 3557 2956 attentoqne
3591 2885 3770 2942 animo
3805 2901 3922 2941 sero

2341 2985 2528 3041 vitium
2550 2983 2830 3052 presentis
2848 2980 3055 3050 pagina:
3069 2978 3354 3043 destinavi,
3379 2979 3607 3047 primum
3623 2977 3693 3032 de
3716 2986 3921 3041 vestra,

2342 3085 2463 3147 post
2485 3074 2554 3129 de
2592 3071 2861 3129 exercitus
2901 3069 3130 3126 sanitate
3176 3062 3457 3124 sollicitus.
3491 3067 3664 3136 Unde,
3695 3068 3820 3124 licet
3869 3072 3926 3123 in

742 3159 867 3216 Scio
915 3159 1130 3229 quidem
1179 3165 1324 3216 curis
1373 3170 1533 3231 atque
1581 3159 2021 3230 occupationibus
2048 3160 2241 3230 quibus
2265 3135 2313 3200 θ
2345 3135 2437 3223 bei
2469 3166 2685 3220 nomine
2704 3176 2802 3232 per
2826 3174 3177 3232 quoscunque
3196 3168 3535 3214 transeuntes
3553 3173 3809 3228 prospera
3831 3174 3925 3213 co-

680 3249 781 3305 sub
799 3263 902 3320 ope
921 3248 1124 3305 cmlesti
1147 3263 1245 3320 pro
1282 3248 1454 3306 salute
1480 3248 1668 3319 patrias
1695 3249 1922 3305 ﬁdeliter
1940 3249 2236 3314 excubatis,

677 3342 978 3409 importune
1029 3339 1237 3410 suggeri
1289 3340 1562 3396 servitium
1593 3341 1913 3396 litterarum.
1963 3340 2072 3398 Sed
2117 3357 2237 3397 cum

680 3428 932 3498 praecelsa
961 3427 1174 3498 pietatis
1216 3437 1410 3485 vestrm
1428 3429 1667 3499 dignatio
1694 3431 1829 3485 adeo
1851 3431 2134 3500 peculiaris
2172 3433 2241 3485 fa-

680 3519 807 3573 muli
839 3534 942 3575 non
965 3519 1035 3575 sit
1062 3518 1242 3586 oblita,
1266 3529 1324 3574 ut
1350 3522 1401 3574 in
1449 3521 1565 3591 ipso
1596 3532 1857 3590 susceptae
1884 3521 2240 3590 expeditionis

680 3609 974 3679 procinctu,
1000 3609 1244 3666 sensibus
1265 3611 1398 3667 meis
1421 3610 1741 3666 desiderium
1758 3613 1839 3667 sui
1861 3625 2046 3668 sancto
2069 3613 2244 3682 dupli-

680 3709 831 3756 caret
877 3699 1140 3771 alloquio;
1181 3701 1301 3771 quis
1337 3715 1444 3757 non
1492 3701 1750 3774 intelligat
1799 3719 1955 3778 quam
1984 3706 2246 3774 patienter

680 3793 932 3861 ineptiam
959 3793 1269 3862 tolerabitis,
1292 3809 1446 3864 quam
1474 3795 1755 3851 clementia
1779 3797 2117 3866 provocatis?
2138 3799 2247 3856 Un-

680 3883 750 3938 de
778 3883 1002 3947 qualiter
1028 3885 1143 3938 sani
1168 3884 1502 3939 confortante
1529 3884 1642 3941 Deo
1680 3885 1816 3952 sitis,
1844 3888 2104 3947 sollicitus
2127 3905 2247 3945 esse

683 3987 970 4040 praesumo,
1022 3982 1112 4027 aut
1136 3973 1403 4041 quomodo
1430 3976 1621 4043 emptis
1665 3989 1789 4044 spes
1817 3979 1922 4031 voti
1950 3978 2248 4034 communis

685 4061 932 4118 arrideat.
965 4063 1096 4118 Illud
1142 4073 1319 4119 autem
1348 4080 1453 4119 non
1499 4067 1673 4121 solum
1697 4082 1846 4138 rogo,
1870 4069 1965 4124 sed
1987 4085 2083 4139 per
2103 4071 2243 4124 illam

681 4171 839 4225 quam
889 4173 920 4213 a
951 4156 1060 4215 Deo
1087 4159 1366 4229 accepistis
1415 4159 1652 4231 mihique
1695 4163 1981 4232 praestatis,
2019 4163 2244 4233 gratiam

684 4333 828 4386 Eona
871 4346 1028 4402 super
1056 4331 1388 4398 Rhodanum,
1427 4332 1606 4402 ibique
1633 4333 1960 4390 consedisse.
2002 4335 2151 4402 Quod
2195 4335 2239 4390 si

688 4403 889 4456 Eonam
916 4403 982 4455 ab
1009 4402 1186 4471 Epona
1214 4402 1491 4456 deflexisse
1523 4404 1823 4470 annuimus,
1857 4415 1914 4458 ut
1951 4405 2238 4460 absurdum

685 4481 832 4526 certe
859 4485 962 4524 non
989 4481 1092 4542 est,
1112 4472 1200 4541 qui
1223 4471 1280 4525 S.
1312 4471 1527 4542 Ffirmati
1556 4474 1854 4542 sepulcrum
1903 4487 2090 4530 nactus
2120 4476 2237 4529 fue-

688 4544 776 4607 rit,
799 4556 825 4591 a
848 4541 1058 4596 concilii
1090 4540 1311 4595 fortasse
1339 4540 1460 4595 loco
1488 4556 1593 4595 non
1614 4540 1898 4597 aberrabit.

756 4609 1210 4683 '_Exeusationem
1238 4611 1530 4683 quominus
1585 4614 1816 4677 episcopi
1866 4613 1932 4666 ad
1975 4615 2234 4683 synodum

687 4679 920 4744 veniant,
953 4689 1146 4748 praeter
1173 4678 1531 4734 inﬁrmitatem
1562 4684 1826 4748 corporis,
1858 4678 2088 4738 canones
2115 4685 2238 4740 Gal-

691 4749 770 4804 li:e
801 4750 996 4820 nullam
1024 4758 1334 4820 agnoscunt.
1380 4749 1563 4818 Itaque
1593 4750 1642 4803 in
1672 4749 1773 4803 boc
1801 4752 1914 4819 ipso
1947 4754 2244 4820 Epaonensi

689 4817 935 4878 concilio,
987 4833 1155 4872 can.t
1210 4817 1489 4873 decretum
1528 4829 1630 4881 est,
1689 4827 1745 4872 ut
1788 4817 1884 4872 nisi
1930 4817 2083 4875 causa
2117 4827 2252 4878 twdii

690 4887 926 4942 evidentis
953 4888 1214 4952 exstiterit,
1248 4888 1420 4940 nullus
1445 4899 1667 4942 excuset.
1701 4890 1762 4943 Et
1814 4891 1864 4942 in
1908 4891 2254 4945 Aurelianen-

687 4959 734 5012 si
764 4973 823 5021 ll,
847 4971 966 5010 can.
1003 4957 1053 5021 l,
1087 4955 1155 5010 Ut
1180 4958 1348 5010 nullus
1375 4959 1744 5025 episcoporum,
1787 4961 1887 5012 nisi
1929 4970 2066 5014 certa
2114 4965 2252 5016 tardii

689 5041 845 5081 causa
867 5027 1116 5092 detentus,
1147 5027 1213 5079 ad
1239 5029 1509 5081 concilium
1531 5030 1697 5082 venire
1723 5030 1919 5096 penitus
1963 5031 2070 5083 ulla
2101 5047 2253 5085 eccu-

690 5097 884 5150 satione
904 5098 1157 5150 detrectet.
1188 5096 1364 5163 Quare
1403 5097 1774 5153 excusationes
1809 5099 1941 5152 alias
1971 5101 2254 5157 excludere

693 5167 888 5228 solent,
912 5175 966 5220 ut
989 5167 1298 5220 divisionem
1323 5168 1673 5234 regitesortis,
1696 5170 1979 5222 concilium
2007 5172 2248 5224 Aurelia.

692 5249 855 5288 nense
883 5249 958 5295 ιιι,
981 5249 1100 5288 ean.
1131 5238 1151 5289 l
1181 5252 1193 5287 :
1219 5234 1358 5288 Hanc
1387 5239 1759 5291 excusationem
1782 5239 1876 5292 sibi
1903 5242 2128 5292 noverint
2150 5257 2255 5295 esse

689 5305 964 5370 sublatam,
987 5306 1030 5357 si
1057 5307 1329 5358 absentiam
1355 5323 1498 5358 suam
1519 5307 1762 5360 divisione
1787 5310 1932 5361 sortis
1953 5311 2255 5364 crediderint

689 5374 1395 5430 excusandamAliasomnes
1414 5377 1692 5430 concilium
1720 5376 2027 5432 Turonense
2051 5395 2106 5441 ll,
2134 5394 2255 5434 can.

692 5443 716 5496 l
755 5442 987 5497 :Prcter
1011 5444 1353 5512 inﬁrmitatem
1393 5445 1736 5512 certissimam,
1769 5449 1961 5502 nullius
1997 5451 2259 5503 occasione

692 5513 972 5588 ttelarninis,
1000 5529 1264 5588 nequeper
1290 5514 1697 5588 impedimentum
1723 5518 2058 5570 ordinationis
2081 5520 2250 5588 regite,

694 5597 845 5656 neque
877 5585 969 5636 sub
999 5585 1261 5656 occasione
1291 5584 1520 5656 utilitatis
1563 5593 1649 5637 aut
1675 5601 1843 5639 causa:
1883 5584 2253 5656 proprior,'de4

695 5649 800 5719 I'eat
827 5669 858 5702 η
881 5655 1091 5707 concilio
1113 5654 1362 5719 separari.

762 5717 788 5760 δ
815 5720 1012 5808 Quibus
1039 5724 1104 5780 ad
1150 5717 1432 5780 concilium
1483 5724 1662 5782 venire
1715 5724 2038 5784 inﬁrmitatis
2086 5740 2244 5783 causa

2343 3267 2685 3326 gnoscamns,
2724 3251 2946 3321 potestis
2996 3257 3198 3321 tamen,
3256 3247 3483 3320 piissimi
3543 3247 3749 3310 domni,
3794 3262 3926 3304 con-

2339 3347 2530 3417 jicere,
2579 3352 2834 3414 quantum
2876 3340 3006 3395 mibi
3049 3339 3257 3395 dulcius
3283 3339 3404 3405 erit,
3427 3339 3566 3393 sicut
3593 3353 3680 3394 me
3707 3339 3926 3409 quibus-

2345 3453 2555 3510 cuuque
2597 3434 2955 3492 referentibus
3002 3432 3170 3503 pascit
3215 3431 3300 3486 illa
3327 3431 3499 3486 sancti
3525 3431 3748 3485 aﬁ‘ectus
3773 3446 3927 3486 reco-

2347 3531 2534 3603 gnitio,
2566 3528 2645 3584 sic
2666 3541 2751 3582 me
2776 3524 3058 3593 rescriptio
3078 3521 3323 3585 laetiﬁcet,
3348 3520 3399 3576 in
3415 3535 3518 3592 qua
3543 3520 3611 3575 ad
3639 3521 3926 3589 quamdam

2353 3619 2652 3691 przesentia:
2678 3617 2850 3671 vicem
2881 3613 3045 3668 verba
3073 3623 3250 3667 vestra
3279 3626 3375 3682 pro
3405 3611 3782 3679 conspectibns
3812 3611 3927 3665 adi-

2353 3711 2506 3784 pisci,
2535 3719 2587 3765 et
2615 3705 3060 3777 subscriptionem
3090 3718 3188 3772 pro
3217 3718 3376 3756 manu
3433 3716 3641 3756 merear
3669 3701 3925 3757 osculari.

2809 3796 3138 3852 EPISTULA
3185 3792 3464 3849 LXXXIII.

2356 3909 2422 3947 ΑΒ
2445 3904 2599 3946 Ανιτο
2619 3903 2862 3944 ειηεοοιδο
2883 3901 3106 3942 οιοτΑτΑ
3126 3898 3221 3940 SUB
3257 3898 3453 3939 NOIINB
3475 3899 3634 3939 DOIIKI
3656 3897 3924 3939 81618111»-

2734 3991 2786 4032 ιιι
2816 3991 2983 4038 REGIS,
3018 3985 3043 4012 ο
3066 3989 3134 4027 ΔΙ)
3157 3987 3550 4027 ιιιηιιλτοιιει.

2426 4069 2620 4125 Notum
2675 4077 2758 4122 est
2799 4065 3068 4130 omnibus,
3124 4063 3495 4119 celsitudinem
3537 4074 3770 4120 vestram
3817 4082 3923 4118 nou

2358 4161 2741 4233 impedimenta
2771 4169 3093 4228 temporum,
3115 4155 3209 4211 sed
3242 4155 3602 4226 subiectorum
3637 4166 3760 4210 vota
3807 4174 3922 4212 me-

2346 4350 2452 4389 non
2489 4334 2699 4393 licebat.
2755 4332 2807 4385 lii
2847 4330 3050 4401 legatos
3079 4330 3194 4401 vice
3231 4343 3327 4401 sua
3386 4331 3688 4385 mittebant.
3733 4332 3928 4388 Conci-

2345 4407 2474 4460 lium
2501 4405 2814 4458 Arelatense
2851 4399 3062 4466 ιιξρηι.
3107 4399 3171 4452 18
3205 4418 3217 4451 :
3249 4399 3309 4453 Si
3333 4401 3446 4466 quis
3485 4403 3824 4455 commonitus
3848 4405 3930 4455 iu-

2345 4475 2608 4541 ﬁrmitatis
2635 4487 2790 4525 causa
2812 4470 3051 4541 delum,
3078 4485 3345 4541 p_rrsonam
3373 4470 3480 4523 eice
3505 4487 3600 4524 sua
3625 4473 3838 4541 dirigat.
3865 4472 3932 4528 Et

2351 4538 2834 4611 Carpentoratense
2857 4543 2906 4593 in
2936 4538 3157 4607 epistula
3184 4538 3250 4593 ad
3271 4541 3565 4607 Agrmcium
3589 4538 3927 4610 episcopum,

2347 4613 2484 4666 Licet
2507 4613 2573 4665 ad
2585 4612 2837 4680 synodum
2861 4617 2948 4680 aut
2965 4624 3051 4677 per
3078 4624 3185 4669 eos.
3203 4619 3289 4661 aut
3309 4614 3932 4680 peripersonanttvicariam

2356 4679 2632 4737 debueritis
2659 4680 2855 4734 adesse.
2889 4679 3198 4745 Quanquam
3227 4693 3356 4748 ergo
3378 4679 3512 4732 duos
3541 4683 3644 4734 hoc
3672 4681 3791 4734 loco
3818 4697 3934 4736 exv-

2275 4747 2325 4806 D
2353 4766 2461 4822 gat,
2492 4763 2547 4805 et
2596 4753 2728 4822 duos
2768 4764 2863 4822 pro
2895 4763 3002 4822 uno
3029 4747 3540 4822 episcopn’vicarios
3574 4750 3641 4822 _in
3695 4754 3929 4805 concilio

2361 4818 2662 4877 Arelatensi
2694 4835 2726 4873 v
2751 4818 3132 4888 subscripsisse
3171 4827 3501 4888 compertum
3542 4819 3644 4883 sit;
3693 4822 3936 4888 singulos

2363 4902 2540 4946 tamen
2571 4901 2654 4944 sat
2681 4890 2848 4944 fuisse
2868 4887 3143 4956 superiora
3170 4887 3553 4942 demonstrant.
3577 4888 3758 4956 Neque
3785 4887 3934 4957 prcs-

2361 4962 2576 5032 byteros
2601 4975 2784 5032 omnes
2811 4957 2946 5032 mitti
2975 4971 3194 5011 necesse
3223 4957 3475 5032 fuit,_cum
3496 4973 3560 5013 es
3583 4961 3935 5016 conciliorum

2361 5026 2844 5099 subscriptinuibus
2887 5026 3104 5099 liqueat,
3155 5041 3292 5099 nunc
3317 5027 3539 5099 abbates
3563 5041 3615 5083 et
3655 5032 3935 5099 presbyte-

2360 5117 2472 5164 ros,
2519 5095 2662 5156 uunc
2715 5097 3120 5152 arcliidiaconos
3163 5098 3249 5152 vel
3300 5095 3553 5153 diaconos
3596 5095 3761 5169 legari
3799 5095 3936 5156 εὐη-

2359 5184 2564 5225 5118588.

2433 5250 2457 5278 ο
2499 5239 2860 5302 Anastasium,
2885 5247 2939 5308 ut
2962 5236 3222 5308 posterior
3239 5235 3469 5308 epistola
3487 5237 3718 5308 declarat
3742 5255 3936 5308 :qnam

2363 5324 2484 5364 cum
2519 5310 2672 5363 initio
2703 5308 2850 5376 regni
2877 5305 3222 5376 Sigismundi,
3252 5316 3368 5374 post
3389 5307 3588 5361 obitum
3617 5305 3935 5365 Gundubadi

2362 5381 2551 5449 pnll‘IS.
2579 5375 2849 5433 exaratam
2897 5375 3188 5449 signiﬁcet,
3237 5375 3517 5449 conﬁrmat
3549 5379 3598 5429 in
3629 5379 3936 5448 digerendis

2358 5447 2626 5518 epistolis,
2647 5449 2784 5500 Aviti
2814 5447 3056 5502 ordinem
3088 5456 3385 5518 temporum
3434 5447 3773 5518 observatum
3826 5465 3936 5506 non

2363 5516 2553 5572 fuisse.
2600 5517 2955 5588 Conqueritur
2980 5525 3178 5588 autem
3203 5516 3269 5588 de
3295 5531 3417 5585 rege
3458 5516 3641 5586 Italia,
3669 5519 3757 5588 qui
3788 5519 3936 5588 lega-

2359 5589 2560 5642 tionem
2619 5585 2777 5660 quam
2827 5586 3069 5644 mittebat
3117 5585 3184 5640 ad
3232 5585 3635 5655 imperatorem,
3685 5585 3936 5660 progredi

2355 5674 2460 5714 non
2488 5659 2820 5728 permiserat.
