4154 6390
360 371 469 429 985

1678 362 2009 418 EPISTULA
2054 362 2338 419 LXXXIV.

3558 368 3663 423 280

358 483 471 539 tiri.
510 480 623 537 Sub
650 478 807 549 cuius
831 475 1038 533 ﬁducia:
1065 474 1353 531 securitate
1383 484 1541 544 atque
1571 474 1755 527 lautitia
1775 512 1791 537 ,
1822 474 1943 541 glo-
1976 476 2025 534 Α
2056 485 2228 543 prete.
2262 476 2315 529 Si
2363 476 2484 545 quis
2532 475 2711 532 fervor
2744 486 2827 531 cst
2852 490 2961 547 quo
3003 477 3128 531 axis
3156 476 3488 532 meridianus
3514 492 3659 532 exsc-

357 573 658 630 riosissimo
684 573 911 644 principi
924 580 1151 636 nostro,
1184 569 1275 641 qui
1304 584 1532 638 corpore
1554 570 1812 623 absumus
1835 569 1954 621 ani-

356 681 449 721 mo
477 677 887 737 prasentsmur.
935 663 1003 717 Et
1026 676 1331 733 quanquam
1364 661 1507 716 istud
1538 660 1739 713 famula
1768 669 1949 713 vestra

356 759 607 829 prosapia
646 772 765 813 mea
803 772 869 814 ex
915 756 1202 812 devotione
1255 752 1604 823 persolverit,
1652 767 1740 806 me
1772 761 1948 807 tamen

354 853 542 924 gratim
571 851 869 908 debitorem
900 864 1010 905 non
1029 849 1198 919 magis
1218 846 1514 918 parentalia
1540 846 1716 900 debita
1738 887 1753 911 ,
1785 860 1947 914 quam

356 940 614 999 beneﬁcia
646 940 777 997 mihi
823 944 1065 1009 impensa
1110 937 1371 994 fecerunt.
1400 937 1591 992 Vester
1614 937 1834 1005 quidem
1866 946 1949 992 est

354 1034 585 1105 populus
609 1048 761 1090 meus
786 1072 803 1099 ,
831 1032 927 1086 sed
965 1046 1053 1086 me
1081 1030 1201 1099 plus
1225 1032 1433 1085 servire
1468 1028 1620 1082 vobis
1656 1043 1819 1095 quam
1870 1027 1945 1081 illi

353 1137 589 1194 precsse
615 1123 870 1179 delectat.
898 1121 1083 1177 Traxit
1110 1121 1250 1177 istud
1285 1135 1315 1176 a
1342 1120 1552 1190 proavis
1574 1120 1790 1191 generis
1834 1120 1939 1172 mei

349 1214 495 1284 apud
522 1228 618 1269 vos
658 1213 1082 1283 decessoresque
1106 1222 1318 1268 vestros
1358 1225 1574 1278 semper
1615 1211 1796 1283 animo
1824 1208 1939 1262 Ro-

350 1318 512 1359 mana
538 1304 781 1369 devotio,
808 1313 860 1357 ut
889 1302 980 1359 illa
1002 1302 1157 1358 nobis
1186 1302 1356 1372 magis
1385 1301 1603 1355 claritas
1636 1310 1940 1370 putaretur,

348 1408 512 1466 quam
530 1405 707 1450 vestra
739 1410 834 1464 per
863 1393 1066 1450 militim
1097 1394 1280 1449 titulos
1306 1393 1605 1463 porrigeret
1639 1391 1900 1445 celsitudo
1925 1406 1940 1443 :

347 1487 665 1557 cunctisque
708 1486 1018 1541 auctoribus
1060 1486 1196 1540 meis
1223 1498 1442 1553 semper
1488 1484 1657 1553 magis
1681 1482 1942 1537 ambitum

345 1588 433 1635 est
461 1580 605 1649 quod
636 1592 664 1631 a
696 1577 1025 1647 principibus
1062 1584 1378 1644 sumerent,
1406 1590 1566 1645 quam
1610 1574 1751 1644 quod
1780 1590 1810 1628 a
1854 1592 1944 1641 pa-

349 1673 522 1729 tribus
541 1673 869 1727 attulissent.
887 1668 1129 1740 Cumque
1150 1678 1366 1739 gentem
1396 1678 1634 1723 nostram
1662 1667 1944 1721 videamur

345 1780 569 1835 regere,
594 1779 701 1818 non
729 1762 875 1818 aliud
898 1776 996 1817 nos
1017 1776 1176 1831 quam
1202 1761 1400 1814 milites
1429 1770 1642 1815 vestros
1669 1757 1943 1813 credimus

2059 575 2223 632 stuet,
2261 565 2543 636 refrigerio
2572 574 2892 635 temperate,
2925 578 2978 622 et
3007 568 3257 622 edomste
3288 582 3384 637 per
3409 582 3661 621 reveren-

2058 654 2185 709 tiam
2214 656 2474 725 quidquid
2502 666 2627 711 ante
2672 672 2767 711 vos
2813 657 3131 711 indomitum
3165 657 3339 712 fuerat
3364 673 3456 725 per
3497 667 3657 710 natu.

2056 764 2191 801 ram.
2221 747 2583 803 lncumbcntia
2614 748 2716 803 sibi
2742 759 2952 818 sceptra
2972 750 3245 818 religionis
3273 750 3487 804 invicta:
3510 750 3659 819 quis-

2054 842 2174 910 quis
2204 856 2313 895 nou
2340 854 2491 911 optat
2518 846 2770 913 excipiat.
2812 845 3141 915 Prorogetur
3172 859 3268 914 per
3298 859 3391 898 vos
3422 860 3528 897 non
3554 845 3657 896 m'-

2054 948 2157 989 ntts
2184 942 2451 1003 potestate
2494 936 2683 1006 religio
2706 978 2721 1003 ,
2753 951 2876 1007 qum
2913 936 3298 991 iamuiantibus
3342 939 3553 1005 populis
3588 935 3657 989 ad

2052 1024 2291 1080 ctelestia
2326 1026 2633 1095 pariterque
2664 1028 2999 1090 veneranda.
3034 1037 3090 1084 et
3118 1029 3399 1084 veritatem
3427 1037 3655 1092 astruat,

2052 1125 2106 1169 et
2135 1115 2376 1185 porrigat
2404 1115 2710 1170 libertatem
2747 1135 2757 1171 :
2785 1132 2997 1187 quaque
3022 1117 3295 1172 mediante
3318 1160 3334 1187 ,
3355 1117 3511 1171 vobis
3537 1118 3655 1169 cnl-

2052 1208 2196 1261 mine
2220 1218 2438 1261 zeterna:
2464 1207 2653 1262 salutis
2675 1208 2889 1273 innisis,
2922 1224 3027 1263 non
3059 1209 3296 1263 humano
3322 1217 3530 1262 tantum
3562 1221 3653 1262 or-

2051 1298 2196 1358 dine,
2229 1312 2413 1351 verum
2442 1300 2607 1353 etiam
2639 1299 2825 1355 divino
2843 1315 3047 1367 amore,
3080 1301 3298 1370 longum
3329 1301 3534 1357 servire
3558 1314 3657 1355 nos

2049 1394 2258 1449 deceat.

2518 1486 2857 1544 EPISTULA
2907 1487 3196 1543 LXXXIV.

2050 1636 2114 1675 ΑΒ
2143 1634 2299 1675 AVITO
2347 1633 2595 1676 EPISCOPO
2642 1635 2870 1675 ωοτΑτΑ
2912 1635 3009 1676 SUB
3058 1634 3261 1675 NOHINB
3305 1635 3463 1675 DOINI
3502 1634 3655 1675 REGIS

2300 1698 2327 1728 ἰ
2352 1705 2406 1747 c.
2437 1705 2484 1745 s.
2516 1707 2585 1746 Αυ
2610 1704 2987 1746 turamroazit
3037 1704 3393 1747 aususnon.

342 1856 606 1912 ordinari.
632 1855 874 1926 lmpartit
902 1866 1001 1909 nos
1017 1853 1334 1923 gaudiorum
1364 1864 1589 1906 munere
1614 1858 1791 1905 vestra
1823 1865 1942 1917 pru-
1978 1840 2025 1900 Β
2120 1869 2288 1936 Quam
2318 1866 2424 1937 pia,
2451 1867 2747 1937 maiestati,
2781 1865 2986 1936 judicio
3008 1864 3276 1922 “nam,
3299 1872 3479 1920 vos"...
3498 1904 3514 1929 θ
3564 1865 3653 1919 vel

340 1948 579 2018 speritas
608 1964 623 1999 :
655 1944 916 2017 quidquid
945 1944 1056 1999 illic
1098 1959 1196 2014 pro
1221 1944 1396 1999 salute
1434 1941 1675 1997 omnium
1705 1944 1905 1996 curatis
1924 1984 1937 2004 ,

340 2047 401 2093 et
446 2048 688 2092 nostrum
733 2044 839 2092 est.
872 2035 976 2091 Per
1020 2050 1119 2090 nos
1170 2034 1562 2090 administratis
1612 2045 1942 2088 remetaruut

338 2127 512 2197 spatia
546 2127 824 2196 regionum
850 2142 865 2180 :
899 2126 1069 2196 patria
1098 2134 1282 2179 nostra
1301 2132 1477 2179 vester
1504 2123 1649 2178 utbis
1671 2131 1773 2179 est.
1802 2122 1943 2176 Tau-

341 2215 426 2287 git
470 2215 697 2273 Galliam
727 2230 881 2271 suam
917 2218 1098 2270 lumen
1129 2214 1353 2270 orientis
1380 2254 1397 2280 ,
1425 2222 1480 2269 et
1508 2214 1691 2268 radius
1720 2214 1808 2284 qui
1837 2214 1943 2268 illis

341 2311 587 2383 partibus
625 2311 757 2367 oriri
793 2309 1035 2366 creditur
1060 2353 1075 2378 ,
1112 2309 1199 2364 bic
1235 2307 1483 2378 refulget.
1509 2305 1676 2362 Jubar
1722 2305 1938 2376 quidem

337 2410 670 2473 conspectus
694 2400 863 2457 vestri
905 2398 1365 2469 contemplatione
1392 2412 1501 2452 non
1528 2398 1770 2467 capimus
1799 2415 1813 2453 :
1843 2397 1939 2451 sed

338 2494 515 2550 lucem
556 2494 862 2549 serenitatis
889 2506 1051 2561 quam
1082 2491 1283 2561 ubique
1305 2488 1606 2546 didunditis
1625 2529 1641 2555 ,
1668 2487 1940 2544 desiderio

338 2586 703 2656 possidemus.
746 2584 1182 2641 Dominationem
1224 2582 1382 2640 vobis
1430 2581 1687 2638 divinitus
1728 2580 1941 2649 praesti-

336 2687 448 2734 tam
475 2678 613 2734 obex
645 2677 788 2732 nulla
808 2676 1097 2739 concludit,
1131 2690 1232 2731 nec
1250 2674 1377 2731 ullis
1396 2672 1794 2745 provinciarum
1828 2681 1938 2727 ter-

337 2768 503 2823 minis
547 2768 778 2823 felicium
826 2776 1165 2838 sceptrorum
1201 2765 1417 2822 diffusio
1446 2765 1728 2820 limitatur.
1764 2763 1931 2820 Sull/0

339 2857 642 2914 Divinitatis
659 2857 867 2914 honore
888 2860 958 2913 sit
984 2857 1208 2912 dictum.
1232 2854 1349 2911 Non
1380 2856 1574 2910 minuit
1598 2854 1935 2923 maiestatem

334 2957 571 3003 vestram
601 2948 744 3019 quod
781 2963 1067 3003 accurrere
1104 2961 1209 3001 non
1240 2959 1427 3000 omnes
1450 2946 1631 2997 valent
1664 2962 1678 2998 :
1708 2943 1842 2998 satis
1868 2942 1934 3001 ad

336 3040 694 3094 reverentiam
746 3037 900 3093 vobis
936 3036 1173 3093 debitam
1217 3034 1439 3101 sufﬁcit,
1491 3035 1635 3105 quod
1673 3049 1861 3090 omnes
1905 3050 1936 3088 e

335 3128 572 3201 propriis
599 3127 819 3184 sedibus
845 3142 941 3181 vos
971 3125 1220 3181 adorant.
1261 3126 1469 3180 Virtute
1494 3124 1613 3179 orbi
1644 3138 1745 3179 eoo
1768 3167 1783 3187 ,
1818 3123 1935 3179 fcli-

334 3221 505 3276 citate
537 3219 774 3289 regnatis
823 3217 1047 3274 occiduo
1076 3232 1093 3272 :
1125 3217 1246 3273 licet
1279 3231 1375 3272 vos
1414 3216 1721 3286 ubicunque
1745 3215 1890 3285 diligi
1917 3257 1933 3279 ,
1962 3202 2012 3267 C

333 3312 549 3369 etiamsi
589 3326 697 3366 non
750 3310 909 3367 datur
959 3311 1211 3366 omnibus
1256 3310 1473 3367 intueri.
1526 3310 1633 3367 Sed
1664 3325 1787 3365 cum
1814 3310 1938 3381 jure

342 3402 488 3459 iszud
519 3401 588 3458 de
615 3401 963 3459 universitate
990 3403 1220 3468 dicatur,
1240 3403 1489 3474 conjicite
1503 3418 1648 3460 nunc
1675 3414 1935 3475 quantum

336 3495 578 3552 debeant
602 3509 741 3566 quos
759 3494 1051 3551 honoribus
1078 3496 1362 3565 lastigatis,
1389 3511 1524 3567 quos
1546 3498 1724 3552 socios
1755 3499 1936 3554 trium-

335 3587 567 3659 phorum
599 3587 842 3644 omnium
872 3602 1331 3658 successuumque
1371 3600 1671 3645 vestrorum
1706 3591 1938 3663 dignita-

335 3689 451 3736 tum
483 3679 651 3736 titulis
691 3680 1007 3751 applicatis;
1047 3688 1106 3735 ut
1140 3680 1220 3737 sic
1262 3682 1480 3737 virtutis
1510 3693 1707 3739 vestra:
1736 3685 1932 3741 decora

333 3780 519 3828 nostra
550 3772 684 3840 sint,
712 3779 768 3827 et
795 3771 862 3827 ad
894 3772 1279 3827 honoratorum
1313 3784 1630 3830 ornamenta
1664 3776 1935 3843 pertineat

331 3862 591 3933 quidquid
619 3864 850 3935 gesserit
874 3866 996 3922 fons
1013 3852 1301 3921 bonorum.
1327 3865 1508 3923 Oil’ero
1529 3867 1709 3937 igitur,
1736 3869 1935 3937 princi-

332 3968 461 4025 pum
488 3953 689 4028 inclyte
713 3996 729 4022 ,
768 3955 1068 4012 litterarum
1113 3956 1369 4028 obsequia
1396 3997 1413 4021 ,
1455 3968 1577 4014 vota
1606 3960 1931 4031 gratiarum;

332 4047 624 4117 prmstolor
650 4050 931 4105 oraculum
958 4050 1225 4107 sermonis
1252 4053 1497 4122 augusti;
1526 4053 1704 4108 ambio
1731 4055 1776 4110 si
1803 4055 1930 4125 quid

332 4140 409 4195 sit
430 4139 573 4209 quod
600 4139 796 4211 jubere
829 4140 1149 4213 dignemini.
1174 4143 1306 4211 Quia
1330 4145 1490 4200 etiam
1520 4146 1563 4200 si
1593 4146 1832 4217 indigere
1872 4162 1931 4203 se

330 4230 587 4284 famulatu
616 4242 803 4287 nostro
814 4233 1124 4303 perennitas
1140 4241 1317 4289 vestra
1336 4250 1440 4289 non
1462 4235 1668 4298 credat.
1688 4239 1931 4308 quisquis

332 4330 512 4376 tamen
560 4321 699 4379 felici
754 4325 1013 4379 meruerit
1058 4325 1287 4391 servire,
1329 4325 1431 4382 sibi
1488 4327 1932 4387 milital.0ﬂ'ernt

330 4426 463 4482 ergo
491 4414 715 4481 supplex
746 4413 1102 4470 Orientalium
1133 4430 1346 4487 quoque
1389 4418 1629 4489 gentium
1673 4419 1927 4475 distantia

327 4501 685 4569 cruditatem;
718 4514 975 4574 exposcat
1022 4504 1311 4575 principari
1340 4508 1621 4577 prtesulem
1655 4520 1919 4566 nostrum.

328 4591 616 4649 Parthicus
643 4593 857 4662 ductor,
890 4607 1111 4665 prepter
1139 4598 1288 4667 pacis
1331 4575 1675 4655 commodum
1696 4642 1712 4666 ,
1744 4603 1796 4657 in
1820 4602 1921 4658 Ro-
1955 4575 2009 4637 Ῑ)

330 4698 551 4739 manum
579 4684 861 4755 imperium
905 4688 1138 4758 gaudeat
1163 4690 1421 4745 transire.
1456 4692 1771 4762 indusipse,
1809 4705 1929 4764 post

327 4774 697 4842 experimenta
724 4777 990 4834 mansueti
1020 4778 1153 4844 oris,
1182 4780 1407 4836 stridula
1436 4797 1571 4855 voce
1592 4798 1922 4855 compressa,

329 4864 479 4932 leges
503 4864 699 4935 quibus
725 4869 929 4924 servire
949 4867 1202 4938 jubeatur
1227 4871 1420 4928 Graeco
1440 4852 1733 4944 cognoscat
1760 4876 1925 4933 inter-

405 5011 429 5071 !
468 4999 692 5055 Comitis
717 5001 1067 5071 Sigismttutii.

402 5070 433 5111 δ
473 5070 863 5153 1~h9.,deticus._
876 5076 993 5153 Aqui
1037 5089 1220 5153 pacem
1268 5075 1407 5153 hanc
1456 5095 1550 5153 per
1607 5082 1814 5151 legatos
1858 5089 1927 5147 ab

328 5144 635 5216 Anastasio
668 5143 918 5216 expetiit,
958 5143 1145 5200 ut'est
1188 5146 1240 5199 iu
1288 5143 1512 5216 epistola
1569 5152 1589 5207 l
1640 5143 1921 5215 variarum

328 5212 667 5270 Cassiodori:
699 5212 907 5296 Oportet
938 5230 1052 5280 nos,
1074 5212 1459 5298 clementissime
1484 5222 1763 5298 imperator
1782 5268 1796 5291 ,
1829 5212 1925 5298 pa:

330 5300 443 5339 cem
470 5298 693 5354 quaere
720 5328 734 5351 ,
772 5287 861 5354 qui
890 5300 1071 5339 causas
1099 5287 1383 5343 iracundia:
1410 5287 1672 5347 nascimur
1702 5287 1802 5351 non
1829 5287 1925 5353 'lia-

331 5356 471 5410 ἔθετε.
501 5353 565 5408 Et
597 5364 732 5431 Apost
782 5352 925 5409 alia:
970 5366 1029 5431 ut
1059 5358 1321 5431 sinceritas
1379 5362 1539 5429 pacis,
1588 5380 1702 5431 qua:
1750 5352 1923 5425 causis

330 5425 719 5497 mergentibus
745 5427 1066 5497 cognoscitur
1113 5426 1271 5495 fuisse
1305 5425 1479 5484 vitiata
1499 5425 1762 5496 {detersis
1798 5456 1923 5493 cou-

330 5495 669 5575 tentionibus,
701 5494 755 5549 in
795 5494 891 5549 sua
921 5494 1162 5575 deinceps
1182 5498 1425 5575 ﬁrmitate
1451 5494 1684 5558 restituta
1715 5525 1919 5575 perma-

332 5578 471 5646 neat.
520 5565 600 5645 Ad
648 5570 784 5645 ltattc
838 5582 1022 5646 pacem
1055 5568 1309 5646 alludens
1351 5583 1569 5646 senatus
1626 5565 1919 5646 Romanus,

332 5636 1024 5713 Antisti-sinussic__al'i‘;tt_ur_
1054 5637 1106 5691 in
1136 5638 1325 5713 litteris
1357 5644 1470 5697 sitis
1496 5687 1509 5709 ,
1554 5662 1673 5713 qua:
1701 5636 1923 5704 intexta:-

330 5718 461 5764 snut
506 5707 747 5786 epistula:
781 5707 1076 5763 ilurtnisdzn
1103 5728 1118 5786 A:
1161 5708 1414 5786 Proinde,
1455 5707 1649 5785 inquit,
1696 5720 1924 5786 piissimo

329 5787 607 5850 stnpctalot
628 5820 644 5849 ,
677 5778 782 5834 hac
812 5790 1016 5834 scitulae
1044 5784 1280 5849 adluitin
1307 5826 1322 5855 ,
1357 5796 1406 5837 ut
1435 5778 1541 5857 qui
1566 5778 1739 5844 animo
1769 5808 1923 5861 quant

2052 1961 2403 2033 parvipendat
2455 1959 2838 2029 impedimenta
2901 1967 3251 2028 temporum,
3298 1955 3385 2012 vel
3434 1965 3654 2012 censeat

2049 2055 2215 2112 corda
2241 2054 2563 2110 famulorum
2582 2094 2599 2120 ,
2621 2052 2774 2108 nullo
2798 2051 2999 2107 indicio
3025 2049 3256 2124 meliore
3284 2049 3652 2117 cognoscitur.

2046 2162 2206 2215 quam
2234 2146 2376 2215 quod
2420 2145 2477 2200 in
2519 2145 2697 2200 sacris
2726 2144 2970 2213 apicibus
2997 2140 3343 2213 longinQuius
3371 2141 3653 2211 porrigen-

2045 2237 2163 2303 dis,
2214 2237 2405 2303 implet
2450 2219 2856 2291 desiderantum
2892 2243 3050 2301 vota,
3102 2229 3502 2303 eti'supplicum
3544 2246 3651 2286 non

2044 2335 2323 2395 exspectat
2352 2325 2555 2380 officia.
2599 2325 2874 2393 Appetuut
2902 2338 3187 2380 occursum
3206 2323 3377 2380 vestri
3405 2323 3648 2378 omnium

2046 2426 2259 2473 mentes
2282 2460 2295 2482 ,
2329 2432 2432 2473 nec
2466 2426 2573 2471 tam
2598 2415 2896 2488 gloriosum
2938 2426 3024 2473 est
3050 2415 3195 2483 quod
3225 2414 3380 2485 pauci
3403 2424 3649 2486 possunt.

2045 2523 2207 2578 quam
2254 2507 2396 2577 quod
2440 2508 2619 2563 cuncti
2659 2507 2847 2565 videre
2873 2522 2971 2563 vos
3012 2507 3257 2576 cupiunt.
3288 2505 3439 2572 Quod
3469 2514 3651 2561 autem

2043 2612 2189 2655 nunc
2214 2613 2454 2669 augus'a
2484 2598 2914 2669 compellationis
2934 2598 3129 2654 aii'atus
3152 2597 3350 2654 debita:
3374 2598 3531 2653 vobis
3557 2613 3651 2669 pa-

2042 2692 2181 2761 ginte
2212 2692 2476 2761 praevenit
2501 2690 2843 2761 obsequium,
2883 2690 3016 2745 nihil
3050 2688 3381 2746 indevotioni
3413 2690 3532 2760 pius
3561 2705 3648 2744 ar-

2043 2780 2214 2846 biter,
2245 2779 2379 2835 nihil
2418 2782 2643 2850 imputet
2673 2779 2933 2835 tarditati.
2984 2779 3095 2835 Nisi
3136 2779 3339 2835 aditum
3366 2778 3649 2835 conatibus

2041 2872 2243 2928 nostris
2282 2871 2420 2927 obex
2459 2872 2737 2942 interiecta
2784 2872 3166 2942 suspenderet,
3194 2872 3307 2941 jam
3336 2886 3483 2927 nunc
3505 2887 3638 2943 pro-

2041 2964 2185 3022 fecto
2203 2966 2425 3020 verbum
2449 2964 2652 3021 mundo
2665 2964 2975 3021 venerabile
3006 2979 3265 3035 responsa
3292 2964 3465 3033 potius
3486 2979 3646 3034 quam

2039 3057 2258 3114 oracula
2289 3057 2630 3114 destinasset.
2668 3056 2778 3112 Nec
2806 3067 2985 3112 tamen
3013 3056 3341 3112 remorando
3368 3056 3501 3112 mihi
3533 3066 3649 3110 tan-

2042 3156 2155 3203 tum
2185 3148 2387 3213 nocuit,
2419 3156 2677 3217 quantum
2707 3147 2901 3202 invidit
2938 3146 3167 3202 aemulus
3210 3146 3367 3201 livor.
3398 3144 3527 3202 Non
3552 3161 3639 3203 me

2043 3235 2263 3305 quidem
2290 3236 2489 3305 legistis
2522 3234 2685 3291 oftlcii
2714 3236 2822 3290 mei
2848 3244 3175 3305 compotem,
3200 3235 3294 3291 sed
3318 3235 3639 3315 reddidistis

2043 3327 2114 3395 pii
2141 3327 2257 3383 oris
2282 3319 2702 3396 compellatione
2744 3326 2980 3383 felicem.
3019 3325 3130 3384 Nec
3162 3326 3387 3384 interest
3405 3326 3644 3394 excipiat

2042 3431 2142 3472 uos
2165 3431 2348 3472 sermo
2377 3426 2638 3485 angustus
2658 3458 2675 3484 ,
2706 3430 2774 3471 an
2804 3424 3085 3487 exspectet
3110 3434 3121 3468 :
3154 3430 3184 3470 a
3230 3415 3527 3472 celsissima
3554 3412 3639 3472 di-

2039 3507 2300 3579 gnatione
2347 3514 2555 3562 tantum
2586 3516 2668 3563 est
2706 3517 2892 3563 nostra
2943 3521 3049 3561 non
3096 3507 3333 3577 despici,
3385 3515 3648 3577 quantum

2039 3606 2221 3655 vestra
2268 3600 2517 3655 concedi.
2560 3598 2727 3669 igitur
2758 3607 2879 3665 post
2907 3597 3113 3655 obitum
3150 3598 3480 3655 devotissimi
3512 3597 3659 3653 (ide-2

2040 3692 2343 3763 lissimique
2378 3690 2532 3746 vobis
2568 3691 2739 3760 patris
2764 3690 2867 3746 mei
2900 3731 2915 3755 ,
2949 3691 3191 3761 proceris
3220 3692 3387 3747 vestri
3413 3731 3429 3758 ,
3453 3690 3541 3745 cui
3570 3688 3640 3745 ad

2040 3783 2382 3841 felicissimos
2399 3783 2603 3851 integra
2628 3782 2990 3852 prosperitate
3010 3796 3319 3853 successus,
3345 3782 3397 3838 id
3427 3798 3643 3853 quoque

2038 3876 2263 3945 contigit
2292 3874 2476 3930 divino
2526 3874 2717 3929 favore
2742 3873 3003 3942 votivum,
3041 3883 3099 3929 ut
3128 3873 3305 3929 laetam
3336 3874 3642 3930 ﬂorentem-

2039 3981 2144 4036 que
2192 3965 2582 4036 rempublicam
2631 3964 2785 4021 vobis
2833 3964 3019 4019 orbem
3084 3963 3397 4033 regentibus
3452 3964 3638 4028 sciret,

2035 4071 2239 4127 vosque
2262 4055 2514 4111 dominos
2544 4056 2824 4110 nationum
2858 4055 3069 4125 placido
3102 4056 3498 4123 receptus‘ilne
3538 4055 3637 4109 de-
3678 4112 3687 4123 ,

2037 4149 2367 4220 relinqueret
2417 4163 2433 4203 :
2484 4147 2550 4202 ad
2580 4148 2695 4202 ba‘c
2726 4146 3023 4202 intimanda
3056 4148 3315 4218 vobisque
3359 4161 3641 4202 commen-

2033 4241 2209 4298 danda
2237 4241 2365 4308 quin
2392 4241 2555 4296 etiam
2582 4254 2717 4295 mea:
2751 4240 2956 4294 militias
2982 4240 3283 4295 rudimenta
3302 4280 3317 4305 ,
3342 4254 3463 4308 quae
3489 4240 3639 4309 geni~

2033 4340 2155 4389 tore
2183 4332 2399 4403 quidem
2432 4346 2554 4386 meo
2581 4330 2871 4401 superstite
2894 4328 3162 4398 nutristis,
3191 4329 3284 4384 sed
3307 4329 3478 4399 magis
3511 4343 3633 4382 ma—

2032 4425 2220 4495 gisque
2253 4431 2374 4491 post
2393 4437 2515 4477 eum
2539 4421 2756 4477 cumulo
2786 4436 2959 4477 sacrae
2990 4419 3317 4491 dignationis
3345 4420 3632 4489 augebitis,

2034 4516 2171 4572 sicut
2200 4514 2463 4569 debebam
2492 4514 2577 4569 vel
2606 4521 2796 4582 optare
2818 4527 2913 4583 par
2940 4512 3132 4572 fuerat,
3166 4527 3331 4565 ttnum
3363 4511 3433 4566 de
3454 4504 3641 4568 censi;

2034 4606 2198 4663 liariis
2224 4606 2380 4669 meis,
2405 4605 2493 4673 qui
2520 4612 2781 4673 quantum
2807 4602 2873 4657 ad
2897 4602 3251 4673 ignorantiam
3275 4602 3631 4667 Gallicanam,

2033 4707 2260 4753 crrteros
2290 4696 2485 4764 prmire
2512 4694 2706 4749 litteris
2733 4694 3064 4759 aestimatur,
3086 4692 3381 4748 venerandi
3409 4692 3635 4746 comita-

2034 4800 2120 4847 tus
2161 4788 2325 4844 vestri
2370 4786 2595 4841 auribus
2641 4784 2960 4848 oi'lerebam,
3011 4784 3300 4852 specialius
3350 4784 3638 4838 sectuitate

2033 4891 2313 4952 concepta,
2347 4878 2491 4950 quod
2510 4878 2537 4915 ι)
2565 4888 2745 4934 rector
2777 4876 2944 4932 Italiae
2972 4876 3038 4932 de
3061 4891 3191 4947 pace
3217 4888 3394 4932 vestra
3427 4877 3637 4946 publica

2038 5017 2254 5087 benigno
2280 5016 2334 5068 in
2376 5023 2594 5087 utraque
2624 5011 2887 5087 republica
2914 5012 3276 5087 concordanda
3308 5011 3497 5087 fuisti,
3524 5021 3635 5087 tam

2038 5081 2252 5157 esse'pio
2280 5087 2332 5139 in
2358 5084 2569 5137 ecclesia
2603 5082 3001 5157 redintegranda
3032 5081 3636 5157 unitatenoscaris._llu_-

2032 5158 2127 5228 jus
2154 5151 2369 5226 quoque
2410 5157 2557 5228 pacis
2587 5154 2865 5228 exemplo,
2901 5166 3085 5228 pacem
3114 5153 3323 5228 Totileis
3342 5151 3543 5228 expetit
3570 5151 3636 5228 ab

2033 5222 2335 5283 3tt5tiniano
2387 5222 2528 5292 apud
2586 5224 2906 5291 Procopium
2937 5224 3029 5277 lib.
3084 5238 3138 5277 Ill
3189 5222 3326 5278 Belli
3376 5222 3633 5285 Gothici,

2040 5301 2323 5368 Δίτούμιθα
2350 5298 2417 5351 τὰ
2462 5298 2517 5369 ἐκ
2565 5302 2656 5356 τῆς
2697 5298 2901 5369 εἰρήνῃ
2943 5296 3130 5366 ἀγαθὰ,
3165 5297 3280 5369 adfrt
3331 5294 3635 5369 πρᾳσιὲσθαι

2039 5363 2210 5455 εικῆ-ὁδί⁸
2240 5372 2318 5421 καὶ
2347 5369 2463 5455 ᾑρεῖτο
2492 5363 2799 5455 ξνγέωριῗν
2827 5363 3000 5455 ᾧνπερ
3030 5368 3247 5437 μνημεῖά
3262 5386 3321 5455 :rs
3350 5363 3635 5455 iain‘apa-

2038 5423 2287 5511 dtis/Vitare:
2313 5423 2804 5511 κάλλισξέῧίδμεγ,
2827 5423 3161 5511 ’Δνᾳᾶτᾶφιδν
3190 5437 3277 5490 καὶ
3305 5423 3631 5511 Θαοᾷἕράρν.

2040 5504 2191 5563 Bona
2226 5508 2368 5580 pacis
2399 5516 2454 5558 ut
2484 5515 2590 5559 tute
2614 5504 2944 5576 arnplectaris
2972 5504 3485 5580 nobisqueconccdas
3511 5504 3636 5580 ,_de-

2040 5574 2298 5651 poscimus
2327 5592 2590 5651 {quorum
2611 5574 2937 5651 monumenta
2961 5585 3010 5651 et
3036 5574 3636 5651 exemplapnlcbcrﬁma

2039 5644 2307 5717 habemus,
2333 5644 2660 5702 Anastasio»:
2683 5656 2730 5699 et
2759 5645 3151 5700 Theodericum.
3178 5645 3252 5700 De
3277 5646 3375 5699 hac
3404 5644 3635 5717 denique

2040 5736 2164 5775 cum
2195 5714 2303 5775 sibi
2318 5719 2595 5786 plztuilm’ot
2624 5717 3018 5780 Theodericus,
3052 5719 3299 5770 eamdem
3323 5714 3547 5780 ltmredi,
3579 5725 3637 5771 ut

2041 5807 2164 5848 cuni
2200 5793 2441 5863 principe
2474 5789 2735 5848 Ui'icntali
2766 5786 2964 5844 habere
2994 5786 3255 5859 studeret,
3284 5788 3631 5844 commenda-
