4154 6442
649 383 752 440 287
1913 379 1972 435 S.
2012 375 2195 434 AVITI

2327 375 2634 433 ENNENSIS
3151 387 3158 396 ’
3788 380 3895 438 288

652 498 948 571 plauderet,
977 504 1033 556 et
1054 511 1269 555 rumore
1295 494 1536 566 disperso
1559 493 1825 551 redditam
1854 496 1954 552 sibi
1979 495 2213 551 Orientis
2239 497 2292 554 Δ
2317 495 2520 566 aliquid
2549 495 2933 554 consolationis
2963 495 3252 568 impendat.
3285 496 3447 555 Vobis
3476 513 3637 568 porro
3665 499 3709 554 si
3740 501 3892 556 cordi

648 591 875 660 gratiam
907 588 1191 645 celeraret.
1220 584 1565 664 Interclnsnm
1596 594 1680 641 est
1698 599 1826 656 ergo
1846 592 2004 653 atque
2024 582 2208 654 probi.

652 681 822 735 bitum
871 676 1211 734 relationibus
1253 673 1535 730 destinatls
1585 674 1688 730 iter
1727 683 2015 742 arreptum.
2053 671 2212 727 Certe

655 769 769 836 ipsa
799 766 986 821 viderit
1001 764 1128 833 quid
1161 763 1286 821 hinc
1310 763 1450 834 apud
1489 772 1762 834 augustam
1797 763 2032 820 lmtitiam
2059 777 2214 832 spec-

655 868 734 914 tet
768 857 933 913 series
958 855 1228 921 veritatis;
1263 869 1485 924 parvum
1511 864 1687 910 tamen
1712 855 1963 910 amicitiae
1998 853 2212 909 videtur

652 945 928 1011 indic-ium,
955 959 1077 1000 eum
1102 960 1262 1014 quem
1286 953 1339 1000 te
1363 939 1541 1000 colere
1563 957 1772 999 asseras
1790 985 1807 1010 ,
1833 944 1974 1000 nolle
1999 959 2029 998 a
2054 954 2213 1000 caate-

653 1032 729 1087 τις
759 1032 1006 1088 honorari
1040 1046 1067 1083 ι
1083 1048 1205 1088 cum
1234 1047 1420 1089 omnes
1444 1031 1533 1101 qui
1560 1046 1656 1088 vos
1680 1032 1842 1103 digno
1867 1033 2012 1089 cultu
2037 1033 2212 1088 susci-

654 1122 851 1190 pimus,
877 1122 929 1176 id
949 1123 1160 1192 ipsnma
1180 1121 1382 1179 cunctis
1393 1118 1505 1176 ﬂeri
1524 1121 1662 1176 velle
1682 1121 1989 1177 debeamus.
2015 1121 2087 1176 Pa
2096 1138 2214 1176 rum

652 1214 798 1267 enim
837 1212 1066 1281 propriae
1089 1211 1384 1275 devotionis
1407 1209 1666 1278 ostendit,
1689 1212 1734 1265 si
1755 1211 1871 1280 quis
1900 1211 2214 1274 occurrendi

655 1299 903 1355 libertate
928 1301 1175 1355 damnata
1195 1338 1212 1364 ,
1236 1297 1370 1354 alios
1397 1312 1612 1370 quoque
1631 1302 1806 1354 facere
1825 1299 2037 1354 studeat
2067 1299 2218 1353 inde-

656 1397 841 1444 votos:
871 1404 991 1443 cum
1019 1396 1193 1442 tamen
1222 1388 1474 1442 sanctitas
1500 1387 1735 1443 ctelestis
1757 1386 1956 1456 ingenii
1989 1395 2218 1457 nequeat

652 1494 878 1535 censere
901 1479 1234 1548 culpabilem,
1263 1494 1421 1549 quem
1443 1482 1525 1535 vel
1553 1480 1666 1534 sola
1693 1480 1937 1534 voluntas
1963 1479 2214 1535 reddide-

657 1571 730 1624 rit
771 1569 1126 1624 innocentem.
1155 1568 1308 1625 Unde
1340 1569 1611 1624 evidenter
1650 1570 1823 1638 ipsum
1856 1569 2049 1625 videtis
2088 1571 2219 1626 alle-

655 1657 922 1729 garequid
947 1673 1196 1728 cuperem
1221 1699 1238 1726 ,
1267 1661 1358 1730 qui
1388 1671 1493 1714 tam
1518 1661 1750 1718 sollicite
1774 1673 1998 1720 conatus
2019 1673 2102 1719 est
2119 1665 2216 1718 im-

657 1754 841 1820 pedire
871 1769 938 1810 ne
970 1769 1198 1824 possem.
1248 1755 1426 1824 itaque
1444 1755 1694 1824 quoniam
1721 1757 1903 1812 divino
1936 1767 2218 1827 vestroque

2314 596 2398 643 est
2422 588 2562 644 facta
2589 588 2659 644 de
2686 588 2840 645 nobis
2861 603 2932 644 ex
2955 603 3078 646 asse
3103 590 3305 659 iactura
3323 631 3341 657 ,
3363 591 3433 644 ab
3454 591 3756 648 incursibus
3785 590 3890 647 for-

2316 678 2580 734 midandis
2619 677 2881 737 Rhodano
2933 678 3203 738 limitante
3246 681 3456 736 muneri
3499 689 3679 737 tenete
3717 681 3891 737 adhuc

2314 767 2440 822 dum
2468 767 2628 824 redeo
2645 809 2661 834 ,
2685 777 2743 823 et
2774 766 3044 823 Gentium
3072 779 3346 837 nostrum,
3370 771 3439 826 de
3463 784 3584 826 meo
3603 770 3889 827 habentem

2304 859 2514 930 aliqua,
2539 859 2608 915 de
2634 868 2816 914 vestro
2840 859 3120 926 nonnulla,
3137 862 3282 930 quia
3315 876 3403 917 me
3429 862 3833 926 scholasticam.
3860 877 3889 915 a

2316 949 2467 1006 vobis
2486 949 2675 1005 asserit
2699 949 3009 1005 bellicosum
3041 965 3057 1004 :
3082 962 3303 1004 sumens
3319 949 3389 1006 de
3414 951 3602 1006 matris
3627 951 3891 1022 sapientia

2315 1039 2460 1106 quod
2482 1038 2708 1096 libenter
2728 1039 2990 1094 barbaros
3015 1039 3165 1110 fugit,
3191 1039 3262 1096 de
3286 1042 3484 1098 virtute
3509 1052 3728 1111 paterna
3747 1040 3891 1112 quod

2317 1129 2509 1184 litteris
2537 1137 2686 1199 terga
2705 1143 2811 1184 non
2844 1129 3089 1197 praebuit.

2781 1217 3114 1276 EPISTULA
3149 1217 3433 1276 LXXXVI.

2579 1321 2901 1364 11⁸0111⁵⁸1ῠί
2931 1323 3038 1364 νιιι
3059 1325 3326 1367 ΙΙΙ-08⁸1⁵81.
3351 1324 3618 1366 πειλοιιι.

2391 1394 2668 1451 lndicsstis
2694 1396 2910 1466 quidem
2942 1405 3149 1461 tantum
3176 1399 3378 1455 doloris
3396 1412 3636 1462 causam,
3657 1410 3762 1467 qua
3789 1399 3892 1468 epi-

2318 1489 2533 1544 stolaris
2579 1489 2742 1545 officii
2780 1489 3060 1558 responsio
3107 1491 3479 1556 clauderetur,
3526 1500 3584 1546 et
3603 1489 3894 1545 durissimo

2320 1580 2504 1634 nuntio
2546 1579 2740 1635 vulnus
2786 1578 3042 1635 inuictum
3096 1580 3215 1649 plus
3261 1596 3349 1636 me
3388 1581 3643 1652 Iacrymis
3677 1590 3894 1650 cogeret

2323 1665 2526 1720 servire
2562 1680 2724 1735 quam
2776 1666 3014 1722 litteris:
3047 1676 3224 1724 tamen
3271 1675 3514 1722 metuens
3560 1669 3759 1723 silentii
3783 1670 3896 1724 cul-

2323 1770 2440 1824 pam
2461 1794 2476 1820 ,
2504 1755 2590 1810 vel
2645 1770 2815 1823 pauca
2842 1758 3088 1827 suspiriis
3111 1757 3262 1828 meis,
3294 1766 3355 1812 ut
3384 1759 3528 1826 potui
3561 1759 3721 1812 verba
3755 1757 3897 1811 fura~

658 1859 878 1898 munere
891 1853 945 1898 et
973 1844 1108 1898 sacri
1129 1843 1307 1913 apices
1330 1854 1384 1899 et
1409 1847 1697 1914 opportuni
1723 1846 2043 1917 proveniunt
2061 1863 2218 1917 quam
2249 1845 2297 1906 B
2326 1855 2409 1898 tus
2436 1860 2577 1903 sum.
2609 1843 2841 1899 Probant
2889 1846 3052 1914 igitur
3078 1856 3348 1915 tempora,
3379 1845 3463 1899 cui
3497 1845 3697 1900 rectius
3725 1844 3897 1898 ascri-

657 1936 927 2004 discrepat
971 1952 987 1989 :
1035 1945 1191 1990 orant
1238 1944 1580 2004 augmentum
1618 1939 1769 2008 regni
1818 1939 1981 1994 vestri
2029 1939 2220 2009 quibus

658 2041 797 2082 nova
848 2025 1122 2096 profertis,
1172 2036 1358 2097 optant
1396 2027 1688 2082 custodiam
1729 2027 1919 2096 quibus
1967 2037 2219 2083 consueta

661 2120 909 2173 servatis.
960 2118 1048 2174 Sic
1087 2120 1158 2188 pii
1197 2119 1558 2173 moderamine
1582 2119 1954 2185 gubernaculi,
1983 2119 2220 2174 remedia

661 2207 874 2278 quidem
895 2207 1060 2262 altera
1081 2208 1413 2276 conquisiv;t.
1445 2215 1500 2262 et
1524 2208 1568 2259 si
1591 2207 1855 2276 repulsam
1885 2216 2071 2262 neutra
2099 2221 2222 2275 pars

665 2296 898 2368 pertulit.
919 2297 1061 2351 Inter
1080 2297 1178 2352 hos
1204 2308 1377 2352 tamen
1403 2297 1721 2366 peculiarius
1749 2295 1877 2350 illud
1899 2312 1998 2367 ego
2026 2298 2219 2366 debeo,

659 2389 798 2457 quod
825 2387 978 2457 hujus
1005 2389 1274 2457 petitionis
1303 2387 1548 2442 eil‘cctum
1568 2389 1835 2456 respectui
1864 2401 1983 2443 meo
2009 2390 2221 2457 praesti-

661 2488 773 2533 tum
795 2479 1168 2547 supplicantes.
1199 2477 1463 2542 Quantum
1495 2477 1743 2546 peculiari
1767 2489 1925 2532 servo
1949 2478 2224 2546 impende-

662 2568 779 2622 ritis
791 2569 995 2637 gratiae,
1011 2568 1176 2637 gratis
1198 2568 1494 2637 praestando
1517 2569 1853 2622 monstrastis
1879 2570 2127 2638 :solaque
2152 2569 2224 2624 ob

663 2657 766 2710 hoc
799 2657 1136 2711 commodum
1176 2655 1230 2711 in
1272 2656 1536 2711 thesauris
1564 2651 1754 2711 vestris
1784 2659 2030 2713 mercede
2068 2674 2224 2726 repo-

659 2747 783 2811 sita,
809 2746 947 2816 quod
976 2746 1294 2816 pauperibus
1335 2748 1632 2811 donabatis,
1663 2762 1768 2803 non
1791 2750 1960 2818 pretio
1982 2749 2224 2805 voluistis

659 2845 941 2902 constare,
969 2837 1064 2892 sed
1094 2840 1334 2906 praemio.
1379 2837 1446 2892 Et
1477 2836 1580 2894 hoc
1625 2838 1800 2907 ipsum
1828 2855 1932 2910 qua
1961 2839 2222 2912 elegantia

663 2928 821 2996 digne
843 2938 1094 2995 meretur,
1114 2928 1336 2985 reddere
1369 2930 1508 3000 quod
1535 2946 1566 2984 a
1590 2930 1805 2988 famulis
1842 2932 2079 2988 oblatum
2109 2932 2226 2988 fue-

666 3037 770 3087 rat,
819 3039 976 3094 quam
1024 3039 1276 3093 spernere
1311 3026 1571 3082 maluistis
1594 3069 1610 3092 ,
1640 3035 1697 3082 et
1727 3043 1834 3097 quo
1872 3027 2044 3082 laetius
2071 3027 2226 3082 fieret

665 3113 886 3178 clintum,
937 3115 1252 3170 contristare
1305 3115 1544 3171 voluistis
1594 3116 1944 3187 obsequium?
1995 3117 2060 3171 Et
2103 3117 2226 3170 licet

2323 1935 2478 1988 [Lall]?
2507 1943 2628 1988 nota
2665 1933 2995 2004 formidinis,
3027 1950 3185 2005 quem
3227 1937 3397 2004 magis
3427 1934 3688 2004 trepidum
3718 1935 3900 2003 provi-

2321 2026 2404 2079 sio
2435 2026 2681 2080 claustris
2726 2027 3015 2081 commissa
3051 2027 3318 2097 designet.
3351 2028 3491 2096 Ergo
3533 2026 3682 2081 urbis
3703 2041 3900 2080 caveas

2323 2116 2652 2186 dedignatus,
2688 2117 2824 2170 inter
2850 2117 3023 2171 vicina
3063 2115 3357 2171 discrimini
3385 2116 3741 2171 constantiam
3771 2129 3900 2182 pec-

2323 2207 2452 2262 toris
2483 2206 2649 2277 planis
2665 2207 2911 2272 exposui,
2929 2205 3110 2275 etiam
3138 2207 3227 2261 diu
3241 2205 3308 2260 ad
3337 2207 3631 2276 patentium
3655 2208 3898 2262 locorum

2323 2311 2534 2366 mquora
2576 2297 2812 2365 perveni,
2859 2310 2972 2350 rem
3005 2305 3062 2350 ut
3095 2296 3303 2350 virtutis
3346 2295 3622 2351 audaciam
3653 2297 3900 2352 libertate

2325 2389 2663 2444 habitationis
2701 2388 3067 2444 ostenderem.
3106 2385 3217 2442 Vos
3241 2398 3453 2454 autem,
3499 2401 3714 2442 rumore
3749 2401 3900 2442 com-

2315 2488 2490 2546 perto,
2519 2479 2582 2531 ad
2613 2488 2765 2547 septa
2799 2479 2948 2533 urbis
2980 2488 3236 2547 tanquam
3264 2487 3497 2532 venturo
3526 2478 3724 2533 aemulo
3758 2494 3902 2532 con-

2314 2570 2542 2624 volastis
2574 2588 2588 2624 :
2620 2580 2675 2624 ct
2702 2586 2861 2640 quem
2897 2572 3048 2641 pacis
3082 2571 3276 2627 diebus
3301 2571 3515 2640 iugiter
3539 2585 3666 2624 rura
3700 2579 3898 2625 tenue-

2314 2669 2461 2726 runt,
2503 2676 2648 2714 nunc
2695 2661 2763 2715 de
2810 2669 3147 2717 mortuorum
3196 2662 3422 2718 latebris
3470 2676 3580 2717 non
3627 2661 3895 2718 educunt.

2316 2749 2608 2804 Enimvero
2625 2765 2788 2821 quam
2809 2767 2905 2809 vos
2922 2762 3053 2809 tunc
3070 2754 3264 2809 civitas
3280 2753 3562 2825 ﬂagitabat
3576 2793 3593 2819 ,
3615 2763 3725 2808 tam
3745 2770 3899 2810 nunc

2311 2840 2454 2895 intra
2477 2844 2679 2897 muenia
2701 2843 3001 2901 collocatos
3023 2847 3218 2915 quaerit
3241 2845 3433 2899 relicta
3457 2847 3760 2914 possessio.

2770 2974 3094 3030 EPISTULA
3133 2974 3441 3031 LXXXVII.

2328 3077 2525 3123 DOIINO
2551 3079 2759 3122 SANCTIS
2787 3082 3000 3121 IBRITIS
3022 3081 3544 3123 PBECBLLENTISSIIO
3563 3108 3580 3134 ,
3603 3082 3655 3121 IN
3680 3079 3900 3123 (ξυιυςτο

2399 3150 2802 3198 ςιοιιιοδιεειιιο,
2822 3152 2886 3189 ΕΤ
2909 3150 3221 3191 Ανοδτοιιολ
3236 3151 3366 3191 εευις
3384 3150 3692 3203 οιααιθςηιο,
3709 3145 3734 3174 ⁸
3755 3153 3902 3193 PARS

662 3205 915 3275 quidquid
934 3205 1001 3260 ad
1033 3221 1220 3261 manus
1239 3216 1442 3262 vestras
1463 3201 1723 3276 pervenit.
1745 3185 1995 3277 vergatur
2025 3207 2077 3267 in
2107 3229 2229 3282 pau-
2253 3185 2300 3250 ο
2399 3185 2915 3260 iaii'tsb'i‘lu'rbé.

667 3311 843 3363 peres,
865 3307 1018 3365 atque
1045 3297 1241 3352 idcirco
1271 3297 1356 3350 ille
1379 3311 1474 3353 vos
1500 3297 1723 3359 forsitan
1744 3305 2058 3359 dehortetur
2087 3305 2227 3359 acci-

664 3399 793 3452 pere
820 3387 908 3459 qui
952 3387 1153 3446 invidet
1194 3407 1454 3462 erogare:
1497 3394 1902 3449 subministrare
1925 3403 2104 3449 tamen
2135 3411 2228 3450 re-

666 3479 969 3534 tributionis
998 3480 1213 3546 divinas,
1245 3481 1383 3536 unde
1428 3490 1484 3537 et
1527 3482 1848 3548 diSpensetis
1901 3498 2021 3538 cum
2072 3494 2231 3552 egent

663 3570 873 3642 inopes,
902 3582 955 3626 et
979 3572 1280 3628 concedatis
1309 3587 1428 3628 cum
1456 3574 1755 3640 supplicant
1775 3574 2062 3629 debitores.
2090 3575 2228 3629 Cur-

666 3663 768 3716 rite
791 3672 1111 3732 quaprOpter
1139 3663 1360 3732 plissimi
1383 3665 1465 3718 via
1498 3666 1706 3734 gemina
1725 3665 1890 3720 vestri
1913 3670 2091 3733 operis
2114 3666 2232 3719 uni-

668 3761 798 3806 tate.
819 3753 1094 3823 Nunquam
1139 3753 1185 3808 si
1226 3755 1444 3809 creditis
1485 3753 1800 3809 sufficientia
1830 3755 2002 3809 deerit
2051 3756 2229 3809 animo

665 3844 805 3897 tali:
848 3845 964 3914 ipso
1008 3845 1409 3916 possibilitatem
1456 3847 1732 3917 largiente,
1781 3848 1920 3901 unde
1951 3856 2230 3914 praestetur

672 3931 876 3987 habt-tis
902 3973 918 4000 ,
951 3948 982 3987 a
1007 3949 1113 4002 quo
1150 3935 1404 3989 voluntati
1434 3936 1662 3990 inlusam
1690 3946 1772 3990 est
1815 3937 2109 4006 nealiquid
2140 3953 2232 3992 ne-

669 4038 796 4096 gare
822 4026 1055 4095 possitis.

1120 4116 1444 4173 EPISTULA
1489 4117 1747 4172 LXXXV.

667 4221 852 4266 Δνιτυε
880 4222 1177 4262 νιειιιηεκειε
1214 4221 1487 4264 ειηεεορυθ
1517 4225 1639 4264 VIRO
1669 4225 1904 4264 ILLUSTRI
1942 4227 2225 4267 HERACLIO.

737 4297 847 4351 Nisi
870 4296 1152 4352 dolendum
1169 4299 1324 4354 amici
1340 4313 1519 4353 casum
1543 4301 1720 4353 animo
1747 4314 2035 4354 concussus
2057 4317 2233 4370 geme-

677 4401 805 4452 rem,
848 4386 1006 4440 multa
1034 4385 1269 4455 profecto
1300 4402 1672 4457 exaggerarem
1698 4431 1712 4454 ,
1747 4391 1886 4458 quod
1915 4406 2009 4445 vos
2043 4394 2095 4445 in
2121 4393 2230 4447 lec-

673 4476 804 4542 tulo,
833 4475 1100 4530 mendacis
1125 4475 1370 4545 podagra:
1410 4487 1577 4544 metu,
1615 4479 1823 4534 medico
1853 4489 2128 4549 vegetante
2161 4482 2228 4538 de

674 4574 784 4619 orte
811 4576 1084 4629 consueta,
1111 4567 1230 4634 plus
1253 4581 1408 4634 quam
1429 4567 1649 4634 poeticae
1681 4569 1900 4636 pedibus
1917 4571 2222 4639 innitentes,

667 4657 926 4714 montium
967 4656 1390 4712 scandendorum
1422 4659 1586 4727 magis
1610 4670 1852 4726 moveat,
1881 4676 2038 4726 cura,
2072 4678 2226 4732 quam

674 4763 938 4802 versuum.
988 4747 1202 4801 Moestus
1241 4761 1366 4800 vero
1393 4747 1487 4801 has
1516 4757 1567 4801 et
1595 4761 1714 4801 cum
1755 4749 2089 4807 festinatione
2118 4754 2232 4808 dic-

675 4839 782 4891 tavi
808 4876 825 4903 ,
857 4847 1134 4891 revocatus
1176 4835 1418 4890 videlicet
1462 4837 1527 4890 ad
1566 4839 1889 4906 sepulturam
1935 4845 2232 4898 communis

625 4974 634 4978 -
678 4928 766 4983 filii
788 4927 1049 4997 quondam
1074 4928 1318 4982 PrOIendi
1350 4945 1362 4982 :
1388 4929 1432 4982 si
1459 4937 1632 4985 tamen
1660 4931 1746 4984 vel
1774 4930 1873 4986 hoc
1893 4933 2062 5002 ipsum
2095 4938 2233 5005 patri

679 5095 767 5146 vit.
793 5090 1082 5147 Jornandes
1104 5090 1166 5163 de
1194 5090 1368 5144 Rebus
1397 5089 1590 5143 Geticis
1617 5107 1631 5143 :
1665 5092 2033 5160 Athalaricum,
2065 5099 2229 5163 ﬁlium

675 5165 944 5235 (uicatim
981 5160 1387 5235 _An_talasuenta:,
1425 5176 1588 5230 regem
1617 5166 1914 5235 constituit,
1970 5160 2132 5234 eisque
2179 5170 2232 5219 in

676 5230 928 5283 inundatis
957 5230 1089 5281 dedit
1117 5272 1131 5295 ,
1162 5245 1219 5280 ac
1243 5231 1284 5282 si
1315 5232 1643 5283 testamentali
1672 5248 1785 5284 voce
1821 5230 2145 5300 denuntians,
2179 5247 2233 5289 ut

681 5303 955 5366 principem
1000 5300 1300 5352 Urientalem
1342 5300 1598 5366 plaatum
1641 5317 1834 5372 semper
1868 5305 2234 5374 prapitiumque

681 5374 935 5422 haberent.

752 5449 776 5475 ει
819 5439 961 5491 Hanc
986 5437 1262 5504 epistolam
1286 5437 1450 5506 codex
1470 5437 1610 5492 Aviti
1638 5453 1743 5506 quo
1773 5441 1848 5494 usi
1881 5457 2065 5495 sumus
2084 5483 2097 5506 ,
2128 5458 2231 5498 non

683 5509 883 5560 habuit.
916 5507 1116 5560 lntexta
1147 5509 1269 5559 olim
1298 5505 1715 5574 fueratepistolis
1739 5510 2063 5575 llormisdm,
2088 5505 2234 5567 unde

687 5578 787 5629 huc
813 5578 954 5628 illam
1005 5577 1388 5637 transtulimus,
1430 5591 1546 5629 cum
1581 5578 1874 5632 Hormisdtc
1905 5583 2068 5646 ipsius
2119 5597 2232 5634 res-

687 5661 877 5712 poum;
910 5648 994 5712 qui
1024 5646 1262 5699 eamdem
1291 5654 1561 5715 praetcrea,
1592 5648 1641 5700 in
1671 5648 1887 5715 cpistola
1921 5651 1976 5702 ll
2009 5648 2234 5703 Anasta-

692 5715 772 5773 sio
802 5716 1062 5782 scribens,
1116 5715 1353 5782 designat
1393 5713 1473 5768 his
1511 5713 1726 5770 verbis}
1761 5717 2010 5784 Pendeat,
2046 5721 2234 5788 inquit,

2257 4534 2304 4592 Ι)

2403 3315 2535 3369 Dum
2563 3314 2834 3383 religionis
2881 3313 3043 3370 statui
3072 3323 3125 3368 et
3163 3313 3336 3383 plenis
3359 3312 3638 3368 catholica:
3669 3313 3793 3368 fidei
3825 3329 3902 3369 re-

2328 3404 2468 3473 gulis
2493 3403 2794 3472 perspicitis
2819 3405 3129 3471 convenire,
3158 3415 3214 3458 ut
3241 3418 3453 3474 gregem
3481 3419 3578 3473 per
3607 3413 3718 3458 tota
3749 3405 3904 3460 vobis

2332 3494 2649 3548 universalis
2698 3493 2948 3549 Ecclesia:
2998 3495 3235 3550 membra
3289 3495 3632 3549 commissum
3678 3498 3902 3566 pervigil

2332 3598 2458 3637 cura
2515 3593 2707 3639 vestrm
2757 3584 3145 3638 adhortationis
3198 3583 3471 3648 informet;
3543 3584 3900 3640 Viennensem

2333 3675 2654 3743 provinciam
2674 3677 2948 3744 superiore
2975 3690 3117 3731 anno
3135 3717 3148 3740 ,
3177 3677 3219 3729 si
3243 3675 3552 3731 meminisse
3580 3676 3901 3745 dignatnini,

2330 3765 2467 3819 datis
2493 3765 2557 3818 ad
2581 3765 2928 3820 humilitatem
2952 3780 3122 3820 meam
3151 3765 3340 3820 litteris
3369 3764 3641 3832 visitastis,
3675 3782 3903 3836 qumque

2331 3855 2396 3907 ad
2423 3870 2506 3910 me
2531 3895 2546 3920 ,
2571 3857 2861 3910 secundum
2892 3856 3030 3924 quod
3057 3856 3427 3924 opportunitas
3449 3857 3624 3910 oblata
3654 3858 3901 3911 contule-

2333 3956 2444 4011 rat,
2489 3960 2583 4012 per
2613 3947 2938 4000 Arelatensis
2982 3946 3234 4000 Ecclesia:
3261 3946 3486 4000 clericos
3512 3955 3896 4016 pervenerunt,

2333 4042 2386 4088 et
2413 4033 2626 4102 quidem
2655 4035 2976 4102 plenissima:
3000 4035 3356 4091 sollicitudine
3398 4038 3672 4106 pastorali.
3700 4038 3758 4092 In
3787 4041 3899 4108 qui-

2334 4127 2431 4180 bus
2468 4139 2565 4178 nos
2593 4166 2608 4190 ,
2661 4127 2797 4179 sicut
2833 4141 2924 4191 per
2949 4126 3352 4191 conversionem
3384 4129 3776 4196 provinciarum
3803 4169 3818 4193 ,
3847 4130 3899 4184 id

2331 4227 2416 4271 eet
2442 4213 2742 4278 Dardaniae,
2767 4215 2960 4285 Illyrici
2990 4215 3072 4270 vel
3095 4215 3349 4286 Scythiae,
3375 4217 3442 4271 ad
3468 4219 3898 4272 communionem

2331 4304 2638 4376 gaudiorum
2685 4307 3008 4373 provocatis,
3056 4307 3134 4360 sic
3184 4306 3543 4362 admonitione
3591 4311 3900 4362 cautissima

2331 4398 2456 4468 quid
2481 4413 2575 4453 nos
2621 4412 2714 4464 per
2759 4397 3105 4464 ignorantiam
3133 4397 3428 4465 praevenire
3459 4399 3646 4465 possit,
3680 4399 3901 4452 instrui-

2335 4490 2422 4543 tis.
2448 4489 2753 4560 Eutychetis
2780 4489 2937 4556 igitur
2960 4486 3295 4558 Nestoriique
3315 4488 3603 4553 damnatio,
3629 4502 3765 4558 quos
3785 4490 3899 4558 jam

2330 4581 2526 4636 dudum
2555 4597 2647 4649 per
2674 4580 3006 4635 beatissimos
3033 4580 3344 4636 decessores
3375 4591 3572 4634 sancite
3599 4581 3744 4635 sedis
3801 4597 3900 4636 ve-

2330 4681 2456 4727 strae
2484 4672 2708 4726 calcavit
2731 4671 3038 4737 auctoritas,
3067 4670 3132 4724 ad
3162 4671 3397 4726 notitiam
3421 4675 3528 4740 jam
3573 4672 3774 4740 pridem
3805 4688 3903 4726 no-

2334 4771 2496 4817 stram
2521 4763 2823 4831 apostolicm
2851 4761 2916 4815 ad
2937 4777 3031 4815 nos
3057 4761 3346 4831 diligentia:
3366 4761 3673 4832 provisione
3696 4764 3899 4832 perlata

2336 4862 2436 4906 est.
2464 4853 2568 4908 Sed
2605 4852 2735 4906 illud
2769 4861 2868 4905 "nos
2897 4851 3055 4904 modo
3083 4865 3368 4920 suspensos
3395 4852 3614 4907 multum
3639 4855 3902 4922 rcdigitet

2337 4945 2547 5007 anxios,
2580 4941 2720 5010 quod
2766 4955 2884 4994 cum
2929 4940 3158 5008 pendere
3198 4955 3294 4995 nos
3333 4942 3397 4994 ad
3429 4942 3670 4998 effectum
3703 4942 3729 4981 δ
3761 4945 3901 5012 lcga-

2339 5103 2492 5153 attxia
2521 5105 2678 5153 corda
2708 5111 3002 5152 cunctorum
3037 5116 3049 5153 :
3079 5101 3140 5152 ab
3170 5102 3360 5156 ultimis
3399 5104 3466 5154 ad
3493 5119 3584 5155 nos
3612 5101 3796 5157 Galliis
3825 5107 3907 5156 di-

2338 5180 2473 5222 recta
2502 5171 2706 5239 legatio,
2731 5171 2776 5222 si
2799 5172 2919 5236 quid
2946 5172 3007 5221 de
3035 5173 3222 5224 unitate
3249 5173 3694 5241 rcdintegrationis
3714 5174 3909 5226 sollici-

2338 5241 2462 5292 tudo
2485 5251 2656 5294 nostra
2682 5241 3007 5309 promovisset
3038 5241 3199 5309 forma
3228 5251 3398 5294 secuta
3425 5243 3694 5294 consuluit.

2407 5309 2433 5346 δ
2478 5311 2563 5362 Bis
2588 5307 2801 5378 quidem
2830 5307 3342 5378 Constantinopolim
3376 5313 3440 5363 ab
3474 5311 3750 5363 llormisda
3780 5313 3909 5366 mis-

2337 5393 2427 5430 sus
2454 5388 2538 5432 est
2566 5379 2838 5432 Etinodius
2868 5418 2884 5441 ,
2915 5381 3006 5432 sed
3050 5381 3201 5432 unica
3228 5419 3242 5440 .
3271 5396 3388 5432 cum
3418 5381 3608 5438 Avitus
3639 5381 3750 5433 bare
3779 5384 3910 5436 scri-

2339 5449 2507 5511 beret,
2543 5449 2733 5516 legatio
2762 5456 3128 5514 prmcesserat.
3157 5449 3278 5502 Ideo
3309 5450 3382 5502 illi
3408 5450 3737 5516 respondens
3773 5452 3915 5505 lior-

2341 5517 2507 5569 misda
2542 5533 2556 5571 :
2587 5519 2877 5588 Legationis
2899 5557 2913 5580 ,
2946 5518 3111 5584 inquit
3131 5559 3144 5580 ,
3177 5530 3357 5571 nostra
3378 5560 3391 5579 ,
3419 5536 3566 5586 quam
3590 5521 3742 5572 semel
3763 5563 3776 5580 ,
3812 5538 3914 5573 non

2339 5589 2555 5640 seattndo
2594 5587 2723 5639 sient
2767 5587 2989 5657 scribitis
3015 5627 3029 5650 ,
3063 5588 3318 5649 misimus,
3343 5591 3386 5640 si
3405 5589 3592 5641 votivus
3624 5592 3917 5657 contigissvt

2342 5666 2574 5719 eventus,
2617 5659 2810 5709 alacres
2858 5656 2998 5709 illico
3036 5657 3285 5709 vobiscum
3330 5659 3583 5726 {iuramus
3633 5656 3918 5713 desiderata

2347 5727 2604 5786 partiluri.
2631 5725 2785 5780 Prior
2816 5727 2956 5780 enim
2999 5727 3190 5792 legatio
3225 5728 3446 5780 Ennmlti
3481 5727 3756 5782 Florentio
3783 5745 3918 5784 cutt-

4143 1199 4154 1376 ἱ

4143 1483 4154 1800 l

4146 2391 4154 2558 i
