4154 6418
259 398 367 457 939

1358 398 1640 455 IIOMILIA
1681 397 1769 451 DE
1808 392 2342 456 ROGATlONlBUS.

3422 402 3529 462 290

261 520 421 573 tionis
467 513 707 572 secundo
754 512 1273 583 Constantinopolim
1339 514 1623 569 destinata:
1682 513 1829 566 omni
1861 518 1910 575 Α
1935 513 2080 567 enim
2128 528 2198 569 ue
2226 510 2530 582 pontiﬁcale
2554 510 2815 581 judicium
2836 553 2855 579 ,
2884 512 3013 568 dum
3043 526 3151 569 non
3182 512 3384 572 iudicat
3408 532 3541 585 pro-

258 607 675 676 exspectatiouis
703 606 877 661 studio
892 604 1183 673 iusseritis,
1212 618 1311 659 nec
1340 604 1466 673 quid
1493 603 1635 659 filius
1660 614 1839 659 vester

258 705 476 752 sanctus
505 698 669 752 frater
716 709 869 751 meus
899 696 1170 749 Ennodius
1196 693 1441 749 retulerit
1468 734 1485 759 ,
1533 708 1632 748 nec
1656 704 1834 747 utrum

257 797 442 842 secuta
470 786 691 842 redierit
723 784 1015 848 indicastis,
1056 794 1111 839 ct
1153 784 1568 851 promissionem
1599 794 1837 838 vestram

258 885 403 933 tanta
440 876 638 933 silentii
682 875 1032 931 diuturnitate
1057 874 1403 944 suspenditis,
1437 883 1495 929 ut
1522 889 1629 929 non
1660 874 1837 928 minus

259 967 419 1022 modo
471 965 839 1036 praediatoria
901 967 1235 1020 taciturnitas
1292 964 1481 1019 reddat
1530 965 1837 1031 attonitos,

257 1074 418 1130 quam
454 1069 609 1113 antea
642 1058 1136 1126 feceratlegationis
1160 1070 1309 1109 mora
1335 1067 1638 1126 suspectos.
1681 1054 1839 1111 Unde

256 1152 369 1208 sola
399 1155 514 1208 btec
536 1164 697 1207 causa
734 1165 921 1206 servos
966 1158 1172 1205 vestros
1202 1148 1341 1203 ﬁlios
1368 1161 1518 1203 meos
1539 1189 1557 1215 ,
1585 1148 1834 1205 Alexium

258 1244 630 1313 presbyterum
652 1253 708 1297 et
734 1240 1054 1297 Venantium
1074 1242 1358 1295 diaconum
1374 1281 1390 1303 ,
1425 1240 1587 1295 totius
1610 1238 1836 1309 provin-

254 1332 353 1389 cia:
380 1333 696 1390 Viennensis
723 1331 940 1387 nomine
962 1371 978 1396 ,
1020 1345 1141 1398 quae
1170 1330 1414 1385 ecclesiae
1440 1330 1506 1384 ad
1543 1345 1630 1385 me
1670 1330 1838 1399 perti-

255 1425 400 1481 nenti
425 1426 495 1481 ab
526 1423 792 1481 universis
821 1422 1195 1479 decessoribus
1229 1422 1424 1477 vestris
1447 1428 1503 1476 et
1541 1420 1835 1491 apostolica

254 1516 385 1571 sede
408 1516 696 1571 commissa
722 1523 836 1577 est,
863 1527 986 1569 cum
1014 1511 1296 1580 praesentis
1322 1510 1612 1566 famulatus
1640 1512 1833 1580 pagina

253 1604 548 1670 destinavi;
576 1620 674 1676 per
693 1619 829 1675 quos
862 1604 1081 1659 oraculo
1124 1602 1447 1658 beatissima:
1466 1602 1836 1671 responsionis

252 1713 561 1770 agnoscam,
583 1706 758 1752 utrum
787 1697 965 1753 fervor
984 1695 1333 1751 scitismatum
1363 1692 1709 1763 praefatorum
1741 1694 1834 1763 qui

252 1792 396 1845 intra
424 1786 1070 1856 ConstantinOpulitanam
1118 1788 1305 1839 urbem
1347 1782 1479 1837 vitio
1516 1780 1832 1852 perniciosfe

1941 617 2121 672 spera,
2169 604 2429 658 sensisset
2456 602 2705 658 adversa.
2736 603 2833 658 His
2860 603 3115 672 adjicitur
3137 644 3153 669 ,
3176 604 3321 675 quod
3347 605 3532 663 diver-

1938 708 2123 749 sorum
2149 692 2255 748 ﬁda
2285 692 2547 749 relatione
2576 694 2970 763 comperimus,
3000 696 3070 750 de
3096 696 3534 751 reconciliatione

1941 786 2030 841 vel
2050 785 2341 840 concordia
2370 785 2624 841 Ecclesia:
2645 784 3159 853 Romanasjactitare
3173 799 3234 841 se
3248 785 3532 848 Greciam;

1938 874 2092 946 quod
2109 876 2252 931 sicut
2293 874 2725 945 amplectendam
2751 916 2767 941 ,
2814 875 2863 930 si
2906 876 3172 931 veraciter
3194 876 3391 931 dicitur
3416 917 3431 936 .
3462 877 3533 931 ita

1938 965 2287 1021 metuendum
2349 974 2435 1020 est
2477 980 2547 1021 ne
2605 964 2800 1020 callide
2850 966 3153 1021 simuletur.
3209 966 3530 1031 Quaesumus

1937 1070 2067 1126 ergo
2112 1056 2332 1112 servitio
2383 1072 2505 1113 meo
2542 1057 2719 1112 cuncti
2766 1053 2857 1128 [1η
2899 1054 3087 1110 Labbei
3132 1057 3257 1111 edit.
3307 1056 3530 1122 σαρξί,

1933 1144 2166 1217 iuncto],
2211 1157 2271 1203 ut
2310 1146 2437 1217 quid
2471 1147 2597 1202 Illiis
2624 1148 2820 1203 vestris
2864 1148 3123 1204 fratribus
3162 1148 3319 1212 meis,
3360 1148 3414 1203 id
3439 1160 3528 1203 est

1937 1236 2246 1301 Gallicanis,
2270 1239 2316 1292 si
2338 1236 2593 1293 consular
2614 1237 2947 1307 respondere
2966 1239 3195 1295 debeam
3224 1239 3526 1303 instruatis;

1936 1336 1991 1382 et
2017 1328 2137 1396 quia
2168 1342 2423 1393 securus,
2467 1342 2577 1382 non
2624 1327 2801 1383 dicam
2844 1329 2913 1383 de
2960 1328 3282 1393 Viennensi,
3314 1328 3409 1383 sed
3455 1328 3526 1383 de

1938 1418 2101 1473 totius
2132 1414 2320 1473 Callia:
2348 1419 2635 1474 devotione
2664 1418 2949 1487 polliceor,
2977 1435 3170 1475 omnes
3193 1433 3357 1491 super
3383 1428 3529 1475 statu

1935 1506 2063 1563 ﬁdei
2092 1518 2324 1564 vestram
2356 1519 2575 1578 captare
2623 1512 2947 1566 sententiam
2977 1528 2992 1565 :
3021 1520 3174 1567 orate
3212 1518 3274 1567 ut
3310 1511 3391 1566 sic
3428 1526 3534 1566 nos

1938 1598 2269 1668 perditorum
2293 1600 2560 1671 professio
2590 1598 2762 1655 fucata
2797 1616 2903 1656 non
2935 1599 3118 1665 fallat,
3150 1600 3289 1655 sicut
3314 1600 3384 1655 ab
3408 1599 3531 1655 uni-

1937 1697 2045 1743 tate
2086 1703 2245 1759 quam
2290 1691 2473 1762 regitis
2494 1690 2694 1746 veritas
2721 1703 2995 1762 comperta
3020 1708 3127 1747 non
3162 1700 3399 1761 separat.
3425 1694 3531 1746 Ac-

1934 1786 2091 1847 cepta
2118 1792 2175 1833 ιιι
2216 1779 2470 1835 calendas
2516 1780 2835 1848 Februarii,
2870 1783 3099 1851 Agapito
3136 1781 3397 1848 consule,
3432 1796 3529 1851 per

250 1878 629 1935 obstinationis
676 1884 989 1941 exarserat,
1021 1876 1243 1945 cuique,
1268 1874 1409 1945 quod
1438 1874 1607 1944 magis
1636 1872 1827 1928 dolen-
1856 1862 1903 1924 B
1930 1868 2179 1925 Alexium
2210 1871 2585 1941 presbyterum
2613 1883 2666 1925 et
2694 1871 3018 1927 Venatitium
3068 1871 3375 1927 diaconum.

249 1973 375 2025 dum
399 1979 505 2033 est,
554 1967 974 2024 Alexandrinam
1002 1967 1086 2022 vel
1118 1967 1507 2022 Antiochenam
1553 1963 1824 2020 Ecclesias

248 2060 430 2115 dicitis
469 2058 727 2128 illigatas,
766 2056 919 2112 vobis
964 2054 1181 2111 Christo
1228 2054 1442 2110 favente
1486 2053 1824 2120 docentibus,

248 2152 409 2221 digna
433 2150 593 2204 fuerit
615 2148 950 2204 correctione
978 2146 1288 2211 restinctus,
1321 2154 1414 2199 aut
1432 2145 1478 2200 si
1500 2156 1716 2199 reversa
1747 2142 1824 2197 le-

247 2244 393 2314 gatio
434 2241 485 2295 in
518 2239 721 2310 paginis
753 2238 1093 2294 evidentibus
1121 2235 1263 2306 quod
1304 2234 1530 2305 simplex
1564 2234 1831 2304 legeretur

246 2330 510 2398 exhibuit,
533 2343 601 2383 an
631 2328 769 2383 forte
785 2327 974 2382 nuntio
1002 2327 1172 2396 magis
1192 2326 1395 2387 retulit.
1423 2323 1565 2379 unde
1585 2324 1654 2377 de
1682 2322 1833 2377 vobis

246 2422 313 2479 ad
362 2422 466 2476 hoc
501 2419 886 2491 qualiscunque
925 2419 1158 2490 suspicio
1194 2426 1524 2474 reservetur.
1568 2415 1833 2472 Verentur

245 2553 364 2607 sule
384 2551 625 2620 contigit,
674 2566 815 2607 anno
845 2551 1039 2606 Christi
1088 2549 1216 2615 515,
1256 2565 1415 2620 quam
1464 2565 1585 2605 cum
1625 2550 1830 2604 irritam

245 2622 743 2677 lecissetAnastasii
768 2622 897 2691 imp.
924 2620 1146 2686 perﬁdia
1166 2620 1614 2691 etdissimulatin,
1645 2630 1828 2688 poste-

248 2694 364 2746 rior
403 2691 611 2759 adjecta
654 2700 739 2745 est
764 2706 822 2745 ιιι
848 2690 1023 2745 nonas
1049 2690 1280 2759 Aprilis,
1329 2691 1555 2759 Agapito
1581 2692 1826 2754 consule,

243 2774 390 2816 anno
408 2758 605 2815 Christi
635 2758 759 2829 51⁸1,
777 2776 882 2829 quo
909 2761 1027 2829 ipso
1054 2758 1196 2815 anno
1216 2761 1357 2814 Aviti
1374 2758 1614 2829 epistola:
1642 2773 1830 2814 mense

2396 1960 2729 2018 EPISTULA
2759 1960 3096 2017 LXXXVIII.

1930 2065 2210 2107 BOBIISD£
2238 2066 2398 2107 Ανιτο
2414 2068 2682 2120 ειιιεοοιιο,
2698 2069 2801 2109 νει.
2821 2068 3095 2109 ιιιιινιιεις
3116 2068 3376 2110 ειιιωοιης
3398 2064 3524 2109 Plo-

1968 2135 2160 2176 VINCIB
2184 2136 2511 2189 νιειιιιειιειι,
2535 2136 2628 2178 SUB
2648 2140 2755 2179 ‘I'UA
2782 2138 3013 2180 υιαιεεοι
3028 2138 3492 2181 (ςοιιειετειιτιιιυο.

2003 2231 2106 2299 Qui
2122 2231 2190 2288 de
2208 2233 2291 2287 bis
2312 2247 2432 2303 qua:
2460 2233 2529 2288 ad
2555 2232 2894 2305 disciplinam
2914 2236 3235 2291 catholicam
3256 2236 3526 2307 pertinent

1934 2324 2169 2379 maxime
2194 2323 2371 2379 sciens
2399 2324 2591 2378 instrui
2621 2325 2791 2394 cupit,
2814 2326 2942 2394 quid
2968 2326 3205 2381 studii...

2011 2409 2205 2483 (Hanc
2230 2412 2493 2481 epistolam
2525 2411 2762 2468 dabimus
2785 2413 2870 2467 ubi
2886 2423 2932 2468 et
2958 2412 3313 2484 Hormiadw.)

1942 2545 2239 2619 Februario
2285 2548 2639 2617 responderat
2679 2549 2984 2607 llormisda.
3026 2549 3203 2619 Quare
3234 2548 3526 2606 secundam

1938 2616 2260 2690 legationem
2286 2658 2303 2683 ,
2343 2616 2464 2689 quae
2492 2629 2602 2690 tum
2636 2619 2814 2690 adhuc
2843 2616 3154 2690 parabatur,
3178 2620 3289 2690 jam
3313 2620 3522 2688 profec-

1936 2696 2044 2742 tam
2077 2688 2129 2743 in
2154 2688 2429 2745 Orientem
2455 2689 2585 2746 falsa
2616 2688 2877 2747 Viennam
2897 2691 3036 2746 fama
3062 2688 3378 2761 pertulerat.

1250 2975 1897 3087 ALCIMI
1961 2975 2521 3087 Δνιτι

815 3152 1490 3277 'HOMILIA
1571 3162 1748 3273 DE
1836 3164 1847 3273 ξ

1932 3162 2930 3281 OGATIONIBUS.

1030 3338 1213 3395 UNDE
1248 3334 1705 3395 CONSUETUDO
1742 3334 2193 3393 ROGATIONUM
2232 3339 2724 3399 PROCESSERIT.

311 3550 490 3608 Currit
517 3546 733 3621 quidem
762 3544 974 3600 tramite
1009 3542 1176 3608 vitali.
1206 3558 1311 3598 non
1349 3558 1444 3615 per
1468 3545 1667 3601 Callias
1707 3556 1825 3601 tan-
1850 3546 1899 3610 C
1930 3547 2143 3602 cuidam
2200 3546 2371 3600 tutius
2416 3544 2563 3601 orbis
2616 3545 2789 3602 funeri
2845 3548 3209 3619 prodigiosum
3256 3549 3526 3621 quoddam

242 3641 542 3706 tummodo,
569 3638 664 3695 sed
714 3650 850 3707 pene
900 3649 996 3705 per
1035 3635 1219 3691 orbem
1269 3643 1435 3689 totum
1484 3636 1828 3706 rogationalis

242 3732 600 3790 observantia:
645 3731 842 3784 flumen
874 3727 1155 3798 irriguum,
1180 3735 1235 3782 et
1268 3725 1521 3783 infectam
1548 3728 1694 3782 vitiis
1722 3737 1831 3782 ter-

244 3842 359 3881 ram
386 3824 537 3879 uberi
565 3822 710 3877 ﬂuxu
736 3835 923 3875 annua:
952 3819 1331 3875 satisfactionis
1351 3830 1631 3890 expurgat.
1662 3820 1827 3876 Pecu-

244 3920 431 3974 liarior
462 3928 637 3970 tamen
682 3914 837 3970 nobis
877 3914 929 3968 in
969 3912 1070 3967 hac
1096 3912 1209 3982 ipsa
1240 3912 1574 3969 institutione
1616 3912 1828 3968 servitii

243 4022 297 4065 et
318 4007 496 4079 gaudii
526 4019 686 4062 causa
714 4012 817 4070 est,
840 4003 963 4068 quia
991 4002 1131 4073 quod
1164 4002 1287 4056 hinc
1313 4002 1475 4057 modo
1512 4002 1578 4057 ad
1599 4012 1825 4058 cuncto-

244 4118 361 4158 rum
388 4100 672 4156 utilitatem
714 4096 917 4161 deﬂuit,
951 4109 1015 4150 ex
1044 4106 1230 4149 nostro
1260 4096 1507 4163 primitus
1530 4094 1678 4149 fonte
1703 4109 1819 4149 ma-

245 4194 394 4247 navit
420 4208 433 4243 :
464 4200 519 4246 et
547 4189 682 4243 forte
706 4201 846 4242 nunc
873 4186 1138 4256 pertineat
1157 4185 1221 4238 ad
1253 4184 1623 4255 cujuscunque
1654 4186 1821 4254 privi-

247 4282 369 4349 legii
418 4288 663 4334 ornatum
716 4285 942 4346 sumpta:
990 4274 1233 4343 primitus
1280 4273 1625 4328 institutionis
1671 4289 1829 4330 exor-

242 4373 414 4427 dium.
470 4369 734 4425 Caeterum
799 4380 921 4421 cum
971 4366 1038 4419 ad
1097 4364 1402 4434 huiusmodi
1469 4364 1824 4420 humilitatem

245 4462 530 4518 inell‘abilis
570 4460 860 4515 necessitas
889 4456 1055 4527 rigida
1093 4457 1471 4512 Viennensium
1510 4456 1677 4513 corda
1705 4473 1829 4527 per-

244 4554 475 4618 domuit,
501 4552 739 4606 sentiens
764 4549 988 4603 ecclesia
1026 4557 1205 4602 nostra
1244 4562 1459 4601 causam
1496 4548 1826 4618 mgritudinis

244 4662 379 4711 sure,
402 4659 507 4699 non
537 4642 638 4699 sibi
668 4642 816 4711 quasi
843 4641 1073 4696 maxime
1104 4654 1213 4709 pra:
1242 4640 1513 4705 omnibus,
1541 4640 1637 4695 sed
1670 4641 1825 4711 quasi

243 4736 346 4791 soli
374 4750 439 4790 ex
470 4733 715 4788 omnibus
737 4731 1050 4787 existimans
1074 4744 1210 4799 opus
1234 4744 1355 4785 esse
1379 4729 1701 4785 instituenda
1725 4732 1824 4786 ob-

244 4827 548 4883 servatione
596 4823 871 4892 przescnti,
902 4822 1185 4876 sollicitius
1224 4823 1458 4889 captavit
1505 4823 1823 4889 remedium,

1933 3637 2184 3693 bustuale
2206 3635 2608 3691 minitabantur.
2642 3637 2773 3691 Nam
2798 3640 3069 3708 populosis
3089 3639 3367 3697 hominum
3394 3655 3526 3697 con~

1930 3727 2179 3783 cursibus
2222 3726 2515 3782 domestica
2560 3727 2887 3782 silvestrium
2923 3728 3154 3785 ferarum
3182 3732 3391 3802 species
3427 3731 3525 3785 ob-

1930 3817 2281 3885 versabatur,
2336 3815 2477 3871 Deus
2517 3814 2713 3870 viderit
2759 3831 2826 3871 an
2875 3818 3154 3874 ludiﬁcans
3201 3820 3408 3884 oculis,
3452 3835 3525 3875 an

1929 3908 2161 3963 adducta
2219 3908 2505 3977 portentis.
2545 3906 2817 3977 Quidquid
2859 3918 3036 3963 tamen
3082 3924 3149 3964 ex
3199 3910 3265 3965 iis
3312 3910 3525 3967 duobus

1930 4004 2089 4067 foret,
2132 3998 2357 4071 perinde
2399 4010 2798 4056 monstruosum
2849 4000 3273 4073 intelligebatur,
3311 4016 3409 4057 seu
3437 4003 3521 4059 sic

1929 4096 2197 4151 veraciter
2221 4094 2473 4149 immania
2502 4094 2799 4150 bestiarum
2825 4094 2989 4149 corda
3022 4094 3391 4165 mansueﬁeri,
3422 4109 3521 4151 seu

1931 4194 2038 4241 tam
2071 4187 2399 4241 horribiliter
2417 4187 2795 4256 eonspectibus
2832 4186 3142 4242 territorum
3172 4186 3321 4241 falsa:
3355 4187 3524 4243 visio-

1931 4275 2015 4330 nis
2044 4275 2415 4344 phantasmata
2466 4292 2626 4345 posse
2667 4276 2923 4346 confingi.
2974 4276 3119 4333 Inter
3167 4278 3282 4332 haec
3309 4277 3524 4335 diversa

1928 4371 2071 4441 vulgi
2102 4373 2390 4436 sententia,
2421 4371 2824 4442 dispariumque
2851 4370 3100 4425 ordinum
3124 4371 3288 4425 varia:
3316 4372 3519 4440 Opinio-

1930 4476 2047 4517 nes.
2074 4461 2178 4516 Alii
2217 4462 2361 4530 quod
2409 4461 2713 4517 sentiebant
2760 4460 3172 4528 dissimulando,
3222 4477 3343 4532 qua:
3374 4462 3524 4517 lletui

1930 4540 2183 4606 nolebant
2216 4550 2367 4616 dare,
2395 4550 2545 4606 casui
2571 4550 2804 4617 dabant;
2835 4552 2926 4605 alii
2956 4552 3147 4620 spiritu
3192 4551 3524 4617 salubriore,

1928 4641 2308 4697 abominabilia
2341 4656 2475 4697 nova
2505 4656 2720 4713 quoque
2747 4640 2837 4712 (In
2866 4644 2988 4697 edit.
3025 4642 3248 4714 Gagnei,
3271 4644 3525 4712 quaeque)

1929 4733 2179 4803 congruis
2220 4732 2482 4788 malorum
2534 4735 2875 4803 proprietatis
2912 4733 3394 4805 signiﬁcationibus
3441 4733 3524 4789 in-

1931 4824 2378 4893 terpretabantur.
2412 4825 2542 4889 Quis
2565 4828 2708 4880 enim
2749 4826 2801 4880 in
2832 4828 3036 4883 crebris
3063 4827 3275 4897 ignibus
3315 4828 3522 4882 imbres

246 4933 404 4988 quam
437 4918 737 4984 primatum.
765 4913 833 4968 Et
852 4912 1065 4992 quidem
1094 4920 1356 4966 terrorum
1389 4913 1649 4982 temporis
1680 4913 1822 4967 illius
1852 4915 1901 4972 D
1928 4914 2285 4971 Sodomiticos
2306 4931 2411 4970 non
2436 4918 2684 4972 timeret?
2702 4918 2817 4988 quis
2841 4919 3193 4974 trementibus
3214 4918 3521 4985 elementis,

243 5022 436 5065 causas
478 5006 671 5059 multos
707 5014 949 5059 nostrum
980 5002 1218 5057 recolere
1256 5002 1390 5056 scio.
1423 5002 1699 5073 Siquidem
1742 5005 1826 5058 in-

243 5100 433 5155 cendia
456 5096 664 5160 crebra,
693 5104 847 5148 terra:
867 5105 1042 5147 mozus
1066 5091 1287 5157 assidui,
1315 5094 1562 5147 nocturni
1590 5094 1820 5165 sonitus,

321 5290 349 5319 ι
378 5278 454 5333 De
482 5270 835 5346 bac_homilia
862 5271 1153 5346 Gregorius
1196 5270 1397 5346 Turon.
1442 5271 1537 5346 lib.
1559 5288 1612 5346 tt
1645 5274 1823 5329 [listo-

244 5354 363 5415 τίω,
396 5362 512 5417 cap.
544 5344 651 5400 διε
687 5342 860 5417 Refert
886 5342 1063 5417 Apitus
1100 5342 1401 5417 ineundum
1432 5342 1642 5417 Itoutilia
1672 5360 1822 5413 quam

245 5426 313 5477 de
353 5410 1107 5488 Raghumib”lcripsilkh‘“
1153 5410 1289 5488 ξρεαδ
1345 5410 1655 5488 negationes
1684 5410 1822 5488 ἰλιξαε

245 5502 367 5547 ante
385 5480 702 5540 Aicension‘t's
725 5480 931 5535 Domini
951 5480 1266 5547 triumphum
1291 5482 1616 5546 celebramus,
1642 5499 1673 5534 a
1706 5480 1822 5537 Μα-

247 5570 408 5614 ιηενιο
437 5558 594 5626 ipsius
626 5552 923 5626 Viennensis
969 5550 1116 5626 urbis
1155 5551 1411 5626 episeopo,
1444 5553 1606 5626 quiet
1654 5552 1823 5626 Ιιὶενρο

246 5619 469 5697 tempore
494 5631 730 5697 praeerat,
751 5619 1361 5697 _i_nstitutasfu_isse,_dttm
1392 5621 1509 5671 urbs
1530 5622 1619 5673 illa
1652 5625 1820 5697 multis

246 5689 537 5773 terreretur.
561 5691 1203 5773 prodigiis,_.etc.nhl_ultas_
1227 5689 1382 5769 hujus
1422 5692 1724 5773 argumenti
1753 5697 1819 5773 aii

244 5769 407 5823 Avito
454 5758 659 5817 habitas
702 5758 945 5815 bomilias
977 5760 1133 5815 ﬁdem
1182 5759 1377 5814 faciunt
1420 5760 1562 5815 b‘lori
1610 5760 1817 5816 diaconi

1932 5017 2023 5061 aut
2052 5007 2277 5062 decidua
2298 5008 2615 5075 culminum,
2649 5017 2741 5063 aut
2772 5010 3013 5081 disrupta
3046 5017 3307 5066 terrarum
3341 5010 3519 5065 immi-

1933 5111 2064 5153 nere
2094 5111 2201 5152 non
2228 5097 2516 5153 crederet?
2553 5098 2672 5168 quis
2696 5099 2907 5167 videns,
2940 5108 3086 5157 certe
3110 5100 3297 5158 videre
3334 5114 3397 5157 se
3420 5116 3521 5171 pu-

1934 5277 2216 5349 Excerpta,
2240 5278 2299 5349 in
2322 5278 2517 5347 quibus
2549 5280 2829 5336 sententia:
2852 5282 3201 5349 proferuntur
3218 5298 3289 5339 ex
3316 5298 3523 5339 sermo-

1932 5346 2085 5421 nibus
2106 5347 2195 5421 die
2227 5346 2423 5416 primo,
2450 5350 2687 5421 secundo
2712 5362 2765 5404 et
2797 5346 2953 5405 tertio
2981 5353 3352 5421 Rogationum.
3380 5354 3519 5419 Quin

1926 5426 1980 5470 et
2012 5419 2094 5471 his
2121 5418 2299 5485 plures
2331 5434 2555 5473 numero
2595 5419 2761 5473 fuisse
2789 5418 3133 5487 crediderim,
3164 5424 3257 5477 sed
3280 5438 3309 5476 a
3356 5418 3521 5478 Floro

1928 5497 2207 5555 propterea
2238 5503 2411 5567 neque
2454 5490 2589 5569 hanc
2628 5490 2815 5569 inqua
2843 5504 3140 5569 versamur,
3160 5507 3360 5569 neque
3384 5495 3521 5546 alias

1926 5558 2359 5629 commemorari,
2388 5558 2535 5629 quod
2577 5559 2629 5612 in
2674 5558 2952 5629 illisﬁnulla
2983 5561 3133 5615 Pauli
3160 5562 3518 5629 Epistolarum

1927 5626 2078 5698 ﬁeret
2109 5627 2331 5698 mentio.
2364 5628 2493 5691 Quae
2523 5630 2574 5680 in
2604 5628 2703 5682 hac
2729 5628 2969 5684 editione
3008 5640 3189 5685 nostra
3206 5626 3521 5698 discrepant

1928 5709 1952 5744 a
1979 5693 2552 5769 Gagneianaomnium
2578 5698 2774 5764 prima,
2792 5700 2955 5754 veteri
2984 5700 3279 5769 exemplari
3311 5693 3517 5755 deben-

1928 5774 2014 5817 tur
2044 5779 2110 5819 οι
2144 5780 2251 5835 quo
2274 5766 2589 5835 deprompta
2625 5777 2769 5823 sunt.
