4316 6488
240 14 982 73 ψ-
865 14 969 28 Ὗ
997 49 1018 73 Ι

719 527 817 582 291

718 648 858 707 tans,
887 636 1107 708 pavidos
1150 597 1462 690 naturaliter
1511 636 1821 699 cervos'~per
1847 639 2070 699 angusta
2104 637 2282 708 porta-
2311 626 2364 686 Δ
2389 625 2689 682 suetudinis
2729 626 3047 696 assignaret.
3089 627 3388 696 inspirante
3423 624 3584 694 igitur
3614 635 3956 690 compunctu-

719 704 1024 794 rum’usque
1050 723 1117 777 ad
1141 722 1238 776 lori
1264 721 1367 773 lata
1388 729 1750 788 penetrantes,
1779 733 1885 773 non
1919 704 2283 794 imminentem

719 813 1019 869 solitudinis
1079 811 1399 864 sententiain
1465 807 1819 863 formidaret?
1872 807 2011 875 Quid
2075 804 2287 860 multis?

721 905 909 960 Tracta
936 911 1058 958 sunt
1101 900 1216 954 ιιειιο
1245 903 1382 972 inter
1422 901 1642 955 timores
1680 901 1919 969 publicos
1957 907 2010 953 et
2049 910 2289 953 rumores

722 996 948 1061 privatos
971 1005 1137 1059 usque
1165 991 1231 1041 ad
1253 989 1618 1044 imminentem
1641 987 1962 1042 solemnium
1990 985 2288 1055 vigiliarum

720 1089 924 1135 noctem
954 1095 1054 1149 qua
1081 1078 1339 1134 celebrari
1373 1077 1571 1132 festum
1606 1077 1888 1132 dominicae
1915 1073 2291 1130 Resurrectio-

719 1173 804 1225 nis
829 1185 1000 1225 annua
1031 1167 1362 1225 consuetudo
1393 1168 1661 1238 poscebat.
1694 1167 1968 1236 Siquidem
2013 1167 2148 1220 lianc
2175 1179 2291 1218 om-

721 1276 854 1328 nes,
889 1261 1124 1314 laborum
1175 1273 1355 1327 opem,
1409 1257 1670 1311 malorum
1713 1258 1895 1324 finem,
1947 1257 2289 1312 metuentium

724 1349 1093 1412 securitatem,
1117 1347 1480 1400 communibus
1503 1345 1695 1399 animis
1722 1347 2153 1416 opperiebantur.
2184 1345 2291 1399 Ad-

721 1439 823 1493 fuit
855 1452 980 1506 ergo
1006 1452 1115 1491 nox
1154 1437 1238 1490 illa
1269 1435 1586 1490 venerabilis
1616 1451 1733 1506 qua:
1775 1435 1842 1490 ad
1871 1449 2020 1504 spem
2068 1434 2293 1503 publica

721 1527 1071 1582 absolutionis
1100 1525 1328 1579 votivqu
1371 1525 1607 1579 solemne
1649 1524 1992 1594 patefecerat.
2021 1523 2126 1578 Sed
2156 1539 2283 1578 mox

722 1617 827 1672 illic
853 1617 1019 1671 multo
1050 1615 1415 1670 vehementior
1446 1616 1701 1684 strepitus
1725 1615 1839 1669 ictu
1857 1613 2049 1683 ﬂagelli
2075 1614 2292 1684 gravius

722 1706 960 1760 ferientis
989 1705 1253 1757 intonuit;
1287 1712 1468 1772 utpote
1497 1718 1655 1774 quem
1682 1703 1791 1773 jam
1842 1703 2080 1758 emensis
2117 1702 2294 1773 gradi-

723 1797 844 1861 bus,
875 1795 1256 1864 superlativum
1297 1795 1426 1849 nihil
1457 1796 1604 1865 sequi
1643 1785 1785 1850 aliud
1812 1811 1971 1866 quam
2003 1795 2167 1852 chaos
2210 1797 2293 1850 in-

721 1886 1068 1954 telligeretur.
1094 1882 1263 1939 Edos
1293 1897 1520 1954 namque
1571 1883 1782 1952 publica
1825 1899 1983 1953 quam
2037 1882 2292 1952 praecelso

1979 511 2037 568 S.
2083 509 2262 566 AYITI
2307 507 2704 566 VIENNENSIS

3847 503 3958 562 “2‘37.

2388 732 2506 772 rum
2542 718 2792 774 cordibus
2831 718 2964 782 Deo,
3007 716 3218 771 auditur
3252 728 3283 768 a
3319 714 3550 777 cunctis,
3587 713 3954 777 conﬁrmatur,

2403 809 2669 864 attollitur
2699 826 2714 863 :
2744 809 2956 878 eligitur
2994 807 3220 875 tempori
3255 805 3487 860 triduum
3517 814 3778 870 presens,
3816 803 3954 871 quod

2389 900 2530 954 inter
2547 897 2892 955 Ascensionis
2913 909 3082 952 saera
3108 896 3307 950 cultum
3336 895 3578 964 diemque
3593 890 3941 956 dominicum,

2388 987 2542 1060 quasi
2569 988 2796 1056 quodam
2826 985 3236 1056 opportunitatis
3278 983 3504 1054 pr0priaa
3531 980 3694 1036 limbo
3731 980 3955 1034 circum-

2391 1077 2585 1148 positis
2617 1075 3040 1131 solemnitatibus
3065 1072 3477 1142 marginaretur.
3511 1068 3838 1140 Exploraute
3861 1082 3953 1121 auo

2393 1177 2500 1224 tem
2530 1167 2782 1237 episcopo
2819 1167 3082 1221 fervorem
3117 1163 3490 1232 incboatiouis,
3521 1167 3577 1216 et
3602 1160 3836 1216 maxime
3864 1172 3952 1214 re-

2399 1269 2548 1312 rente
2568 1270 2657 1323 ne,
2681 1255 2751 1310 ob
2774 1254 2976 1309 tardam
3000 1253 3178 1323 populi
3200 1251 3594 1322 sequacitatem,
3618 1247 3952 1319 paucioribus

2390 1347 2598 1403 e-Juctis
2623 1346 2928 1402 observatio
2947 1344 3061 1413 ipsa
3087 1342 3367 1400 confestim
3380 1342 3437 1396 in
3460 1339 3543 1396 sui
3562 1339 3794 1394 novitate
3817 1336 3951 1392 revi-

2391 1438 2652 1502 lesceret;
2689 1436 2758 1490 ad
2803 1435 3081 1490 basilicam
3119 1447 3240 1503 quae
3274 1441 3401 1488 tunc
3430 1429 3700 1486 moenibus
3739 1427 3951 1482 vicinior

2391 1538 2506 1584 erat
2538 1526 2791 1592 civitatis,
2825 1523 3122 1580 orationem
3157 1522 3343 1592 prima
3367 1517 3722 1588 processionis
3749 1516 3952 1571 indicit.

2395 1617 2502 1672 Itur
2515 1615 2737 1671 celebri
2771 1613 3075 1681 alacritate,
3103 1611 3319 1683 copiosa
3339 1608 3696 1676 multitudine,
3725 1607 3954 1662 maxima

2394 1722 2510 1762 com
2518 1706 2800 1776 punctione
2813 1720 2828 1760 :
2842 1713 2903 1760 ut
2922 1717 3110 1760 revera
3127 1701 3305 1773 populi
3316 1701 3567 1774 lacrymis
3588 1700 3955 1766 laboribusque

2394 1797 2570 1853 brevis
2607 1807 2770 1866 atque
2803 1803 3025 1866 angusta
3067 1789 3343 1864 processio
3375 1791 3662 1848 videretur.
3705 1787 3804 1844 Ubi
3831 1801 3957 1841 vero

2393 1897 2609 1945 sanctus
2627 1889 2879 1946 sacerdos
2898 1889 2967 1943 de
2985 1887 3250 1942 minorum
3266 1882 3458 1939 effectu
3485 1881 3746 1952 majorum
3771 1878 3959 1933 indicia

721 1977 950 2030 iivitatis
970 1978 1162 2029 vertice
1186 1975 1485 2029 sublimitas
1511 1974 1846 2030 immensiter
1872 1974 2134 2046 fastigiata
2167 1989 2294 2046 prat-
2325 1969 2630 2050 Bcollegit,
2684 1979 2927 2049 sequenti
2974 1977 3063 2033 die
3111 1974 3411 2032 institutum
3463 1981 3576 2039 est,
3631 1969 3773 2041 quod
3821 1982 3961 2024 nunc

725 2068 940 2130 tulerat,
971 2067 1196 2120 ﬂammis
1241 2065 1566 2120 terribilibus
1608 2065 1940 2135 conﬂagrare
1980 2067 2296 2136 crepusculo

721 2157 899 2225 erupit.
925 2155 1289 2224 Interpellatnr
1326 2155 1503 2224 itaque
1532 2154 1718 2208 nuntio
1745 2153 2073 2210 discriminis
2092 2156 2295 2223 jucun-

722 2246 862 2299 ditas
905 2242 1493 2311 solemnitatiszpleno
1524 2241 1801 2297 timoribus
1842 2243 2037 2312 populo
2070 2244 2297 2299 ecclesia

723 2344 999 2390 vacuatur.
1043 2335 1240 2389 Omnes
1278 2347 1506 2404 namque
1543 2333 1782 2406 similem
1823 2334 2166 2390 facultatibus
2212 2333 2298 2391 vel

726 2426 976 2480 domibus
1032 2424 1260 2494 prepriis
1314 2437 1495 2478 casum
1544 2423 1613 2477 de
1662 2423 1888 2492 quadam
1930 2424 2298 2494 praeminentis

723 2514 954 2572 incendii
985 2528 1108 2569 arce
1134 2510 1474 2570 metuebant.
1505 2511 1744 2566 Perstitit
1770 2520 1946 2568 tamen
1980 2527 2163 2568 coram
2193 2513 2296 2570 fes-

724 2606 849 2661 tivis
875 2605 1129 2659 altaribus
1162 2603 1391 2658 invictus
1414 2603 1662 2667 antistes,
1689 2611 1744 2656 et
1770 2603 2004 2657 calorem
2041 2601 2161 2658 fidei
2189 2617 2301 2658 sua

725 2689 1027 2762 accendens
1052 2681 1271 2747 ﬂumine
1315 2690 2042 2761 lacrymarum,‘permissam
2089 2693 2301 2762 ignibus

725 2792 1046 2856 potestatem
1089 2781 1337 2836 incendio
1379 2780 1701 2836 abscedente
1727 2781 2074 2856 compescuit.
2104 2782 2302 2852 Despe-

724 2852 935 2932 ratione
961 2872 1201 2943 deposita
1253 2870 1456 2926 reditur
1494 2869 1560 2925 ad
1609 2852 2003 2934 ecclesiam,‘et
2045 2871 2300 2927 restincta

729 2966 1064 3024 ﬂammarum
1094 2960 1215 3018 luce
1246 2959 1493 3017 clarescit
1515 2961 1772 3016 luminum
1803 2960 2162 3031 pulchritudo.
2190 2961 2301 3018 Nec

727 3068 859 3111 sane
881 3055 1104 3109 ulterius
1135 3050 1363 3108 trahitur
1407 3051 1474 3107 de
1512 3049 1819 3120 arripienda
1869 3053 2297 3124 conpunctionis

727 3146 1078 3203 medicamine
1093 3158 1262 3200 mora.
1283 3133 1652 3199 Praidecessor
1672 3157 1901 3213 namque
1920 3158 2097 3209 meus,
2117 3151 2172 3200 et
2189 3143 2297 3214 spi-

726 3239 897 3296 ritalis
923 3237 1051 3293 mibi
1079 3253 1110 3292 a
1137 3235 1400 3306 baptismo
1424 3243 1593 3305 pater,
1609 3235 1898 3292 Mamertus
1923 3234 2299 3300 sacerdos,cui

722 3322 851 3390 ante
878 3349 982 3388 non
1009 3345 1213 3404 paucos
1238 3341 1412 3382 annos
1437 3337 1464 3367 ι
1490 3333 1646 3396 pater
1668 3327 1851 3382 carnis
1886 3340 2023 3382 mea
2043 3333 2302 3397 accepto,
2320 3305 2368 3370 C

722 3427 868 3482 sicut
881 3429 989 3480 Deo
1001 3425 1176 3482 visum
1191 3415 1589 3486 est,sacerdotii
1603 3424 1846 3489 tempore
1857 3419 2299 3484 successit,totaa

726 3513 781 3567 in
823 3527 885 3566 ea
914 3525 1071 3581 quam
1117 3523 1276 3578 supra
1315 3507 1546 3564 diximus
1582 3507 1879 3577 vigiliarum
1911 3516 2066 3564 nocte
2108 3519 2295 3565 sancto

726 3601 941 3655 Pascbze
968 3599 1215 3668 concepit
1252 3597 1433 3651 animo
1472 3596 1830 3666 negationes;
1868 3605 2028 3666 atque
2067 3599 2136 3653 ibi
2172 3613 2294 3654 cum

725 3691 837 3748 Deo
863 3691 1055 3746 tacitus
1081 3689 1322 3745 delinivit
1357 3687 1614 3759 quidquid
1649 3687 1807 3744 hodie
1842 3688 2059 3758 psalmis
2091 3699 2146 3746 et
2175 3705 2297 3758 pre-

724 3779 878 3836 cibus
916 3778 1142 3833 mendus
1177 3771 1449 3844 inclamat.
1491 3775 1750 3832 Revoluta
1786 3791 1915 3846 ergo
1954 3778 2294 3835 solemnitate

727 3868 985 3941 paschali,
1013 3883 1120 3924 non
1139 3868 1247 3936 jam
1270 3859 1418 3937 quid,
1433 3868 1526 3921 sed
1544 3865 1811 3937 quomodo
1824 3874 1917 3922 aut
1936 3869 2148 3935 quando
2176 3869 2292 3926 ﬁeri

722 3961 934 4029 debeat,
963 3969 1166 4015 secreta
1197 3959 1424 4028 primum
1454 3957 1738 4014 collatione
1765 3965 2039 4016 tractatur.
2068 3958 2294 4016 Putaba-

723 4060 812 4104 tur
840 4065 870 4105 a
895 4049 1210 4120 quibusdam
1240 4044 1562 4104 Viennensis
1599 4058 1816 4104 senatus
1850 4050 2005 4119 cujus
2031 4058 2160 4106 tunc
2197 4067 2296 4107 nu-

726 4139 951 4194 merosis
980 4137 1276 4193 illustribus
1295 4138 1440 4192 curia
1471 4137 1714 4202 ﬂorebat,
1752 4138 1984 4194 inventis
2009 4153 2116 4194 non
2137 4153 2295 4212 posse

723 4229 920 4291 addici,
951 4241 1070 4282 cum
1100 4227 1188 4280 vix
1216 4227 1582 4295 acquiesceret
1609 4226 1859 4296 legitimis
1894 4227 2159 4283 inclinari.
2187 4229 2293 4286 Sed

722 4321 842 4390 pius
884 4332 949 4374 ac
990 4317 1251 4373 sollicitus
1296 4327 1498 4386 pastor,
1543 4316 1815 4385 sapientiae
1848 4317 2050 4373 salibus
2086 4319 2287 4389 largus,

724 4407 1309 4464 mansuefaciendarum
1359 4404 1536 4458 ovium
1581 4405 1730 4475 prius
1777 4406 1979 4460 orando
2030 4410 2286 4476 animum,

721 4504 878 4569 quam
907 4493 1206 4566 perorando
1235 4488 1745 4552 mollivitauditum.
1776 4495 1967 4551 Pandit
1994 4498 2153 4568 igitur
2173 4499 2287 4554 dis-

722 4579 1060 4660 positionem.
1102 4586 1290 4642 indicit
1327 4587 1592 4651 ordinem,
1639 4588 1862 4654 exponit
1887 4587 2286 4658 salubritatem;

720 4691 774 4734 et
813 4679 930 4733 viro
963 4686 1069 4732 tam
1117 4676 1352 4744 religiosi
1393 4691 1552 4745 quain
1595 4675 1813 4732 solertis
1856 4678 2052 4748 ingenii
2100 4695 2286 4749 parum

719 4770 836 4835 fuit,
861 4769 904 4822 si
935 4766 1307 4822 obedientibus
1329 4766 1658 4835 propositum
1681 4768 2052 4824 tantummodo
2077 4770 2290 4828 institu-

720 4859 876 4913 tionis
901 4865 1186 4928 promeret,
1219 4855 1322 4911 nisi
1349 4857 1486 4912 inter
1505 4855 1660 4911 initia
1685 4857 1847 4912 etiam
1867 4859 2135 4916 vinculum
2151 4877 2292 4920 eon-

793 5033 904 5106 e],
953 5033 1050 5106 (nit
1092 5033 1274 5106 laicitts
1314 5034 1427 5106 sive
1463 5034 1778 5106 Hesychius.
1821 5035 1939 5091 Ado
1964 5038 2282 5104 Viennensis

721 5104 772 5186 in
816 5103 1115 5186 Chronico:
1166 5105 1364 5186 Auitus,
1412 5102 1600 5186 inquit,
1652 5102 1950 5186 Viennensis
1995 5102 2283 5186 episcopus,

719 5172 1000 5252 eloquentia
1031 5182 1086 5252 ct_
1105 5174 1367 5252 sanctitate
1395 5172 1700 5252 participans,
1722 5175 1867 5252 cujus
1904 5172 2064 5252 pars,
2083 5172 2284 5252 Αρόιιίζ

719 5239 857 5297 naris
876 5239 1133 5314 _Valentire
1159 5239 1440 5314 episcopus,
1465 5239 1725 5314 mirqculis
1753 5239 1992 5314 insignis,
2022 5239 2166 5306 Isic'ii
2197 5239 2286 5311 si.

719 5312 913 5390 naturis
956 5313 1173 5390 primum
1190 5310 1349 5390 '_nii:i,'_
1376 5319 1548 5390 pestas
1581 5310 1876 5390 Viennensi}
1904 5319 2150 5390 episcopi,
2178 5310 2284 5380 duo

720 5381 915 5435 titinius
942 5381 1212 5434 clarissimi
1253 5380 1714 5448 ﬁlii.'Settaloretn
1744 5396 1804 5438 se
1833 5380 2285 5450 Romantt'tn'Avi-

720 5462 809 5506 tus
828 5465 1036 5528 quoque
1067 5450 1228 5528 Illius,
1247 5461 1311 5528 _e_t
1329 5451 1382 5528 in
1405 5452 2044 5528 episc_opatu__successor,
2077 5463 2284 5528 profeg-

721 5535 811 5573 sus
839 5529 920 5572 est
963 5522 1014 5573 in
1044 5519 1204 5587 epist.
1247 5519 1334 5572 51.
1367 5518 1649 5574 ln‘eadem
1699 5518 1986 5580 Viennensi
2027 5518 2278 5586 cathedra

723 5598 906 5654 postea
930 5588 1066 5649 sedit
1093 5587 1278 5642 lsicius
1305 5589 1458 5653 alter,
1470 5591 1557 5657 qui
1581 5590 1633 5643 in
1663 5591 1894 5646 concilio
1909 5595 2279 5657 Aurelianensi

723 5672 753 5708 v
787 5668 838 5719 et
866 5657 918 5711 in
957 5656 1242 5712 Parisicnsi
1271 5671 1329 5712 ttt
1353 5659 1684 5725 subscripsit.

791 5725 820 5764 δ
856 5727 1030 5783 Prima
1059 5726 1313 5796 omnium,
1337 5733 1428 5780 aut
1451 5727 1587 5779 inter
1609 5726 1801 5796 primas
1822 5728 2058 5789 Ecclesia
2085 5737 2280 5794 Arver-

724 5809 943 5858 norum,
961 5805 1096 5851 teste
1123 5793 1341 5850 Sidonio
1365 5796 1461 5850 lib.
1491 5810 1584 5858 vn,
1612 5793 1773 5864 epist.
1805 5799 1832 5853 1
1865 5800 1932 5855 ad
1961 5793 2276 5864 ﬂamertuin

723 5865 894 5933 ipsum
923 5863 1270 5936 [legationum
1300 5873 1590 5919 auctorem.
1626 5863 1743 5921 Mox
1769 5876 1876 5923 tota
1903 5871 2076 5930 Gallia
2109 5863 2279 5947 impc4

2399 2072 2590 2141 primo,
2618 2070 2671 2126 id
2700 2079 2784 2126 est
2809 2072 3065 2135 crastino,
3101 2068 3150 2124 si
3178 2066 3434 2122 Dominus
3461 2064 3671 2128 annuit,
3705 2061 3794 2118 die
3819 2060 3962 2116 labo-

2398 2160 2560 2214 raturi
2603 2173 2809 2215 sumus.
2834 2156 2864 2197 δ
2890 2157 3101 2214 Secuta
3125 2165 3250 2211 sunt
3274 2155 3529 2212 succiduo
3560 2163 3800 2223 tempore
3822 2164 3962 2220 qua:-

2398 2249 2521 2304 dam
2548 2250 2790 2306 ecclesiae
2814 2248 3102 2304 Galliarum
3123 2261 3236 2302 rem
3258 2254 3362 2300 tam
3392 2243 3682 2315 probabilis
3703 2239 3962 2311 exempli;

2395 2339 2475 2395 sic
2503 2347 2680 2396 tamen
2704 2378 2720 2404 ,
2757 2337 2901 2410 quod
2928 2337 3031 2393 hoc
3058 2337 3231 2407 ipsum
3260 2351 3367 2391 non
3393 2332 3533 2406 apud
3560 2347 3748 2389 omnes
3777 2331 3964 2386 iisdem

2397 2429 2584 2486 diebus
2612 2429 2803 2500 quibus
2830 2441 2997 2499 penes
3023 2440 3122 2482 nos
3149 2423 3446 2481 institutum
3484 2422 3684 2487 fuerat,
3725 2419 3962 2479 celebra-

2397 2527 2562 2574 retur.
2603 2518 2714 2574 Nec
2750 2530 2912 2588 porro
2938 2514 3119 2587 magni
3145 2515 3399 2580 intererat
3437 2511 3578 2582 quod
3609 2509 3836 2587 triduum
3866 2509 3965 2564 eli-

2398 2621 2638 2680 geretur,
2691 2610 2984 2667 dummodo
3029 2610 3354 2680 psalmorum
3395 2608 3569 2664 oflicia
3613 2605 3965 2677 lacrymarum

2399 2703 2450 2757 fu
2459 2703 2760 2759 nctionibus
2779 2704 2970 2760 annuis
2997 2704 3445 2776 persolverentur.
3476 2701 3676 2757 Tamen
3694 2715 3816 2756 cum
3837 2700 3966 2756 dile-

2398 2793 2576 2851 ctione
2603 2797 2956 2866 rogationum,
2989 2795 3150 2852 etiam
3177 2793 3512 2850 sacerdotum
3539 2802 3816 2850 crescente
3839 2806 3966 2847 con-

2397 2888 2600 2953 cordia,
2642 2888 2708 2942 ad
2747 2902 2910 2942 unum
2949 2898 3180 2956 tempus,
3213 2885 3266 2942 id
3293 2894 3375 2940 est
3411 2884 3478 2939 ad
3519 2892 3807 2954 presentes
3827 2883 3964 2948 dies,

2398 2977 2713 3032 universalis
2741 2976 3091 3032 observantia:
3119 2990 3243 3030 cura
3271 2974 3558 3030 concessit.
3598 2972 3765 3028 Porro
3787 2979 3964 3026 autem

2398 3082 2465 3123 eo
2481 3068 2696 3124 attinuit
2719 3068 2815 3124 ista
2845 3066 3080 3139 praefari,
3103 3077 3179 3132 ut,
3202 3082 3298 3121 seu
3329 3063 3684 3120 recolentibns
3706 3065 3837 3126 lia-c,
3868 3076 3964 3115 seu

2401 3156 2771 3227 ignorantibus
2790 3155 2929 3211 forte
2945 3157 3244 3222 retulimus,
3267 3167 3456 3209 omnes
3475 3162 3652 3209 tamen
3670 3150 3964 3216 attendant,

2400 3247 2544 3318 quod
2574 3247 2812 3303 Ecclesia
2839 3260 2962 3316 quas
2994 3245 3140 3301 misit
3175 3245 3295 3303 aliis
3336 3244 3558 3298 formam
3596 3241 3963 3308 institutionis,

2384 3334 2761 3404 multipliciter
2783 3343 2870 3390 est
2895 3334 3130 3391 debitrix
3157 3333 3512 3389 ostendenda
3537 3333 3842 3387 alacritatis
3861 3371 3877 3395 ,
3906 3346 3964 3388 et

2383 3425 2559 3497 prima
2577 3425 2738 3482 debet
2750 3439 2875 3482 esse
2889 3426 3332 3497 compunctionis
3349 3424 3545 3488 oﬂicio,
3564 3437 3687 3493 qua
3701 3423 3758 3478 in
3777 3438 3834 3478 re
3850 3429 3962 3478 tam

2396 3516 2693 3572 necessaria
2735 3515 2983 3571 omnibus
3010 3515 3148 3570 facta
3178 3523 3263 3571 est
3295 3524 3469 3569 mater
3509 3513 3774 3582 exemplo.
3811 3512 3964 3569 Unde

2395 3605 2676 3661 imminere
2703 3618 2868 3672 nunc,
2897 3605 2944 3660 si
2973 3603 3113 3660 Deus
3139 3605 3345 3670 annuit,
3388 3604 3720 3674 rogationum
3749 3611 3963 3659 nostra-

2395 3711 2512 3751 rum
2541 3697 2970 3766 operosissimam
2997 3695 3355 3761 festivitatem,
3401 3709 3507 3749 non
3535 3695 3683 3764 quasi
3714 3693 3963 3750 nescien-

2396 3789 2536 3844 tibus
2565 3788 2867 3856 indicimus,
2909 3789 3006 3846 sed
3039 3789 3190 3861 quasi
3232 3787 3658 3857 exspectantibus
3688 3801 3963 3844 commen-

2393 3881 2603 3937 damus.
2623 3880 2757 3949 Quia
2779 3881 2903 3938 lieet
2917 3896 3025 3938 non
3043 3881 3245 3952 absque
3271 3883 3451 3937 labore
3471 3888 3679 3938 constet
3700 3879 3962 3938 servanda

2393 3972 2744 4040 professionis
2774 3972 2945 4044 ipsius
2968 3974 3316 4037 consuetudo.
3343 3973 3577 4029 delectat
3604 3981 3780 4028 tamen
3807 3986 3964 4043 aspe-

2394 4063 2524 4116 ritas
2548 4063 2938 4132 medicaminis,
2968 4063 3020 4118 in
3045 4078 3150 4132 quo
3173 4065 3476 4134 frequenter
3497 4063 3720 4119 inveniri
3742 4065 3959 4132 probata

2396 4159 2478 4204 est
2505 4164 2627 4218 spes
2654 4151 2860 4206 salutis.
2894 4151 2957 4207 Si
2987 4152 3285 4216 dixerimus,
3318 4154 3486 4222 inquit
3512 4151 3819 4223 Apostolus,
3844 4152 3966 4223 quia

2393 4251 2650 4308 peccatum
2678 4255 2780 4293 non
2819 4240 3078 4306 habemus,
3113 4256 3203 4295 nos
3236 4242 3373 4309 ipsos
3395 4241 3682 4294 seducimur:
3708 4239 3775 4310 (1
3800 4239 3960 4296 Joan.

2392 4349 2430 4398 ι,
2463 4333 2537 4403 8).
2587 4333 2654 4388 Et
2679 4333 2726 4389 si
2752 4333 2994 4388 confiteri
3022 4332 3285 4390 debemus
3325 4333 3538 4390 assidue
3572 4347 3671 4390 nos
3713 4347 3960 4404 peccare,

2391 4439 2526 4494 opus
2572 4433 2659 4480 est
2708 4424 2996 4480 conﬁtendi
3053 4423 3253 4491 ofﬂcio,
3303 4424 3596 4479 humilitate
3649 4423 3958 4493 panitendi.

2393 4514 2694 4569 Prmsertim
2741 4528 2862 4570 cum
2905 4513 3077 4584 plebis
3118 4513 3363 4569 adunatae
3403 4501 3740 4583 compunctio
3779 4515 3856 4568 sic
3891 4509 3959 4568 ad

2395 4605 2795 4661 incitamentum
2842 4605 2968 4660 boni
2996 4604 3177 4674 operis
3202 4605 3370 4675 possit
3411 4604 3603 4675 aptari,
3643 4614 3703 4660 ut
3741 4603 3961 4660 rebellis

2395 4697 2564 4764 magis
2582 4695 2987 4751 convenientius
3008 4681 3306 4763 erubescat,
3338 4697 3382 4750 si
3403 4702 3610 4751 cuncta:
3634 4684 3960 4750 multitudini

2396 4785 2627 4854 pr0priie
2654 4786 2871 4841 mentis:
2888 4784 3177 4841 solitudine
3204 4785 3598 4854 contradicens,
3624 4793 3836 4856 peccata
3862 4798 3960 4843 sua

2396 4875 2480 4932 vel
2521 4876 2645 4931 vitia
2673 4890 2793 4933 cum
2831 4877 3027 4948 populo
3064 4875 3225 4933 ﬂente
3256 4891 3361 4931 non
3401 4875 3612 4933 defleat.
3651 4875 3959 4934 Necessaria

2390 5063 2521 5126 ratae
2551 5063 2604 5110 et
2629 5055 2958 5118 observatas;
3009 5062 3117 5108 tum
3149 5053 3202 5108 in
3243 5069 3406 5124 regno
3445 5053 3785 5120 Francorum,
3816 5055 3959 5126 quod

2391 5123 2672 5179 Gothicum
2704 5126 2815 5192 jam
2863 5138 3082 5186 regnum
3126 5123 3436 5192 occuparat.
3483 5125 3701 5180 decreto
3745 5123 3954 5182 concilii

2389 5193 2661 5249 Aurelian.
2693 5209 2731 5257 t.
2753 5208 2873 5262 can.
2903 5192 2971 5247 27
2997 5209 3011 5244 :
3046 5193 3366 5262 Rogetibnes,
3393 5195 3446 5245 id
3470 5203 3544 5248 est
3569 5193 3819 5261 Litanias,
3841 5205 3959 5250 ante

2389 5263 2746 5334 Auentinum
2775 5261 3075 5334 Domini'gb
3100 5261 3327 5334 omnibus
3355 5263 3575 5318 ccclesiis
3599 5263 3791 5334 placuit
3827 5266 3957 5334 cele-

2387 5332 2553 5402 brari.
2572 5331 2707 5402 Tum
2736 5334 2787 5385 in
2813 5345 2978 5402 regno
3010 5331 3462 5402 Burgundionum,
3485 5331 3818 5400 quo‘reliqua
3845 5332 3958 5389 fere

2386 5415 2513 5524 pars
2524 5400 3103 5484 Gallizecontlnebatur
3115 5400 3140 5454 Ξ
3142 5401 3282 5485 quod
3300 5410 3445 5484 patet
3461 5415 3673 5484 ex.can.
3697 5402 3731 5458 6
3737 5403 3956 5484 concilii

2434 5473 2758 5524 uedunensts
2785 5487 2821 5524 It
2865 5487 2877 5524 :
2927 5469 3125 5524 Placuit
3147 5482 3296 5524 arant
3327 5487 3572 5524 uniuersis
3601 5471 3860 5524 fratribus.
3891 5483 3950 5524 sit

2434 5471 2758 5540 ugdunensis
2785 5487 2821 5525 ll
2865 5487 2877 5524 :
2927 5469 3125 5540 Placuit
3147 5469 3572 5526 etiant'nnieersis
3599 5471 3860 5539 fratribus.
3891 5483 3950 5526 sit

2386 5540 2442 5592 in
2469 5538 2637 5610 prima
2662 5538 2979 5595 hebdomda
3017 5542 3137 5610 noui
3175 5541 3382 5610 mensis,
3426 5542 3522 5610 hoc
3559 5538 3631 5596 est
3667 5549 3785 5610 ante
3826 5543 3959 5596 diem

2384 5610 2693 5680 dominicam
2716 5625 2833 5680 qum
2857 5610 3019 5680 prima
3049 5609 3102 5680 iit
3135 5609 3245 5680 illo,
3268 5626 3436 5664 mense
3456 5609 3716 5680 iunxerit,
3745 5609 3961 5666 Litaniu:

2383 5679 2512 5731 sicut
2532 5689 2650 5734 ante
2672 5677 3025 5748 Ascensionein
3050 5678 3251 5733 Domini
3271 5681 3434 5734 sancti
3447 5677 3631 5734 Patres
3650 5679 3763 5748 ﬁeri
3781 5681 3956 5748 decre-

2381 5749 2834 5869 zzui‘it}d¢incsps
2858 5745 2921 5802 ab
2948 5748 3178 5804 omnibus
3195 5749 3418 5805 ecclesiis
3441 5764 3531 5804 seu
3554 5745 3806 5818 parochiis
3832 5747 3964 5808 θοι(-

2473 5833 2504 5869 n
2531 5833 2562 5869 ii
2600 5856 2613 5869 .

2418 5826 2613 5871 rentur.
