4316 6556
3329 53 3346 58 -
3379 44 3428 58 πει
3463 23 3810 56 ι-ι-εδηκῖςΨ
3894 48 3895 51 η
4152 26 4191 35 ⁸*

3007 69 3052 78 .—..
3087 65 3116 82 ,ο
3175 61 3330 86 οἴη-ειμι.
3347 63 3368 96 .'
3395 53 3518 84 ,ειμι
3709 45 3812 104 ζ’..
3884 54 3991 95 ,λιι-ηρ.

2823 109 2838 134 _.
2905 87 3026 136 τὸ)
3039 87 3182 124 2:443.
3197 97 3230 124 ε.
3529 117 3536 120 -
3557 109 3572 134 ;
3591 107 3608 128 ,-
3639 99 3730 126 ιη..-
3848 62 4211 167 orig

2523 163 2536 172 ε
2751 135 2760 140 “
2805 165 2808 168 .
2859 135 2882 140 ”’
2987 167 2994 170 ..
3217 129 3404 174 "sex-‘73.
3421 139 3516 173 θ’θιῖ
3538 172 3543 173 ,
3597 145 3618 158 ⁴⁵
3656 152 3683 169 re
3701 133 3755 169 ξε
3778 132 3851 169 ’μέ
3870 126 3919 167 ιζ
3934 136 4093 175 ’ςαῶ
4146 140 4157 147 ⁵
4192 138 4199 139 ί

236 644 331 702 ωτι

235 852 418 915 altero,
460 856 551 901 aut
590 847 657 902 de
702 843 1001 899 humilitate
1038 838 1367 904 exemplum,
1398 844 1489 889 aut
1516 833 1570 887 in
1602 833 1820 887 confes-

235 939 383 993 sione
419 936 689 992 solatium.
739 930 1097 988 Periculosius
1134 931 1309 998 agitur
1349 924 1621 994 singulare
1649 932 1823 978 certa-

235 1041 372 1091 men,
386 1027 441 1081 in
462 1041 569 1095 quo
590 1026 731 1079 vires
751 1023 1070 1077 altrinsecus
1092 1016 1327 1089 experiri
1350 1030 1506 1085 posse
1527 1027 1820 1085 paucorum

235 1128 332 1173 est.
363 1118 431 1171 At
460 1129 608 1179 vero,
646 1128 768 1168 cum
800 1120 986 1166 contra
1023 1111 1231 1165 hostem
1262 1121 1607 1163 communem
1639 1106 1824 1161 multi-

238 1205 430 1260 tudinis
460 1213 660 1276 pugnat
688 1216 965 1266 assensus,
1008 1199 1172 1254 trahit
1202 1199 1362 1253 ctiam
1404 1197 1652 1252 timidum
1682 1195 1825 1250 mili-

239 1308 341 1350 tem
368 1280 550 1348 virtus
569 1293 765 1347 aliena.
794 1290 1051 1346 Robustis
1073 1290 1394 1344 bellantibus
1421 1288 1705 1343 infirmitas
1732 1288 1829 1342 de-

240 1388 451 1452 litescit,
472 1393 526 1440 et
543 1384 771 1455 quodam
799 1380 1021 1437 unitatis
1043 1380 1295 1449 suffragio
1318 1380 1431 1433 laus
1455 1379 1524 1433 sit
1549 1378 1825 1444 invalidis,

241 1479 290 1532 in
320 1478 563 1530 exercitu
596 1475 809 1529 fortium
840 1472 1160 1541 computari.
1192 1471 1432 1541 Denique
1454 1486 1576 1525 cum
1604 1470 1828 1524 victoria

242 1567 546 1636 contigerit,
580 1566 706 1619 totis
735 1563 1065 1633 acquiritur;
1097 1570 1151 1616 et
1172 1576 1294 1616 cum
1327 1576 1616 1629 paucorum
1642 1560 1829 1614 dextra

242 1658 575 1728 pugnaverit,
606 1656 845 1710 omnium
875 1653 1047 1723 gloria
1079 1651 1448 1721 triumphavit.
1474 1651 1587 1706 Hoc
1615 1650 1737 1707 dico
1762 1651 1831 1705 de

243 1747 555 1801 infirmitate
583 1745 879 1809 communi,
910 1758 1028 1813 qua;
1049 1744 1093 1797 si
1125 1757 1186 1797 se
1215 1742 1525 1812 rogantibus
1551 1756 1659 1795 non
1699 1742 1829 1796 sub.

244 1839 417 1895 trahat
464 1840 624 1893 etiam
670 1852 791 1890 cum
844 1836 956 1904 ipsa
1003 1849 1098 1903 per
1145 1848 1203 1889 se
1246 1834 1426 1888 minus
1471 1832 1694 1899 fecerit,
1724 1850 1831 1887 non

245 1938 423 1983 tamen
448 1927 527 1981 ad'
548 1929 813 1996 integrum
844 1924 1022 1978 fructu
1050 1923 1275 1978 carebit.
1309 1922 1364 1977 lu
1397 1922 1484 1976 illa
1516 1924 1751 1992 gloriosa
1778 1933 1835 1979 et

245 2018 531 2074 admodum
568 2016 825 2086 singulari
857 2013 1079 2068 historia
1106 2013 1487 2077 Ninivitarum,
1530 2023 1714 2066 contra
1740 2028 1829 2067 ex-

1178 623 1536 684 VARIORUM
1576 618 2090 679 OPUSCULORUM
2133 612 2579 672 FRAGMENTA.

233 768 311 815 est
349 758 509 829 igitur
555 754 679 811 boni
726 752 907 824 operis
956 749 1303 817 conSpiratio.
1340 744 1516 800 Sumit
1560 743 1699 797 alter
1755 756 1821 795 cx
1853 744 1899 801 Λ
1932 736 2248 807 profundius
2299 731 2585 829 Dominum
2616 734 2883 829 -nostrum
2930 724 3178 829 interrita
3226 725 3407 827 quiete
3449 726 3531 791 ja-

1925 832 2122 893 cuissc,
2156 827 2257 881 nisi
2288 832 2344 880 ut
2364 824 2430 879 ad
2460 837 2583 878 eum
2616 823 2755 876 inter
2784 818 3098 873 discrimina
3126 831 3246 887 qua:
3269 819 3522 884 patimur,

1926 907 2151 975 timoris.
2188 917 2355 972 nostri
2402 928 2567 970 causa
2616 912 2954 983 confugeret.
2998 909 3230 964 Assidue
3275 923 3373 963 nos
3420 910 3528 964 ictu

1929 1019 2221 1080 tempestas
2262 1010 2359 1062 ista
2402 1008 2607 1076 fatigat,
2657 1004 2888 1073 impulsu
2934 1002 3158 1057 terribili
3195 1011 3379 1056 contra
3432 1017 3531 1055 nos

1930 1105 2161 1159 tonitrus
2202 1101 2384 1156 saeculi
2429 1101 2653 1161 clamas,
2701 1096 3120 1151 scintillantibus
3160 1094 3226 1149 ad
3271 1102 3528 1161 punctum

1929 1197 2094 1253 radiis
2119 1195 2386 1249 mundana
2410 1190 2707 1246 commotio
2727 1205 2831 1241 non
2859 1188 3121 1242 illuminat
3142 1186 3236 1241 sed
3261 1196 3530 1241 coruscat.

1930 1290 2167 1345 Ecclesia
2187 1296 2269 1343 est
2296 1288 2445 1341 navis
2464 1299 2584 1356 quin
2606 1298 2704 1338 nos
2730 1298 2827 1353 per
2853 1281 3030 1336 varios
3046 1293 3207 1335 casus
3227 1278 3374 1335 velut
3397 1279 3537 1333 inter

1932 1382 2169 1437 marinos
2193 1380 2433 1450 gurgites
2462 1376 2626 1432 ducit.
2662 1380 2832 1429 Aures
2862 1372 3076 1444 quidem
3109 1380 3326 1426 nostras
3354 1370 3537 1425 obtreo

1929 1474 2260 1530 ctationihus
2298 1481 2352 1527 et
2390 1468 2846 1539 blasphemiarum
2877 1465 3143 1528 stridore,
3176 1463 3327 1532 quasi
3360 1463 3533 1518 laxata

1934 1566 2162 1620 laterum
2204 1576 2489 1631 compage,
2520 1560 2865 1622 reverberat;
2911 1556 3006 1611 sed
3047 1557 3264 1625 puppim
3294 1553 3538 1609 veritatis

1934 1656 2206 1712 soliditate
2234 1662 2599 1708 constructam
2624 1659 2913 1719 penetrare
2938 1663 3042 1703 non
3076 1655 3249 1716 potest
3285 1645 3428 1714 quod
3460 1644 3541 1698 fa-

1937 1748 2090 1816 tigat.
2139 1747 2202 1800 Et
2244 1746 2369 1815 quia
2421 1743 2670 1815 promisit
2719 1741 2978 1795 Dominus
3028 1749 3213 1795 noster
3260 1739 3538 1804 Ecclesia',

1938 1837 2070 1891 Ecce
2098 1852 2192 1907 ego
2218 1834 2479 1889 vobiscum
2501 1850 2616 1887 sum
2645 1832 2880 1886 omnibus
2914 1830 3092 1884 diebus
3130 1846 3288 1899 usque
3309 1831 3378 1884 ad
3409 1847 3536 1884 con-

1935 1927 2329 1981 summationem
2355 1924 2530 1978 steculi
2557 1922 2773 1995 (Matth.
2801 1938 2988 1985 xxvtn,
3015 1920 3141 1994 20);
3177 1924 3229 1975 in
3262 1922 3382 1977 navi
3414 1923 3540 1990 qui-

1938 2018 2059 2073 dem
2092 2028 2178 2073 est
2214 2018 2267 2072 in
2294 2032 2397 2086 qua
2425 2029 2635 2078 sumus,
2678 2013 2773 2069 sed
2811 2022 3053 2069 metuere
3078 2016 3187 2083 jam
3229 2028 3335 2068 non
3368 2022 3543 2082 potest

245 2118 447 2163 scrtum
474 2115 760 2161 commotae
785 2105 1083 2159 Divinitatis
1100 2104 1357 2173 gladium,
1367 2103 1549 2172 juncta
1566 2103 1836 2157 seniorum
1870 2098 1916 2157 Β
1944 2111 2085 2180 quod
2133 2111 2403 2173 timemus,
2446 2109 2575 2163 Post
2602 2107 3062 2164 resurrectionem
3093 2102 3239 2162 θηται
3270 2110 3547 2163 “censi”-

246 2200 454 2254 viribus
496 2200 657 2255 etiam
696 2197 955 2252 infantilis
989 2207 1120 2251 tetas
1149 2210 1384 2266 pugnare
1414 2188 1693 2264 compulsa
1729 2203 1832 2249 est.

248 2292 475 2347 Humani
500 2304 714 2361 quoque
736 2288 1041 2346 mercedem
1063 2298 1117 2343 et
1139 2288 1364 2357 gratiam
1379 2286 1567 2357 jejunit
1583 2301 1836 2355 pecorum

247 2387 417 2440 fames
456 2383 694 2439 adauxit.
733 2382 871 2449 Quin
912 2392 967 2435 et
1010 2380 1124 2449 ipsa
1165 2377 1550 2435 irrationabilis
1594 2386 1837 2432 creatura

247 2494 367 2549 quae
393 2476 654 2533 offensam
686 2476 881 2531 timere
905 2487 1011 2527 non
1039 2476 1235 2541 potuit,
1275 2470 1508 2540 quodam
1549 2470 1711 2523 modo
1748 2484 1842 2524 ve-

248 2568 390 2625 niam
420 2565 729 2636 postulavit.
772 2564 837 2618 Et
865 2563 991 2630 quia
1022 2561 1265 2616 homines
1303 2561 1359 2615 in
1400 2574 1606 2614 morem
1637 2558 1842 2612 anima-

252 2660 383 2713 lium
415 2654 643 2711 vivendo
673 2660 1044 2724 peccaverant,
1078 2664 1265 2705 rursus
1296 2647 1546 2704 animalia
1571 2662 1667 2701 sua
1689 2644 1842 2717 quasi

251 2749 495 2803 homines
514 2745 761 2816 jejunare
785 2750 1097 2814 coegerunt.
1142 2742 1367 2810 Propter
1409 2741 1548 2796 hanc
1578 2754 1707 2809 ergo
1733 2738 1843 2795 dis-

250 2840 574 2904 cretionem,
615 2836 671 2891 in
712 2833 1011 2905 Evangelio
1038 2820 1306 2888 Dominus
1336 2832 1410 2887 ait
1437 2849 1451 2885 :
1482 2829 1650 2885 Petite
1676 2842 1723 2884 et
1753 2845 1841 2883 ac-

252 2929 468 2997 cipietis,
495 2928 704 2999 querite
721 2935 768 2981 et
795 2926 1084 2989 invenietis,
1124 2922 1325 2993 pulsate
1345 2932 1392 2977 et
1422 2924 1680 2993 aperietur
1701 2922 1841 2976 vobis

257 3019 582 3090 (Mettium,
597 3020 675 3089 7).
699 3017 891 3073 Petere
919 3015 1062 3071 enim
1080 3015 1224 3070 ducti
1250 3023 1612 3084 est,qu:erere
1633 3011 1841 3075 devoti;

254 3112 389 3183 petit
416 3111 618 3177 sciens,
642 3109 833 3181 quierit
857 3108 1124 3163 nesciens.
1149 3104 1283 3162 Cum
1312 3106 1471 3175 petis,
1496 3106 1575 3159 vis
1598 3105 1847 3173 accipere

254 3202 395 3273 quod
427 3202 710 3271 intelligis;
745 3215 867 3255 cum
894 3200 1113 3269 quieris,
1160 3196 1334 3252 adhuc
1360 3196 1577 3251 conaris
1603 3197 1846 3252 invenire

255 3292 399 3364 quod
434 3300 606 3361 petas.
655 3289 782 3345 Ideo
822 3289 914 3359 qui
953 3289 1065 3358 jam
1099 3287 1408 3357 superiores
1440 3294 1591 3352 sunt,
1640 3286 1846 3342 orando

256 3392 474 3453 petant;
506 3385 595 3453 qui
622 3380 841 3447 infirmi,
869 3377 1164 3433 laborando
1188 3385 1453 3447 quierant.
1476 3375 1647 3432 Porro
1665 3386 1845 3431 autem

1940 2216 2172 2271 nemque
2204 2216 2355 2255 suam
2390 2210 2533 2255 totus
2567 2200 2709 2255 inter
2737 2200 2977 2269 pericula
3008 2207 3194 2255 nostra
3228 2200 3541 2270 requiescit.

1940 2296 2145 2352 Aliena:
2176 2295 2345 2365 magis
2373 2293 2647 2348 formidini
2673 2306 2812 2361 opus
2830 2304 2936 2359 est,
2952 2296 3009 2347 ut
3030 2292 3121 2363 qui
3153 2293 3542 2362 securusjaee-

1940 2386 2036 2441 bat
2069 2385 2306 2456 evigilet.
2351 2384 2624 2439 Clametur
2662 2398 2795 2454 ergo
2830 2384 3056 2439 vocibus
3097 2384 3545 2453 supplicationis;

1941 2488 2018 2545 et,
2070 2482 2114 2532 si
2168 2479 2483 2547 ingravanle
2535 2476 2781 2547 periculo
2822 2476 3052 2532 necdum
3093 2477 3264 2543 audit,
3307 2477 3549 2548 pulsetur

1944 2568 2193 2631 manibus
2239 2566 2520 2637 largitatis,
2563 2580 2620 2622 et
2657 2567 2868 2627 dicatur
2910 2567 2959 2622 ei
3004 2585 3018 2622 :
3069 2565 3308 2639 Exsurge
3343 2584 3362 2622 :
3388 2584 3550 2637 quare

1945 2660 2225 2723 obdormis,
2251 2658 2486 2725 Domine,
2506 2658 2692 2713 oblitus
2718 2658 2909 2729 inopiae
2928 2668 2975 2711 et
2998 2657 3342 2712 tribulationis
3358 2670 3549 2713 nostra:

1948 2749 2122 2820 (Psal.
2165 2766 2318 2815 xuii,
2344 2750 2438 2814 23,
2464 2749 2604 2819 *ΜΗ
2635 2748 2887 2804 Dicturus
2914 2756 2997 2803 est
3024 2746 3241 2817 quidem
3283 2763 3549 2818 experge-

1948 2839 2141 2903 factus,
2171 2838 2277 2894 Cur
2299 2840 2467 2893 timidi
2491 2840 2634 2906 estis,
2663 2839 2876 2893 modica:
2896 2838 3019 2906 ﬁdei
3041 2837 3257 2910 (Matth.
3275 2855 3388 2903 vui,
3416 2839 3546 2911 26)?

1948 2930 2159 2987 Reddat
2186 2929 2437 2995 salutem,
2466 2936 2520 2984 et
2544 2931 2787 2998 increpet
2816 2930 3203 2984 infirmitatem.
3227 2930 3293 2985 Et
3318 2932 3363 2985 si
3389 2946 3550 3000 parva

1950 3024 2085 3078 fides
2120 3030 2225 3087 est,
2270 3024 2395 3092 quia
2434 3021 2689 3077 timemus
2726 3022 3044 3084 szecularia,
3095 3030 3181 3077 est
3223 3031 3403 3077 tamen
3454 3023 3554 3076 ali~

1949 3112 2225 3184 quantula,
2272 3111 2320 3166 si
2356 3124 2703 3167 recurramus
2744 3110 2813 3166 ad
2861 3110 3169 3167 Dominum.
3209 3112 3329 3167 Non
3371 3120 3551 3167 autem

1951 3206 2233 3261 timeretur
2256 3216 2439 3258 coram
2463 3202 2605 3272 ipso,
2634 3201 2680 3256 si
2720 3202 2837 3273 ipse
2865 3203 3170 3259 timeretur.
3201 3202 3307 3257 Sed
3331 3203 3552 3257 minima

1953 3293 2284 3349 conscientia
2331 3292 2462 3348 recti
2506 3292 2745 3347 maxima
2789 3306 2950 3347 causa
2996 3292 3300 3361 trepidandi
3343 3302 3453 3361 est,
3499 3294 3551 3345 in

1952 3393 2136 3439 nostra
2178 3381 2451 3454 praecipue
2490 3382 2620 3449 vita,
2662 3382 2748 3438 cui
2794 3383 3082 3438 criminum
3125 3383 3458 3438 continuatio
3496 3383 3556 3438 ﬁt

258 3475 472 3541 pulsare
497 3485 787 3527 commune
810 3478 912 3525 εει-
936 3467 1123 3522 Nullus
1150 3468 1346 3536 quippe
1371 3467 1706 3521 obstructum
1733 3467 1847 3520 καί·
1872 3454 1920 3518 C
1952 3476 2322 3531 discriminum
2352 3536 2353 3539 γ
2383 3475 2693 3530 multitudo.
2745 3475 3007 3543 Quocirca
3064 3476 3109 3530 si
3164 3491 3273 3530 non
3319 3476 3556 3530 diximus

258 3575 370 3617 tum
400 3560 622 3616 vocibus
648 3560 824 3630 pulsat
854 3574 870 3612 :
902 3555 1045 3611 istud
1073 3556 1141 3610 ad
1169 3570 1361 3610 manus
1391 3556 1641 3625 pertinet,
1657 3567 1710 3610 et
1730 3570 1850 3609 cor-

258 3652 404 3722 poris
443 3660 595 3705 actus
635 3658 740 3704 est.
786 3647 941 3703 Petat
977 3660 1109 3717 ergo
1142 3646 1392 3713 scientia,
1433 3657 1639 3715 quierat
1673 3661 1847 3713 amor,

260 3742 439 3810 pulset
470 3739 731 3811 operatio,
778 3738 1017 3793 maxime
1060 3738 1114 3791 in
1159 3735 1536 3793 observatione
1575 3739 1849 3808 prmsenti.

260 3830 550 3887 Festivitas
597 3827 863 3899 siquidem
909 3836 1015 3895 est,
1055 3827 1211 3896 cujus
1249 3826 1557 3895 jocunditas
1584 3836 1693 3883 tota
1736 3829 1850 3883 sola

260 3923 548 3988 sobrietas,
569 3920 724 3991 cujus
747 3919 920 3990 epulas
941 3917 1215 3989 lacrymte,
1248 3918 1401 3986 cujus
1432 3926 1617 3987 pastus
1646 3920 1853 3974 esuries

262 4023 349 4072 est
376 4032 391 4070 :
424 4014 575 4084 cujus
607 4012 925 4083 principium
954 4025 1022 4065 ex
1061 4010 1403 4075 necessitate,
1453 4013 1853 4080 perseverantia

264 4109 320 4164 in
342 4107 660 4174 dilectione,
678 4114 832 4160 actus
856 4104 911 4159 in
938 4104 1145 4173 requie,
1160 4103 1377 4173 requies
1406 4105 1460 4157 in
1485 4103 1668 4158 labore
1694 4122 1708 4158 :
1731 4118 1854 4159 cum

263 4208 375 4255 tota
413 4199 514 4254 ista
544 4196 886 4253 observantia
915 4195 1187 4251 confessio
1227 4194 1524 4264 pmnitendi
1563 4210 1661 4265 pro
1696 4196 1857 4265 culpa

263 4291 359 4359 sit,
388 4296 443 4344 et
470 4286 690 4358 rogandi
712 4300 810 4354 pro
832 4284 1012 4340 venia.
1031 4284 1207 4340 Etiam
1228 4298 1361 4340 vero
1388 4287 1695 4357 evangelica
1720 4302 1859 4356 pric-

265 4394 395 4435 sens
424 4380 585 4434 lectio
614 4376 900 4432 utilitatem
930 4375 1340 4446 supplicationis
1360 4377 1773 4447 exposuit,dum
1805 4380 1856 4433 in

264 4471 389 4526 navi
421 4470 705 4524 Dominum
735 4466 1096 4522 dormientem
1124 4466 1323 4523 chorus
1348 4468 1733 4539 discipulorum
1758 4475 1860 4527 sub

266 4561 604 4633 tempestatis
629 4558 855 4629 strepitu
887 4559 1126 4627 trepidus
1161 4560 1448 4616 suscitaret
1488 4561 1703 4633 (Matth.
1736 4579 1854 4629 vm,

266 4652 385 4723 24).
418 4651 602 4723 Neque
645 4664 809 4721 porro
836 4650 981 4705 aliud
1017 4649 1115 4706 fuit
1157 4652 1211 4707 in
1257 4661 1406 4707 tanto
1444 4657 1859 4723 repugnantium

267 4742 374 4797 sibi
392 4742 623 4799 invicem
643 4749 925 4797 ventorum
943 4741 1307 4813 fluctuumque
1323 4744 1599 4810 conflictu,
1620 4748 1857 4815 sopitum

1952 3565 2191 3631 Christo,
2239 3565 2413 3635 Vigila
2451 3564 2758 3631 nobiscum,
2808 3565 3001 3619 saltem
3043 3564 3309 3630 dicamus,
3354 3565 3555 3635 Evigila

1956 3665 2177 3727 propter
2204 3669 2324 3711 nos.
2357 3654 2475 3710 Non
2505 3656 2816 3726 rogavimus
2845 3671 2915 3710 nc
2940 3656 3270 3722 discederet,
3311 3656 3557 3712 obtinea-

1956 3761 2077 3801 mus
2114 3756 2173 3799 ttt
2210 3745 2418 3811 redeat,
2459 3761 2561 3802 nec
2588 3745 2810 3801 deserat
2844 3761 3063 3802 cursum
3091 3748 3446 3819 navigationis
3478 3750 3559 3803 in-

1958 3840 2149 3906 firmae,
2181 3838 2357 3893 donec
2384 3850 2545 3894 vento
2565 3848 2621 3894 et
2643 3838 2777 3894 mari
2802 3839 3079 3895 silentium
3106 3840 3317 3910 jubeat,
3332 3850 3388 3896 et
3414 3840 3561 3897 furo-

1957 3945 2072 3987 rem
2103 3929 2422 3986 insanientis
2449 3930 2635 3986 saeculi
2670 3930 2961 3986 celerrimo
3000 3931 3107 3988 fine
3134 3937 3467 4010 compescat,
3499 3944 3557 3990 et

1959 4024 2049 4077 fiat
2080 4022 2132 4076 in
2171 4021 2531 4078 retributione
2563 4021 2754 4091 jndicii
2798 4024 3164 4094 tranquillitas
3204 4039 3394 4093 magna
3435 4040 3557 4095 qua:

1958 4112 2012 4166 in
2049 4110 2155 4167 hoc
2198 4112 2402 4168 mundo
2436 4127 2561 4169 esse
2600 4126 2707 4167 non
2746 4120 2941 4181 potest.
2987 4112 3123 4182 Quia
3162 4114 3314 4169 si'de
3356 4116 3560 4170 mundo

1963 4206 2153 4261 essetis
2176 4203 2359 4275 (Joan.
2392 4220 2483 4272 xv,
2514 4204 2629 4277 t9),
2674 4204 2906 4261 mundus
2931 4206 3074 4275 quod
3105 4221 3262 4262 suum
3292 4216 3410 4262 erat
3433 4208 3561 4263 dili-

1958 4306 2131 4366 geret.
2159 4295 2265 4352 Sed
2297 4297 2545 4352 devincta
2575 4295 2778 4351 mundo
2805 4297 3155 4366 perveniatur
3179 4297 3244 4353 ad
3266 4313 3558 4369 supernam

1960 4387 2195 4455 quietem
2230 4402 2247 4443 :
2278 4386 2369 4441 ubi
2412 4385 2666 4457 quoniam
2706 4384 3035 4456 possibilitas
3076 4388 3333 4457 pereundi
3360 4391 3560 4457 aberit,

1962 4493 2063 4533 nec
2090 4478 2311 4547 periculi
2354 4492 2515 4533 causa
2557 4487 2810 4533 nascetur
2845 4494 2862 4533 :
2902 4479 2991 4533 ubi
3031 4493 3249 4549 semper
3277 4479 3558 4536 nobiscum

1966 4569 2243 4631 Dominus.
2275 4584 2491 4637 semper
2514 4584 2634 4625 cum
2662 4570 2779 4637 illo,
2822 4570 2869 4625 si
2901 4569 3136 4634 dederit,
3173 4586 3273 4628 nos
3318 4571 3561 4629 erimus:

1964 4669 2021 4715 et
2043 4659 2132 4729 qui
2166 4659 2253 4714 hic
2278 4659 2564 4729 aliquoties
2602 4661 3002 4731 negligentibus
3046 4661 3267 4727 dormit,
3301 4663 3409 4719 illic
3441 4680 3564 4733 pero

1967 4762 2130 4822 petuo
2154 4751 2454 4807 frnentibus
2479 4755 2594 4806 sine
2626 4752 2731 4807 fine
2752 4753 3010 4823 vigilabit.

294 4853 3326 4883 Μ

3329 4873 3528 4888 Ἄ

546 4952 1193 5048 QUORUMDAM
1270 4952 1351 5029 S.
1435 4956 1714 5033 AVITI
1790 4958 2554 5038 OPUSCULORUM
2628 4960 3280 5042 FRAGMENTA.

1822 5092 2053 5106 ———_

862 5169 1256 5227 ADMONITIO.

353 5269 551 5326 Praeter
580 5263 855 5320 homiliam
899 5260 1233 5329 superiorem
1268 5268 1327 5316 et
1376 5259 1602 5315 alteram
1642 5260 1696 5316 in
1727 5275 1862 5317 con-

272 5362 526 5418 versione
567 5351 893 5427 Sigismundi
947 5351 1089 5420 regis
1133 5350 1369 5405 habitam
1425 5350 1581 5419 cujus
1622 5350 1867 5406 meminit

275 5447 614 5523 Agebat-dus,
636 5454 839 5502 restant
865 5443 919 5499 in
946 5440 1327 5497 vetustissimis
1352 5440 1569 5496 schedia
1591 5441 1866 5496 Thuaneaa

278 5542 620 5600 bibliotheca
642 5535 780 5593 tituli
808 5536 1035 5590 aliarum
1057 5538 1203 5601 octo,
1233 5546 1356 5588 cum
1386 5534 1575 5604 primis
1603 5533 1866 5603 cujusque

283 5632 497 5699 verbis,
523 5629 581 5685 in
610 5628 761 5682 hunc
793 5623 1016 5679 modum
1043 5638 1061 5675 :

536 5731 876 5776 ιιοιιιωιιιωι
914 5730 1057 5772 οοτο
1097 5728 1285 5771 τιτυιι
1328 5726 1399 5765 ετ
1441 5723 1632 5764 lNl‘l‘lA.

1892 5173 1942 5233 Ι)
1988 5242 1993 5243 ί
2040 5170 2160 5228 III.
2222 5170 2291 5228 In
2338 5172 2713 5228 restauratione
2765 5172 3052 5243 baptisterii
3102 5172 3157 5227 in
3214 5174 3419 5229 civitate
3472 5192 3570 5230 sua

1977 5242 2220 5315 Vienna;
2246 5263 2265 5297 ι
2417 5243 2729 5315 Temperans
2754 5243 3160 5315 perturbationes
3187 5245 3394 5315 quibus.
3433 5264 3453 5297 ι

2042 5314 2069 5367 l
2084 5312 2148 5369 V.
2182 5313 2334 5368 Dicta
2362 5317 2414 5368 in
2443 5312 2765 5369 dedicatione
2794 5313 3020 5369 basilicae
3042 5312 3245 5368 Genera
3269 5333 3283 5367 :
3318 5314 3571 5371 Nouimus

1969 5394 2018 5440 et
2038 5385 2287 5454 miramur
2315 5400 2380 5439 ea;
2405 5385 2697 5454 evangelica
2726 5386 2941 5454 lectione
2970 5385 3195 5441 divitem.
3235 5402 3257 5437 s

2049 5453 2116 5508 γ.
2143 5454 2293 5508 Dicta
2312 5456 2367 5508 in
2391 5453 2805 5509 dedicatione....
2824 5473 2854 5507 ιι
2898 5453 3019 5509 Pert
3042 5464 3125 5509 net
3154 5455 3225 5508 ad
3247 5456 3513 5512 locum...
3550 5473 3571 5509 s

2050 5523 2153 5595 Vl.
2184 5523 2337 5579 Dicta
2364 5527 2415 5578 in
2438 5525 2651 5580 basilica
2669 5524 2732 5579 S.
2766 5522 2930 5595 Petri.
2962 5541 3118 5595 quam
3137 5535 3348 5579 sanctus
3375 5531 3577 5595 episca-

1972 5610 2068 5661 pus
2093 5593 2415 5666 Tarantasia:
2434 5595 2667 5649 condidit
2694 5611 2712 5648 :
2741 5612 2762 5666 t
2890 5593 3001 5648 Par
3024 5607 3098 5649 est
3118 5595 3376 5651 decrescat
3403 5593 3575 5666 facul-

1972 5665 2279 5737 tas_t_ti_r_ismt,
2300 5674 2555 5719 crescente
2584 5665 2798 5737 materia
2825 5666 3159 5737 gaudiorum.
3200 5685 3218 5719 ι

2048 5732 2183 5789 VII.
2228 5735 2380 5789 Dicta
2408 5736 2463 5789 in
2507 5736 2723 5789 basilica
2758 5732 3050 5790 sanctorum
3080 5737 3489 5807 Agaunensium,
3518 5736 3575 5790 in

367 5813 417 5869 1.
444 5813 599 5867 Dicta
623 5813 675 5866 in
705 5809 1043 5889 dedicatione
1072 5804 1361 5889 superioris
1391 5800 1630 5889 (insiticia
1652 5815 1671 5854 .'
1704 5816 1723 5851 ‹
1758 5796 1886 5852 Dis-
1967 5807 2071 5889 imi,

1869 5826 1886 5841 -
1967 5807 2295 5889 inuocatione
2322 5807 2617 5889 monasterii
2643 5807 2941 5889 ipsiusnoel
2982 5796 3221 5889 passione
3247 5796 3528 5889 martyrum
3554 5823 3573 5861 :

289 5900 575 5955 posuerant
608 5881 877 5955 patientia
892 5871 1298 5955 taciturnitatis
1316 5871 1615 5955 hodierna".
1645 5888 1665 5921 s

371 5952 455 6009 ΙΙ.
503 5939 658 6007 Dicin
679 5952 735 6005 in
763 5949 989 6004 basilica
1014 5955 1217 6002 sancta:
1242 5942 1478 5999 Mariis:
1506 5960 1525 5993 ε
1555 5939 1887 6003 Statuerunt,

291 6022 650 6087 dilectissimi,
677 6031 728 6076 et
757 6029 1015 6088 quantum
1046 6017 1301 6072 arbitror.
1340 6033 1359 6067 s

1974 5896 1993 5929 s
2020 5876 2343 5949 Prasconinm
2364 5878 2531 5949 felicis
2549 5876 2827 5942 exercitus,
2842 5877 2898 5931 its
2919 5880 3070 5949 cujus
3090 5876 3505 5949 congregatione.
3548 5897 3568 5930 s

2048 5947 2125 6003 γι
2134 5948 2191 6004 ll
2201 5989 2215 6004 .
2245 5947 2473 6005 Honiifia
2498 5951 2635 6005 dicta
2660 5952 2714 6004 in
2738 5947 3066 6003 conversione
3100 5947 3273 6001 domui
3302 5947 3572 6018 Segisriei,

1969 6025 2218 6089 postridie
2250 6039 2403 6084 quam
2437 6037 2585 6079 soror
2624 6021 2786 6085 ipsius
2823 6035 2887 6075 ea:
2928 6019 3124 6073 Ariona
3160 6018 3354 6073 hieme
3389 6026 3465 6072 est
3491 6033 3574 6069 re-
