4154 6470
704 410 807 464 395

1963 397 2021 454 S.
2064 395 2246 454 AVITI
2289 393 2688 452 νιεδιηεᾶδιδ

3845 357 3980 450 eos~

706 528 847 579 cepta
875 531 893 570 :
927 533 944 567 ι
984 513 1340 586 Saepenumero
1359 512 1617 569 divinitate
1633 509 1768 580 quod
1793 509 1983 565 dilecto
2005 525 2100 564 suo
2125 509 2268 577 prin-
2298 509 2350 570 Α
2377 519 2462 566 est
2483 509 2730 580 equidem
2757 467 2956 563 lubrica
2987 520 3220 577 pmsens
3239 506 3470 576 jucunda
3499 508 3642 580 loco,
3668 508 3956 566 imminens

706 587 805 656 cipi
831 599 1029 638 uestro.
1070 604 1090 637 ι

823 675 1241 733 liliAGMENTA
1275 673 1648 731 εΑιιυιιοειι
1689 668 2141 728 ιιοιιιιιΑιιωι.

1180 764 1283 834 (Ex
1305 763 1522 820 schedia
1545 762 1781 834 iisdem.)

1469 875 1513 930 lt

776 970 865 1024 Sic
904 967 1170 1040 quondam
1212 967 1401 1023 Petrus
1447 965 1808 1037 apostolorum
1841 971 1999 1033 caput
2037 959 2268 1032 (lauit.

708 1075 828 1125 xtu,
848 1058 962 1126 29),
997 1059 1050 1113 id
1074 1067 1158 1116 est
1181 1057 1476 1129 principum
1507 1058 1776 1128 princeps,
1806 1053 2100 1126 quamlibet
2124 1066 2274 1107 com-

708 1160 907 1203 motum
932 1148 1106 1204 ventis
1144 1147 1358 1218 pelagus
1397 1145 1730 1211 formidaret,
1768 1143 2047 1214 adreptum
2091 1150 2269 1196 tamen

708 1238 886 1293 fluvidi
941 1247 1130 1294 tenens
1171 1237 1361 1292 callem
1396 1237 1570 1292 victor
1606 1234 1891 1301 explicuit;
1944 1242 2108 1304 atque
2178 1247 2276 1286 un-

710 1328 792 1382 dis
829 1326 979 1397 ponti
1016 1327 1268 1395 furentis,
1307 1327 1451 1382 velut
1484 1325 1754 1380 hostilium
1791 1324 2063 1380 turbinum
2117 1321 2274 1376 moli-

718 1419 819 1474 bus
843 1419 1111 1485 eluctatis,
1140 1418 1320 1473 natum
1348 1414 1657 1472 tentstionis
1680 1415 1941 1481 adversae,
1965 1413 2270 1484 priusquam

710 1508 837 1563 sede
864 1509 1212 1576 contingeret,
1243 1506 1348 1562 ﬁde
1370 1506 1640 1562 contrivit.
1670 1492 1866 1562 Secuta
1888 1515 1971 1562 est
1999 1504 2107 1560 illic
2127 1517 2276 1559 sere-

709 1597 848 1651 nitas
878 1597 980 1651 iter
1013 1608 1303 1666 peractum.
1331 1596 1426 1652 llic
1450 1611 1664 1667 quoque
1692 1612 1797 1652 non
1827 1595 2004 1652 minus
2030 1593 2098 1650 ad
2124 1591 2276 1648 habi-

708 1689 960 1743 tationem
987 1701 1146 1758 quam
1176 1687 1243 1741 ad
1275 1687 1582 1757 imaginem,
1629 1687 1774 1743 l’etri
1810 1686 1980 1743 edem
2011 1685 2114 1741 ﬁde
2148 1683 2274 1740 fun-

707 1777 885 1830 datam
935 1777 1194 1832 securitas
1236 1791 1356 1846 quat
1402 1791 1507 1831 non
1559 1783 1907 1846 processerat
1953 1774 2271 1846 insequitur.

2377 598 2540 654 ﬂuvio
2566 639 2582 665 ,
2626 607 2682 654 et
2725 597 3097 667 confragosum
3146 597 3305 652 vieini
3348 597 3602 652 torrentis
3648 597 3957 655 tumultum.

2378 691 2526 748 velut
2549 688 2904 760 impendentis
2930 687 3244 743 reverentia:
3275 696 3483 744 terrore
3510 688 3751 758 castigat.
3795 685 3944 743 Cohi-

2375 780 2534 836 betur
2554 778 2948 840 venerabilibus
2966 778 3094 848 ripis
3114 779 3288 834 amnis
3307 785 3563 845 arctatus,
3584 787 3640 832 et
3669 775 3956 846 pendulam

2375 869 2639 940 interiecti
2675 869 2853 939 pontis
2879 870 3122 924 semitam
3143 908 3160 934 ,
3201 867 3268 922 ad
3297 868 3621 924 altrinsecus
3656 865 3956 938 expetenda

2373 973 2648 1014 sacrorum
2676 958 2967 1014 culminum
2997 959 3111 1015 loca
3139 957 3455 1015 substernit.
3488 958 3658 1015 Edes
3680 957 3956 1014 sufﬁciens

2374 1049 2640 1106 diﬁ‘usioni
2662 1090 2680 1117 ,
2729 1053 2867 1106 facta
2893 1060 2978 1108 est
3012 1060 3230 1122 angusta
3269 1051 3552 1108 conventui
3584 1067 3600 1104 :
3628 1064 3856 1122 quaque
3877 1049 3957 1106 sic

2370 1139 2698 1209 locunditate
2738 1139 3026 1196 habitaculi
3063 1150 3170 1196 tam
3213 1140 3486 1197 terrestria
3522 1154 3680 1210 quam
3719 1153 3954 1209 superna

2373 1231 2669 1286 sollicitans
2691 1274 2707 1296 ,
2737 1245 2858 1287 cum
2895 1230 3092 1301 papqu
3119 1246 3218 1288 suo
3247 1232 3332 1287 vix
3361 1231 3628 1300 sufficiat,
3658 1229 3860 1287 sufﬁcit
3885 1231 3955 1287 de

2374 1324 2597 1380 fabrica.
2637 1321 2948 1379 Multiformi
2984 1324 3234 1394 opiﬁcum
3265 1322 3476 1393 ingenio
3504 1322 3716 1391 nitens,
3741 1321 3955 1392 expulit

2375 1425 2608 1484 noctem,
2633 1414 2836 1485 appulit
2865 1415 3058 1482 lucem,
3088 1413 3180 1483 qui
3210 1414 3301 1470 diu
3329 1411 3568 1469 tristibus
3595 1411 3836 1468 tenebris
3858 1426 3953 1467 ar-

2375 1506 2540 1562 tiﬁcio
2568 1506 2931 1576 proturbatis,
2983 1505 3157 1560 latior
3197 1503 3336 1560 intra
3382 1502 3648 1575 quoddam
3695 1501 3955 1560 claritatis

2373 1596 2720 1666 ergastulum,
2747 1594 2883 1650 felici
2903 1593 3145 1650 custodia
3171 1592 3386 1648 clausus
3405 1601 3489 1648 est
3508 1592 3642 1648 dies.
3668 1590 3760 1648 Sic
3781 1605 3955 1662 quon-

2373 1688 2496 1744 dam
2525 1701 2710 1744 carcer
2733 1687 2952 1743 retiﬁcis
2975 1684 3116 1741 Petri
3137 1684 3282 1755 (Act.
3310 1683 3476 1753 att,7)
3504 1683 3861 1754 pretiosorum
3891 1682 3954 1738 li-

2377 1779 2646 1851 gaminum
2671 1777 2823 1833 radio
2863 1776 3159 1832 illustrante
3195 1772 3570 1845 resplenduit:
3601 1786 3728 1828 cum
3755 1773 3955 1828 ferrum

711 1867 929 1921 lnuovet
963 1872 1140 1921 autem
1168 1865 1310 1921 idem
1338 1879 1479 1921 nunc
1509 1865 1781 1937 apostolus
1819 1865 2030 1938 dignam
2056 1865 2138 1921 sui
2168 1877 2272 1921 no-
2306 1857 2358 1919 Β
2382 1867 2656 1939 suppliciis
2683 1874 3011 1936 coaptatum,
3042 1865 3271 1921 metallis
3302 1862 3704 1936 pretiosioribus
3729 1861 3852 1935 plus
3878 1862 3957 1917 lu-

712 1956 867 2013 minis
893 1957 1098 2013 sedem.
1123 1956 1314 2013 iisdem
1336 1957 1574 2014 clavibus
1599 1959 1799 2028 pandat
1819 1957 1907 2014 hic
1935 1958 2135 2026 locum,
2160 1959 2280 2028 qui-

713 2049 811 2102 bus
846 2050 1019 2117 aperit
1047 2062 1292 2118 regnum.
1331 2046 1516 2104 Solvat
1565 2062 1706 2102 nunc
1743 2061 1863 2117 qua
1899 2045 2004 2102 sibi
2049 2056 2282 2102 ostensio

711 2138 908 2194 fuerint
927 2139 1212 2210 compedes
1234 2139 1536 2194 criminum.
1576 2138 1642 2194 Et
1669 2139 1824 2211 paulo
1851 2140 2104 2211 superius.
2141 2138 2284 2195 Soli-

708 2229 849 2283 ditas
873 2243 991 2298 qua:
1009 2227 1265 2284 faciendis
1288 2228 1501 2285 fabricis
1521 2229 1574 2284 in
1597 2230 1870 2300 principiis
1887 2231 2161 2301 quatritut,
2195 2229 2283 2286 hic

709 2329 764 2374 et
788 2319 1004 2376 culmen
1045 2320 1284 2376 obtinet.-
1319 2319 1651 2377 Firmissimo
1679 2322 1903 2378 aliarum
1926 2321 2122 2379 aedium
2163 2320 2282 2378 fun-

711 2410 924 2469 damine
949 2411 1226 2468 cacumina
1245 2421 1430 2469 nostra
1459 2414 1655 2469 tutiora
1675 2421 1820 2469 sunt.

783 2589 920 2659 Quid
944 2590 1074 2646 mihi
1099 2591 1276 2648 laudet
1295 2592 1546 2663 antiquus
1575 2591 1768 2664 (Exod.
1797 2606 1886 2658 xv,
1915 2589 2009 2662 23)
2040 2591 2281 2662 Moysem

710 2696 864 2736 suum
885 2697 1050 2752 aquas
1067 2684 1136 2736 ab
1155 2697 1270 2736 mro
1288 2682 1669 2752 asperas'ligno
1683 2683 1978 2752 castigante
1996 2681 2283 2737 dulcasse?

710 2770 836 2843 quid
863 2771 1107 2827 Elismum
1129 2770 1235 2844 (IV
1264 2771 1389 2843 Reg.
1405 2771 1608 2842 tv,tl),
1637 2771 1834 2827 virtute
1861 2787 1967 2826 non
1997 2771 2280 2842 imparem,

713 2862 936 2932 agrestis
983 2861 1089 2918 cihl
1139 2862 1492 2918 amaritudine
1547 2861 1758 2932 plenum
1809 2861 2039 2917 lebetem
2087 2860 2283 2916 medici

713 2951 870 3008 farris
890 2951 1156 3008 inlusione
1182 2951 1462 3008 condisse?
1491 2952 1615 3008 llaec
1641 2951 1858 3022 quidem
1877 2964 2028 3024 gesta
2052 2951 2284 3020 exempli

712 3043 1040 3100 admirabilis
1061 3043 1224 3101 fuisse
1241 3045 1361 3115 quis
1383 3044 1616 3100 nesciat?
1647 3043 1753 3100 Sed
1781 3059 1888 3100 non
1918 3045 2096 3099 minus
2124 3043 2285 3100 hodie

711 3143 896 3190 vestro
913 3134 1096 3190 datum
1123 3143 1208 3192 est
1228 3134 1517 3204 sacerdoti,
1550 3150 1712 3206 quem
1743 3150 1840 3206 par
1858 3134 2142 3190 diversitas
2163 3134 2282 3190 teli-

2383 1969 2550 2027 ceret,
2579 1974 2744 2017 serra:
2767 1958 3012 2030 fugerent
3038 1966 3253 2029 patente
3277 1957 3422 2013 aditu
3473 1965 3679 2014 catena
3705 1956 3956 2013 caderem

2383 2047 2750 2123 perstrepente
2779 2048 2998 2104 tinnitu.

2455 2231 2640 2287 Gaude
2664 2231 2843 2301 igitur,
2865 2230 3062 2284 invicte
3083 2237 3371 2294 mercator,
3398 2226 3796 2298 dispensatione
3815 2242 3958 2284 com-

2383 2325 2580 2392 missa;
2605 2323 2788 2395 profer
2809 2323 2876 2380 de
2897 2324 3150 2379 thesauro
3180 2331 3272 2377 tuo
3296 2335 3431 2377 nova
3456 2329 3510 2375 et
3531 2331 3713 2376 vetera
3743 2318 3960 2392 (Matth.

2384 2429 2498 2482 xttt,
2529 2411 2648 2486 5!),
2678 2413 2948 2469 institutor
2975 2411 3208 2479 rudium,
3239 2411 3527 2466 labentium
3559 2411 3867 2476 restitutor;
3893 2410 3960 2468 sit

2383 2521 2492 2562 una
2523 2506 2576 2562 in
2603 2505 2878 2576 multiplici
2907 2503 3308 2562 consecratione
3335 2502 3671 2559 solemnitas.
3724 2501 3962 2576 igirexisti

2384 2597 2740 2669 lacrymarum
2783 2594 3045 2651 machinis
3092 2594 3233 2665 quod
3280 2593 3449 2649 hostis
3488 2582 3771 2648 alliserat':
3804 2591 3961 2649 rediit

2382 2704 2506 2758 qua:
2533 2688 2764 2759 perierat
2788 2687 2960 2743 forma
2987 2685 3325 2758 templorum,
3348 2695 3589 2743 recurrat
3614 2694 3668 2740 et
3686 2685 3962 2740 sanctitas.

2383 2781 2499 2837 Non
2525 2790 2580 2836 tu
2603 2779 2753 2852 (Luc.
2779 2794 2893 2845 xtx,
2918 2777 3011 2849 15)
3033 2777 3280 2833 traditam
3309 2777 3401 2832 tibi
3429 2776 3656 2842 mittam,
3673 2774 3962 2832 damnante

2381 2869 2619 2936 sudario,
2641 2869 2867 2926 terrenis
2891 2868 3171 2925 scrobibus
3191 2865 3484 2933 suﬁ‘odisti;
3514 2881 3613 2922 nec
3632 2867 3733 2922 hoc
3756 2875 3962 2922 tantum

2383 2969 2663 3016 contentus
2695 2958 2918 3015 reddere
2943 2958 3084 3029 quod
3111 2956 3312 3014 dudum
3354 2956 3528 3012 fuerat
3563 2956 3963 3026 consignatum,

2384 3051 2472 3107 illa
2517 3049 2754 3106 referens
2779 3091 2793 3116 ,
2841 3048 3071 3106 oﬁ‘erens
3103 3048 3206 3103 ista
3228 3086 3245 3112 ,
3277 3054 3338 3102 ut
3363 3045 3568 3116 frugem
3605 3044 3963 3115 primitiarum

2385 3140 2576 3196 melius
2604 3140 2864 3210 porrigas,
2894 3139 3038 3208 prius
3067 3134 3318 3192 studuisti
3340 3135 3550 3190 solvere
3575 3133 3718 3204 quod
3741 3133 3961 3191 debeas.

709 3223 790 3280 cis
822 3234 1046 3280 eventus
1075 3239 1255 3296 parem
1283 3225 1501 3295 paribus
1528 3204 1866 3294 approbablt.
1897 3223 2029 3280 Cum
2056 3223 2277 3279 minoris

2383 3204 2643 3300 Quocirca
2667 3273 2683 3299 ,
2727 3204 3060 3285 dilectissimi
3087 3268 3104 3296 ,
3153 3237 3306 3284 orate
3333 3227 3474 3296 quod
3505 3236 3750 3296 superest
3777 3267 3794 3294 ,
3829 3235 3890 3281 ut
3916 3225 3964 3281 si

713 3329 848 3383 pene
877 3315 1087 3371 virtutis
1125 3316 1196 3372 sit
1221 3323 1496 3372 creaturas
1523 3315 1726 3372 orando
1753 3327 2088 3382 convertere,
2117 3330 2275 3387 quam

713 3407 866 3460 hoste
889 3405 1114 3474 depulso
1140 3417 1435 3462 creatorem
1459 3405 1663 3461 edibus
1684 3406 1956 3462 invitasse.
1979 3406 2170 3476 implet
2191 3405 2278 3461 hic

713 3506 876 3563 porro
905 3495 1184 3564 gentilium
1224 3495 1367 3550 vices
1394 3495 1738 3550 vicinantium
1763 3495 2080 3551 Arianorum
2108 3495 2276 3551 turbi-

711 3585 813 3638 dus
831 3582 986 3638 livor.
1001 3583 1137 3639 Etsi
1159 3599 1392 3655 paganus
1410 3586 1495 3641 hic
1516 3587 1652 3641 furtu
1674 3586 1785 3656 jam
1811 3586 1965 3642 deest
1983 3590 2073 3657 qui
2101 3588 2286 3657 plures

710 3674 844 3730 deos
863 3675 992 3730 velit
1009 3675 1204 3740 excoli,
1218 3676 1384 3746 gemit
1404 3675 1688 3733 hereticus
1707 3677 1796 3748 qui
1821 3693 1987 3732 unum
2016 3677 2277 3748 conspicit

709 3765 940 3820 exorari.
980 3766 1159 3836 Diligit
1194 3767 1388 3837 quippe
1421 3767 1693 3823 Trinitatis
1722 3768 1925 3824 divisor
1969 3770 2272 3832 numerosi-

713 3863 874 3910 tatem
902 3853 1152 3924 deorum;
1182 3864 1237 3910 et
1255 3855 1648 3926 consanguineo
1677 3859 2032 3934 separatiouis
2061 3858 2273 3924 aliectu,

714 3948 911 4015 pariter
932 3947 1198 4002 soliditate
1232 3955 1501 4016 perrupta,
1534 3949 1730 4002 multos
1763 3935 1896 4004 deos
1926 3949 2040 4005 ﬁeri
2077 3966 2107 4004 a
2147 3965 2278 4004 con-

715 4038 986 4094 sentaneis
1005 4037 1314 4107 acquiescit,
1345 4040 1443 4093 sub
1462 4054 1687 4108 quorum
1711 4037 1897 4095 favore
1925 4039 2078 4108 quasi
2115 4054 2276 4096 excu-

714 4129 953 4185 sabilitcr
975 4131 1089 4198 ipse
1117 4139 1228 4184 tres
1264 4139 1529 4185 numeret.
1574 4131 1708 4198 Quid
1735 4131 2046 4200 ingemiscat
2077 4131 2274 4188 Christi

712 4234 908 4274 vacuus
935 4220 1255 4285 nominatur,
1288 4219 1458 4275 locum
1483 4219 1789 4276 numinibus
1810 4222 2152 4278 interclusum
2181 4237 2270 4292 pa-

714 4313 885 4366 ruisse
909 4311 1228 4365 virtutibus?
1266 4311 1452 4367 Nullus
1482 4327 1512 4366 a
1551 4313 1739 4368 salutis
1781 4315 2049 4370 consortio
2093 4315 2274 4384 prohi-
2308 4380 2314 4387 _

713 4400 889 4454 betur.
917 4399 995 4453 Sit
1015 4400 1092 4453 eis
1115 4402 1308 4468 pariter
1327 4414 1611 4457 commune
1635 4417 1755 4457 cum
1781 4404 1961 4467 salvis,
1985 4404 2127 4472 quod
2150 4404 2276 4458 bac-

2381 3321 2508 3392 quid
2534 3333 2741 3376 sacrum
2772 3317 2978 3374 furatur
3013 3316 3311 3373 adversitas
3337 3355 3353 3381 ,
3401 3316 3512 3371 Deo
3552 3315 3850 3373 ulciscente
3886 3313 3964 3372 sic

2382 3411 2585 3468 redeat.
2635 3409 2691 3464 in
2737 3409 3057 3478 multiplices
3105 3407 3309 3464 fructus
3354 3419 3576 3478 granum
3616 3407 3775 3464 tritici
3823 3406 3964 3478 quod

2382 3511 2650 3557 maturum
2679 3500 2991 3570 putabatur,
3018 3507 3312 3555 excrescat.
3359 3497 3520 3553 Velut
3554 3496 3656 3553 Job
3691 3497 3843 3569 (χιιι,
3875 3497 3964 3566 ιο)

2382 3591 2551 3648 nostri
2572 3605 2722 3662 opes,
2751 3591 2889 3645 inter
2909 3589 3090 3660 praelia
3120 3588 3428 3644 tentationis
3451 3587 3700 3654 amissas,
3724 3586 3965 3642 victoria

2380 3683 2629 3738 tneritum
2652 3722 2669 3750 ,
2698 3681 2951 3752 patientia
2980 3679 3280 3750 duplicante
3303 3717 3318 3742 ,
3347 3678 3614 3732 restituat.
3658 3676 3724 3732 Et
3753 3684 3812 3732 ut
3838 3675 3966 3734 bre-

2377 3776 2514 3829 viter
2540 3783 2729 3829 cuncta
2749 3769 3085 3836 concludam,
3108 3779 3358 3842 agnoscat
3391 3767 3742 3839 praiseutibus
3767 3777 3964 3837 praete-

2377 3865 2600 3934 ritisque
2626 3861 2983 3928 successibus,
3011 3869 3118 3916 tam
3147 3867 3481 3931 perpetratis,
3507 3872 3668 3927 quam
3697 3857 3959 3913 tolerans-

2378 3967 2538 4024 quam
2567 3952 2620 4006 in
2655 3954 2870 4006 atternis
2896 3951 3137 4006 salubres
3165 3950 3416 4019 lacryma:
3446 3956 3642 4002 nostra:
3677 3957 3838 4002 erunt
3867 3946 3962 4002 tri.

2378 4041 2544 4098 buere
2566 4081 2582 4107 ,
2619 4056 2750 4110 quas
2776 4039 3023 4095 videmus
3048 4038 3289 4095 fidelibus
3323 4038 3484 4094 etiam
3511 4039 3564 4091 in
3594 4037 3962 4106 temporancis

2378 4147 2483 4189 non
2515 4132 2714 4202 perire.

3151 4221 3212 4274 ν.

2399 4382 2406 4388 ,
2449 4315 2504 4369 1η
2533 4313 2699 4383 gloria
2733 4313 3014 4381 prmscutis
3049 4312 3147 4388 sev)
3183 4325 3365 4380 pirum
3394 4321 3511 4378 est,
3549 4310 3596 4365 si
3628 4312 3864 4380 permitti
3892 4311 3958 4364 ad

2377 4403 2493 4458 haec
2524 4402 2826 4456 fabricanda
2866 4400 3106 4455 dicantur
3138 4417 3153 4454 :
3188 4401 3313 4454 illul
3363 4413 3524 4468 supra
3564 4409 3644 4453 est
3669 4441 3687 4465 ,
3720 4401 3863 4469 quod
3889 4401 3956 4455 ad

715 4501 871 4543 tenus
897 4497 1135 4543 nostrum
1169 4489 1432 4544 noluimus
1456 4506 1574 4545 esse
1611 4506 1732 4546 cum
1761 4492 1996 4561 perditis.
2035 4491 2275 4548 Profunis
2303 4558 2328 4561 _
2380 4494 2513 4550 tales
2541 4505 2792 4561 conatus,
2821 4492 2865 4547 si
2895 4492 3049 4548 otiari
3079 4492 3360 4557 vellemus,
3391 4491 3735 4558 impellimur.
3776 4490 3957 4547 Nove-

712 4576 939 4632 cultibus
975 4577 1205 4632 claustra
1235 4577 1547 4633 damnamus
1568 4628 1580 4645 ,
1609 4583 1947 4636 cunversuris
1974 4584 2273 4638 cultoribus
2303 4558 2354 4618 D
2382 4596 2506 4641 runt
2536 4586 2795 4652 siquidem
2822 4593 3033 4652 sceptra
3059 4583 3237 4637 saeculi
3263 4582 3452 4648 nostri,
3484 4583 3535 4636 in
3562 4597 3666 4650 quo
3691 4582 3760 4636 sit
3789 4582 3958 4637 virtus

714 4667 906 4735 templa
935 4667 1296 4736 patelacimus.
1329 4667 1562 4737 Expetat
1588 4685 1714 4739 ergo
1743 4671 1826 4726 hic
1849 4671 2105 4739 solidum,
2126 4673 2274 4743 quis-

713 4757 831 4823 quis
859 4767 1125 4811 amaverat
1154 4765 1276 4812 ante
1300 4757 1557 4823 divisum;
1586 4770 1929 4829 recognoscat
1955 4778 2094 4818 nunc
2115 4763 2272 4818 Chri-

712 4855 851 4903 stum
878 4856 1102 4916 petram,
1125 4847 1359 4917 quisquis
1387 4847 1472 4902 hic
1491 4847 1687 4902 dudum
1711 4865 1839 4904 saxa
1863 4863 2142 4906 veneratus
2168 4861 2270 4907 est.

711 4937 1010 5008 Sacrilegiis
1047 4953 1140 4992 ara
1187 4940 1354 5008 perit,
1403 4939 1544 4994 venit
1591 4955 1682 4994 ara
1730 4943 2022 4996 sacriﬁciis.
2070 4943 2271 5000 Nomen

712 5041 895 5091 unum,
918 5040 1073 5080 causa
1093 5026 1300 5102 diversa
1323 5035 1425 5083 est.
1453 5028 1688 5083 Medetur
1708 5044 1931 5101 serpens
1951 5046 2144 5096 mreus,
2164 5049 2271 5102 quo

711 5117 997 5173 momordit
1021 5119 1234 5188 ignitus.

1442 5210 1529 5264 lli.

778 5297 1024 5352 Generali
1054 5298 1399 5354 exsultatione
1419 5299 1750 5369 gaudendum
1779 5310 1882 5368 est,
1911 5303 2048 5370 quod
2077 5302 2272 5357 floren-

713 5391 850 5443 tibus
879 5389 1103 5456 sceptris
1142 5388 1414 5442 catholica:
1453 5393 1761 5459 potesmtis,
1803 5394 2100 5447 orationum
2134 5395 2270 5460 loca,

595 5549 600 5552 _
713 5489 998 5548 martyrum
1030 5479 1224 5547 templa
1247 5520 1260 5544 ,
1290 5479 1528 5535 liminum
1567 5497 1748 5550 sacra,
1790 5493 2044 5537 ornantur
2074 5485 2270 5553 oppida

685 5562 816 5622 'nou
846 5571 1019 5624 minus
1047 5570 1243 5626 mdibus
1267 5586 1426 5639 quam
1455 5577 1686 5641 patronis
1718 5591 1730 5626 :
1763 5575 1870 5629 into
1902 5576 2075 5642 potius
2097 5617 2112 5642 ,
2143 5577 2266 5631 illu-

2377 4678 2632 4744 temporis
2658 4678 2738 4730 sui
2764 4685 3026 4744 :‘quorum
3051 4673 3555 4743 iuexpugnahiliter,
3585 4681 3730 4727 recte
3749 4683 3808 4726 ut
3827 4685 3960 4727 con-

2377 4769 2587 4823 fidimus
2607 4807 2623 4831 ,
2657 4770 2775 4836 plus
2806 4766 2919 4821 haec
2950 4765 3181 4820 basilicis
3207 4779 3362 4834 quam
3379 4763 3798 4833 propugnaculis
3827 4764 3957 4820 urbs

2379 4861 2634 4916 munitur.
2659 4859 2900 4928 Cingitur
2926 4857 3156 4926 undique
3177 4857 3434 4910 tutamine
3459 4870 3728 4911 sacrarum
3757 4857 3954 4912 mdium

2376 4952 2530 5007 dives
2557 4964 2805 5005 accessus
2828 4989 2845 5016 ,
2889 4955 2945 5003 et
2987 4949 3052 5003 ad
3083 4957 3350 5018 portarum
3379 4949 3622 5018 quamvis
3661 4949 3955 5018 patentium

2376 5043 2558 5098 limina
2591 5045 2780 5096 tutiora
2805 5081 2819 5103 ,
2853 5040 2954 5095 nisi
2983 5041 3180 5095 sanctis
3205 5040 3522 5109 jauitoribus
3541 5084 3557 5108 ,
3586 5055 3693 5096 non
3722 5042 3955 5096 venitur.

2378 5134 2610 5190 Desistat
2643 5133 2766 5188 hinc
2793 5133 2946 5202 plane
2971 5139 3102 5186 nutu
3142 5146 3372 5201 superno
3400 5147 3528 5187 usus
3553 5147 3844 5187 armorum.
3876 5132 3956 5188 Ne

2377 5223 2583 5281 hostilis
2625 5231 2847 5280 conatus
2884 5222 2971 5278 hic
3008 5221 3218 5288 valeat,
3265 5225 3363 5279 hos
3408 5221 3608 5278 sufﬁcit
3650 5223 3954 5292 providisse

2379 5315 2648 5370 custodes.
2692 5315 2783 5371 Sic
2811 5315 2910 5370 iste
2933 5355 2948 5377 ,
2988 5315 3298 5369 meritorum
3325 5315 3508 5382 vigore
3532 5313 3794 5371 discretus
3816 5358 3832 5384 ,
3859 5323 3955 5369 aut

2379 5405 2654 5475 indigenas
2682 5403 2910 5459 deducat
2936 5402 3108 5458 aditus
3128 5445 3144 5471 ,
3175 5414 3264 5459 aut
3297 5404 3514 5459 insidias
3549 5405 3773 5473 repellat
3806 5404 3954 5472 obje-

2376 5506 2515 5551 ctus.
2566 5496 2671 5549 llas
2697 5493 2797 5549 sibi
2829 5507 2922 5562 per
2947 5494 3222 5550 circuitum
3244 5537 3259 5561 ,
3305 5494 3447 5548 velut
3475 5493 3806 5549 Hierusalem
3834 5509 3954 5563 quas

2376 5588 2668 5642 mdilicatur
2696 5595 2752 5640 ut
2777 5587 2961 5642 civitas
2990 5585 3157 5657 (Psal.
3185 5602 3329 5653 cxxt,
3363 5589 3396 5642 '5
3422 5585 3576 5656 seq.),
3600 5597 3772 5642 turres
3797 5587 3954 5640 attol-

714 5670 889 5712 stratm
921 5663 1219 5728 patrociniis
1253 5661 1382 5716 ﬁunt
1411 5662 1566 5716 urbes
1596 5679 1660 5717 ex
1691 5664 1916 5734 oppidis.
1960 5665 2109 5727 Quod
2138 5669 2180 5721 si
2213 5678 2266 5721 et

2378 5677 2448 5730 lat
2475 5695 2485 5730 :
2513 5676 2601 5730 ubi
2633 5677 2906 5742 laztaturis,
2937 5677 3142 5746 quoties
3172 5677 3224 5731 in
3256 5677 3470 5731 domum
3501 5677 3708 5731 Domini
3737 5678 3951 5740 ibimus,

713 5753 954 5819 specialis
983 5751 1094 5806 festi
1125 5753 1369 5822 gaudium
1403 5756 1665 5823 praeconio
1693 5769 1936 5815 currente
1965 5767 2264 5830 tangamus,

2373 5767 2454 5820 hze
2483 5777 2786 5822 sanctorum
2813 5767 3038 5824 cultibus
3071 5774 3264 5831 turres,
3294 5767 3406 5822 hac
3432 5766 3750 5835 populorum
3775 5766 3940 5823 abun-
