4154 6470
246 388 357 444 9.97

1200 385 1548 442 νιιιιυιιυιι
1589 386 2092 453 OPUSCULORUM
2133 387 2580 445 FRAGMENTA.

3415 397 3523 455 298

244 505 428 558 dantis
477 502 748 571 contingat
789 501 840 556 in
893 501 1161 564 turribus;
1210 503 1391 572 sicque
1434 503 1482 557 ei
1531 503 1620 556 ﬁat
1651 519 1748 572 pax
1783 504 1833 558 in
1865 507 1916 565 Α
1943 504 2166 558 virtuti:
2199 504 2294 559 sed
2325 519 2445 560 cum
2479 505 2545 559 ad
2585 519 2819 575 prtcsens
2861 506 3241 578 psalmisonum
3285 511 3522 569 solemne

244 594 479 658 virtute,
529 592 697 645 virtus
737 591 790 644 in
837 604 967 659 pace
997 607 1010 643 :
1045 591 1212 646 virtus
1257 592 1460 646 scilicet
1506 592 1822 657 rectoribus,

243 696 341 749 pax
375 681 653 750 regendis;
689 680 1094 749 prmsidentibus
1121 681 1242 746 illa,
1275 682 1372 735 ista
1405 681 1820 748 famnlantibus;

239 787 466 839 quarum
497 783 674 824 tamen
699 771 1031 841 principibus
1062 775 1260 827 nostris
1293 773 1601 827 utramlibet
1629 781 1820 842 optan-

241 860 402 924 tibus,
429 871 708 929 utramque
741 862 1012 915 merituris
1041 873 1334 916 conventus
1356 863 1701 932 subjectionis
1729 864 1826 919 de;

238 960 376 1001 vota:
400 964 499 1017 pax
526 948 832 1019 confoveat,
857 951 1023 1004 virtus
1048 951 1281 1020 adjiciat.
1307 953 1386 1007 Ad
1410 962 1460 1006 te
1487 969 1626 1008 nunc
1645 968 1822 1008 sermo

238 1039 491 1106 liberior,
526 1056 558 1093 ο
590 1056 827 1110 ρι’ωεεηε
845 1082 860 1107 ,
888 1039 938 1097 ἐἰ
964 1057 1083 1111 quae
1110 1052 1246 1107 sunt
1261 1044 1462 1113 uspiam
1489 1088 1503 1112 ,
1529 1044 1820 1099 catholica-

239 1144 356 1181 rum
384 1131 617 1198 gentium
651 1141 820 1198 pater,
849 1132 1120 1201 religionis
1145 1133 1346 1196 lumen,
1376 1133 1620 1188 columen
1648 1136 1823 1203 regio-

239 1217 344 1282 nis,
379 1221 744 1288 exetuplorutn
778 1222 966 1288 \irtus,
993 1217 1350 1278 Ecclesiarum
1376 1225 1583 1295 pignus,
1617 1235 1822 1293 tempo-

237 1322 356 1362 rum
379 1310 562 1372 deeus,
583 1311 837 1367 civilitate
863 1314 1125 1383 sublimis,
1144 1317 1521 1370 communione
1545 1317 1817 1383 terribilis,

236 1402 654 1456 reverentia.....
685 1419 844 1472 quam
880 1419 1000 1459 cum
1031 1405 1270 1460 adoraris
1294 1421 1324 1459 a
1351 1407 1570 1476 populo.
1623 1408 1724 1475 Qui
1767 1410 1818 1463 in

235 1492 487 1545 tribunali
521 1508 657 1546 unus
688 1509 795 1563 prae
824 1495 1095 1559 omnibus,
1124 1496 1178 1550 in
1212 1498 1364 1551 altari
1397 1513 1532 1552 unus
1558 1512 1625 1553 ex
1655 1500 1818 1554 omni-

234 1582 353 1644 bus,
384 1581 611 1650 stipatus
647 1583 873 1639 coetibus
914 1585 1294 1654 subiectorum,
1335 1603 1438 1643 non
1469 1588 1677 1660 fulgore
1705 1591 1818 1644 dia-

233 1678 493 1745 dematis,
525 1678 616 1732 sed
662 1681 855 1734 mentis
883 1680 1001 1736 luce
1029 1681 1371 1738 discerneris.
1409 1683 1526 1738 iam
1557 1699 1816 1755 recogno-

232 1786 352 1824 scas
399 1782 609 1842 tempus
657 1782 740 1827 est
788 1775 839 1827 in
889 1774 1134 1828 manibus
1180 1777 1377 1830 nostris
1434 1792 1654 1832 munera
1705 1788 1812 1832 tua.

1935 607 2247 664 perventum
2278 605 2390 662 est,
2442 612 2625 666 parum
2665 607 2790 665 puto
2825 598 2869 651 si
2905 598 3075 652 dicam
3116 600 3272 654 verba
3319 617 3520 671 metra,

1933 689 2106 744 vicisti
2135 689 2292 745 hodie
2322 693 2543 758 insuper
2565 699 2616 744 ct
2645 705 2807 759 opera
2836 701 2941 745 tua.
2971 690 3035 744 Et
3059 702 3171 759 post
3195 694 3320 746 alia.
3355 692 3536 749 Gallia

1932 790 2110 834 nostra
2143 782 2409 836 ﬁorescat.
2444 783 2602 838 Orbis
2642 784 2914 838 desideret
2949 785 3089 853 quod
3122 785 3267 839 locus
3296 788 3517 840 invexit.

1929 871 2216 942 incipiatur
2243 874 2397 928 hodie
2424 875 2688 929 exustioni
2717 876 3009 941 :Blernilas,
3034 877 3262 946 dignitas
3290 879 3518 947 regioni.

1929 964 2290 1019 Laudautibus
2336 964 2390 1019 in
2440 965 2692 1034 praesenti
2733 967 2931 1020 saeculo
2961 966 3126 1020 Deum
3157 1009 3171 1033 ,
3223 969 3522 1025 iaudaturis

1929 1057 2128 1124 pariter
2159 1056 2210 1110 in
2250 1056 2428 1110 futuro
2472 1064 2695 1110 renovet
2737 1057 2904 1126 magis
2937 1059 3118 1114 obitus
3147 1075 3304 1128 quam
3335 1062 3521 1115 terrui-

1929 1149 2336 1201 netactiouem.
2391 1148 2805 1216 Recognoscatis
2846 1149 2897 1202 in
2937 1151 3074 1203 creto
3119 1166 3278 1220 quam
3317 1152 3383 1206 de
3421 1153 3518 1207 hac

1927 1237 2120 1292 tellure
2161 1240 2438 1306 portabilis
2478 1242 2921 1297 consuetudinem
2961 1243 3302 1311 praemiorum
3343 1260 3358 1298 :
3404 1254 3516 1300 tan~

1924 1338 2110 1400 tusque
2159 1334 2614 1400 perseverantiam
2666 1345 2897 1388 vestram
2938 1335 3111 1391 honor
3148 1347 3426 1406 sequatur,
3458 1349 3515 1396 ut

1921 1420 2062 1488 quod
2098 1421 2250 1476 vobis
2293 1422 2344 1475 in
2374 1423 2632 1478 exercitio
2660 1425 2762 1478 erit
2802 1425 3012 1492 operis,
3055 1427 3156 1480 hoc
3193 1428 3431 1483 solvatur
3461 1431 3514 1484 in

1922 1513 2144 1578 praemio
2170 1527 2266 1582 pro
2294 1514 2648 1569 retributione
2675 1515 2959 1572 mercedis.

2391 1645 2545 1700 ALIA
2599 1647 3041 1705 FRAGMENTA.

1920 1730 2229 1802 (Gregorius
2256 1734 2587 1792 Turonensis
2625 1738 2763 1792 libro
2791 1755 2827 1794 ιι
2859 1740 3104 1796 Historia:
3135 1745 3509 1820 Francorum.)

231 1840 733 1932 pa,.emus"quidem
774 1864 980 1932 iubenti
1029 1863 1123 1918 ubi
1153 1903 1168 1928 ’
1219 1875 1276 1918 ut
1314 1875 1518 1921 secum
1558 1867 1660 1921 sim
1692 1883 1812 1922 cum
1850 1856 1892 1915 Β
1990 1840 2117 1932 Cum
2148 1853 2313 1897 autem
2348 1848 2656 1915 cognovisset
2691 1848 3034 1906 Gundobadus
3074 1857 3375 1910 assertiones
3402 1860 3511 1912 hrc-

230 1952 527 2016 donautur;
560 1953 654 2006 sed
689 1965 741 2006 tn
765 1956 992 2019 clamas,
1027 1955 1147 2008 talia
1178 1955 1500 2010 conferendo
1521 1996 1535 2022 ,
1565 1972 1679 2026 qua:
1711 1958 1812 2012 nisi

233 2044 484 2114 princeps
513 2046 708 2099 habere
736 2060 838 2098 nou
871 2055 1093 2115 poterat.
1136 2046 1588 2102 Gloriosissimum
1618 2050 1813 2118 quippe

227 2134 282 2186 in
317 2135 395 2186 itis
423 2151 632 2204 quoque
664 2136 866 2190 aedibus
896 2136 1036 2204 quod
1084 2137 1258 2191 fecisti
1293 2155 1306 2189 ε
1338 2139 1430 2192 sed
1475 2138 1525 2193 in
1558 2139 1810 2209 quiddam

227 2224 505 2279 sublimius
553 2237 760 2280 tuorum
791 2227 977 2294 gaudia
1016 2241 1075 2280 se
1110 2236 1405 2283 reservant.
1459 2227 1809 2285 Communem

227 2315 314 2370 hic
339 2316 547 2384 quidem
572 2316 730 2371 hodie
753 2316 989 2371 lietitiatn
1019 2318 1217 2371 oblatio
1241 2327 1413 2372 vestra
1440 2320 1646 2387 peperit
1672 2337 1682 2371 :
1714 2322 1808 2376 sed

225 2407 406 2461 adhuc
436 2408 603 2477 major
633 2417 712 2462 est
757 2423 916 2478 quam
966 2410 1291 2478 praestolatio
1335 2419 1514 2465 nostra
1547 2416 1806 2483 concepit.

226 2498 523 2566 Pori-igitur
555 2498 638 2551 hic
658 2537 674 2564 ,
707 2499 1008 2566 praeludens
1046 2514 1138 2568 per
1169 2499 1531 2568 conjecturam
1577 2515 1808 2571 praesen-

227 2588 358 2642 tium
386 2632 399 2652 ,
429 2591 807 2659 contemplatio
852 2591 1291 2660 subsequentum.
1334 2592 1484 2647 Juste
1514 2595 1807 2649 aestimatur

228 2689 431 2733 tantum
466 2681 516 2734 in
547 2683 722 2748 nobis,
754 2692 1007 2750 quantum
1038 2697 1128 2750 per
1159 2691 1209 2737 te
1238 2683 1412 2750 potior
1443 2685 1547 2737 eris
1574 2684 1627 2736 in
1657 2700 1802 2739 sum-

224 2788 332 2826 nia.
367 2773 520 2828 Certe
555 2775 692 2829 sicut
723 2775 980 2830 rationem
1014 2777 1122 2830 illic
1150 2791 1370 2845 operum
1400 2779 1798 2847 perpendimus,

224 2862 310 2915 hic.
336 2863 628 2929 donorum;
658 2881 760 2918 non
787 2865 1001 2932 quidem
1033 2867 1175 2920 solus
1207 2867 1257 2920 in
1283 2870 1633 2935 prcesentibus
1658 2872 1800 2939 asiii-

223 2952 301 3004 eis
331 2955 467 3019 quod
499 2955 763 3020 delectet,
796 2955 889 3010 scd
933 2956 1077 3011 solus
1122 2957 1171 3009 in
1214 2958 1402 3010 tuturis
1441 2963 1641 3027 poteris
1682 2977 1802 3030 pro-

221 3040 368 3098 ferre
398 3045 534 3113 quod
567 3055 801 3116 superet.

972 3136 1056 3190 Vl.

1919 1931 2190 1985 reticorum
2215 1933 2343 1988 nihil
2366 1952 2493 2002 esse,
2518 1953 2548 1987 a
2573 1948 2748 1991 sancto
2773 1940 2917 1992 Avito
2946 1943 3179 2011 episcopo
3217 1945 3507 2014 Viennensi,

1919 2021 2176 2074 Christum
2223 2022 2420 2077 Filium
2473 2024 2568 2080 Dei
2607 2038 2654 2079 et
2694 2028 2949 2094 Spiritum
2991 2043 3222 2088 sanctum
3264 2040 3508 2106 arqualent

1918 2109 2068 2163 I‘atri
2097 2114 2379 2181 confessus,
2412 2117 2543 2168 ciant
2574 2125 2624 2169 ut
2655 2118 3020 2173 ehrismaretur
3049 2126 3275 2188 expetiit.
3308 2127 3401 2181 Cui
3437 2133 3507 2183 ait

1914 2203 2154 2256 sacerdos
2186 2220 2203 2254 :
2232 2203 2284 2258 Si
2317 2220 2440 2261 vere
2469 2208 2644 2263 credis
2678 2208 2778 2264 hoc
2808 2211 2947 2281 quod
2981 2227 3077 2266 nos
3109 2215 3221 2282 ipse
3255 2216 3506 2273 Dominus

1912 2291 2145 2357 edocuit,
2178 2310 2306 2350 exse
2328 2313 2494 2364 tuere.
2531 2301 2618 2351 Ait
2647 2308 2824 2355 autem
2860 2319 2873 2355 :
2910 2303 2969 2356 Si
2999 2307 3110 2373 quis
3141 2322 3218 2358 me
3244 2310 3504 2378 confessus

1912 2385 2064 2450 fuerit
2107 2400 2282 2438 coram
2323 2388 2610 2441 hominibus
2631 2429 2644 2452 ,
2675 2391 2953 2456 conﬁtebor
2989 2403 3033 2444 et
3069 2411 3160 2464 ego
3188 2413 3304 2449 eum
3335 2416 3503 2452 coram

1913 2471 2070 2528 Patre
2097 2492 2229 2543 meo,
2258 2478 2342 2546 qui
2373 2487 2444 2530 est
2477 2481 2527 2530 in
2560 2481 2718 2534 cmlis.
2769 2480 2856 2536 Sic
2901 2493 2954 2537 et
3001 2484 3148 2553 ipsos
3184 2500 3398 2544 sanctos
3441 2486 3505 2547 ae'

1911 2569 2134 2624 dilectos
2163 2585 2288 2624 suos
2319 2571 2503 2625 beatos
2545 2575 2819 2640 apostolos
2847 2589 2967 2629 cum
2999 2577 3067 2631 de
3099 2580 3284 2635 futura:
3316 2598 3500 2650 perse-

1908 2661 2142 2714 cutionis
2190 2663 2568 2717 teutationibus
2620 2665 2876 2730 doceret,
2929 2667 3220 2724 insinuavit
3268 2673 3498 2732 dicens:

1908 2752 2163 2806 Attendite
2184 2755 2318 2806 vobis
2341 2753 2403 2806 ab
2425 2753 2735 2808 hominibus.
2767 2756 2991 2811 Tradent
3021 2763 3152 2813 enim
3183 2779 3268 2818 vos
3296 2769 3346 2818 in
3374 2784 3499 2822 con-

1907 2844 2056 2906 ciliis,
2092 2853 2136 2896 et
2159 2844 2209 2896 in
2231 2846 2503 2915 synagogis
2529 2847 2632 2898 suis
2657 2849 2992 2918 ﬂagellabunt
3017 2868 3121 2915 vos,
3146 2862 3192 2905 et
3215 2864 3329 2908 ante
3357 2874 3498 2928 reges

1906 2944 1950 2986 et
1979 2936 2222 3003 prwsidcs
2251 2936 2445 2989 stabitis
2484 2947 2691 3006 propter
2733 2955 2812 2991 me
2861 2942 2912 2993 in
2944 2945 3283 3000 testimonium
3322 2950 3423 3004 illis
3451 2964 3498 3006 et

1904 3024 2156 3091 gentibus.
2185 3025 2264 3079 Tu
2295 3041 2421 3082 vero
2447 3041 2565 3082 cum
2598 3029 2670 3081 sis
2703 3045 2792 3084 rex
2814 3071 2826 3094 ,
2859 3041 2911 3084 et
2935 3048 2960 3083 a
2992 3035 3140 3089 nullo
3167 3040 3495 3107 apprehendi

1912 3111 2188 3177 formidas,
2220 3115 2536 3170 seditionem
2568 3119 2810 3184 paveseis
2840 3123 3016 3189 populi
3043 3164 3056 3188 ,
3093 3140 3159 3180 ne
3187 3127 3496 3187 Creatorem

293 3235 319 3262 ο
360 3224 687 3279 Praeconium
734 3224 902 3280 felicis
938 3227 1202 3283 exercitus
1246 3229 1298 3282 in
1336 3230 1486 3298 cuius
1517 3245 1801 3303 congregm
1829 3219 1874 3281 ς
1907 3203 2144 3303 omnium
2175 3204 2226 3257 in
2257 3204 2469 3303 publica
2493 3207 2726 3262 latentis.
2753 3208 3008 3281 Relinque
3037 3213 3172 3270 hanc
3195 3221 3493 3292 stultitiam,

221 3316 368 3369 tione
397 3316 697 3368 beatissima
730 3331 886 3370 nemo
916 3317 1090 3384 periit,
1117 3316 1242 3370 dum
1271 3319 1446 3374 nullus
1471 3323 1655 3386 evasit,
1680 3339 1800 3377 cum

217 3403 469 3471 injustam
507 3413 809 3457 Sanctorum
859 3415 1149 3475 martyrum
1194 3417 1419 3462 mortem
1452 3411 1601 3479 quasi
1643 3415 1799 3467 sortis

215 3491 418 3556 justitia
447 3492 730 3560 judicaret,
756 3508 858 3563 qua
888 3493 968 3548 bis
997 3510 1156 3565 super
1185 3498 1351 3552 aciem
1384 3499 1622 3569 dispersa
1652 3518 1800 3555 man-

216 3591 441 3645 suetam,
458 3583 735 3651 eentuplex
750 3584 1023 3639 decimatis
1041 3588 1237 3641 [ructus
1250 3602 1595 3656 accrescerct,
1611 3602 1662 3647 et
1675 3595 1741 3648 od
1768 3611 1798 3650 ο

215 3671 266 3723 in
293 3687 601 3740 prosperum
625 3675 966 3743 suffragante,
991 3686 1207 3731 eatenus
1229 3678 1557 3748 eligerentur
1579 3682 1792 3751 singuli,

213 3765 384 3816 donec
431 3764 586 3816 simul
634 3766 1011 3834 colligerentur
1035 3768 1233 3836 electi,
1282 3786 1346 3824 ex
1393 3776 1794 3830 consuetudinis

213 3855 396 3908 debito
425 3856 593 3908 series
623 3855 771 3910 lcetre
805 3859 1067 3925 passionis
1093 3860 1369 3929 explicuit.

944 3948 1054 4002 Ἧι.

278 4034 445 4102 Cujus
462 4035 634 4088 aditus
653 4044 804 4091 nocte
831 4052 932 4090 non
953 4038 1234 4105 clauditur,
1250 4042 1366 4110 quia
1388 4057 1488 4098 non
1523 4043 1679 4100 habet
1697 4061 1792 4100 no-

210 4136 381 4190 ciem;
433 4126 583 4193 cujus
624 4125 766 4181 iores
813 4143 1027 4197 semper
1060 4141 1305 4198 paratus,
1357 4136 1512 4202 justis
1562 4140 1786 4206 patulas,

209 4217 386 4284 impis
417 4215 737 4282 inaccessas,
763 4233 866 4272 non
891 4221 1150 4276 altarnant
1177 4224 1427 4292 claustra,
1456 4229 1547 4283 sed
1576 4232 1784 4286 merita.

208 4305 369 4373 Cujus
398 4305 793 4361 fundamentum
822 4308 1063 4366 Christus
1092 4321 1193 4376 est,
1223 4313 1352 4368 ﬁdes
1382 4317 1646 4384 machina,
1673 4337 1787 4376 mu-

207 4413 296 4449 rus
326 4411 522 4451 corona
542 4439 556 4464 ,
589 4399 930 4468 margaritum
959 4414 1108 4472 porta
1130 4445 1144 4471 ,
1178 4422 1362 4461 aurum
1397 4411 1589 4478 platea,
1619 4429 1786 4483 agnus

208 4487 426 4538 lucerna
451 4527 464 4550 ,
497 4487 692 4541 chorus
727 4489 983 4544 Ecclesia.
1039 4492 1135 4548 Cui
1173 4497 1310 4550 inter
1339 4497 1544 4554 divinas
1575 4502 1778 4570 Ludes,

1908 3304 1953 3346 et
1997 3293 2134 3362 quod
2164 3295 2330 3349 corde
2363 3305 2412 3350 te
2440 3297 2572 3350 dicis
2602 3299 2823 3353 credere
2844 3344 2857 3366 ,
2888 3317 2980 3357 ore
3017 3306 3196 3373 prefer
3232 3310 3280 3363 in
3319 3315 3490 3380 plebe.

1906 3383 1995 3438 Sic
2025 3387 2166 3438 enim
2199 3396 2251 3439 et
2291 3385 2476 3441 beatus
2508 3390 2796 3457 Apostolus
2825 3393 2900 3445 ait
2928 3412 2938 3445 :
2971 3395 3136 3451 Corde
3175 3403 3396 3457 creditur
3426 3409 3496 3458 ad

1892 3473 2151 3540 justitiam
2177 3515 2191 3539 ,
2238 3491 2324 3529 ore
2369 3487 2534 3528 autem
2583 3481 2831 3549 confessio
2859 3483 2916 3548 ﬁt
2944 3484 3011 3535 ad
3039 3487 3274 3544 salutent.
3323 3493 3412 3548 Sic
3442 3510 3494 3551 et

1902 3563 2159 3632 propheta
2204 3565 2277 3618 ait
2314 3565 2652 3633 :Con/itebor
2697 3572 2785 3622 tibi
2813 3615 2826 3637 ,
2876 3573 3121 3642 Domine,
3169 3580 3221 3631 in
3266 3580 3493 3639 Ecclesia

1901 3667 2107 3720 magna,
2139 3654 2192 3706 in
2219 3655 2412 3724 populo
2439 3659 2581 3726 gravi
2619 3659 2836 3712 laudabo
2865 3673 2928 3716 te.
2960 3663 3028 3718 Et
3055 3667 3243 3724 iterum
3275 3689 3286 3724 :
3318 3674 3493 3743 Conﬁ-

1898 3743 2037 3795 tebor
2061 3744 2153 3796 tibi
2182 3746 2232 3796 in
2259 3748 2492 3816 populis,
2520 3746 2773 3814 Domine;
2814 3754 3068 3822 psalmum
3100 3761 3264 3814 dicant
3297 3770 3492 3821 nomini

1897 3841 1981 3886 tuo
2025 3835 2154 3886 inter
2196 3844 2389 3904 gentes.
2437 3839 2676 3893 Metuens
2723 3854 2902 3897 autem
2956 3849 3245 3916 populum,
3293 3869 3324 3906 ο
3369 3873 3484 3922 rex,

1897 3927 2111 3996 ignoras
2155 3927 2275 3996 quia
2318 3930 2483 3982 satius
2528 3943 2602 3984 ψει
2648 3942 2700 3986 ιιι
2749 3937 2978 4005 populus
3027 3953 3280 4010 sequatur
3326 3945 3484 4002 ﬁdem

1895 4025 2036 4070 tuam
2059 4057 2072 4080 ,
2102 4033 2260 4086 quam
2295 4028 2347 4073 tu
2382 4021 2674 4076 inﬁrmitati
2711 4024 2888 4080 faveas
2919 4031 3181 4095 populari.
3222 4033 3299 4088 Tu
3341 4038 3482 4092 enim

1893 4121 1951 4161 es
1980 4117 2140 4177 caput
2165 4111 2365 4179 populi,
2396 4125 2500 4165 non
2532 4114 2754 4181 p0pulus
2779 4127 2936 4185 caput
2969 4127 3133 4172 tuum.
3166 4122 3218 4177 Si
3247 4126 3388 4179 enim
3417 4131 3482 4182 ad

1895 4198 2090 4253 bellum
2135 4201 2489 4268 proﬁciscaris
2511 4243 2524 4266 ,
2559 4216 2610 4256 tu
2646 4207 2903 4273 praecedis
2934 4219 3178 4266 catervas
3227 4213 3481 4283 hosﬁum,

1889 4299 1943 4343 et
1975 4289 2080 4343 illae
2109 4305 2216 4359 quo
2247 4291 2442 4346 abieris
2463 4335 2476 4357 ,
2509 4294 2925 4365 subsequuntur.
2973 4299 3123 4356 Unde
3153 4307 3344 4363 melius
3374 4323 3479 4378 est,

1889 4388 1949 4434 tit
2000 4389 2053 4436 te
2104 4383 2441 4450 praacedente
2499 4397 2788 4454 agnoscant
2836 4389 3166 4459 veritatem,
3217 4412 3372 4466 quam
3427 4410 3482 4457 te

1890 4482 2146 4540 pereunte
2176 4484 2523 4543 permaneant
2552 4475 2603 4528 in
2643 4491 2848 4532 errore.
2895 4478 3024 4535 Nam
3062 4483 3199 4539 Deus
3229 4503 3334 4542 non
3362 4491 3480 4545 irii-

204 4575 382 4629 omnis
418 4577 594 4644 operis
625 4580 940 4634 necessitate
975 4583 1179 4636 seclusa
1210 4625 1224 4650 ,
1269 4588 1382 4642 sola
1426 4590 1528 4644 erit
1565 4563 1780 4663 reqmes
1813 4572 1862 4632 D
1889 4568 2065 4618 deum
2110 4563 2224 4618 Non
2264 4564 2402 4617 enim
2445 4565 2615 4663 diligit
2646 4567 2794 4663 “him
2835 4570 2922 4638 qni
2960 4583 3176 4642 proin"
3208 4585 3473 4636 terrenum

204 4668 483 4720 sinceritas
512 4669 756 4723 actionis.
805 4670 966 4724 Multa
996 4683 1117 4726 sunt
1142 4715 1157 4739 ,
1196 4676 1432 4744 piissime
1460 4684 1652 4748 prtesul
1679 4727 1692 4750 ,
1724 4685 1776 4739 in

206 4756 458 4810 Libunali
487 4758 749 4826 aliquibus
773 4760 981 4828 juuior,
1024 4764 1075 4818 iu
1122 4767 1312 4821 altario
1341 4773 1578 4826 omnium
1612 4777 1776 4844 prior,

205 4848 371 4901 multa
402 4858 559 4914 sunt,
604 4851 818 4920 inquam
845 4893 858 4915 .
899 4854 950 4907 in
994 4857 1244 4922 operibus
1277 4861 1377 4915 tuis
1400 4901 1416 4929 ,
1448 4865 1640 4933 quibus
1682 4884 1781 4924 nos

205 4939 461 4993 hactenus
481 4943 680 5020 gratias
704 4943 954 5000 debuisse
980 4947 1237 5002 dicamus.
1269 4950 1428 5005 Ditati
1450 4954 1627 5024 donis,
1651 4973 1778 5027 pau-

207 5045 363 5099 peres
397 5035 588 5098 verbis,
621 5035 951 5104 percepimus
974 5053 1184 5108 magna,
1208 5055 1372 5109 pauca
1404 5048 1774 5113 persolvimus.

201 5123 416 5176 Ornasti
449 5123 698 5178 ecclesias
729 5135 843 5179 tuas
884 5141 1130 5195 gazarum
1160 5133 1404 5198 cumulo,
1435 5151 1657 5193 numero
1684 5155 1778 5210 po-

201 5216 470 5282 pulorum.
501 5213 746 5269 Struxisti
776 5218 1074 5286 sumptibus
1105 5237 1220 5289 quae
1253 5227 1560 5283 muneribus
1590 5243 1776 5288 eumu-

202 5305 342 5359 lares
391 5303 599 5359 altaria.
657 5305 933 5377 Nunquam
986 5309 1198 5380 quidem
1247 5316 1566 5374 contulimus
1613 5325 1772 5379 verba

271 5494 296 5523 ι
339 5483 414 5538 De
457 5483 890 5568 lio§_frag_mettto
935 5487 1242 5568 Ruinartius
1284 5491 1334 5545 in
1363 5493 1509 5568 Actis
1550 5495 1767 5568 Martyr.

197 5555 335 5634 sine.
370 5570 490 5624 pag.
519 5556 623 5608 253
655 5557 1011 5634 edit.__\’eron_.
1032 5599 1049 5627 ,
1083 5561 1135 5614 in
1165 5561 1528 5634 admonitione
1553 5566 1616 5619 ad
1653 5555 1771 5634 pas-

195 5626 404 5708 sione-tn
438 5633 741 5708 sanctorum
766 5627 1010 5708 hlauricii
1036 5626 1092 5682 et
1125 5630 1536 5708 sociorum-ejus
1563 5626 1766 5708 marty-

196 5709 312 5748 rum
348 5694 651 5768 incohabat
697 5694 723 5763 §
765 5696 800 5746 Ξ
835 5713 851 5768 γε
900 5714 917 5746 ι
956 5696 1326 5766 Fragmentum
1367 5694 1670 5768 huiusmodi
1703 5694 1766 5761 cx

195 5763 580 5835 ant'quissitnis
621 5764 671 5815 in
713 5767 910 5818 cortice
938 5763 1168 5823 exar—etis
1195 5769 1405 5826 scliedis
1434 5763 1767 5832 bibliothecae

440 5853 690 5912 Ρηιιοι.
759 5853 914 5913 LIX.

1886 4671 2105 4723 regnum
2132 4670 2250 4709 eum
2277 4671 2378 4709 non
2405 4659 2691 4712 conﬁtetur
2718 4661 2767 4712 in
2800 4664 3016 4717 saeculo.
3045 4665 3149 4718 Ista
3173 4668 3258 4722 ille
3281 4674 3480 4728 ratime

1886 4749 2158 4815 confusus,
2199 4763 2356 4816 usque
2394 4747 2462 4801 ad
2512 4752 2704 4804 exitum
2749 4753 2864 4805 rita:
2902 4771 3008 4809 sua:
3045 4758 3095 4808 in
3137 4759 3233 4812 huc
3276 4767 3476 4820 insanis

1888 4836 2179 4904 perduravit
2205 4877 2222 4904 ,
2271 4853 2359 4892 nec
2409 4840 2606 4908 publice
2634 4843 2973 4912 aequalitatem
3023 4846 3286 4906 Trinitatis
3317 4855 3476 4912 voluit

1891 4929 2138 4995 conﬁteri.

1962 5040 2296 5110 (Agobardus
2333 5041 2386 5095 in
2418 5042 2554 5099 libro
2583 5044 2649 5098 de
2691 5045 2919 5102 Pictoris
2949 5057 3001 5102 et
3031 5048 3400 5126 Imaginibus.)

1958 5150 2011 5202 Η
2017 5153 2056 5204 is
2078 5153 2145 5205 ita
2165 5169 2218 5206 se
2237 5154 2554 5221 habentibus,
2577 5165 2648 5211 est
2671 5161 2848 5213 modus
2869 5161 3071 5230 divinae,
3086 5164 3186 5219 sive
3207 5169 3470 5236 angelica,

1885 5241 1960 5294 t'el
1979 5242 2128 5295 etiam
2163 5243 2401 5296 humana:
2428 5246 2626 5316 glorior,
2659 5249 2785 5302 sicut
2817 5249 3041 5306 Alcimus
3071 5253 3248 5311 Avitus
3275 5262 3473 5328 episco-

1884 5349 1979 5399 pus
2025 5332 2319 5388 Viennensis
2357 5337 2410 5388 in
2435 5338 2638 5408 dialogo
2662 5379 2676 5404 ,
2717 5342 2801 5393 ubi
2841 5358 2955 5395 cum
2994 5343 3313 5404 Gundobado
3353 5369 3469 5423 rege

1878 5501 2147 5580 Thttanem
2189 5507 2476 5580 descripsit
2519 5507 2600 5580 vir
2626 5522 2795 5580 sacrae
2825 5511 3157 5580 antiquitatis
3187 5516 3470 5574 studiosis-

1877 5573 2683 5657 simus‘dalcobusnSirmondtts.
2734 5579 2841 5632 llas
2870 5573 3050 5636 aut-em
3087 5585 3313 5639 schedas
3344 5573 3466 5657 qua:

1877 5643 1927 5718 in
1955 5641 2460 5718 biblimhecaRegia
2489 5648 2647 5718 modo
2668 5661 3037 5718 asservantur,
3064 5664 3273 5709 vivente
3293 5641 3466 5713 adii—ue

1877 5711 2033 5798 {Avito
2060 5755 2073 5778 ,
2102 5721 2198 5798 sint
2225 5715 2606 5796 saltempaulo
2637 5728 2754 5787 post
2800 5711 3225 5798 ipsiusobitum‘
3258 5711 3464 5798 scripta

1876 5778 2041 5836 fuisse
2066 5781 2331 5838 afﬁrmant
2354 5778 2556 5853 qui'cas
2580 5778 2920 5858 inspexerunt
2949 5793 3044 5846 viri
3072 5778 3399 5859 peritisSim—ir.
3418 5778 3454 5852 vi

3035 5884 3112 5944 10
