4316 6474
731 457 834 514 299

1983 445 2037 500 S.
2080 440 2262 498 AVlTl
2303 439 2700 497 VIENNENSIS

3903 440 4005 495 5&0

728 574 979 642 loquitur,
1015 567 1139 622 dicit
1169 583 1186 622 :
1215 566 1347 624 Illud
1379 574 1554 620 tamen
1591 561 1732 632 quod
1761 559 1827 616 ab
1863 560 2169 630 mqualitate
2200 571 2310 613 οω-
2339 558 2385 616 Α
2415 556 2713 642 singillatim
2745 634 2757 642 _
2783 552 2959 642 ordine
3003 553 3251 642 'de's‘criliit
3273 594 3293 642 ,Ι
3336 553 3470 605 Aviti
3525 567 3720 642 quoque
3765 565 4002 642 operum,

727 662 875 717 lcstis
904 657 1085 730 gloria:
1113 659 1322 713 Patrem
1349 665 1402 711 et
1431 653 1645 719 Filium,
1674 651 1894 723 perinde
1925 661 1980 706 ut
2009 659 2306 705 creaturam

724 755 1020 824 angelicam
1051 751 1403 811 secltnlentes,
1433 745 1716 816 quamdam
1763 743 1892 798 mihi
1921 740 2175 796 invidiam
2206 739 2309 794 illi-

727 847 832 900 cite
873 844 1118 913 supernis
1167 839 1452 894 virtutibus
1498 837 1662 892 delati
1721 836 1938 890 honoris
1996 832 2304 898 obtenditis,

726 938 963 991 dicentes
995 952 1008 988 :
1043 933 1181 1001 Ergo
1207 938 1260 985 et
1282 929 1484 999 angelis
1511 939 1668 998 atque
1699 927 2055 994 archangelis,
2088 934 2144 979 et
2165 938 2310 993 qure-

725 1041 931 1094 cunquc
959 1025 1012 1078 in
1033 1023 1260 1078 execlsis
1284 1030 1428 1088 sunt,
1454 1020 1674 1090 gloriam
1698 1017 1839 1072 ferre
1866 1017 2125 1072 debemus
2148 1031 2160 1066 :
2188 1013 2310 1068 licet

721 1118 943 1172 minime
972 1117 1241 1187 pertinent
1271 1115 1336 1169 ad
1363 1127 1574 1169 causam
1601 1151 1615 1176 ,
1650 1111 1813 1166 etiam
1842 1112 1905 1163 ad
1937 1123 2172 1179 praisens
2203 1121 2308 1162 non

721 1212 941 1265 omnino
967 1211 1044 1264 sic
1071 1222 1262 1272 renuo,
1284 1206 1432 1276 quasi
1461 1213 1721 1259 creatura:
1747 1201 1961 1257 sublimi
1988 1209 2142 1268 atque
2171 1214 2308 1268 prte-

720 1304 881 1358 stauti
927 1301 1152 1372 gloriam
1201 1300 1339 1353 ferre
1382 1299 1683 1351 timeamus.
1731 1295 1824 1349 Est
1855 1295 2050 1364 quippe
2090 1289 2305 1355 divinae,

721 1404 802 1448 est
832 1393 1106 1462 angelicm,
1132 1398 1214 1446 est
1239 1389 1399 1444 etiam
1426 1376 1670 1440 humanm
1700 1385 1883 1455 gloria:
1913 1383 2119 1447 modus,
2147 1394 2305 1450 quem

723 1488 774 1539 in
801 1485 980 1539 multis
1008 1481 1399 1550 Scripturarum
1424 1479 1556 1532 locis
1583 1477 1906 1539 invenimus,
1930 1483 1982 1529 et
2003 1482 2302 1528 sanctorum

724 1575 927 1629 meritis
953 1614 967 1638 ,
1013 1581 1068 1627 et
1105 1571 1344 1637 apicibus
1375 1583 1561 1638 regum
1606 1567 1722 1620 sine
1758 1566 1888 1620 vitio
1929 1561 2306 1618 assentationis

721 1666 938 1720 ascribi.
966 1665 1094 1730 Quae
1120 1667 1261 1717 enim
1296 1662 1431 1715 inter
1454 1659 1696 1713 homines
1725 1657 1892 1724 prima
1924 1655 2114 1726 gloria,
2139 1654 2303 1724 gloria

720 1760 834 1814 haec
858 1768 938 1814 est
968 1756 1214 1812 omnibus
1240 1752 1436 1807 sanctis
1465 1751 1612 1820 ejus;
1645 1757 1698 1804 et
1726 1751 1777 1802 in
1807 1746 2095 1816 Evangelio
2126 1746 2306 1802 Domi-

720 1865 821 1906 nus
871 1849 1033 1912 dicit,
1080 1845 1220 1915 quod
1273 1857 1370 1898 nec
1416 1841 1670 1898 Salomon
1718 1839 1770 1893 in
1819 1839 1962 1892 omni
2010 1837 2176 1907 gloria
2207 1850 2303 1890 sua

719 1943 798 1995 sic
845 1940 1064 1994 vestitus
1105 1942 1188 1990 est
1235 1935 1372 1990 sicut
1427 1932 1525 1986 lilii
1577 1929 1825 1986 ﬂosculus
1862 1929 2042 1998 Specie
2082 1927 2309 1982 naturali

721 2031 934 2102 (Matth.
955 2047 1025 2092 vt,
1055 2027 1171 2096 ‘29).

721 2121 1058 2190 (Agobardus
1083 2117 1220 2170 idem
1246 2117 1296 2168 in
1318 2114 1453 2168 libro
1475 2113 1729 2168 adversus
1750 2112 1919 2182 legem
1945 2110 2310 2179 Gundobadi.)

796 2199 932 2276 ριῆι
967 2212 1059 2263 is'e
1089 2206 1400 2262 venerandus
1427 2215 1473 2258 et
1499 2215 1702 2258 sanctus
1733 2204 1810 2256 vir
1837 2218 1970 2271 saepe
2000 2202 2134 2255 dicto
2159 2200 2308 2254 Gun-

722 2305 916 2360 tlebado
948 2303 1009 2355 tle
1037 2300 1343 2368 supradic:is
1370 2296 1723 2351 certaminibus
1750 2297 2099 2365 responderit,
2128 2295 2309 2349 audiat

721 2401 762 2450 si
793 2395 956 2465 placet
1001 2391 1278 2461 benignitas
1309 2400 1488 2441 vestra.
1523 2387 1649 2441 Cum
1680 2389 1742 2440 de
1779 2387 1857 2441 his
1886 2388 2015 2439 inter
2042 2398 2309 2454 utramque

721 2502 882 2540 sermo
909 2490 1034 2537 esset
1054 2523 1067 2544 ,
1098 2491 1141 2534 et
1170 2480 1340 2531 beatus
1370 2479 1544 2530 Avitus
1581 2479 1703 2530 talia
1736 2478 2013 2532 certamina
2044 2476 2308 2546 reprehen-

722 2582 858 2632 derel
878 2619 891 2640 ,
921 2573 1181 2641 respondit
1215 2574 1256 2624 ei
1289 2571 1639 2624 Gundobadus
1670 2586 1690 2624 .·
1720 2570 1854 2636 Quid
1887 2579 1968 2623 est
1998 2569 2136 2637 quod
2173 2571 2310 2622 inter

722 2684 885 2738 rcgna
916 2676 963 2721 et
995 2673 1202 2736 gentes,
1235 2672 1286 2716 ct
1315 2662 1473 2716 etiam
1507 2661 1646 2715 inter
1680 2674 1932 2728 personas
1957 2675 2099 2727 saepe
2128 2659 2309 2728 singu-

721 2763 822 2828 las,
859 2757 1170 2813 diritnendt-
1204 2755 1395 2822 proeliis
1426 2769 1598 2808 causae
1629 2752 1808 2806 divino
1832 2753 2034 2822 judicio
2064 2755 2307 2807 commit-

722 2862 944 2913 tuntur,
997 2856 1050 2902 ct
1097 2847 1144 2900 ei
1197 2844 1425 2900 maxime
1466 2844 1601 2913 parti
1647 2844 1732 2898 cui
1774 2845 1980 2912 justitia
2030 2845 2303 2910 competit,

721 2945 941 2996 victoria
968 2937 1238 2994 succedit?
1259 2937 1336 2988 Ad
1358 2935 1491 3002 quod
1514 2935 1684 2988 beatus
1711 2935 1886 2988 Avitus
1907 2934 2077 2987 intulit
2100 2935 2305 2987 dicens:

722 3036 780 3090 Si
808 3033 1064 3096 divinum,
1089 3031 1325 3100 inquam,
1347 3027 1629 3096 judicium,
1658 3043 1818 3096 regna
1851 3037 1903 3081 et
1929 3037 2114 3098 gentes
2146 3043 2309 3098 eripe-

723 3134 900 3182 tcrent
925 3166 937 3190 ,
969 3124 1096 3178 illud
1139 3123 1288 3192 prius
1332 3121 1473 3190 quod
1523 3121 1776 3175 scribitur
1807 3121 2154 3174 lomtidarent
2180 3165 2192 3187 ,
2226 3119 2308 3172 di-

723 3226 879 3274 cente
927 3215 1204 3268 Psalmista
1257 3231 1270 3264 :
1323 3212 1525 3280 Dissipa
1569 3221 1738 3279 gentes
1791 3228 1905 3278 qua
1956 3213 2087 3264 bella
2138 3210 2308 3264 volunt

2416 623 2588 678 eorum
2631 625 2880 677 duntaxat
2927 625 3014 687 qui
3066 623 3222 678 Pauli
3275 625 3442 676 locum
3491 625 3713 689 aliquem
3762 630 4004 679 tractant,

2414 706 2673 767 segmenta
2716 694 2892 747 ultimo
2936 692 3142 746 tandem
3184 694 3294 747 loco
3329 693 3510 762 digerit
3540 694 3588 744 in
3608 690 3746 743 hunc
3776 691 4001 743 modum.

3005 801 3414 859 SENTENTl/E

2417 913 2483 951 EX
2537 911 2790 951 EPlS'I’OLA
2845 910 2999 950 BEA"
3050 910 3202 948 PAULI
3252 908 3502 948 Al‘OSTOLI
3547 909 3613 947 AD
3662 903 3923 950 ιιοιιλποε,
3971 908 3997 942 Α

2413 982 2613 1022 ΒΔΧΟΤΟ
2664 982 2728 1020 ΕΤ
2787 980 3173 1020 ιιιυετιιιεειιιο
3230 977 3470 1017 ιιοετοιιε
3524 977 3787 1017 ECCLESI£
3841 975 3994 1012 ,ινιῐυ

2536 1051 2787 1091 EPISCOPO
2817 1050 3124 1089 VIENNENSIS
3155 1049 3426 1088 EXPOSITJ‘I
3461 1048 3629 1094 ATQUE
3668 1047 3731 1085 ει
3769 1043 3887 1083 ειυς

2733 1119 3011 1160 ορυεουιιε
3061 1121 3109 1159 I.‘
3161 1119 3388 1157 OllblNEM
3439 1116 3695 1156 DlGESTd-I.

2486 1217 2537 1271 Ι.
2600 1218 2702 1286 Qui
2750 1222 2915 1288 factus
2951 1225 3026 1271 est
3077 1219 3124 1272 ei
3169 1233 3232 1271 ea:
3277 1217 3468 1271 semine
3510 1212 3675 1267 David
3722 1211 3994 1265 secundum

2415 1324 2638 1362 carnem.

2482 1399 2568 1454 II.
2614 1398 2680 1454 Ut
2720 1399 2785 1453 sit
2815 1414 2956 1465 pater
2985 1397 3386 1452 circumcisionis
3420 1405 3468 1449 et
3513 1395 3576 1448 sit
3613 1403 3753 1464 pater
3786 1393 3994 1446 creden-

2410 1490 2534 1543 tium
2564 1506 2651 1558 per
2679 1490 3014 1558 prwputium.

2479 1579 2599 1634 III.
2640 1579 2810 1649 Igitur
2829 1581 2959 1634 sicut
2985 1594 3072 1647 per
3099 1593 3257 1631 unum
3281 1576 3534 1630 hominem
3559 1576 3612 1628 in
3636 1589 3806 1627 omnes
3831 1572 4008 1624 Ιιοηιὶ-Δ

2408 1685 2496 1725 nes
2526 1671 2578 1723 in
2608 1670 3098 1730 condemnationem,
3138 1669 3210 1720 ita
3251 1676 3312 1721 et
3337 1681 3424 1734 per
3456 1682 3614 1718 unum
3644 1665 3893 1717 hominem
3928 1663 3980 1714 in

2407 1778 2578 1816 omnes
2607 1762 2833 1815 homines
2857 1761 2909 1813 iu
2929 1760 3386 1830 justiﬁcatiouem.

2483 1851 2588 1906 IV.
2634 1852 2769 1905 Nam
2799 1852 2922 1922 quid
2946 1866 3149 1904 oremus
3175 1851 3304 1903 sicut
3337 1856 3551 1915 Oportet,
3584 1848 3848 1900 nescimus.

2490 1943 2557 1996 Υ.
2599 1942 2699 2008 Qui
2721 1944 2873 1996 etiam
2905 1943 3109 2012 praprio
3132 1938 3272 1992 Filio
3301 1955 3393 1993 suo
3417 1954 3516 1992 non
3541 1938 3779 2009 pepercit.

2489 2031 2589 2086 VI.
2633 2031 2764 2086 Item
2794 2033 2856 2085 de
2881 2032 3076 2085 eadem.

2488 2121 2622 2175 VII.
2668 2121 2920 2192 Optabam
2959 2137 3049 2190 ego
3089 2121 3197 2190 ipse
3243 2119 3518 2173 anathema
3559 2132 3666 2170 esse
3711 2134 3741 2169 a
3787 2113 3989 2170 C'iristo

2413 2229 2504 2284 pro
2537 2213 2782 2280 fratribus
2811 2212 2953 2266 meis.

2495 2301 2655 2355 VIII.
2704 2302 2934 2369 Quorum
2967 2311 3159 2369 patres,
3183 2308 3229 2353 et
3256 2314 3318 2353 ea:
3339 2297 3515 2369 quibus
3542 2298 3771 2352 Christus
3802 2314 3984 2352 serun-

2411 2396 2534 2448 dum
2561 2410 2784 2461 carnem,
2823 2403 2928 2447 etc.

2484 2485 2586 2540 IX.
2623 2485 2666 2537 0
2689 2484 2908 2538 altitudo
2938 2483 3238 2536 divitiarum
3265 2482 3528 2550 sapientia:
3559 2490 3601 2533 et
3631 2481 3850 2534 scientia:
3870 2478 3996 2533 Dei!

2484 2578 2554 2630 Χ.
2599 2576 2758 2629 Omne
2781 2576 2917 2644 quod
2949 2591 3049 2628 non
3079 2584 3152 2628 est
3179 2590 3242 2628 ea:
3268 2573 3370 2642 ﬁde
3402 2583 3663 2642 peccatum
3696 2581 3784 2624 est.

2483 2665 2587 2720 XI.
2635 2665 2701 2719 Ut
2726 2681 2812 2732 per
2842 2665 3140 2734 patientiam
3174 2674 3218 2717 et
3251 2664 3648 2717 consolationem
3692 2661 3986 2730 Scriptura-

2411 2776 2522 2812 rum
2551 2775 2686 2829 spem
2718 2756 3012 2810 habeamus.

3190 2848 3232 2902 1.

2733 2941 2832 3012 (Ex
2881 2938 3032 2994 libris
3074 2939 3269 2994 Contra
3309 2938 3678 3007 Pbantasma.)

2496 3032 2618 3086 Ideo
2651 3032 2702 3085 in
2741 3031 2916 3101 capite
2943 3031 3221 3084 dominica:
3251 3031 3610 3100 generationis
3641 3029 3794 3082 toties
3828 3027 3989 3081 David

2414 3122 2690 3191 Scriptura
2726 3131 3130 3184 commemorat,
3175 3129 3234 3175 ut
3271 3136 3394 3175 cum
3440 3120 3665 3188 patuerit
3706 3119 3899 3173 vetitas
3927 3117 3993 3172 de

2426 3227 2662 3280 auctore,
2696 3215 2836 3268 nulla
2869 3216 3037 3282 possit
3076 3213 3333 3266 dubitatio
3359 3227 3478 3266 esse
3512 3211 3578 3265 de
3607 3210 3809 3265 sobole.
3862 3209 3991 3262 Nam

722 3307 893 3380 (Psal.
924 3321 1062 3360 van
1089 3349 1103 3371 ,
1134 3306 1244 3373 51).
1301 3304 1367 3358 Et
1411 3273 1537 3357 illud
1569 3273 1866 3372 wdiligerent
1903 3304 2040 3371 quod
2088 3305 2306 3370 perinde
2335 3273 2381 3335 Ο
2431 3313 2485 3358 ut
2513 3273 2781 3360 taceamus
2810 3273 2960 3370 illud,
2984 3303 3126 3373 quod
3161 3301 3213 3356 in
3246 3302 3545 3370 Evangeliis
3576 3301 3679 3354 duo
3719 3301 3846 3354 caeci
3893 3314 3993 3354 una

723 3400 916 3454 dicitur
950 3414 962 3450 :
999 3395 1128 3451 Mihi
1153 3394 1447 3459 vindictam,
1474 3409 1564 3462 ego
1585 3394 1882 3460 retribuam,
1907 3395 2029 3448 dicit
2059 3393 2306 3448 Dominus

728 3491 903 3558 (llam.
935 3503 1031 3552 xu,
1061 3486 1171 3555 19).
1199 3488 1276 3539 An
1301 3483 1438 3538 forte
1461 3484 1575 3538 sine
1603 3485 1720 3539 telis
1741 3495 1796 3539 et
1818 3485 2004 3553 gladiis
2024 3501 2304 3540 causarum

726 3589 902 3634 motus
938 3577 1158 3644 aequitas
1197 3588 1426 3644 superna
1473 3588 1578 3628 non
1621 3573 1826 3643 judicat
1849 3615 1863 3638 ,
1895 3583 2013 3628 eum
2044 3590 2184 3644 saepe
2207 3615 2220 3639 ,
2253 3584 2310 3628 ut

727 3672 1014 3735 cernimus,
1045 3682 1165 3735 pars
1189 3675 1279 3719 aut
1304 3666 1446 3734 juste
1469 3673 1675 3730 tenens,
1708 3675 1797 3718 aut
1819 3666 1958 3733 juSta
1989 3667 2306 3732 deposcens,

727 3761 932 3816 laboret
972 3759 1023 3812 in
1066 3756 1294 3825 proeliis,
1335 3764 1388 3809 et
1419 3755 1706 3823 praevaleat
1746 3755 1938 3824 iniquae
1979 3756 2145 3824 partis
2170 3799 2184 3823 ,
2225 3755 2308 3810 vel

724 3851 969 3922 superior
1001 3848 1276 3913 fortitudo,
1308 3848 1390 3902 vel
1425 3847 1614 3901 furtiva
1641 3847 1950 3914 subreptio?

987 3939 1320 4012 (Agobardus
1352 3938 1490 3992 idem
1521 3940 1658 3993 libro
1688 3940 1755 3994 de
1785 3940 2060 4009 Picturis.)

802 4033 947 4086 Sicut
981 4033 1203 4083 Alcimus
1241 4031 1413 4081 Avitus
1453 4031 1719 4097 episwpus
1756 4029 2054 4084 Viennensis
2081 4028 2307 4101 dialogo,

730 4125 817 4177 ubi
856 4141 966 4177 cum
993 4121 1314 4175 Gundobado
1344 4136 1457 4190 rege
1485 4121 1742 4186 loquitur,
1784 4122 1904 4174 dicit
1937 4139 1954 4175 .'
1987 4123 2081 4176 Est
2117 4124 2312 4193 quippe

731 4215 964 4278 divinm,
1020 4223 1101 4266 cst
1152 4211 1439 4280 angelicze,
1490 4221 1572 4266 cst
1614 4211 1773 4266 etiam
1828 4213 2074 4268 humana:
2128 4216 2310 4283 gloriae

731 4304 940 4362 modus.

1353 4390 1688 4448 LECTORI.

800 4487 916 4539 Alia
949 4494 1057 4554 post
1087 4486 1192 4538 lucc
1222 4484 1553 4557 diuersorum,
1575 4484 1709 4537 Aviti
1753 4501 1960 4553 aperum
2011 4489 2233 4557 plurima
2263 4499 2310 4544 et

731 4557 954 4609 illustria
1006 4560 1287 4623 fragmenta
1340 4555 1677 4620 suppeditavit
1740 4559 1881 4608 nobis
1924 4555 2312 4614 (ix—Carthasim

732 4626 950 4694 Majoris
977 4625 1342 4694 bibliotheca}
1369 4627 1526 4694 code;
1548 4623 1907 4694 Floridiaconi
1938 4627 2180 4681 Ecrlcsia:
2209 4629 2311 4682 Lu-
2342 4629 2392 4688 D

728 4692 1026 4764 gduuensis,
1087 4695 1139 4746 in
1178 4709 1277 4762 quo
1321 4693 1452 4747 beati
1487 4692 1644 4744 Pauli
1675 4693 1931 4763 Epistolas
1980 4714 2042 4750 ea:
2083 4708 2306 4753 veterum

727 4763 923 4840 aliquot
949 4766 1160 4840 ﬂagrum
1187 4763 1387 4840 scriptis
1421 4778 1686 4840 exponere
1721 4781 2009 4835 aggressus,
2061 4781 2171 4830 post
2204 4770 2304 4839 Cy-

728 4831 923 4903 priani,
949 4833 1160 4901 Hilarii,
1192 4831 1451 4904 Fulgentii
1496 4831 1816 4905 aliorum/ite
1841 4841 2135 4906 sementias,
2177 4831 2304 4908 quiis

805 5085 830 5113 ι
885 5074 1109 5148 Αλιιιεηιιε
1156 5074 1293 5148 huic
1335 5073 1504 5148 codici
1567 5076 1764 5148 gratias
1804 5077 2107 5148 debemus,
2154 5079 2310 5148 cujus

733 5145 1019 5216 beneﬂcio
1043 5153 1119 5198 tot
1158 5145 1296 5199 Aviti
1314 5145 1594 5216 ilibrorum
1625 5146 1866 5214 reliquis
1888 5149 1953 5201 ad
1986 5145 2310 5216 nos'perve-

733 5225 949 5270 nerunt.
983 5214 1105 5267 Haec
1126 5228 1284 5288 porro
1313 5215 1456 5288 Florj
1496 5216 1755 5288 magistri,
1797 5219 1875 5288 sic
1903 5217 2046 5272 enim
2073 5214 2312 5288 appella-

735 5297 822 5340 tus
851 5294 950 5350 est,
1001 5284 1268 5352 expositio
1317 5286 1367 5338 in
1419 5285 1684 5353 Epistolas
1725 5285 1781 5339 S.
1817 5287 1966 5341 Pauli
2012 5303 2078 5342 ex
2108 5284 2308 5344 'deccm

735 5357 977 5427 ninnium
1020 5353 1265 5427 Patribus
1315 5353 1543 5427 delibata
1592 5363 1694 5420 est,
1741 5354 2027 5427 Cypriane,
2082 5358 2303 5427 Hilario,

735 5424 1038 5496 ambrosio.
1091 5423 1340 5486 Paciano,
1389 5423 1730 5496 Qieronymo,
1782 5423 2014 5492 Ephrem
2053 5423 2308 5496 diacono,

738 5494 979 5558 Paulino,
1007 5492 1186 5547 Leone
1216 5504 1371 5562 papa,
1404 5493 1681 5561 Fulgentio
1711 5504 1765 5548 et
1796 5496 1971 5551 Avito.
2008 5498 2130 5554 P05t
2163 5492 2306 5554 hunc

739 5563 954 5627 librum,
977 5566 1215 5632 sequitur
1242 5563 1293 5615 in
1324 5562 1512 5616 eodem
1540 5565 1727 5617 codice
1751 5566 2070 5629 Carlbusite,
2104 5569 2238 5624 liber
2267 5585 2305 5623 ιι

741 5632 880 5705 ιῖιυτι
903 5633 1163 5705 νῇιιειιειιι,
1196 5632 1263 5705 de
1293 5632 1449 5705 μίξει
1469 5643 1522 5705 et
1551 5634 1616 5705 de
1641 5633 1763 5690 aliis
1787 5636 2100 5705 quibusdam
2131 5640 2305 5693 eccle-

739 5701 964 5772 siasticis
995 5701 1432 5756 institutionibus.
1469 5701 1524 5754 In
1549 5701 1654 5772 alio
1682 5701 1817 5760 vero
1834 5705 2074 5772 ejusdem
2106 5708 2302 5763 biblio-

739 5771 910 5824 thecae
938 5773 1228 5835 volumine,
1279 5773 1532 5840 operibus
1578 5771 1761 5829 lrenzci
1795 5771 2006 5840 prmlisa
2050 5788 2126 5832 est
2159 5776 2304 5832 Flori

741 5841 997 5911 prazlatio,
1032 5856 1149 5898 eum
1181 5840 1401 5912 epistola
1429 5841 1713 5911 Agabardi.
1759 5844 2007 5915 Ejusdem
2042 5857 2303 5917 prmterea

2423 3398 2771 3451 consonantis
2801 3395 2921 3448 ﬁdei
2954 3410 3088 3449 voce
3112 3393 3450 3448 clamabant:
3489 3391 3722 3446 Miserere
3744 3393 3856 3456 mei,
3891 3388 3995 3443 Do-

2417 3488 2574 3549 mine,
2606 3485 2680 3552 ﬁli
2709 3485 2875 3539 David
2907 3484 3120 3554 (Matth.
3150 3499 3237 3549 xv,
3263 3482 3377 3551 22),
3412 3483 3640 3536 scientes
3669 3482 3736 3536 de
3776 3481 3994 3550 patriar-

2417 3580 2515 3631 cha
2560 3578 2795 3646 genitum
2847 3587 2991 3630 recte
3043 3578 3312 3630 hominem
3353 3574 3520 3638 credi,
3561 3587 3612 3629 et
3645 3574 3990 3628 nihilominus

2420 3668 2982 3723 fructuosemiserenti
3018 3668 3126 3723 Deo
3174 3684 3269 3736 pro
3308 3667 3535 3722 sanitate
3577 3668 3831 3721 luminum
3870 3680 3996 3733 sup-

2416 3760 2600 3828 plicari
2637 3777 2648 3809 :
2694 3758 2811 3826 quis
2850 3759 3153 3813 evidentius
3191 3773 3350 3827 quam
3395 3773 3614 3812 saueius
3661 3757 3856 3811 Paulus
3898 3757 3997 3810 hoc

2415 3849 2687 3916 explicat?
2719 3849 3026 3919 Segregatus
3053 3851 3103 3902 in
3138 3849 3438 3918 Evangelia,
3473 3849 3658 3918 inquit,
3709 3847 3826 3909 Dei,
3868 3849 3996 3901 sicut

2419 3949 2534 3993 ante
2564 3939 2861 4000 promiserat
2890 3941 2942 3992 in
2967 3940 3250 4008 Scripturis
3271 3941 3568 4009 sanctisper
3587 3938 3860 4008 proﬂictas
3880 3954 3996 3991 suo:

2418 4031 2479 4083 de
2512 4027 2653 4081 Filio
2683 4047 2797 4096 suo,
2829 4031 2914 4096 qui
2947 4034 3112 4096 {actus
3138 4039 3209 4082 est
3232 4031 3277 4082 ei
3308 4046 3368 4083 ea:
3398 4031 3589 4083 semine
3627 4028 3791 4081 David
3821 4044 3996 4082 secun-

2421 4121 2540 4172 dum
2565 4135 2766 4173 carnem
2795 4121 2972 4190 (Rom.
3004 4137 3042 4186 ι,
3077 4123 3126 4185 1,
3155 4121 3235 4190 ‘2).
3279 4122 3519 4180 Asscruit
3548 4122 3811 4191 duplicem
3846 4123 3996 4191 plena

2417 4211 2781 4279 descriptione
2806 4221 3074 4266 naturam.
3123 4213 3292 4266 Unam
3316 4212 3368 4266 in
3397 4227 3497 4281 qua
3536 4214 3826 4267 secundum
3857 4214 3996 4266 divi-

2417 4302 2640 4355 nitatem
2675 4299 2845 4355 lactor
2872 4311 2953 4354 est
2978 4303 3241 4366 omnium,
3284 4309 3338 4356 et
3365 4303 3590 4356 alteram
3623 4303 3672 4356 in
3700 4317 3803 4372 qua
3829 4300 3996 4357 factus

2414 4405 2495 4450 est
2524 4411 2587 4448 ex
2619 4395 2823 4448 semine
2853 4394 3018 4448 David
3048 4393 3340 4449 secundum
3366 4409 3606 4449 carnem.
3658 4395 3713 4448 lu
3761 4408 3986 4465 quarum

2417 4496 2604 4540 neutra
2629 4486 2926 4540 substantia
2953 4485 3185 4554 sustiicio
3226 4492 3401 4553 potest
3433 4485 3818 4553 phantasmatis
3846 4486 3996 4540 inve-

2422 4578 2522 4631 niri
2548 4594 2561 4640 ;
2589 4579 2706 4644 quia
2749 4577 2886 4630 sicut
2926 4591 3020 4645 per
3046 4592 3104 4630 se
3134 4575 3419 4630 invisibilis
3448 4585 3566 4629 erat
3598 4575 3850 4630 divinitas
3875 4589 3995 4645 qua

2423 4667 2775 4720 inclinabatur
2801 4680 2830 4720 e
2862 4669 3021 4731 caelo,
3069 4666 3138 4719 ita
3163 4666 3230 4719 de
3263 4663 3424 4719 David
3458 4665 3624 4731 stirpe
3663 4665 3996 4720 descendens

2415 4757 2546 4810 nihil
2577 4756 2983 4810 ludiﬁcatorium
3018 4756 3216 4810 habere
3241 4757 3411 4825 potuit
3431 4756 3629 4811 veritas
3652 4757 3828 4810 carnis
3843 4755 3996 4811 Chri-

2413 4846 2480 4900 sti
2516 4863 2527 4899 :
2575 4861 2694 4917 qua:
2739 4861 2844 4901 non
2899 4846 3070 4901 solum
3115 4859 3282 4916 usque
3322 4845 3388 4900 ad
3437 4845 3606 4902 David
3646 4861 3739 4916 per
3768 4860 3994 4917 proavos

2415 5081 2670 5154 Floriiest
2702 5084 2836 5138 liber
2861 5082 3119 5138 adversus
3147 5082 3406 5138 Joannem
3431 5082 3672 5148 Scotum,
3696 5085 3785 5154 qui
3810 5084 3995 5141 Eccle-

2415 5155 2510 5206 siae
2561 5153 2933 5222 Lugdunensis
2982 5155 3199 5208 nomine
3256 5163 3338 5208 est
3392 5154 3591 5219 editus,
3631 5164 3682 5209 et
3715 5153 3906 5212 sermo
3930 5157 3997 5212 de

2415 5223 2904 5305 praedestinatione,
2930 5237 3110 5305 quem.
3147 5225 3411 5304 integram
3455 5227 3646 5305 recitat
3674 5223 3997 5305 _Hinct_narus

2417 5293 2469 5363 in
2495 5294 2804 5363 praefatione
2825 5293 3143 5363 posterioris
3165 5293 3344 5363 operis
3365 5304 3548 5348 contra
3566 5293 3994 5351 Gothescalcum.

2419 5361 2493 5432 De
2523 5361 2683 5432 Floro
2709 5361 2961 5432 denique,
3009 5378 3075 5416 ne
3125 5361 3322 5418 cratera
3355 5377 3666 5430 persequar,
3718 5363 3994 5421 Walalridi

2418 5431 2593 5486 Strabi
2639 5431 2863 5488 exstant
2889 5447 3078 5487 vet-sus
3122 5433 3190 5487 ad
3220 5431 3557 5502 Agobardum
3601 5436 3846 5490 eumdem
3879 5439 3993 5503 θρῖα

2413 5503 3096 5574 scoputn_t.ugdu..ense_m,
3142 5510 3200 5574 et
3230 5503 3369 5574 inter
3397 5503 3663 5573 Agohardi
3713 5508 3988 5574 opuscula,

2410 5572 2681 5694 Agobardi
2708 5574 2875 5640 ipsius
2906 5582 2961 5628 et
3007 5571 3154 5654 Flpri
3202 5573 3420 5628 nomine
3451 5571 3727 5642 'inscripta
3751 5571 3994 5643 epistola

2411 5656 2437 5693 a
2505 5641 2957 5694 Bartbolomasnm
2999 5656 3330 5694 cnnsconum.
3387 5642 3515 5694 Erat
3553 5645 3694 5694 enim
3738 5644 3994 5694 diaconus

2411 5641 2476 5712 ad
2505 5641 2957 5712 Bartholoniasum
2999 5642 3330 5712 episcopum.
3387 5642 3515 5697 Erat
3553 5641 3694 5698 enim
3738 5641 3994 5700 diaconus

2694 5710 3088 5786 Lugdunensis,
3117 5721 3171 5770 et
3189 5710 3502 5783 "Agobardo,
3538 5723 3592 5769 ut
3622 5723 3866 5786 apparet,
3914 5717 3992 5770 rs.
