4316 6464
388 499 479 553 501

1322 469 1674 532 VARIORUM
1715 454 2218 521 OI’L‘SCULORUM
2261 451 2708 509 FRAGMENTA.

3562 446 3667 501 502

387 626 529 677 suos,
564 609 657 664 sed
689 620 784 677 per
805 604 979 672 ipsum
1009 595 1176 655 David
1208 608 1376 663 usque
1408 592 1459 645 in
1493 588 1683 650 Adam,
1718 589 1974 650 expressa
2007 577 2052 633 A
2085 582 2213 639 tem,
2259 587 2419 643 quem
2449 569 2541 625 Dci
2573 567 2746 622 Patris
2780 564 2972 620 Filium
3014 577 3118 618 non
3167 561 3291 617 fecit
3338 561 3528 631 gratia,
3572 565 3666 617 sed

1679 674 1709 677 η
1751 673 1761 677 _
1836 671 1845 677 .
2149 674 2157 677 Α
2396 662 2429 677 ιι
2536 659 2652 677 .-1,
2687 666 2987 677 _-.--._--
3016 654 3116 677 ι.--
3144 666 3259 677 ---Α
3290 651 3426 677 -..ΑΔ
3458 652 3666 677 -....!s..-

386 671 664 775 parentum
690 671 1061 751 nominatione
1083 684 1397 743 revolvitur.
1425 681 1492 735 Et
1519 679 1639 731 ideo
1662 673 1791 728 dicit
1822 671 1965 736 Apo-

387 764 573 855 stolus,
615 802 735 843 esse
774 800 843 839 ex
874 780 1078 837 semine
1111 774 1279 830 David
1308 769 1601 827 secundum
1644 774 1882 823 carnem,
1912 764 1971 810 ut

387 897 505 937 eum
536 872 1049 933 consubstantialem
1080 873 1373 933 exponeret
1404 857 1583 921 matri,
1608 855 1676 909 de
1720 866 1821 922 qua
1870 848 1971 899 uti-

389 985 489 1043 que
518 964 748 1037 sumpsit
768 972 823 1019 et
845 969 1106 1024 mortem;
1137 971 1257 1011 cum
1283 955 1653 1022 phantasmata
1675 958 1771 998 nec
1800 939 1968 1001 nasci,

391 1031 488 1117 nec
518 1031 657 1114 mori
682 1054 867 1122 possit,
896 1052 990 1107 scd
1022 1046 1341 1120 principium
1372 1041 1490 1109 cjus
1520 1035 1800 1097 deludere,
1828 1031 1973 1084 linis-

393 1168 493 1222 que
520 1147 771 1203 vanuisse
800 1145 891 1198 sit.

1143 1226 1207 1280 11.

722 1327 820 1398 (Ex
850 1322 1005 1378 libris
1032 1320 1232 1376 Contra
1263 1309 1636 1378 Pliantasma.)

467 1420 730 1475 Abraham
773 1425 958 1470 auctor
1005 1412 1287 1478 utriusque
1336 1400 1700 1466 Testamenti,
1752 1407 1885 1461 etc.,
1924 1404 1980 1447 ut

394 1511 449 1563 in
475 1506 693 1577 epistola
726 1503 762 1555 (ἒ.
795 1499 920 1569 (col.
962 1493 1087 1556 209,
1114 1490 1189 1560 b),
1214 1502 1375 1555 usque
1417 1482 1485 1535 ad
1518 1478 1814 1533 multarum
1839 1485 1975 1542 gen-

396 1606 528 1659 tium
563 1611 731 1673 pater.
1152 1658 1215 1711 m

776 1757 877 1825 (Ex
907 1755 1059 1809 libris
1091 1749 1289 1807 Contra
1317 1746 1593 1815 Arianos.)

470 1846 996 1915 Abraham,Moysen
1020 1852 1073 1896 et
1102 1841 1410 1911 prophetas,
1438 1852 1544 1891 non
1573 1834 1746 1890 solum
1776 1829 1977 1893 salvos,

2074 674 2285 730 natura,
2320 662 2468 717 nullo
2499 659 2661 715 modo
2687 666 2860 727 potest
2883 670 2990 711 non
3016 654 3117 709 hoc
3140 666 3261 709 esse
3287 651 3427 721 quod
3458 652 3672 719 genitus

2072 764 2155 811 est
2193 772 2206 808 :
2247 753 2383 809 adeo
2424 762 2482 807 ut
2528 749 2844 804 substantias
2886 746 2960 799 illi
3008 758 3126 813 quae
3168 758 3234 798 ex
3269 743 3379 796 Deo
3410 743 3671 810 procedit,

2077 861 2175 901 nec
2205 846 2316 916 ipsa
2350 857 2467 915 quze
2489 858 2553 897 cx
2596 840 2814 894 homine
2846 848 2969 891 nata
3000 845 3079 891 est
3112 834 3516 905 prmjudicaret.

2827 930 2914 984 Vl.

2417 1025 2525 1096 (Ex
2560 1023 2713 1078 libris
2734 1019 2935 1077 Contra
2959 1017 3336 1084 Phantasma.)

2153 1122 2209 1176 Si
2241 1119 2357 1173 haec
2387 1117 2566 1171 omnia
2600 1129 2726 1169 vera
2754 1128 2876 1169 esse
2896 1110 3187 1179 recipiunt,
3223 1118 3355 1172 etc.,
3388 1116 3442 1160 ut
3481 1109 3533 1160 in
3567 1108 3678 1177 epi-

2079 1213 2212 1267 stola
2233 1212 2267 1266 5
2296 1211 2415 1281 (col.
2434 1208 2562 1272 216,
2581 1208 2650 1275 c),
2677 1222 2836 1275 usque
2858 1205 2924 1257 ad
2951 1204 3181 1274 qualiter
3205 1216 3313 1255 non
3337 1202 3602 1270 pepercit,
3636 1201 3681 1254 si

2082 1306 2270 1358 dolore
2300 1300 2571 1370 prohibuit
2595 1298 2617 1350 ?

2829 1387 2940 1441 \‘ll.

2409 1484 2508 1555 (Ex
2542 1494 2798 1537 sermone
2830 1479 2896 1534 de
2928 1477 3100 1532 Natali
3130 1476 3364 1547 calicis.)

2151 1578 2213 1633 In
2256 1576 2452 1631 affectu
2501 1584 2948 1645 quarumcunque
2997 1584 3179 1623 rerum
3229 1581 3335 1621 non
3390 1565 3547 1627 facta,
3592 1565 3687 1618 sed

2086 1678 2211 1724 vota
2241 1666 2524 1737 cogitanda
2567 1671 2724 1727 sunt;
2766 1670 2821 1717 et
2855 1659 3205 1716 abominabili
3238 1673 3303 1712 eo
3348 1660 3437 1726 qui
3487 1657 3687 1711 invitus

2087 1760 2353 1832 profuerit
2373 1757 2555 1824 bonis,
2590 1756 2702 1810 Deo
2725 1754 2897 1822 magis
2927 1753 3095 1822 gratia
3125 1750 3407 1805 referenda
3432 1757 3533 1811 cst,
3583 1764 3687 1817 qua

2090 1849 2497 1921 promptissime
2526 1848 2644 1916 pius
2675 1846 2816 1901 bene
2846 1847 3012 1898 utitur
3040 1842 3216 1896 malis.
3259 1840 3390 1895 Nam
3429 1840 3554 1893 licet
3598 1840 3689 1893 Jo‘

404 1946 494 1998 sed
527 1952 579 1997 et
602 1941 943 1995 beatissimos
984 1951 1103 1992 csse
1134 1933 1443 2003 pronuntio,
1482 1942 1684 1997 eosque
1730 1940 1835 1978 non
1880 1921 1981 1976 nisi
2014 1925 2061 1986 Β
2090 1941 2222 2011 seph
2264 1948 2507 1994 nostrum
2558 1936 2675 1991 sola
2723 1934 3089 2004 peregrinmio
3130 1930 3317 1986 fecerit
3367 1929 3687 1997 principem,

406 2054 501 2108 per
543 2036 812 2090 Chrismm
865 2033 1098 2085 salvatos
1141 2041 1263 2083 esse
1312 2022 1613 2085 convinco,
1672 2017 1886 2071 dicente
1933 2013 1985 2067 in

405 2127 690 2195 Evangelio
714 2126 827 2193 ipso
859 2121 1105 2187 Domino,
1141 2118 1400 2171 Abraham
1430 2123 1574 2183 pater
1604 2120 1764 2164 tester
1800 2122 1979 2160 concu-

405 2220 527 2287 pivit
560 2225 610 2269 ut
634 2216 824 2269 videret
848 2214 981 2265 diem
1013 2226 1213 2273 meum;
1240 2208 1367 2260 vidit
1398 2216 1444 2259 et
1465 2203 1669 2275 gavisus
1689 2208 1761 2253 cst
1804 2198 1982 2269 (Joun.

404 2324 517 2373 vm,
545 2306 660 2377 56).
717 2306 789 2359 De
819 2304 1019 2372 Moyse.
1048 2302 1110 2356 Si
1138 2299 1413 2354 crederetis
1446 2295 1639 2365 Moysi,
1679 2293 1850 2360 utique
1879 2304 1987 2342 cre-

404 2398 587 2451 deretis
616 2407 662 2449 et
692 2394 837 2447 mihi.
864 2393 941 2446 De
962 2407 1041 2444 me
1067 2391 1203 2443 enim
1226 2388 1313 2442 ille
1341 2387 1544 2455 scripsit
1583 2383 1745 2454 (Ibid.
1780 2397 1833 2447 v,
1872 2380 1987 2448 46).

408 2489 583 2543 Etiam
613 2487 679 2541 de
706 2483 981 2555 prophetis
1020 2481 1268 2536 similiter
1300 2496 1314 2531 :
1361 2476 1552 2545 Quanti
1594 2475 1855 2544 propheta:
1903 2487 1991 2524 cu-

410 2580 611 2649 pierunt
670 2578 835 2630 videre
879 2590 993 2645 qua:
1052 2573 1267 2634 ridetis,
1313 2579 1362 2623 et
1406 2570 1585 2621 audire
1633 2581 1747 2636 quis
1801 2562 1992 2616 auditis

408 2669 624 2739 (Hatth.
658 2682 774 2730 χιιι,
805 2668 921 2731 l7)!
964 2666 1027 2718 Et
1056 2664 1161 2716 alio
1192 2658 1464 2727 Evangelii
1499 2658 1617 2711 loco
1650 2656 1765 2724 ipse
1805 2652 1989 2707 Domi-

407 2776 531 2824 nus,
558 2760 656 2812 ista
679 2773 796 2827 quae
826 2754 1138 2825 singillatim
1168 2748 1463 2805 memoravi
1496 2756 1682 2802 cuncti
1733 2743 1993 2813 perstrin-

406 2863 556 2920 gens,
585 2847 651 2901 Ut
680 2848 992 2916 impleantur
1023 2844 1193 2896 omnia
1217 2858 1330 2911 qua:
1351 2841 1541 2909 scripta
1572 2845 1690 2891 sunt
1714 2836 1762 2888 in
1792 2836 1918 2903 lege,
1945 2841 1993 2883 ct

408 2941 688 3010 praphetis,
725 2948 773 2991 et
803 2940 853 2990 in
894 2936 1106 3005 psalmis
1150 2934 1211 2986 de
1247 2947 1322 2984 me
1368 2929 1519 2994 (Luc.
1555 2942 1698 2990 xxiv,
1722 2924 1837 2994 4'2).
1886 2922 1994 2974 Vos

408 3050 569 3104 porro
615 3030 868 3100 conjicite
909 3036 1085 3081 utrum
1132 3022 1463 3079 crediderint
1506 3020 1803 3081 Christum,
1860 3026 1995 3083 quos

409 3136 512 3180 tam
537 3123 818 3179 manifeste
847 3126 1058 3174 constat
1094 3115 1377 3183 scripsisse
1405 3113 1472 3166 de
1499 3110 1733 3165 Christo.
1783 3108 1915 3161 Nam
1940 3113 1998 3160 et

410 3214 604 3269 Paulus
623 3210 921 3281 apostolus,
946 3207 1036 3277 qui
1059 3214 1184 3259 ante
1209 3211 1385 3257 ortum
1408 3198 1606 3255 Christi
1634 3195 1826 3253 salvati
1848 3203 1993 3260 sunt,

2093 2049 2198 2086 non
2233 2041 2413 2085 tamen
2444 2026 2630 2082 laudat
2656 2027 2826 2095 pietas
2860 2025 3197 2079 venditorem
3252 2022 3480 2076 Sanctus
3510 2033 3691 2074 autem

2092 2122 2292 2177 Paulus
2322 2121 2598 2190 apostolus
2632 2117 2812 2189 (Rom.
2839 2132 2918 2181 Ix,
2944 2118 3020 2183 5),
3056 2114 3379 2183 simpliciter
3406 2121 3694 2167 contentus

2091 2230 2121 2268 a
2145 2212 2363 2267 Christo
2387 2208 2674 2263 anathema
2705 2222 2827 2263 esse
2860 2222 2956 2276 pro
2989 2206 3265 2272 fratribus,
3319 2214 3515 2274 prmtcr
3545 2204 3693 2258 labo‘

2094 2320 2183 2360 res
2215 2302 2489 2373 proprios,
2519 2301 2685 2355 etiam
2727 2314 2826 2368 pro
2853 2298 3108 2353 fratribus
3147 2312 3281 2367 quos
3310 2297 3548 2350 lucratus
3582 2295 3694 2350 fue-

2095 2407 2201 2461 rat,
2244 2401 2577 2455 coronatur;
2638 2390 2803 2445 Judas
2853 2398 3096 2453 econtra,
3154 2390 3276 2457 quia
3322 2403 3427 2441 non
3463 2387 3689 2440 fratrum

2094 2486 2381 2541 dilectione
2414 2496 2741 2554 persequens
2764 2480 3061 2546 Christum,
3097 2480 3381 2534 anathema
3405 2488 3488 2534 est
3521 2478 3695 2532 factus

2095 2592 2124 2631 a
2156 2574 2393 2631 Christo.

2835 2659 2971 2715 Vill.

2418 2754 2522 2824 (Ex
2556 2753 2695 2808 libro
2724 2751 2793 2807 de
2820 2751 3017 2807 Christi
3053 2748 3387 2817 Divinitatc.)

2170 2847 2355 2902 Esaias
2377 2843 2942 2899 conclamantissimus
2966 2842 3370 2909 pr0phetarum,
3401 2849 3533 2905 etc.,
3562 2849 3615 2891 ut
3643 2839 3697 2891 in

2098 2938 2312 3005 epistola
2335 2935 2405 2990 28
2429 2934 2554 3005 (col.
2573 2932 2701 2997 245,
2725 2932 2799 2999 ιγ),
2828 2948 2985 2999 usque
3005 2932 3073 2984 ad
3095 2946 3251 3001 quam
3283 2929 3439 2983 habui
3463 2929 3599 3000 apud
3624 2940 3697 2995 te,

2100 3032 2411 3101 priusquam
2438 3026 2672 3083 mundus
2705 3029 2878 3080 lieret.

2848 3114 2940 3170 IX.

2488 3210 2590 3281 (Ex
2618 3209 2772 3264 libris
2796 3207 2995 3261 Contra
3039 3205 3319 3272 Arianos.)

410 3308 459 3360 in
491 3304 703 3360 Christo
734 3302 1040 3367 redemptos
1069 3309 1367 3363 exponens,
1414 3292 1492 3345 sic
1535 3304 1749 3343 omnem
1778 3300 1993 3340 causam
2024 3280 2071 3343 C

2024 3280 2071 3343 Ο
2178 3302 2245 3367 0,
2271 3302 2467 3372 inquit,
2500 3280 2726 3353 altitudo
2755 3298 3048 3350 divitiarum
3086 3296 3351 3365 sapientia:
3381 3305 3428 3349 et
3474 3296 3701 3349 scientia:

411 3398 591 3453 deﬁnit
617 3412 631 3450 :
666 3394 811 3450 Sicut
836 3394 889 3444 in
916 3390 1082 3442 Adam
1113 3402 1286 3440 omnes
1318 3384 1628 3444 moriuntur,
1662 3381 1733 3434 sic
1764 3380 1815 3430 in
1839 3374 1995 3430 Chri-

411 3500 486 3545 sto
527 3502 697 3541 omnes
743 3483 1067 3550 viviﬁcantur
1113 3475 1177 3548 (1
1210 3476 1329 3530 Cor.
1363 3489 1451 3540 xv,
1495 3472 1621 3541 2i).
1682 3470 1834 3525 Unde
1860 3470 2001 3523 sicut

414 3592 577 3633 nemo
608 3575 744 3645 perit
766 3572 869 3627 nisi
902 3586 997 3639 per
1024 3568 1196 3623 Adam
1226 3575 1484 3631 veterem,
1512 3563 1583 3617 ita
1608 3561 1784 3615 nullus
1816 3560 2000 3628 acqui-

414 3670 548 3723 ritur
583 3667 684 3720 nisi
720 3678 813 3733 per
844 3674 1062 3715 novum.

1158 3748 1246 3801 IV.

790 3843 889 3914 (Ex
922 3840 1072 3895 libris
1101 3837 1297 3894 Contra
1322 3838 1599 3905 Arianos.)

488 3938 623 4006 Quia
665 3936 801 4001 Quid
833 3950 1058 3996 oremus,
1095 3930 1226 3984 sicut
1265 3939 1497 3999 oportet,
1535 3929 1787 3981 nescimus
1826 3925 2004 3994 (Rom.

419 4044 534 4097 vnt,
564 4026 681 4100 26),
733 4029 943 4079 firmum
986 4023 1147 4076 debet
1189 4022 1326 4089 apud
1356 4036 1453 4073 nos
1494 4019 1764 4088 fixumque
1810 4014 2003 4080 teneri,

421 4121 562 4192 quod
601 4116 854 4190 quidquid
899 4114 1253 4183 Omnipotens
1313 4126 1421 4167 non
1478 4110 1682 4175 fecerit,
1737 4118 1905 4163 restat
1954 4116 2012 4161 ut

422 4214 576 4269 nolit.

1186 4296 1249 4350 V.

734 4392 835 4459 (Ex
868 4403 1117 4444 sermone
1146 4388 1233 4442 die
1264 4397 1416 4442 sexto
1445 4386 1713 4452 Pascitur.)

498 4484 624 4537 Post
652 4482 842 4536 lucidas
872 4480 1027 4535 nubis
1057 4480 1508 4544 coruscationem,
1540 4478 1617 4531 sic
1649 4476 1819 4530 Patris
1860 4485 2017 4529 arter-

427 4578 481 4632 ni
512 4592 671 4643 super
698 4575 889 4629 Filium
917 4574 1087 4630 dulcis
1116 4572 1480 4641 terribilisque
1510 4585 1611 4623 vox
1639 4571 1865 4635 intonat,
1909 4567 2015 4619 Hic

426 4676 501 4722 est
533 4665 699 4720 Filius
726 4682 862 4719 meus
884 4664 1122 4733 dilectus,
1153 4664 1204 4717 in
1241 4680 1339 4732 quo
1364 4663 1488 4715 mihi
1519 4662 1640 4713 bene
1679 4659 1965 4723 complacui
1997 4673 2015 4711 :

428 4764 600 4829 ipsum
623 4760 796 4812 audite
826 4757 981 4829 (Lur.
1017 4773 1089 4822 ιχ,
1122 4756 1235 4825 55).
1270 4756 1458 4809 Omnes
1488 4755 1729 4824 quidem,
1778 4755 1915 4808 sicut
1944 4754 2020 4805 ait

430 4850 743 4919 Apostolus,
774 4849 866 4915 ﬁlii
902 4847 994 4901 Dei
1022 4863 1196 4901 sumus
1249 4844 1391 4916 (Gal.
1434 4861 1512 4904 ιιι.
1550 4843 1680 4915 26),
1731 4852 1785 4898 et
1818 4848 1867 4896 in
1900 4858 2020 4897 ora-

431 4944 580 4997 tione
602 4942 835 4995 clamare
866 4939 1262 5008 prmsumimus,
1293 4936 1452 4991 Pater
1475 4948 1678 5001 noster,
1723 4934 1813 5003 qui
1860 4949 1919 4987 es
1967 4932 2020 4986 in

431 5031 602 5089 uelis.
644 5030 751 5087 Sed
779 5028 935 5083 aliter
966 5029 1105 5083 filius
1138 5038 1221 5083 est
1251 5028 1319 5082 de
1350 5042 1454 5096 quo
1477 5027 1759 5090 clamatur,
1817 5023 1917 5077 Hic
1948 5032 2021 5076 est

434 5124 607 5181 Filius
636 5138 774 5176 meus
813 5122 1049 5174 dilectus.
1102 5120 1255 5174 illum
1290 5129 1348 5173 ut
1382 5118 1581 5173 haheat
1623 5126 1773 5188 pater
1830 5118 2021 5182 tilium,

434 5233 543 5272 non
591 5214 867 5284 prtecnssit
904 5212 1150 5265 voluntas
1194 5210 1601 5280 generationem
1639 5226 1651 5261 :
1702 5222 1801 5262 nos
1845 5219 2025 5261 autem

437 5325 535 5379 per
564 5322 719 5369 suam
752 5304 1015 5358 efﬁcimur
1046 5301 1161 5363 lilii,
1190 5302 1244 5355 in
1270 5301 1482 5355 lavacro
1508 5301 1800 5369 accipimus
1839 5301 2030 5351 nativi-

438 5410 627 5457 tatem.
689 5397 756 5451 Et
802 5396 921 5450 ideo
981 5394 1286 5462 quicunque
1328 5392 1492 5447 homo
1542 5400 1717 5459 potest
1763 5393 1905 5444 illius
1937 5390 2029 5443 Dei

436 5506 584 5555 esse,
616 5498 795 5558 potest
820 5496 874 5540 ct
904 5500 1007 5540 non
1036 5501 1177 5540 esse.
1222 5483 1377 5539 Unde
1425 5482 1554 5538 dicit
1591 5484 1827 5538 Joannes
1862 5498 2030 5537 evan-

436 5581 651 5652 gelista,
688 5576 832 5649 quod
873 5574 1027 5630 Dedit
1058 5578 1130 5629 eis
1170 5582 1465 5643 potestatem
1493 5573 1628 5641 ﬁlios
1660 5572 1756 5626 Dei
1785 5574 1919 5640 ﬁeri,
1952 5574 2032 5626 his

439 5675 531 5743 qui
552 5673 765 5726 credunt
796 5671 847 5720 in
873 5667 1075 5722 nomine
1105 5670 1215 5737 ejus
1256 5664 1435 5735 (Joan.
1466 5680 1504 5729 ι,
1539 5664 1674 5733 1‘2);
1710 5674 1765 5717 ut
1797 5674 1886 5716 aut
1916 5679 2037 5731 per-

443 5772 660 5820 maneat
687 5760 824 5815 ﬁlius
853 5759 988 5814 bene
1018 5757 1266 5822 vivendo,
1309 5766 1403 5811 aut
1442 5766 1589 5811 certe
1628 5771 1723 5827 per
1751 5757 2029 5811 carnalem

444 5854 909 5913 conversationem
944 5849 1155 5920 rejiciat
1205 5849 1602 5919 paternitatem.
1650 5847 1894 5909 Christus
1927 5865 2026 5905 au-

2110 3393 2223 3456 Dei,
2244 3388 2949 3463 quamincomprehensibilia
2981 3398 3102 3441 sunt
3130 3389 3331 3454 judicia
3367 3389 3497 3459 ejus,
3544 3400 3589 3441 et
3619 3390 3703 3441 in-

2102 3482 2421 3554 vestigabiles
2469 3481 2563 3534 via:
2611 3479 2810 3548 ipsius!
2862 3479 2987 3545 Quis
3026 3481 3161 3533 enim
3210 3480 3445 3549 cognovit
3499 3495 3701 3533 sensum

2108 3574 2359 3631 Domini?
2397 3580 2488 3626 aut
2517 3572 2629 3638 quis
2658 3570 2985 3623 consiliarius
3009 3572 3120 3642 ejus
3152 3570 3249 3638 fuit
3268 3571 3292 3623 ?
3313 3582 3400 3623 aut
3426 3572 3537 3638 quis
3561 3572 3706 3640 prior

2108 3668 2249 3720 dedit
2277 3667 2345 3732 ei,
2395 3675 2447 3717 ut
2487 3664 2802 3718 retribuatur
2844 3662 2959 3714 illi?
2993 3662 3251 3728 Quoniam
3278 3663 3493 3733 exipso,
3535 3675 3582 3717 et
3610 3680 3701 3733 per

2108 3757 2296 3824 ipsum,
2324 3766 2370 3808 ct
2394 3756 2446 3807 in
2474 3754 2583 3823 ipso
2611 3762 2727 3805 sunt
2749 3752 2920 3805 omnia
2946 3767 2962 3805 :
2992 3752 3092 3821 ipsi
3117 3752 3282 3824 gloria
3313 3753 3363 3805 in
3391 3755 3582 3806 secula
3605 3768 3705 3805 sie-

2111 3843 2531 3915 culorum(Rom.
2550 3858 2623 3908 xl,
2650 3842 2718 3896 35
2751 3841 2862 3912 55).
2888 3842 3003 3895 Non
3028 3856 3157 3912 ergo
3183 3842 3708 3909 altitudusapientic

2112 3949 2166 3993 et
2187 3938 2424 3991 scientiae
2447 3936 2613 3989 solius
2637 3935 2827 3996 Patris,
2861 3933 2953 3987 sed
2985 3934 3097 3999 Dei,
3145 3935 3196 3987 in
3229 3949 3335 4001 quo
3361 3945 3414 3987 et
3444 3932 3561 3986 Filii
3604 3949 3705 3987 an-

2116 4031 2277 4085 nuitis
2313 4043 2433 4084 esse
2476 4042 2793 4097 personam;
2842 4028 2994 4094 cujus
3047 4040 3147 4080 nec
3186 4027 3525 4081 consiliarius
3554 4028 3709 4096 quis-

2115 4139 2274 4193 quam
2327 4120 2460 4182 fuit,
2513 4134 2613 4173 nec
2666 4132 2883 4172 sensum
2945 4117 3087 4171 ullus
3136 4128 3403 4171 scrutator
3453 4118 3710 4187 agnovit:

2116 4224 2317 4285 quanto
2342 4212 2517 4266 minus
2547 4211 2634 4280 qui
2666 4224 2879 4265 summo
2909 4224 3009 4263 nec
3035 4218 3381 4279 augmentum
3410 4211 3713 4279 rccip'enti,

2119 4307 2425 4362 convicium
2473 4305 2635 4358 etiam
2689 4302 3064 4357 minoratiouis
3122 4302 3397 4356 intendit?
3451 4319 3571 4357 cum
3604 4306 3719 4372 ipse

2121 4399 2411 4468 Aposudus
2443 4396 2848 4451 inscrutahilem
2884 4395 2975 4449 Dei
3004 4394 3341 4448 altitudinem
3385 4410 3480 4462 pro
3522 4410 3717 4461 corpo-

2122 4507 2211 4547 rea
2244 4489 2553 4544 infirmitate
2598 4488 2852 4555 suspiret.
2902 4488 3033 4563 Quis
3061 4495 3239 4540 autem
3275 4488 3421 4555 prior
3450 4487 3543 4539 dat
3586 4486 3717 4552 Deo,

2124 4593 2184 4636 ut
2213 4581 2541 4637 retribuatur
2572 4580 2667 4641 illi,
2701 4578 2805 4632 nisi
2838 4578 2927 4645 qui
2974 4579 3064 4630 dat
3108 4578 3316 4630 initium
3349 4577 3612 4641 Creatori,
3665 4587 3719 4633 ut

2126 4683 2181 4727 et
2218 4673 2331 4741 ipse
2356 4670 2509 4739 quasi
2538 4670 2605 4722 ab
2653 4670 2900 4723 inchoata
2940 4669 3239 4721 substantia
3280 4667 3372 4722 Dei
3426 4668 3722 4721 inchoatio-

2129 4780 2249 4819 nem
2282 4763 2360 4816 sui
2395 4774 2745 4829 recuperasse
2768 4758 3055 4813 videatur?
3100 4759 3248 4813 Unus
3282 4758 3365 4812 hic
3407 4774 3598 4825 nempe
3629 4774 3722 4811 no-

2131 4858 2384 4918 minatur,
2419 4867 2555 4909 unus
2577 4852 2861 4922 exponitur
2894 4851 3054 4905 Deus.
3098 4851 3257 4905 Certe
3280 4850 3322 4904 si
3353 4864 3531 4915 secus,
3564 4865 3722 4918 quam

2130 4961 2193 5000 ex
2228 4948 2364 5015 ipso,
2398 4952 2450 4998 ct
2478 4958 2572 5014 per
2597 4943 2796 5010 ipsum,
2826 4949 2881 4995 et
2910 4942 2959 4996 in
2991 4941 3111 5009 ipso
3143 4949 3269 4994 sunt
3299 4940 3499 5005 omnia,
3533 4942 3575 4993 si
3608 4940 3724 4994 hmc

2132 5048 2190 5093 ut
2213 5039 2370 5091 vultis
2394 5038 2553 5090 trium
2595 5044 2740 5095 sunt,
2790 5034 2953 5087 dicite
3002 5047 3145 5087 nunc
3194 5033 3279 5085 cui
3332 5031 3434 5100 ipsi
3478 5033 3643 5100 gloria
3675 5033 3727 5085 in

2135 5128 2331 5184 smcula
2354 5128 2696 5182 ssc-culorum.
2721 5125 2777 5180 Si
2805 5126 2993 5189 tribus,
3019 5140 3185 5193 quare
3209 5140 3313 5178 non
3337 5124 3509 5191 ipsis?
3534 5125 3576 5177 si
3602 5125 3725 5191 ipsi,

2134 5219 2220 5275 cui
2252 5218 2318 5273 de
2353 5217 2560 5271 tribus?
2600 5218 2781 5279 Certe,
2812 5216 2881 5270 sit
2908 5224 2966 5270 ut
2994 5214 3177 5278 vultis,
3205 5215 3467 5283 tripartita
3494 5223 3576 5269 est
3602 5216 3729 5268 sull-

2137 5312 2329 5365 stantii
2363 5309 2698 5378 maiestatis:
2735 5323 2828 5363 cur
2856 5323 2962 5361 non
2992 5308 3145 5371 dixit,
3189 5323 3259 5362 ex
3298 5308 3414 5376 ipso
3460 5324 3554 5375 per
3596 5307 3729 5361 alte-

2139 5418 2256 5456 rum
2288 5403 2338 5455 in
2374 5402 2554 5465 tertio,
2592 5400 2693 5453 nisi
2729 5410 2995 5469 quatenus
3030 5398 3341 5452 nominatus
3372 5400 3485 5464 ipse
3510 5412 3644 5451 unus
3678 5400 3727 5451 in

2140 5492 2310 5546 trihus
2332 5491 2455 5544 est?
2507 5483 2575 5544 de
2604 5502 2711 5559 quo
2750 5499 2806 5543 et
2850 5488 3141 5558 Apostolus
3171 5489 3277 5541 alio
3309 5488 3428 5542 loco
3462 5507 3473 5540 :
3530 5487 3594 5540 Et
3623 5490 3731 5558 ipse

2136 5596 2232 5653 est,
2262 5586 2455 5654 inquit,
2500 5593 2617 5638 ante
2660 5585 2850 5647 omnia,
2891 5592 2937 5637 et
2978 5582 3152 5636 omnia
3190 5581 3244 5633 in
3272 5580 3384 5650 ipso
3429 5580 3654 5653 (ϐρίσει.
3692 5596 3732 5644 ι,

2141 5678 2256 5747 17).
2313 5675 2482 5730 Porro
2518 5683 2724 5743 autem,
2774 5672 2842 5740 si,
2893 5683 2950 5727 ut
2978 5672 3212 5736 dixistis,
3239 5672 3418 5725 omnia
3449 5671 3503 5725 in
3529 5670 3734 5740 Spiritu

2140 5777 2331 5823 sancto
2376 5773 2649 5833 constant,
2692 5775 2746 5821 et
2796 5765 2912 5835 ipse
2958 5772 3041 5820 est
3086 5772 3211 5818 ante
3254 5763 3453 5829 omnia,
3499 5778 3567 5818 ne
3614 5771 3736 5832 post

2142 5858 2306 5917 multa
2332 5873 2452 5917 esse
2482 5857 2740 5929 incipiat;
2771 5872 2877 5915 non
2907 5856 3009 5915 erit
3038 5862 3309 5924 creatura,
3354 5862 3554 5911 etcum
3586 5868 3735 5927 crea-
