4316 6470
960 456 1057 511 303
2196 450 2253 507 S.
2297 448 2477 505 AVITI
2519 447 2918 509 VIENNENSIS
4096 457 4188 511 ΞΜ

959 577 1072 621 tura
1099 581 1200 622 non
1229 565 1405 634 fuerit,
1438 566 1710 623 servitium
1743 578 1847 619 non
1871 559 2116 630 debebit,
2153 570 2426 632 restatque
2457 569 2514 614 ut
2543 564 2591 622 A
2698 562 2792 618 γι.
2831 564 3048 619 Nescitis
3075 566 3192 633 quia
3224 549 3463 637 templum
3499 565 3593 621 Dei
3619 572 3756 632 estis,
3783 579 3828 622 et
3854 568 4079 640 Spiritus
4103 569 4191 622 ονε

957 656 1024 709 sit
1054 655 1210 718 Deus,
1238 655 1284 710 si
1311 669 1414 708 non
1443 664 1525 709 est
1559 666 1744 726 servus
1774 667 1788 704 :
1817 659 1871 707 et
1896 651 1990 721 qui
2021 650 2270 705 famulari
2308 651 2517 704 ratione

957 760 1060 798 non
1090 744 1370 815 colligitur,
1400 741 1655 799 dominari
1679 741 1900 798 veritate
1925 740 2174 797 credatur
2192 777 2206 792 .

1278 946 1297 1013 (
1311 945 1383 998 Ex
1408 943 1624 1014 epistola
1655 853 1850 999 Ctzx‘itra
1872 939 2182 1007 Faustum.)

1023 1037 1203 1091 Fidem
1237 1049 1357 1091 esse
1379 1037 1613 1091 omnium
1652 1037 1906 1091 bonorum
1934 1029 2288 1101 spiritualium
2321 1025 2514 1084 funda-

953 1137 1212 1190 mentum,
1240 1134 1365 1191 etc.,
1401 1134 1454 1178 ut
1483 1127 1536 1178 in
1557 1126 1768 1194 epistola
1793 1124 1825 1177 4
1854 1118 1974 1193 (col.
1999 1120 2123 1189 22!,
2156 1120 2227 1189 c),
2253 1134 2409 1188 usque
2446 1115 2514 1169 ad

951 1218 1102 1271 testis
1130 1226 1210 1272 est
1231 1216 1394 1270 nostri
1424 1215 1656 1285 Spiritus,
1688 1228 1790 1267 non
1815 1221 2028 1267 natura.

1703 1322 1792 1376 XI.

1337 1413 1438 1483 (Ex
1470 1411 1618 1466 libris
1637 1410 1832 1466 Contra
1865 1411 2140 1478 Arianos.)

1025 1505 1213 1557 Libera
1247 1502 1592 1570 responsione
1637 1504 1906 1571 protlteor,
1959 1499 2095 1570 quod
2131 1498 2238 1552 Dea
2288 1509 2508 1552 suorum

955 1595 1158 1647 animos
1215 1593 1525 1660 inspirante,
1584 1591 1739 1659 longe
1792 1591 1954 1659 fulget
2003 1588 2219 1642 claritas
2246 1585 2507 1641 veritatis.

956 1683 1087 1738 Illud
1111 1696 1334 1750 namque
1362 1680 1732 1750 apostolicum,
1761 1679 1900 1750 quod
1935 1693 2078 1747 saepe
2101 1678 2362 1747 repetitis,
2403 1674 2514 1728 sut-

957 1775 1063 1828 ticit
1090 1775 1141 1827 in
1165 1775 1496 1840 redemptore
1526 1771 1772 1841 cognosci
1801 1788 1812 1822 :
1841 1772 1963 1840 quia
1995 1771 2039 1824 si
2067 1767 2374 1824 confitearis
2407 1765 2519 1819 Do-

955 1865 1152 1919 minum
1181 1862 1379 1924 Iesum.
1410 1871 1464 1916 et
1496 1862 1616 1931 quia
1645 1861 1780 1917 Deus
1813 1861 1958 1915 illum
2001 1859 2276 1914 suscitavit
2302 1872 2332 1912 a
2373 1870 2515 1911 mor-

2621 653 2816 708 Iiabitat
2840 658 2890 709 in
2915 655 3093 710 vobis?

2701 743 2834 799 VII.
2870 745 3065 800 Etenim
3104 744 3307 800 Pascha
3353 757 3581 801 nostram
3617 747 3908 801 immolatus
3947 757 4018 800 est
4058 747 4194 801 Chri-

2622 842 2751 891 stus.

2699 921 2867 979 VIII.
2899 923 3022 978 Cum
3049 924 3158 979 sine
3185 924 3295 998 lege
3319 923 3416 979 Dti
3441 942 3544 980 non
3567 943 3725 981 essent
3745 968 3760 996 ,
3789 927 3876 982 sed
3906 928 3957 981 in
3987 927 4095 998 lege
4122 940 4197 979 es-

2622 1029 2727 1067 sem
2760 1014 2968 1068 Christi.

2694 1104 2799 1162 IX.
2833 1105 2996 1173 Caput
3025 1117 3191 1161 autem
3221 1107 3412 1163 Christi
3443 1109 3600 1164 Deus.

2698 1195 2739 1250 X
2751 1235 2764 1248 .
2799 1195 2934 1250 Nam
2965 1208 3160 1268 aportet
3186 1210 3231 1253 et
3258 1200 3474 1255 hereses
3498 1217 3626 1268 esse,
3647 1209 3755 1257 etc.

2704 1285 2796 1340 Ἷ.
2831 1287 2960 1342 Item
2985 1291 3049 1344 de
3079 1292 3272 1345 eodem.

2691 1375 2832 1430 XII.
2871 1377 3021 1446 Deus,
3055 1382 3142 1450 qui
3170 1389 3413 1451 aperatur
3441 1384 3612 1437 omnia
3653 1384 3708 1438 in
3738 1383 3986 1438 omnibus.

2690 1465 2864 1521 XIII.
2903 1468 3089 1523 Omnia
3117 1479 3286 1525 autem
3315 1473 3422 1526 lucc
3460 1481 3699 1542 aperatur
3732 1490 3864 1528 unus
3891 1483 4038 1544 atque
4067 1474 4198 1528 idem

2622 1556 2874 1626 Spiritus,
2902 1561 3131 1614 dividens
3156 1562 3372 1632 singulis
3401 1573 3552 1632 prout
3575 1566 3698 1619 vult.

2688 1647 2846 1702 XIV.
2881 1650 3008 1704 Cum
3039 1654 3304 1708 tradiderit
3337 1670 3546 1725 regnum
3577 1654 3686 1711 Deo
3711 1666 3758 1710 et
3782 1656 3948 1711 Patri.

2688 1736 2741 1792 Χ
2753 1737 2813 1791 γ.
2846 1736 2972 1792 Cum
2999 1749 3170 1797 autem
3197 1742 3424 1815 subjecta
3448 1746 3637 1814 fuerint
3665 1745 3744 1800 illi
3773 1747 3961 1810 omnia,
3986 1755 4088 1802 etc.

2691 1827 2848 1885 XVI.
2885 1828 3092 1885 Primus
3121 1831 3272 1887 homo
3303 1836 3366 1889 de
3399 1844 3535 1889 terra
3565 1843 3818 1905 terrenus,
3848 1837 4098 1892 seruttdus
4141 1840 4202 1892 de

958 1917 1082 2015 eis,
1111 1954 1286 2007 salvus
1315 1917 1419 2007 ..i.
1448 1917 1623 2022 ut...
1651 1968 1704 2017 ι,
1737 1952 1815 2022 9).
1842 1952 1930 2008 Sic
1957 1960 2135 2005 tamen
2163 1957 2219 2003 ut
2250 1947 2509 2017 intelliga-
2547 1917 2598 1979 Β
2625 1925 3013 2022 (efﬁgiati:-

960 2055 1044 2097 tur
1074 2042 1320 2096 divinitas
1348 2057 1443 2096 sua
1467 2056 1584 2096 cum
1609 2041 1785 2106 Patre,
1831 2040 1992 2095 vitam
2029 2039 2281 2095 crucifixo
2311 2038 2513 2093 homini

958 2131 1144 2186 reddid
1167 2147 1273 2186 sse.
1300 2132 1447 2186 Sicut
1471 2132 1582 2199 ipse
1613 2130 1662 2184 in
1685 2130 1887 2185 Joanne
1908 2129 2238 2198 evangelista
2263 2137 2510 2184 testatur:

960 2221 1263 2275 Potestatem
1288 2221 1443 2273 habeo
1472 2221 1690 2290 ponendi
1725 2223 1946 2274 animam
1980 2235 2162 2287 meam,
2215 2229 2260 2273 et
2296 2228 2516 2290 potesta-

959 2324 1056 2367 tem
1081 2313 1235 2366 habeo
1264 2315 1441 2366 iterum
1466 2313 1694 2365 sumendi
1720 2329 1831 2366 eam
1884 2311 2061 2383 (Joan.
2090 2328 2144 2376 ι,
2175 2310 2284 2377 18).
2346 2309 2517 2365 Porro

958 2417 1287 2470 nequaquam
1315 2401 1501 2465 salvat,
1547 2401 1614 2455 de
1658 2401 1871 2456 homine
1896 2400 2109 2455 Christo
2153 2399 2517 2454 tantummodo

961 2501 1164 2547 rectum
1193 2491 1432 2556 credere,
1483 2491 1581 2546 nisi
1611 2493 1802 2561 jungas
1837 2492 1996 2547 etiam
2023 2492 2286 2545 catholico
2317 2491 2518 2546 intelle-

960 2597 1045 2638 ctu
1068 2584 1132 2638 de
1156 2583 1437 2637 Divinitate
1460 2584 1675 2637 sentire.
1694 2583 1822 2638 Nam
1851 2593 1905 2638 et
1926 2584 2227 2638 Philiniani
2253 2593 2517 2638 mortuum

962 2693 1023 2731 ac
1048 2676 1418 2732 resuscitatum
1445 2686 1686 2730 asserunt
1716 2676 2001 2730 Christum.
2038 2676 2103 2730 Et
2128 2677 2374 2745 quoniam
2406 2690 2522 2730 see-

962 2769 1299 2823 lestissimam
1345 2770 1394 2821 in
1454 2767 1551 2822 hoc
1605 2783 1786 2822 eorum
1839 2767 2243 2837 blasphemiam,
2301 2769 2521 2837 perinde

963 2860 1118 2915 etiam
1150 2869 1336 2913 vestra:
1365 2867 1418 2912 ut
1445 2866 1639 2913 nostra:
1674 2859 1803 2928 legis
1823 2859 2088 2914 sententia
2110 2859 2442 2924 detestatur;
2475 2858 2520 2912 si

961 2948 1325 3004 tantummodo
1351 2958 1674 3019 assumptum
1709 2951 1972 3005 hominem
2003 2951 2291 3015 interiisse,
2326 2965 2386 3005 ac
2407 2952 2520 3005 sola

963 3045 1124 3112 patris
1154 3043 1343 3098 virtute
1370 3044 1743 3097 resuscitatum
1773 3058 1891 3099 esse
1919 3043 2122 3111 dicitis,
2172 3057 2355 3112 quaeso
2396 3042 2520 3111 quid

962 3139 1014 3186 in
1038 3134 1350 3203 supradictae
1373 3135 1535 3204 pestis
1557 3133 1972 3204 professionibus
1989 3135 2242 3204 arguatis,
2257 3148 2379 3188 cum
2407 3135 2523 3203 ipse

963 3227 1215 3280 Dominus
1243 3237 1441 3293 noster,
1491 3234 1549 3281 ut
1593 3227 1802 3295 legitur,
1851 3242 1948 3281 suo
1975 3236 2103 3280 nutu
2135 3228 2358 3282 suscitet
2389 3238 2522 3281 tem-

962 3317 1102 3384 plum
1133 3315 1199 3369 ab
1224 3315 1541 3370 adversariis
1570 3315 1920 3371 dissolutum?
1948 3316 2099 3382 Quod
2129 3328 2274 3372 certe
2315 3317 2383 3372 de
2413 3329 2520 3385 quo

963 3404 1158 3472 tmplo
1190 3405 1422 3474 dicatur,
1453 3405 1505 3460 in
1537 3417 1782 3476 promptu
1815 3417 1913 3472 est,
1943 3424 2062 3463 cum
2093 3409 2357 3478 reparatio
2389 3417 2522 3463 tem-

966 3496 1056 3561 pli,
1091 3495 1232 3548 inter
1273 3496 1509 3558 biduum,
1559 3497 1612 3550 in
1658 3507 1854 3552 Statum
1895 3499 2174 3567 pristinum
2208 3501 2523 3555 revertentis

965 3585 1408 3639 resurrectionem
1451 3585 1730 3642 dominicae
1761 3589 1936 3644 carnis
1965 3605 2122 3658 quam
2155 3590 2400 3644 divinitas
2428 3605 2524 3644 sua

967 3676 1146 3743 templi
1193 3676 1306 3729 vice
1350 3675 1702 3742 habitaverat,
1739 3679 2014 3734 evidenter
2058 3692 2310 3750 exponat.
2380 3681 2522 3736 Idem

964 3781 1087 3833 ergo
1115 3765 1277 3821 Filius
1309 3765 1401 3820 Dei
1425 3766 1562 3822 Deus
1592 3769 1679 3837 qui
1706 3771 1837 3823 mori
1869 3785 1972 3824 non
1998 3774 2186 3840 potuit,
2218 3772 2520 3828 defunctum

964 3853 1234 3910 hominem
1266 3859 1558 3923 suscitavit,
1607 3869 1661 3912 et
1716 3860 1967 3929 templum
2021 3862 2250 3918 inimicis
2281 3866 2523 3920 manibus

963 3946 1310 4012 dissolutum,
1362 3949 1416 4001 in
1463 3949 1718 4004 unitatem
1773 3965 2013 4019 personae
2061 3953 2285 4008 solidata
2338 3970 2523 4011 rursus

965 4036 1225 4093 divinitati
1251 4054 1407 4107 quam
1438 4051 1793 4110 assumpserat
1818 4058 1977 4098 carne
1999 4046 2246 4101 restitu't.

1679 4149 1790 4203 XII.

1263 4237 1364 4306 (Ex
1397 4253 1642 4296 sermone
1666 4241 1750 4298 die
1777 4241 1812 4296 9.
1841 4241 2238 4318 Rogationum.)

1029 4346 1166 4401 Dicit
1205 4347 1544 4404 beatissimus
1581 4350 1796 4420 Paulus,
1840 4355 1980 4422 quod
2019 4371 2107 4425 per
2146 4355 2441 4427 patientiam
2477 4368 2524 4414 et

962 4438 1352 4492 consolationem
1393 4436 1776 4512 Scripturarum
1819 4444 2021 4514 ﬁrmam
2048 4463 2187 4516 spem
2217 4448 2398 4502 habere
2438 4451 2525 4503 de-

959 4533 1161 4588 beamus
1204 4533 1377 4601 (Rom.
1406 4550 1497 4601 xv,
1529 4535 1622 4605 4);
1654 4551 1772 4591 cum
1821 4552 2006 4594 omnes
2054 4537 2376 4609 Christiani,
2411 4552 2520 4596 tum

960 4624 1238 4691 specialius
1277 4627 1351 4679 illi
1390 4627 1582 4695 quibus
1626 4628 1780 4683 datur
1808 4631 1862 4685 in
1903 4631 2004 4687 hoc
2045 4633 2263 4703 mundo,
2297 4644 2388 4688 aut
2427 4649 2523 4704 pro
2551 4631 2603 4692 D

961 4714 1068 4769 Deo
1117 4719 1536 4784 persecutionem
1585 4720 1723 4788 pati,
1769 4730 1860 4775 aut
1909 4736 2007 4792 pro
2049 4723 2289 4778 veritatis
2335 4739 2520 4781 amore

960 4807 1228 4877 tribulari,
1265 4818 1352 4865 aut
1394 4825 1492 4880 pro
1534 4811 1652 4867 vita:
1700 4813 1858 4883 hujus
1899 4817 2326 4886 peregrinatione
2365 4833 2516 4874 com-

979 4911 1138 4950 ιυηαι.

979 4911 1061 4948 run
1104 4915 1138 4950 ι.

959 4907 978 4963 ι
1067 4912 1098 4966 Β
1335 4989 1423 5044 AD
1449 4991 1850 5052 CORINTHIOS
1887 4994 2143 5054 PRIMA.

1033 5093 1079 5149 1.
1112 5094 1176 5150 Et
1208 5098 1445 5168 ignobilia
1472 5112 1516 5156 et
1546 5107 2152 5177 contemptibiliasmundi
2181 5110 2330 5182 eizgit
2361 5111 2518 5182 Deus,

959 5197 1061 5242 εις.

1029 5277 1112 5334 Il.
1148 5280 1208 5335 Si
1235 5283 1366 5335 enim
1400 5287 1765 5357 coqnovissent,
1791 5305 2056 5360 nunquam
2088 5291 2363 5350 Dominum
2405 5298 2520 5368 glo-

959 5370 1047 5424 ritz
1067 5374 1456 5440 cruci/ixisscnt.

1027 5461 1142 5515 III.
1175 5462 1304 5517 Item
1335 5468 1396 5518 de
1426 5471 1619 5521 eodem.

1026 5551 1128 5607 IV.
1158 5553 1382 5625 Spiritus
1415 5559 1546 5611 enim
1576 5562 1742 5615 omnia
1774 5571 2053 5631 scrutatur,
2083 5569 2233 5622 etiam
2258 5571 2517 5640 profunda

961 5637 1067 5690 Dei.

1006 5655 1067 5694 ει

1032 5731 1111 5873 γὸ
1130 5735 1207 5835 Ita
1231 5747 1276 5791 et
1313 5756 1424 5808 qua
1453 5740 1550 5798 Dei
1575 5754 1721 5812 sunt,
1752 5762 1893 5804 nemo
1921 5753 2178 5822 cognovit,
2211 5757 2308 5812 nisi
2342 5757 2511 5828 Spiri-

1032 5837 1037 5869 ι
1114 5841 1180 5873 τι.

958 5827 1037 5872 tus
1068 5826 1180 5876 Dei.

2690 2012 2881 2069 XVII.
2913 2013 3048 2069 Item
3077 2019 3138 2070 de
3164 2017 3359 2072 eodem.

2840 2198 2942 2268 (Ex
2972 2213 3222 2254 sermone
3248 2199 3300 2253 in
3327 2200 3658 2257 ordinatione
3685 2201 3973 2273 episcopi.)

2688 2305 2768 2362 Ad
2820 2309 3111 2378 magisterii
3157 2311 3520 2366 testimonium
3573 2313 3832 2369 nascendi
3886 2329 4042 2369 causa
4095 2330 4197 2370 non

2620 2400 2882 2466 pertinet;
2910 2412 3084 2466 neque
3131 2398 3220 2453 ille
3256 2401 3515 2457 ccelorum
3561 2402 3764 2472 janitor
3810 2405 4016 2470 Petrus,
4045 2423 4200 2475 quem

2624 2489 2944 2558 piscatorem
2977 2490 3250 2544 hominum
3275 2490 3500 2560 (Matth.
3527 2507 3598 2561 tv,
3624 2494 3715 2565 18)
3739 2495 3870 2550 retia
3900 2506 4198 2567 contempta

2623 2579 2894 2650 fecerunt,
2927 2581 3133 2650 origine
3165 2583 3363 2652 p'aeuit
3404 2585 3688 2651 natalium,
3727 2587 3824 2642 sed
3853 2588 3958 2643 line
3990 2589 4200 2644 merito-

2623 2688 2772 2738 rum;
2814 2675 2953 2728 sicut
2995 2673 3273 2729 Matthaeus
3313 2675 3433 2746 (rx,
3464 2677 3530 2746 9)
3574 2692 3696 2732 cum
3741 2678 3808 2734 de
3856 2682 4072 2736 teloneo
4112 2697 4199 2737 as-

2621 2771 2862 2830 sumptus
2901 2772 3011 2828 est,
3045 2764 3154 2819 illic
3196 2764 3466 2820 inchoavit
3506 2767 3712 2833 lucrum
3736 2809 3751 2834 ,
3786 2770 3873 2823 ubi
3914 2771 4092 2839 jussus
4123 2784 4200 2828 est

2624 2853 2914 2909 terminare
2955 2855 3251 2922 negotium.
3297 2855 3434 2923 Quid
3473 2858 3538 2911 de
3567 2860 3791 2928 singulis
3833 2862 4055 2930 loquor?
4085 2864 4202 2919 talis

2623 2944 2858 2999 omnium
2887 2944 3182 3014 assumptio
3212 2945 3342 3013 fuit,
3375 2948 3427 3000 in
3469 2963 3696 3017 quorum
3731 2953 3974 3019 personis
4003 2948 4062 3025 (Ι
4085 2951 4204 3008 Cor.

2624 3049 2676 3101 ι,
2699 3031 2790 3102 28)
2819 3034 3069 3104 ignobilia
3093 3045 3144 3091 et
3166 3039 3587 3106 contemptibilia
3612 3041 3795 3094 mundi
3816 3042 4018 3110 eligens
4041 3045 4202 3110 Deus,

2626 3127 2916 3194 praeposuit
2966 3141 3227 3196 pauperes
3275 3129 3462 3198 spiritu
3511 3132 3764 3188 divitibus
3806 3147 4006 3202 censu,
4059 3137 4204 3191 illum

2622 3213 2742 3282 jure
2775 3215 3254 3284 locupletissimum
3290 3219 3544 3288 probans,
3572 3223 3660 3291 qui
3690 3221 3756 3276 ad
3789 3238 3963 3277 rerum
3995 3235 4045 3278 et
4072 3225 4206 3281 inte-

2623 3319 2769 3374 gram
2801 3305 3164 3375 nobilitatem,
3212 3323 3317 3363 non
3353 3315 3617 3381 susceptis
3659 3313 3942 3382 bonorum,
3976 3317 4069 3371 sed
4112 3318 4207 3374 de-

2626 3397 2812 3466 positis
2835 3399 3117 3455 criminum
3141 3399 3373 3456 fascibus
3396 3404 3747 3472 pervenisset.

2955 3625 3060 3694 (Ex
3093 3624 3242 3681 libris
3273 3537 3473 3682 Conltlra
3501 3627 3878 3700 Phantasma.)

2698 3737 2890 3792 Nolunt
2921 3740 3062 3792 enim
3103 3753 3132 3792 a
3178 3739 3330 3795 nobis
3357 3740 3405 3794 ei
3436 3741 3524 3810 qui
3555 3742 3840 3798 cruciﬁxus
3875 3753 3957 3799 est
4002 3746 4209 3814 suppli-

2624 3829 2761 3894 cari,
2791 3841 2917 3895 etc.,
2939 3841 2992 3882 ut
3018 3831 3068 3883 in
3091 3831 3240 3899 epist.
3268 3834 3300 3886 5
3326 3833 3445 3903 (col.
3466 3834 3591 3899 2η,
3611 3838 3683 3903 a),
3712 3853 3866 3907 usque
3894 3838 3961 3890 ad
3986 3854 4091 3891 nun
4120 3855 4209 3892 ro-

2623 3933 2806 3988 gemus
2827 3920 2877 3974 in
2899 3921 3054 3976 coelo.
3073 3921 3400 3994 Etmox(col.
3416 3923 3543 3992 215,
3559 3925 3632 3993 c),
3649 3926 3778 3982 Veni
3805 3929 3998 3996 potiu-,
4021 3942 4209 3984 saliere

2627 4006 2757 4060 Isaia
2786 4009 3059 4075 pr0pheta,
3078 4020 3205 4075 etc.,
3231 4027 3386 4080 usque
3412 4013 3478 4066 ad
3505 4013 3643 4083 quod
3674 4015 3725 4069 in
3750 4029 3977 4086 corpore
4007 4018 4209 4070 malum

2627 4099 2878 4166 patimur,
2912 4100 3136 4170 pertulit
3160 4102 3426 4158 Christus.

3373 4194 3456 4250 III.

3003 4282 3103 4356 (Ex
3135 4284 3284 4340 libris
3314 4285 3508 4342 Contra
3541 4288 3817 4361 Arianos.)

2696 4398 2952 4454 Dominus
2995 4401 3285 4469 majestatis
3321 4402 3603 4458 crucifixus
3644 4405 3950 4472 exponitur,
3997 4421 4123 4462 cum
4159 4408 4208 4461 si

2627 4489 2848 4544 alterna:
2893 4490 3206 4545 substantia:
3255 4493 3513 4561 respicias
3566 4497 3974 4563 proprietatem,
4023 4497 4206 4551 divina

2627 4580 2941 4651 celsitudine
2985 4582 3051 4635 ab
3094 4581 3344 4635 omnibus
3395 4581 3574 4637 crucis
3621 4585 3958 4640 contumeliis
4006 4602 4208 4657 seque~

2629 4681 2791 4726 strata
2811 4712 2824 4738 ,
2853 4672 2963 4726 sola
2990 4673 3218 4742 suscepti
3249 4674 3490 4741 corporis
3521 4674 3789 4730 humilitas
3826 4677 4052 4732 senserit
4084 4694 4211 4747 pas-

2627 4761 2853 4815 sionem.
2876 4759 3005 4814 Nam
3029 4771 3304 4832 postquam
3330 4759 3405 4832 (II
3421 4762 3541 4818 Cor.
3561 4778 3619 4832 ν,
3643 4766 3729 4835 l9)
3749 4765 3890 4820 Deus
3913 4767 3963 4821 in
3987 4766 4212 4823 Christo

2627 4854 2882 4908 mundum
2911 4854 3262 4910 reconcilians
3284 4855 3415 4921 sibi,
3443 4868 3703 4912 creaturae
3725 4874 3880 4927 quam
3910 4861 4212 4928 assumpsit

2625 4946 2806 5000 unitus
2831 4955 2942 5013 est,
2975 4946 3304 5016 significatur
3332 4947 3640 5018 plerumque
3683 4950 3841 5004 homo
3871 4965 3966 5020 per
3998 4951 4209 5016 Deum,

2624 5034 2869 5106 Deusque
2906 5051 3000 5108 per
3032 5039 3333 5106 hominem,
3371 5039 3511 5095 sicut
3541 5051 3622 5096 est
3652 5040 3780 5096 illud
3808 5057 3820 5094 :
3853 5039 3976 5096 Cum
4006 5046 4214 5098 venerit

2625 5122 2794 5179 Filius
2820 5126 3034 5181 hominis
3065 5128 3115 5181 in
3148 5131 3410 5200 majestate
3429 5145 3522 5183 sua
3545 5128 3757 5202 (Matth.
3784 5147 3909 5198 xxv,
3934 5132 4048 5204 51),
4078 5149 4211 5190 eum

2625 5219 2956 5288 majestatem
2985 5222 3096 5278 Deo
3119 5223 3296 5293 potius
3319 5239 3475 5293 quam
3500 5225 3700 5281 homini
3725 5239 3883 5282 nemo
3908 5227 4213 5282 convenire

2623 5309 2857 5377 dubitet;
2885 5312 3024 5381 quod
3061 5323 3115 5369 et
3144 5313 3425 5369 Psalmista
3453 5315 3523 5372 de
3551 5316 3662 5373 Deo
3700 5331 4000 5386 exponens,
4030 5315 4100 5370 Et
4132 5319 4210 5370 ri-

2625 5400 2828 5470 debitis,
2874 5403 3073 5472 inquit,
3115 5405 3166 5458 in
3209 5407 3472 5476 majestate
3513 5423 3627 5463 sua.
3658 5407 3724 5462 Et
3751 5407 4036 5462 Malachias
4074 5421 4209 5478 pro-

2623 5490 2810 5559 pheta,
2855 5493 2923 5548 ob
2964 5493 3225 5550 dictorum
3259 5497 3696 5567 perspicuitatem
3723 5498 3957 5569 Angelus
3997 5513 4208 5570 cogno-

2623 5595 2823 5647 mento,
2838 5582 2903 5637 de
2925 5586 3180 5639 cruciaria
3205 5585 3412 5642 Domini
3438 5588 3701 5657 passione.
3722 5588 3784 5645 Si
3803 5589 3973 5658 a/ligit,
4001 5589 4199 5660 inquit,

2619 5674 2769 5728 homo
2799 5674 2960 5728 Deum
2981 5693 3161 5744 suum,
3191 5679 3311 5749 quia
3339 5695 3424 5733 ros
3449 5680 3696 5750 conligitis
3719 5696 3798 5734 me
3827 5677 4082 5752 (Malae/2.
4115 5695 4199 5746 tu,

2619 5763 2693 5832 8).
2727 5763 2857 5818 Cum
2890 5772 3094 5833 tamen,
3127 5766 3270 5836 quod
3301 5767 3478 5826 nullus
3515 5768 3858 5838 inﬂciahitur,
3890 5783 3998 5826 non
4027 5769 4195 5833 Deus.

2619 5856 2711 5910 sed
2743 5854 2900 5913 homo
2930 5858 3171 5914 conlisus
3200 5857 3290 5918 sit.
