4316 6374
313 414 415 470 505
463 426 471 437 '

1058 508 1147 561 IV.

707 603 810 669 (Ex
840 613 1089 655 sermone
1119 598 1185 651 de
1215 589 1507 664 symbolo.)

390 695 580 751 Audite
606 694 733 765 quid
766 693 961 746 veritas
991 688 1169 742 dicat:
1208 685 1375 739 Nemo
1407 682 1541 735 novit
1576 677 1769 731 Filium
1800 673 1898 726 nisi

319 791 499 855 Pater,
543 764 703 858 neque
744 783 952 837 Patrem
995 781 1106 847 quis
1144 778 1278 831 norit
1314 776 1412 828 nisi
1461 770 1628 825 Filius
1674 764 1894 839 (Matth.

316 901 360 937 χι
389 880 541 945 ,27).
585 877 648 928 Et
686 874 730 928 si
762 885 919 927 nemo
954 868 1257 938 assequitur
1289 865 1424 918 hanc
1460 862 1512 916 in
1554 861 1753 915 saeculo
1799 857 1901 910 isto

312 971 594 1034 uetitiam,
623 966 768 1021 unde
799 965 1025 1018 Arianus
1051 960 1278 1015 assumit
1306 958 1357 1010 in
1391 952 1702 1010 substantia:
1736 950 1901 1017 ipsius

312 1060 587 1115 divisione
632 1054 974 1111 mensuram?
1014 1053 1069 1108 Si
1117 1051 1261 1104 solus
1302 1048 1459 1102 Pater
1490 1044 1635 1099 novit
1680 1042 1902 1103 Filium,

324 1149 467 1204 solus
513 1148 676 1203 Filius
723 1146 963 1207 Patrem;
996 1141 1137 1195 unde
1167 1139 1271 1194 dux
1309 1152 1485 1193 caecus
1530 1133 1787 1203 majorem
1822 1131 1906 1185 iu-

329 1240 549 1309 telligit,
581 1240 663 1293 vel
695 1234 994 1290 minorem?
1022 1234 1100 1286 An
1131 1231 1269 1285 forte
1300 1226 1620 1297 respondet,
1654 1233 1709 1279 et
1734 1223 1776 1278 si
1808 1222 1907 1277 sibi

328 1332 529 1386 notitia
560 1331 711 1398 hujus
744 1334 984 1383 reservat
1010 1324 1273 1378 Divinitas
1295 1322 1409 1375 sola
1432 1329 1733 1381 secretum,
1768 1315 1909 1369 unde

332 1434 383 1478 tu
410 1426 666 1492 aequalem
698 1418 841 1473 Patri
876 1414 1063 1470 Filium
1094 1411 1429 1484 cognovisti?
1459 1414 1525 1463 At
1551 1423 1650 1479 ego
1674 1409 1908 1476 inquam,

332 1516 702 1585 paternitatem
734 1512 873 1564 filius
902 1509 1157 1578 loquitur,
1190 1504 1633 1574 omnipotentiam
1666 1508 1912 1555 creatura

336 1618 556 1662 testatur
583 1623 594 1656 :
626 1604 693 1659 de
719 1602 1033 1658 substantiae
1060 1609 1235 1653 autem
1270 1599 1480 1659 intimo,
1509 1596 1551 1647 si
1587 1606 1745 1647 nemo
1769 1591 1915 1643 novit

337 1698 527 1752 Filium
560 1696 659 1749 nisi
709 1697 885 1761 Pater,
912 1707 1085 1761 neque
1130 1691 1338 1743 Patrem
1373 1688 1489 1756 quis
1520 1686 1668 1739 novit
1696 1683 1797 1737 nisi
1830 1681 1915 1734 Fi-

335 1790 466 1851 lius;
499 1787 585 1840 ubi
617 1785 834 1854 mqualis
864 1793 943 1837 ist
973 1782 1197 1837 consilio
1227 1782 1527 1834 alternante
1558 1777 1742 1831 notitia
1766 1816 1780 1841 ,
1806 1788 1913 1827 una

1265 394 1342 448 νλ
1354 388 1612 446 ῐιιοῐιυιι
1653 376 2162 439 ορυδευωιιιιιι
2208 376 2435 430 FRACM
2450 376 2650 431 ENTA.

1929 490 1976 548 Α
2009 489 2199 543 habitat
2228 492 2279 544 in
2309 492 2446 544 vobis
2478 493 2527 559 (1
2552 494 2674 546 Cor.
2702 505 2786 555 ιιι,
2823 488 2945 559 16)?
2978 488 3115 543 Ecce
3141 502 3270 556 ergo
3300 497 3354 542 tt
3383 488 3603 557 Sp'ritus

3498 376 3600 432 306

2010 581 2149 635 Deus
2180 590 2294 648 est,
2337 584 2379 635 si
2426 582 2631 636 habitat
2672 581 2966 646 templum,
3016 580 3158 648 quod
3195 590 3390 647 praeter
3436 580 3601 634 Deum

2008 674 2184 727 nullus
2227 672 2509 727 inhabitat.
2552 671 2704 727 Unde
2752 672 2958 739 inquit,
3006 670 3235 724 Membra
3272 680 3438 722 uestra
3479 681 3606 725 tent-

2007 766 2149 835 plum
2187 766 2237 817 in
2268 765 2406 819 vobis
2436 773 2509 818 est
2540 763 2768 833 Spiritus
2796 764 2995 826 sancti,
3028 780 3173 831 quem
3207 764 3405 815 habetis
3431 779 3461 815 a
3502 762 3606 817 Deo

2012 856 2062 928 (Ι
2093 857 2213 911 Cor.
2246 872 2330 922 vt,
2380 854 2503 926 i9).
2548 855 2688 925 Ergo
2730 857 2773 909 si
2826 854 3041 909 habeth
3085 870 3112 907 a
3166 854 3277 910 Deo
3323 854 3523 919 Deum,
3557 864 3611 909 et

2012 951 2268 1018 templum
2316 950 2408 1004 Dei
2451 950 2605 1014 estis,
2636 958 2690 1003 ct
2735 963 2932 1016 corpus
2966 956 3205 1003 vestrum
3240 948 3495 1015 templum
3525 957 3611 1001 et

2012 1044 2243 1113 Spiritus
2272 1043 2472 1108 sancti;
2504 1056 2824 1111 quocunque
2864 1056 2969 1095 non
3007 1049 3260 1107 receptus
3302 1040 3461 1093 fuerit
3490 1039 3611 1109 Spi-

2013 1140 2175 1204 r'tus,
2210 1152 2315 1190 non
2348 1136 2558 1205 capitur
2611 1137 2771 1189 Deus.
2824 1134 2985 1203 igitur
3026 1149 3149 1189 cum
3183 1132 3308 1186 talia
3355 1132 3609 1195 dicimus,

2018 1245 2123 1285 non
2180 1228 2333 1283 nobis
2382 1228 2761 1282 obirascantur
2810 1226 3003 1295 quibus
3055 1236 3301 1279 sanctum
3352 1223 3611 1291 Sp‘rituut

2018 1324 2341 1395 persuadere
2364 1336 2623 1377 conamur
2649 1338 2661 1374 :
2686 1321 2807 1389 quia
2840 1321 2937 1372 nisi
2969 1320 3109 1372 Deus
3132 1318 3391 1375 creditur,
3424 1317 3613 1384 ignoro

2016 1416 2141 1486 quid
2174 1416 2239 1470 de
2274 1430 2477 1483 praesen
2508 1416 2521 1467 i
2557 1413 2845 1467 festivitate
2874 1412 3101 1470 dicatur,
3136 1417 3228 1463 aut
3252 1408 3376 1476 quid
3411 1408 3460 1461 in
3492 1408 3611 1475 ejus

2019 1510 2249 1564 adventu
2283 1508 2504 1562 hon0ris
2538 1506 2821 1561 hmreticus
2866 1506 3110 1565 excolat,
3153 1517 3311 1568 quem
3355 1511 3615 1567 quantum

2019 1602 2082 1655 ad
2116 1616 2173 1655 se
2200 1611 2277 1654 est
2300 1643 2314 1667 ,
2354 1601 2514 1653 etiam
2554 1598 2773 1651 nomine
2805 1596 3078 1651 servitutis
3106 1592 3365 1649 inclinat:
3398 1606 3519 1644 cum
3554 1592 3617 1645 li-

2019 1704 2123 1755 cet,
2175 1690 2219 1744 si
2244 1688 2355 1745 ’τος
2384 1690 2546 1745 Filius
2583 1687 2913 1750 liberaverit,
2954 1699 3081 1740 tunc
3117 1699 3241 1739 vere
3294 1683 3447 1737 liberi
3498 1683 3617 1736 sitis

2022 1786 2202 1844 (Joan.
2222 1799 2335 1848 \‘lli,
2365 1783 2477 1852 56),
2501 1783 2588 1837 ubi
2612 1793 2788 1838 tamen
2816 1781 3049 1851 Spiritus
3074 1779 3281 1843 Domini
3302 1778 3372 1833 ibi
3394 1777 3617 1833 libertas

342 1888 424 1933 est
468 1875 841 1946 proculdubio
880 1874 931 1928 in
979 1873 1290 1926 substantia:
1336 1868 1663 1938 perfectione
1706 1873 1912 1917 natura.
1950 1856 2040 1951 Β(

802 1890 841 1929 ιο
880 1874 931 1928 in
979 1873 1290 1926 substantia:
1336 1868 1663 1938 perfectione
1706 1873 1912 1917 natura.
1950 1856 1993 1915 Β
2024 1882 2110 1951 (ιι
2132 1882 2253 1939 σον,
2278 1897 2363 1946 ,η’
2401 1880 2506 1949 Π),

335 1970 518 2037 Neque
545 1969 684 2023 enim
718 1968 888 2037 major
908 1966 1190 2019 autminor
1220 1974 1334 2027 est,
1359 1964 1445 2032 qui
1478 1975 1577 2016 nec
1606 1960 1781 2013 minus
1818 1971 1915 2012 nec

335 2062 563 2130 amplius
606 2070 761 2113 notus
785 2067 885 2114 est.
914 2057 1051 2125 Quid
1088 2070 1231 2111 nunc
1272 2054 1335 2109 de
1367 2054 1570 2125 Spiritu
1613 2060 1798 2106 sancto
1834 2050 1915 2103 di-

334 2165 542 2214 ceruus,
575 2164 730 2219 quem
770 2148 993 2204 credere
1021 2156 1385 2217 consequente
1414 2145 1641 2216 symbuli
1678 2152 1830 2210 parte
1864 2143 1914 2197 in

335 2244 596 2297 Trinitate
646 2240 1018 2310 praecipimur?
1062 2240 1245 2309 Neque
1295 2238 1475 2302 enim,
1518 2237 1563 2292 si
1610 2236 1822 2290 Patrem
1867 2244 1921 2288 et

338 2334 529 2389 Filium
570 2333 671 2387 sibi
702 2332 934 2388 invicem
973 2333 1182 2387 confert
1222 2332 1323 2385 ista
1368 2331 1585 2396 notitia,
1620 2330 1826 2383 alienus
1855 2328 1921 2381 ab

337 2440 401 2480 ea
431 2426 531 2477 erit
557 2424 785 2493 Spiritus
814 2432 1053 2485 sanctus,
1083 2423 1151 2478 de
1180 2440 1283 2490 quo
1310 2422 1560 2476 scribitur
1586 2421 1724 2490 quod
1760 2420 1924 2489 Spiri-

336 2526 418 2570 tus
455 2518 625 2569 omnia
653 2525 925 2582 scrutatur,
963 2517 1113 2568 e.‘iam
1142 2516 1437 2567 altitudines
1479 2511 1575 2565 Dei
1626 2510 1680 2583 (I
1713 2512 1828 2566 Cor.
1854 2525 1921 2574 tt,

340 2606 452 2676 10).
484 2606 623 2675 Ergo
656 2621 762 2659 non
805 2604 1173 2659 tantummodo
1218 2620 1276 2659 se
1316 2604 1475 2660 Pater
1511 2614 1565 2660 et
1596 2604 1784 2669 Filius,
1828 2600 1925 2656 sed

335 2698 592 2767 Spiritum
624 2711 776 2751 suum
821 2704 1049 2760 norunt;
1087 2696 1170 2751 cui
1202 2696 1323 2751 ideo
1355 2698 1485 2751 nihil
1524 2697 1745 2752 omnino
1782 2695 1927 2751 cela-

341 2802 457 2857 tur,
511 2790 631 2860 quia
689 2790 820 2845 nihil
869 2792 985 2845 sine
1036 2790 1129 2845 illo
1182 2790 1233 2844 in
1281 2790 1509 2845 veritate
1561 2790 1923 2858 cognoscitur.

338 2884 599 2952 Quocirca
629 2885 706 2939 sic
738 2892 821 2938 est
865 2882 1122 2953 cognitio,
1166 2881 1306 2937 sicut
1343 2882 1653 2950 cooperatio
1694 2879 1927 2934 Trinita-

338 2976 430 3029 tis.
456 2974 584 3028 Nam
619 2982 738 3043 post
787 2975 925 3029 istud
955 2974 1314 3044 generationis
1345 2972 1537 3027 divinas
1577 2973 1923 3044 mysterium,

339 3067 385 3121 si
436 3065 487 3119 in
543 3062 759 3119 Christo
815 3066 1113 3134 cogitemus
1164 3065 1433 3132 humana,
1496 3063 1636 3133 quod
1684 3063 1920 3117 celebra-

344 3171 468 3212 mus
515 3155 785 3226 Virginem
838 3156 1143 3225 peperisse,
1194 3155 1353 3210 Pater
1403 3154 1581 3219 misit,
1626 3152 1796 3207 Filius
1834 3167 1925 3207 ve-

2764 1967 2876 2022 VH.

2347 2064 2451 2133 (Ex
2485 2077 2734 2118 sermone
2764 2061 2830 2116 de
2861 2060 3030 2115 Natali
3063 2059 3291 2128 calicis.)

2097 2162 2177 2217 Eo
2225 2159 2625 2231 superstitionis
2678 2158 2782 2212 ritu
2836 2156 3087 2225 plectitur
3142 2155 3387 2223 impietas
3445 2151 3620 2207 rubel-

2028 2256 2251 2310 lantium
2275 2252 2615 2315 Judaeorum,
2651 2258 2710 2303 ut
2759 2248 2957 2303 animal
3005 2245 3387 2315 corruptibile,
3439 2244 3488 2297 ῘιΙ
3537 2252 3622 2295 est

2027 2361 2218 2416 agnum
2240 2387 2252 2406 .
2288 2360 2407 2399 cum
2439 2341 2790 2397 veneratione
2833 2338 3149 2401 comedam,
3180 2337 3269 2405 qui
3303 2336 3413 2390 veri
3439 2344 3489 2387 tt
3522 2334 3623 2387 im-

2029 2437 2274 2493 maculati
2321 2434 2457 2505 Agni
2486 2447 2663 2488 escam
2710 2430 3163 2500 periculosissima
3206 2427 3343 2481 fame
3382 2434 3623 2479 contem-

2030 2538 2181 2585 nunt.
2220 2526 2369 2583 Unde
2400 2524 2499 2578 sibi
2531 2523 2781 2576 videntur
2813 2520 3074 2588 paschalis
3104 2518 3224 2571 festi
3256 2530 3413 2585 agere
3446 2529 3624 2568 sarra-

2029 2628 2268 2675 mentum
2292 2661 2305 2681 ,
2342 2614 2494 2684 cujus
2520 2612 2684 2667 hodie
2712 2611 2887 2665 omnis
2913 2609 3157 2664 Ecclesia
3187 2608 3399 2661 initium
3429 2606 3622 2665 sumit,

2030 2709 2342 2780 mysterium
2390 2704 2684 2773 intelligit,
2736 2704 3017 2771 praemium
3063 2698 3433 2767 concupiscit,
3478 2695 3624 2765 quod

2030 2816 2210 2857 sermo
2241 2797 2456 2853 Domini
2486 2795 2764 2863 discipulis
2806 2794 2919 2847 suis
2963 2791 3242 2846 evidenter
3279 2787 3510 2843 insinuat
3543 2788 3624 2841 di-

2029 2906 2195 2946 cens:
2231 2889 2385 2945 Scitis
2431 2886 2553 2956 quia
2598 2893 2710 2954 post
2754 2883 2964 2936 biduum
3013 2880 3219 2933 Pascha
3268 2879 3354 2947 ﬁet
3401 2876 3622 2947 (Matth.

2030 2998 2185 3046 xxvi,
2212 2980 2306 3051 2)?
2347 2978 2504 3034 Aliud
2551 2986 2740 3041 sonat,
2781 2978 2885 3029 erit
2920 2983 3011 3027 aut
3050 2970 3433 3034 celebrabitur,
3478 2968 3625 3022 aliud

2029 3086 2206 3129 autem
2237 3073 2438 3126 Pascha
2465 3069 2578 3123 lict.
2602 3068 2857 3123 Numeret
2881 3081 3009 3137 ergo
3035 3066 3162 3119 mihi
3192 3064 3427 3127 Judznus,
3455 3076 3625 3130 usque

2031 3180 2173 3220 nunc
2214 3164 2281 3219 ab
2317 3163 2463 3219 exitu
2496 3160 2691 3226 Israel,
2722 3169 2951 3230 quantos
2982 3157 3096 3211 vult
3125 3170 3334 3211 annos:
3367 3164 3623 3208 cmlerum

340 3249 456 3313 nit,
508 3217 737 3317 Spiritus
793 3217 1008 3301 sanctus
1057 3217 1265 3301 infudit.
1326 3217 1661 3314 Quapropter
1713 3259 1813 3299 nec
1869 3245 1920 3298 in
1953 3217 2044 3310 Ci

1953 3217 2000 3281 ὓ
2031 3217 2502 3320 apt-imum
2534 3217 2709 3304 adhuc
2740 3217 2871 3318 'post
2914 3248 3137 3301 biduum
3181 3245 3302 3310 fiet,
3333 3259 3453 3298 cum
3486 3259 3625 3311 pra:-

341 3339 643 3395 humilitate
685 3338 1056 3395 minorationis
1099 3338 1444 3394 absconditur
1486 3338 1701 3393 claritas
1745 3352 1925 3406 atqua—

344 3433 533 3489 litatis.

1102 3524 1165 3580 ν.

735 3615 841 3687 (Ex
872 3615 1021 3671 libris
1049 3624 1233 3671 contra
1258 3614 1532 3686 Arianos.)

429 3706 591 3761 Nobis
632 3715 803 3761 autem
852 3705 991 3760 Deus
1040 3707 1278 3760 reuelauit
1319 3721 1411 3775 per
1455 3706 1710 3775 Spiritum
1756 3720 1924 3757 suum.

344 3802 576 3869 Spiritus
607 3800 741 3853 enim
771 3800 940 3854 omnia
968 3808 1244 3867 scrutatur,
1286 3800 1438 3852 etiam
1474 3798 1768 3850 altitudines
1813 3794 1927 3849 Dei.

345 3894 476 3959 Quis
514 3892 649 3945 enim
689 3890 951 3943 hominum
998 3890 1133 3943 novit
1164 3904 1277 3959 qua:
1313 3890 1367 3942 in
1393 3888 1597 3943 homine
1636 3896 1790 3952 sunt,
1831 3884 1930 3939 nisi

342 3983 553 4051 spiritus
591 3981 810 4034 hominis
838 3980 922 4048 qui
964 3980 1018 4033 in
1062 3980 1171 4049 ipso
1210 3980 1323 4033 est?
1354 3979 1441 4034 Sic
1485 3988 1531 4034 et
1570 3996 1683 4050 quia
1730 3982 1782 4034 in
1822 3979 1930 4035 Deo

344 4083 464 4129 sunt
493 4088 641 4127 nemo
686 4074 854 4137 novit,
898 4072 997 4125 nisi
1036 4070 1261 4141 Spiritus
1304 4070 1400 4124 Dei
1445 4068 1645 4143 (Ibid.,
1676 4072 1774 4138 10,
1808 4071 1929 4142 ii).

347 4167 500 4235 Rogo
526 4164 864 4233 suppliciter,
899 4164 1075 4218 locum
1108 4162 1293 4228 istum,
1329 4171 1388 4217 ut
1421 4172 1545 4232 pote
1586 4162 1869 4217 illuminati
1900 4178 1929 4216 a

347 4257 459 4311 Deo
485 4254 703 4319 arbitri,
731 4255 993 4324 iudicate;
1024 4262 1078 4308 et
1107 4259 1286 4307 utrum
1322 4254 1545 4322 aequalis
1576 4255 1646 4309 sit
1673 4254 1814 4308 Patri
1845 4252 1932 4309 vel

348 4348 487 4404 Filio
526 4345 757 4415 Spiritus
786 4354 1024 4409 sanctus,
1048 4358 1116 4398 ex
1160 4343 1273 4412 ipsa
1300 4343 1541 4398 scientiae
1570 4357 1680 4397 suae
1710 4342 1934 4413 profun-

347 4439 515 4492 ditate
560 4435 892 4506 perpendite.
922 4435 1090 4490 Nemo
1135 4436 1283 4490 novit
1334 4435 1557 4501 Filium,
1601 4434 1703 4490 nisi
1750 4435 1926 4503 Pater,

347 4541 525 4597 neque
555 4526 763 4580 Patrem
803 4525 923 4597 quis
954 4526 1102 4581 novit
1149 4526 1249 4581 uisi
1296 4526 1488 4581 Filius.
1533 4526 1642 4583 Sed
1670 4528 1794 4598 quia
1833 4541 1934 4582 nec

346 4620 530 4683 Pater,
573 4632 671 4673 nec
711 4618 906 4685 Filius,
953 4619 1071 4674 sine
1111 4619 1309 4690 Spiritu
1357 4622 1559 4690 aliquid
1591 4623 1767 4686 novit,
1812 4621 1932 4678 ideo

346 4722 469 4777 qua:
511 4707 564 4761 in
597 4707 707 4762 Deo
733 4716 857 4762 sunt
884 4724 1043 4763 nemo
1073 4710 1167 4765 scit
1190 4751 1207 4775 ,
1240 4710 1341 4764 nisi
1384 4709 1618 4779 Spiritus
1649 4712 1775 4777 Dei;
1807 4714 1931 4781 quia

347 4812 449 4852 nec
474 4796 702 4865 Spiritus
730 4798 871 4852 scire
900 4798 1098 4867 aliquid
1124 4800 1240 4854 sine
1274 4800 1428 4854 Patre
1455 4802 1537 4855 vel
1569 4800 1704 4857 Filio
1734 4812 1925 4871 potest.

346 4887 487 4956 Quid
527 4897 638 4959 est,
668 4904 825 4944 nemo
854 4889 1003 4944 novit
1043 4900 1239 4959 praeter
1268 4890 1477 4947 Patrem
1498 4934 1515 4959 ,
1547 4909 1709 4949 nemo
1740 4906 1933 4963 pra-ter

348 4981 578 5045 Filium,
610 4996 769 5036 nemo
809 4991 1004 5051 praeter
1049 4982 1307 5052 Spiritum
1351 4995 1627 5051 sanctum,
1674 4986 1775 5041 nisi
1807 4987 1929 5056 quia

347 5076 401 5130 in
430 5072 691 5127 Trinitate
721 5083 917 5142 praeter
956 5079 1212 5128 unitatem
1266 5075 1399 5129 nihil
1442 5089 1727 5144 possumus
1776 5077 1930 5132 inve-

348 5164 505 5219 nire?
532 5162 778 5231 Legimus
804 5164 909 5218 alio
939 5164 1077 5229 loco,
1113 5165 1213 5230 Qui
1254 5163 1450 5220 Filium
1473 5183 1577 5221 non
1618 5168 1801 5234 habet,
1841 5185 1931 5223 nec

352 5254 565 5309 Patrem
594 5253 739 5307 habet
776 5252 828 5325 (I
857 5252 1013 5309 Joan.
1038 5270 1104 5322 tt,
1141 5254 1253 5326 25).
1290 5256 1525 5328 Itemque
1562 5258 1667 5312 alio
1706 5260 1845 5329 loco,
1871 5260 1931 5316 Si

348 5348 460 5417 quis
482 5346 737 5418 Spiritum
755 5346 939 5401 Christi
966 5365 1065 5401 non
1086 5347 1256 5414 habet,
1278 5349 1362 5403 hic
1389 5366 1489 5405 non
1512 5363 1587 5406 est
1612 5353 1720 5423 ejus
1745 5353 1927 5424 (Rom.

351 5437 577 5507 vnr,9).
605 5436 758 5501 Quod
800 5451 907 5492 non
944 5447 1119 5507 potest
1163 5453 1269 5495 non
1299 5442 1456 5497 simul
1501 5450 1667 5498 totum
1709 5442 1927 5511 haberi,

350 5529 621 5601 quomodo
649 5529 847 5601 pulerit
872 5528 1075 5586 dividi?

1091 5622 1178 5678 Vl.

713 5713 812 5783 (Ex
839 5728 1089 5771 sermone
1114 5714 1180 5771 de
1205 5714 1572 5789 Pentecoste.)

417 5808 500 5865 An
533 5809 731 5864 nescitis
759 5810 876 5881 quia
905 5810 1146 5879 templum
1178 5808 1274 5867 Dei
1311 5813 1458 5879 estis,
1491 5822 1537 5866 et
1574 5811 1801 5883 Spiritus
1836 5811 1935 5868 Dei

2034 3347 2219 3401 teritas
2252 3345 2479 3413 implens
2511 3342 2727 3412 ﬂguras,
2770 3341 2912 3395 sicut
2954 3338 3244 3407 Aposmlus
3272 3338 3380 3398 ait,
3421 3336 3626 3389 Pascha

2032 3449 2261 3493 nostrum
2290 3435 2582 3489 immolatus
2609 3441 2682 3488 est
2713 3432 2944 3487 Christus
2974 3429 3027 3502 (Ι
3056 3429 3177 3485 Cor.
3213 3445 3268 3495 v,
3305 3425 3382 3495 7).

2750 3523 2883 3579 Vill.

2375 3616 2475 3685 (Ex
2506 3614 2657 3668 libris
2683 3612 2879 3668 Contra
2913 3612 3292 3681 Phantasma.)

2106 3710 2243 3777 Quid
2270 3709 2350 3765 vel
2376 3710 2467 3764 illo
2494 3708 2737 3777 Apostoli
2764 3721 3012 3762 sermone
3045 3707 3292 3771 lucidius,
3325 3714 3453 3773 elc.,
3483 3715 3538 3758 ut
3573 3706 3624 3759 in

2035 3803 2252 3873 epistola
2279 3802 2315 3855 2
2356 3801 2479 3874 (col.
2518 3799 2645 3867 206,
2673 3799 2747 3869 ε),
2780 3816 2933 3869 usque
2973 3801 3041 3853 ad
3071 3799 3161 3870 qui
3201 3799 3373 3869 legem
3404 3798 3626 3854 dederat

2036 3899 2088 3954 in
2122 3903 2411 3968 praecepto.

2784 3980 2876 4037 lx.

2465 4077 2565 4151 (Ex
2596 4090 2849 4132 sermone
2875 4074 2943 4129 de
2968 4074 3158 4143 Iona.)

2106 4168 2353 4238 Pelagus,
2384 4167 2588 4237 inquit,
2618 4165 2813 4235 aperuit
2854 4174 3007 4233 caput
3046 4180 3212 4219 meum
3257 4162 3412 4232 (Jan.
3450 4178 3517 4226 ιι.
3545 4162 3628 4232 6).

2037 4261 2149 4317 Nec
2180 4259 2318 4315 istud
2349 4258 2549 4314 frustra
2577 4258 2645 4313 de
2684 4257 2803 4312 solo
2828 4258 3005 4326 capite
3033 4255 3277 4321 dicebat,
3308 4270 3466 4326 quem
3500 4256 3629 4309 abs-

2035 4368 2139 4424 que
2170 4352 2334 4408 dubio
2383 4352 2602 4421 pelagus
2646 4350 2789 4403 omni
2837 4364 2900 4403 ex
2949 4360 3101 4418 parte
3140 4357 3483 4411 contexerat;
3532 4346 3628 4402 sed

2037 4444 2235 4500 celavit
2272 4441 2595 4498 contumelia
2624 4438 2807 4495 mundi
2844 4439 3128 4494 Dominttm
3158 4438 3299 4493 caeli.
3330 4436 3501 4507 Caput
3530 4437 3629 4491 viri

2039 4534 2319 4601 Christus,
2353 4541 2517 4603 caput
2555 4540 2732 4586 autem
2764 4530 2964 4585 Christi
3012 4530 3154 4585 Deus
3198 4528 3250 4602 (I
3282 4528 3403 4583 Cor.
3430 4546 3515 4594 ιι,
3550 4528 3626 4597 5).

2050 4626 2257 4681 Velavit
2298 4623 2572 4677 humilitas
2604 4636 2721 4675 mea
2753 4622 2976 4691 gloriam
3023 4636 3228 4685 meam,
3260 4630 3315 4675 et
3358 4618 3497 4674 Deus
3526 4614 3630 4690 (ΙΙ

2043 4717 2162 4774 Cor.
2187 4732 2240 4781 v,
2270 4716 2379 4785 l9),
2408 4714 2496 4783 qui
2529 4713 2676 4783 quasi
2708 4721 2870 4782 caput
2906 4714 3079 4768 inerat
3117 4710 3332 4766 Christo
3371 4710 3629 4765 mundum

2042 4806 2398 4862 reconcilians
2424 4803 2557 4867 sibi,
2590 4803 2658 4857 ab
2689 4803 2767 4857 eis
2790 4803 2879 4872 qui
2912 4802 3183 4857 hominem
3214 4801 3459 4873 patibulo
3502 4816 3630 4856 con~

2043 4900 2300 4963 fixerant,
2333 4908 2439 4949 non
2472 4893 2645 4965 potuit
2674 4893 2962 4965 pervideri.

2798 4986 2868 5041 Χ.

2403 5082 2505 5154 (Ex
2535 5094 2787 5135 sermone
2814 5082 2846 5134 5
2874 5075 3271 5148 Rogationum.)

2114 5175 2405 5231 Praesentis
2449 5172 2635 5227 saeculi
2667 5171 2829 5241 actio,
2876 5169 3056 5225 dilatis
3096 5181 3377 5225 causarum
3422 5167 3631 5221 eventi-

2044 5268 2167 5333 bus,
2196 5265 2435 5320 omnium
2468 5277 2695 5333 operum
2739 5262 3097 5331 perversitate
3139 5258 3359 5313 contusa
3379 5298 3393 5323 ,
3420 5271 3524 5311 non
3549 5262 3631 5310 est

2045 5368 2280 5427 tempus,
2314 5354 2408 5411 sed
2439 5368 2598 5409 causa
2640 5352 2845 5423 judieii.
2880 5351 2955 5405 Da
2984 5364 3148 5421 porro
3188 5351 3242 5404 in
3278 5345 3630 5419 praesentibus

2040 5448 2345 5506 evidentem
2377 5446 2640 5501 bonorum
2667 5444 3036 5513 malorumque
3060 5442 3397 5505 distantiam,
3426 5446 3483 5493 et
3510 5452 3635 5492 exa-

2038 5540 2167 5595 mini
2208 5538 2335 5609 quid
2367 5534 2662 5592 remansit?
2702 5535 2777 5588 Da
2808 5543 2865 5587 ut
2912 5533 2997 5588 hic
3044 5533 3242 5587 malum
3289 5530 3417 5585 nulli
3471 5528 3632 5582 liceat

2040 5632 2237 5693 facere,
2263 5628 2389 5697 quid
2420 5625 2693 5682 aeternitas
2723 5624 2843 5693 plus
2874 5620 3127 5679 habebit?
3162 5625 3232 5678 Da
3262 5632 3315 5678 ut
3347 5623 3432 5675 hic
3464 5636 3490 5674 a
3524 5618 3629 5674 fide

2040 5722 2214 5777 nullus
2241 5720 2532 5784 exorbitet,
2557 5726 2613 5773 et
2638 5717 2872 5773 hmrescs
2899 5731 3019 5773 esse
3050 5715 3103 5787 (I
3129 5717 3247 5771 Cor.
3273 5730 3355 5780 st,
3384 5713 3472 5783 19)
3501 5725 3629 5783 qua-

2042 5814 2164 5870 liter
2185 5812 2431 5885 Oportet?
2460 5811 2640 5881 Neque
2662 5810 2803 5868 enim
2829 5824 3112 5881 possumus
3136 5807 3476 5866 dissimulare
3500 5804 3627 5875 quin
