  <div class='ocr_page' id='page_1' title='image "/cluster/home/n/w/nwhite01/storage/ocr_20150623/58-59/uc1.31175013991289/773.png"; bbox 0 0 4154 6438; ppageno 0'>
   <div class='ocr_carea' id='block_1_1' title="bbox 689 434 787 487">
    <p class='ocr_par' dir='ltr' id='par_1_1' title="bbox 689 434 787 487">
     <span class='ocr_line' id='line_1_1' title="bbox 689 434 787 487; baseline -0.02 0"><span class='ocrx_word' id='word_1_1' title='bbox 689 434 787 487; x_wconf 75' lang='lat'><strong>307</strong></span> 
     </span>
    </p>
   </div>
   <div class='ocr_carea' id='block_1_2' title="bbox 1949 407 2678 471">
    <p class='ocr_par' dir='ltr' id='par_1_2' title="bbox 1949 407 2678 471">
     <span class='ocr_line' id='line_1_2' title="bbox 1949 407 2678 471; baseline -0.01 -1"><span class='ocrx_word' id='word_1_2' title='bbox 1949 415 2008 471; x_wconf 87' lang='lat' dir='ltr'><strong>S.</strong></span> <span class='ocrx_word' id='word_1_3' title='bbox 2056 410 2232 467; x_wconf 74' lang='lat' dir='ltr'><strong>AVITI</strong></span> <span class='ocrx_word' id='word_1_4' title='bbox 2275 407 2678 466; x_wconf 81' lang='lat' dir='ltr'><strong>VIENNENSIS</strong></span> 
     </span>
    </p>
   </div>
   <div class='ocr_carea' id='block_1_3' title="bbox 3797 406 3952 462">
    <p class='ocr_par' dir='ltr' id='par_1_3' title="bbox 3797 406 3952 462">
     <span class='ocr_line' id='line_1_3' title="bbox 3797 406 3952 462; baseline 0 0"><span class='ocrx_word' id='word_1_5' title='bbox 3797 439 3808 448; x_wconf 86' lang='lat'><strong>-</strong></span> <span class='ocrx_word' id='word_1_6' title='bbox 3847 406 3952 462; x_wconf 74' lang='lat'><strong>508</strong></span> 
     </span>
    </p>
   </div>
   <div class='ocr_carea' id='block_1_4' title="bbox 687 517 3954 618">
    <p class='ocr_par' dir='ltr' id='par_1_4' title="bbox 687 517 3954 618">
     <span class='ocr_line' id='line_1_4' title="bbox 687 517 3954 618; baseline -0.007 -20"><span class='ocrx_word' id='word_1_7' title='bbox 687 553 930 618; x_wconf 75' lang='lat' dir='ltr'><strong>oporteat</strong></span> <span class='ocrx_word' id='word_1_8' title='bbox 957 543 1099 615; x_wconf 88' lang='lat' dir='ltr'><strong>quod</strong></span> <span class='ocrx_word' id='word_1_9' title='bbox 1133 547 1379 613; x_wconf 88' lang='lat' dir='ltr'><strong>oportere</strong></span> <span class='ocrx_word' id='word_1_10' title='bbox 1407 535 1599 589; x_wconf 79' lang='lat' dir='ltr'><strong>veritas</strong></span> <span class='ocrx_word' id='word_1_11' title='bbox 1638 531 1854 588; x_wconf 78' lang='lat' dir='ltr'><strong>clamat.</strong></span> <span class='ocrx_word' id='word_1_12' title='bbox 1877 529 2100 599; x_wconf 88' lang='lat' dir='ltr'><strong>Oportet</strong></span> <span class='ocrx_word' id='word_1_13' title='bbox 2123 537 2252 581; x_wconf 89' lang='lat' dir='ltr'><strong>vero</strong></span> <span class='ocrx_word' id='word_1_14' title='bbox 2279 525 2325 585; x_wconf 80' lang='grc' dir='ltr'><strong>Δ</strong></span> <span class='ocrx_word' id='word_1_15' title='bbox 2357 533 2577 594; x_wconf 87' lang='lat' dir='ltr'><strong>potestas</strong></span> <span class='ocrx_word' id='word_1_16' title='bbox 2608 525 2659 577; x_wconf 88' lang='lat' dir='ltr'><strong>in</strong></span> <span class='ocrx_word' id='word_1_17' title='bbox 2687 519 2810 577; x_wconf 70' lang='lat' dir='ltr'><strong>cwla</strong></span> <span class='ocrx_word' id='word_1_18' title='bbox 2836 529 2880 574; x_wconf 90' lang='lat' dir='ltr'><strong>et</strong></span> <span class='ocrx_word' id='word_1_19' title='bbox 2911 520 2962 573; x_wconf 85' lang='lat' dir='ltr'><strong>in</strong></span> <span class='ocrx_word' id='word_1_20' title='bbox 2993 528 3127 575; x_wconf 82' lang='lat' dir='ltr'><strong>terra</strong></span> <span class='ocrx_word' id='word_1_21' title='bbox 3158 517 3383 591; x_wconf 77' lang='lat' dir='ltr'><strong>(Matth.</strong></span> <span class='ocrx_word' id='word_1_22' title='bbox 3413 535 3598 588; x_wconf 77' lang='lat' dir='ltr'><strong>xxvut,</strong></span> <span class='ocrx_word' id='word_1_23' title='bbox 3628 518 3738 591; x_wconf 80' lang='lat' dir='ltr'><strong>l8),</strong></span> <span class='ocrx_word' id='word_1_24' title='bbox 3773 528 3829 574; x_wconf 88' lang='lat' dir='ltr'><strong>ut</strong></span> <span class='ocrx_word' id='word_1_25' title='bbox 3859 532 3954 588; x_wconf 80' lang='lat' dir='ltr'><strong>pu-</strong></span> 
     </span>
    </p>
   </div>
   <div class='ocr_carea' id='block_1_5' title="bbox 686 619 2258 706">
    <p class='ocr_par' dir='ltr' id='par_1_5' title="bbox 686 619 2258 706">
     <span class='ocr_line' id='line_1_5' title="bbox 686 619 2258 706; baseline -0.015 -13"><span class='ocrx_word' id='word_1_26' title='bbox 686 653 806 693; x_wconf 76' lang='lat' dir='ltr'><strong>esse</strong></span> <span class='ocrx_word' id='word_1_27' title='bbox 847 638 1137 700; x_wconf 71' lang='lat' dir='ltr'><strong>hmrcsem,</strong></span> <span class='ocrx_word' id='word_1_28' title='bbox 1184 646 1287 686; x_wconf 92' lang='lat' dir='ltr'><strong>non</strong></span> <span class='ocrx_word' id='word_1_29' title='bbox 1332 627 1450 706; x_wconf 88' lang='lat' dir='ltr'><strong>quia</strong></span> <span class='ocrx_word' id='word_1_30' title='bbox 1493 625 1608 693; x_wconf 82' lang='lat' dir='ltr'><strong>ejus</strong></span> <span class='ocrx_word' id='word_1_31' title='bbox 1655 621 1975 678; x_wconf 85' lang='lat' dir='ltr'><strong>commentis</strong></span> <span class='ocrx_word' id='word_1_32' title='bbox 2016 619 2258 675; x_wconf 75' lang='lat' dir='ltr'><strong>Christus</strong></span> 
     </span>
    </p>
   </div>
   <div class='ocr_carea' id='block_1_6' title="bbox 689 714 2261 793">
    <p class='ocr_par' dir='ltr' id='par_1_6' title="bbox 689 714 2261 793">
     <span class='ocr_line' id='line_1_6' title="bbox 689 714 2261 793; baseline -0.011 -11"><span class='ocrx_word' id='word_1_33' title='bbox 689 730 970 793; x_wconf 84' lang='lat' dir='ltr'><strong>minuitur,</strong></span> <span class='ocrx_word' id='word_1_34' title='bbox 1012 728 1103 781; x_wconf 88' lang='lat' dir='ltr'><strong>sed</strong></span> <span class='ocrx_word' id='word_1_35' title='bbox 1145 723 1264 792; x_wconf 86' lang='lat' dir='ltr'><strong>quia</strong></span> <span class='ocrx_word' id='word_1_36' title='bbox 1309 720 1425 789; x_wconf 83' lang='lat' dir='ltr'><strong>ejus</strong></span> <span class='ocrx_word' id='word_1_37' title='bbox 1471 717 1680 773; x_wconf 79' lang='lat' dir='ltr'><strong>insidiis</strong></span> <span class='ocrx_word' id='word_1_38' title='bbox 1725 714 2059 770; x_wconf 85' lang='lat' dir='ltr'><strong>Christianus</strong></span> <span class='ocrx_word' id='word_1_39' title='bbox 2103 724 2261 779; x_wconf 85' lang='lat' dir='ltr'><strong>auge-</strong></span> 
     </span>
    </p>
   </div>
   <div class='ocr_carea' id='block_1_7' title="bbox 690 799 2260 879">
    <p class='ocr_par' dir='ltr' id='par_1_7' title="bbox 690 799 2260 879">
     <span class='ocr_line' id='line_1_7' title="bbox 690 799 2260 879; baseline -0.013 -6"><span class='ocrx_word' id='word_1_40' title='bbox 690 834 796 874; x_wconf 91' lang='lat' dir='ltr'><strong>tur.</strong></span> <span class='ocrx_word' id='word_1_41' title='bbox 829 820 920 875; x_wconf 87' lang='lat' dir='ltr'><strong>Sic</strong></span> <span class='ocrx_word' id='word_1_42' title='bbox 958 826 1082 872; x_wconf 91' lang='lat' dir='ltr'><strong>sunt</strong></span> <span class='ocrx_word' id='word_1_43' title='bbox 1108 814 1265 867; x_wconf 85' lang='lat' dir='ltr'><strong>etiam</strong></span> <span class='ocrx_word' id='word_1_44' title='bbox 1285 851 1298 874; x_wconf 95' lang='lat'><strong>,</strong></span> <span class='ocrx_word' id='word_1_45' title='bbox 1331 818 1526 879; x_wconf 64' lang='lat' dir='ltr'><strong>praeter</strong></span> <span class='ocrx_word' id='word_1_46' title='bbox 1555 806 1958 862; x_wconf 79' lang='lat' dir='ltr'><strong>fornicationem</strong></span> <span class='ocrx_word' id='word_1_47' title='bbox 2003 815 2120 873; x_wconf 68' lang='lat' dir='ltr'><strong>quae</strong></span> <span class='ocrx_word' id='word_1_48' title='bbox 2147 799 2260 854; x_wconf 87' lang='lat' dir='ltr'><strong>sola</strong></span> 
     </span>
    </p>
   </div>
   <div class='ocr_carea' id='block_1_8' title="bbox 690 892 2259 978">
    <p class='ocr_par' dir='ltr' id='par_1_8' title="bbox 690 892 2259 978">
     <span class='ocr_line' id='line_1_8' title="bbox 690 892 2259 978; baseline -0.016 -12"><span class='ocrx_word' id='word_1_49' title='bbox 690 920 741 966; x_wconf 80' lang='lat' dir='ltr'><strong>in</strong></span> <span class='ocrx_word' id='word_1_50' title='bbox 779 923 971 978; x_wconf 87' lang='lat' dir='ltr'><strong>corpus</strong></span> <span class='ocrx_word' id='word_1_51' title='bbox 1017 903 1286 974; x_wconf 90' lang='lat' dir='ltr'><strong>proprium</strong></span> <span class='ocrx_word' id='word_1_52' title='bbox 1335 909 1554 971; x_wconf 87' lang='lat' dir='ltr'><strong>peccat,</strong></span> <span class='ocrx_word' id='word_1_53' title='bbox 1601 904 1790 951; x_wconf 61' lang='lat' dir='ltr'><strong>caetera</strong></span> <span class='ocrx_word' id='word_1_54' title='bbox 1842 894 2018 960; x_wconf 86' lang='lat' dir='ltr'><strong>mala,</strong></span> <span class='ocrx_word' id='word_1_55' title='bbox 2067 892 2111 945; x_wconf 95' lang='lat' dir='ltr'><strong>si</strong></span> <span class='ocrx_word' id='word_1_56' title='bbox 2156 902 2259 943; x_wconf 87' lang='lat' dir='ltr'><strong>non</strong></span> 
     </span>
    </p>
   </div>
   <div class='ocr_carea' id='block_1_9' title="bbox 687 983 2263 1063">
    <p class='ocr_par' dir='ltr' id='par_1_9' title="bbox 687 983 2263 1063">
     <span class='ocr_line' id='line_1_9' title="bbox 687 983 2263 1063; baseline -0.013 -8"><span class='ocrx_word' id='word_1_57' title='bbox 687 1003 880 1058; x_wconf 82' lang='lat' dir='ltr'><strong>vestias</strong></span> <span class='ocrx_word' id='word_1_58' title='bbox 909 997 1139 1061; x_wconf 89' lang='lat' dir='ltr'><strong>nudum,</strong></span> <span class='ocrx_word' id='word_1_59' title='bbox 1163 995 1205 1048; x_wconf 91' lang='lat' dir='ltr'><strong>si</strong></span> <span class='ocrx_word' id='word_1_60' title='bbox 1234 992 1422 1063; x_wconf 86' lang='lat' dir='ltr'><strong>punias</strong></span> <span class='ocrx_word' id='word_1_61' title='bbox 1451 991 1812 1051; x_wconf 83' lang='lat' dir='ltr'><strong>innocentem,</strong></span> <span class='ocrx_word' id='word_1_62' title='bbox 1840 983 1885 1038; x_wconf 88' lang='lat' dir='ltr'><strong>si</strong></span> <span class='ocrx_word' id='word_1_63' title='bbox 1917 983 2090 1051; x_wconf 79' lang='lat' dir='ltr'><strong>rapias</strong></span> <span class='ocrx_word' id='word_1_64' title='bbox 2137 993 2263 1049; x_wconf 85' lang='lat' dir='ltr'><strong>pro—</strong></span> 
     </span>
    </p>
   </div>
   <div class='ocr_carea' id='block_1_10' title="bbox 684 1068 2255 1155">
    <p class='ocr_par' dir='ltr' id='par_1_10' title="bbox 684 1068 2255 1155">
     <span class='ocr_line' id='line_1_10' title="bbox 684 1068 2255 1155; baseline -0.015 -12"><span class='ocrx_word' id='word_1_65' title='bbox 684 1091 851 1154; x_wconf 80' lang='lat' dir='ltr'><strong>ximo,</strong></span> <span class='ocrx_word' id='word_1_66' title='bbox 879 1089 924 1142; x_wconf 88' lang='lat' dir='ltr'><strong>si</strong></span> <span class='ocrx_word' id='word_1_67' title='bbox 957 1095 1139 1155; x_wconf 86' lang='lat' dir='ltr'><strong>parato</strong></span> <span class='ocrx_word' id='word_1_68' title='bbox 1168 1084 1325 1138; x_wconf 85' lang='lat' dir='ltr'><strong>etiam</strong></span> <span class='ocrx_word' id='word_1_69' title='bbox 1355 1080 1567 1150; x_wconf 85' lang='lat' dir='ltr'><strong>pallium</strong></span> <span class='ocrx_word' id='word_1_70' title='bbox 1591 1077 1785 1130; x_wconf 86' lang='lat' dir='ltr'><strong>cedere</strong></span> <span class='ocrx_word' id='word_1_71' title='bbox 1813 1072 2044 1126; x_wconf 85' lang='lat' dir='ltr'><strong>tunicam</strong></span> <span class='ocrx_word' id='word_1_72' title='bbox 2078 1068 2255 1135; x_wconf 87' lang='lat' dir='ltr'><strong>tollas,</strong></span> 
     </span>
    </p>
   </div>
   <div class='ocr_carea' id='block_1_11' title="bbox 683 1158 2257 1234">
    <p class='ocr_par' dir='ltr' id='par_1_11' title="bbox 683 1158 2257 1234">
     <span class='ocr_line' id='line_1_11' title="bbox 683 1158 2257 1234; baseline -0.015 0"><span class='ocrx_word' id='word_1_73' title='bbox 683 1181 726 1234; x_wconf 84' lang='lat' dir='ltr'><strong>si</strong></span> <span class='ocrx_word' id='word_1_74' title='bbox 765 1179 957 1232; x_wconf 83' lang='lat' dir='ltr'><strong>malam</strong></span> <span class='ocrx_word' id='word_1_75' title='bbox 983 1179 1258 1230; x_wconf 73' lang='lat' dir='ltr'><strong>dexteram</strong></span> <span class='ocrx_word' id='word_1_76' title='bbox 1294 1169 1543 1226; x_wconf 76' lang='lat' dir='ltr'><strong>verberes</strong></span> <span class='ocrx_word' id='word_1_77' title='bbox 1574 1166 1733 1221; x_wconf 88' lang='lat' dir='ltr'><strong>etiam</strong></span> <span class='ocrx_word' id='word_1_78' title='bbox 1765 1165 1947 1217; x_wconf 67' lang='lat' dir='ltr'><strong>lteram</strong></span> <span class='ocrx_word' id='word_1_79' title='bbox 1975 1158 2220 1215; x_wconf 85' lang='lat' dir='ltr'><strong>olI&#39;erenti</strong></span> <span class='ocrx_word' id='word_1_80' title='bbox 2241 1201 2257 1227; x_wconf 92' lang='lat'><strong>,</strong></span> 
     </span>
    </p>
   </div>
   <div class='ocr_carea' id='block_1_12' title="bbox 684 1250 2260 1337">
    <p class='ocr_par' dir='ltr' id='par_1_12' title="bbox 684 1250 2260 1337">
     <span class='ocr_line' id='line_1_12' title="bbox 684 1250 2260 1337; baseline -0.012 -15"><span class='ocrx_word' id='word_1_81' title='bbox 684 1270 728 1322; x_wconf 86' lang='lat' dir='ltr'><strong>si</strong></span> <span class='ocrx_word' id='word_1_82' title='bbox 761 1283 853 1337; x_wconf 88' lang='lat' dir='ltr'><strong>per</strong></span> <span class='ocrx_word' id='word_1_83' title='bbox 885 1267 1030 1321; x_wconf 90' lang='lat' dir='ltr'><strong>mille</strong></span> <span class='ocrx_word' id='word_1_84' title='bbox 1060 1278 1247 1334; x_wconf 89' lang='lat' dir='ltr'><strong>passus</strong></span> <span class='ocrx_word' id='word_1_85' title='bbox 1276 1270 1524 1316; x_wconf 89' lang='lat' dir='ltr'><strong>onustum</strong></span> <span class='ocrx_word' id='word_1_86' title='bbox 1556 1257 1781 1324; x_wconf 76' lang='lat' dir='ltr'><strong>dirigas,</strong></span> <span class='ocrx_word' id='word_1_87' title='bbox 1815 1264 1870 1311; x_wconf 91' lang='lat' dir='ltr'><strong>et</strong></span> <span class='ocrx_word' id='word_1_88' title='bbox 1903 1267 1997 1320; x_wconf 87' lang='lat' dir='ltr'><strong>per</strong></span> <span class='ocrx_word' id='word_1_89' title='bbox 2027 1251 2126 1304; x_wconf 82' lang='lat' dir='ltr'><strong>alia</strong></span> <span class='ocrx_word' id='word_1_90' title='bbox 2154 1250 2260 1304; x_wconf 90' lang='lat' dir='ltr'><strong>duo</strong></span> 
     </span>
    </p>
   </div>
   <div class='ocr_carea' id='block_1_13' title="bbox 683 1340 2261 1418">
    <p class='ocr_par' dir='ltr' id='par_1_13' title="bbox 683 1340 2261 1418">
     <span class='ocr_line' id='line_1_13' title="bbox 683 1340 2261 1418; baseline -0.012 -3"><span class='ocrx_word' id='word_1_91' title='bbox 683 1360 891 1415; x_wconf 84' lang='lat' dir='ltr'><strong>servire</strong></span> <span class='ocrx_word' id='word_1_92' title='bbox 928 1357 1286 1411; x_wconf 86' lang='lat' dir='ltr'><strong>meditantem.</strong></span> <span class='ocrx_word' id='word_1_93' title='bbox 1317 1353 1424 1404; x_wconf 85' lang='lat' dir='ltr'><strong>Aut</strong></span> <span class='ocrx_word' id='word_1_94' title='bbox 1461 1346 1587 1418; x_wconf 90' lang='lat' dir='ltr'><strong>quid</strong></span> <span class='ocrx_word' id='word_1_95' title='bbox 1631 1345 1832 1400; x_wconf 87' lang='lat' dir='ltr'><strong>diutius</strong></span> <span class='ocrx_word' id='word_1_96' title='bbox 1872 1340 2141 1396; x_wconf 61' lang='lat' dir='ltr'><strong>violentia</strong></span> <span class='ocrx_word' id='word_1_97' title='bbox 2169 1355 2261 1411; x_wconf 79' lang='lat' dir='ltr'><strong>ge-</strong></span> 
     </span>
    </p>
   </div>
   <div class='ocr_carea' id='block_1_14' title="bbox 687 1433 2258 1519">
    <p class='ocr_par' dir='ltr' id='par_1_14' title="bbox 687 1433 2258 1519">
     <span class='ocr_line' id='line_1_14' title="bbox 687 1433 2258 1519; baseline -0.011 -15"><span class='ocrx_word' id='word_1_98' title='bbox 687 1466 813 1504; x_wconf 87' lang='lat' dir='ltr'><strong>nera</strong></span> <span class='ocrx_word' id='word_1_99' title='bbox 851 1445 1178 1519; x_wconf 63' lang='lat' dir='ltr'><strong>persequar?</strong></span> <span class='ocrx_word' id='word_1_100' title='bbox 1217 1443 1276 1497; x_wconf 89' lang='lat' dir='ltr'><strong>In</strong></span> <span class='ocrx_word' id='word_1_101' title='bbox 1304 1441 1447 1496; x_wconf 88' lang='lat' dir='ltr'><strong>omni</strong></span> <span class='ocrx_word' id='word_1_102' title='bbox 1489 1438 1714 1507; x_wconf 89' lang='lat' dir='ltr'><strong>imperio</strong></span> <span class='ocrx_word' id='word_1_103' title='bbox 1741 1435 1978 1490; x_wconf 89' lang='lat' dir='ltr'><strong>fortioris</strong></span> <span class='ocrx_word' id='word_1_104' title='bbox 2010 1433 2258 1504; x_wconf 84' lang='lat' dir='ltr'><strong>superbia</strong></span> 
     </span>
    </p>
   </div>
   <div class='ocr_carea' id='block_1_15' title="bbox 687 1531 2261 1612">
    <p class='ocr_par' dir='ltr' id='par_1_15' title="bbox 687 1531 2261 1612">
     <span class='ocr_line' id='line_1_15' title="bbox 687 1531 2261 1612; baseline -0.011 -15"><span class='ocrx_word' id='word_1_105' title='bbox 687 1541 1032 1612; x_wconf 69' lang='lat' dir='ltr'><strong>temporalrm</strong></span> <span class='ocrx_word' id='word_1_106' title='bbox 1062 1538 1222 1592; x_wconf 83' lang='lat' dir='ltr'><strong>habet</strong></span> <span class='ocrx_word' id='word_1_107' title='bbox 1266 1533 1486 1605; x_wconf 89' lang='lat' dir='ltr'><strong>jubendi</strong></span> <span class='ocrx_word' id='word_1_108' title='bbox 1528 1531 1787 1594; x_wconf 84' lang='lat' dir='ltr'><strong>fructum,</strong></span> <span class='ocrx_word' id='word_1_109' title='bbox 1831 1538 2092 1585; x_wconf 57' lang='lat' dir='ltr'><strong>aeternum</strong></span> <span class='ocrx_word' id='word_1_110' title='bbox 2134 1539 2261 1582; x_wconf 89' lang='lat' dir='ltr'><strong>vero</strong></span> 
     </span>
    </p>
   </div>
   <div class='ocr_carea' id='block_1_16' title="bbox 685 1629 1276 1703">
    <p class='ocr_par' dir='ltr' id='par_1_16' title="bbox 685 1629 1276 1703">
     <span class='ocr_line' id='line_1_16' title="bbox 685 1629 1276 1703; baseline -0.005 -12"><span class='ocrx_word' id='word_1_111' title='bbox 685 1632 987 1691; x_wconf 68' lang='lat' dir='ltr'><strong>innocentia</strong></span> <span class='ocrx_word' id='word_1_112' title='bbox 1022 1629 1276 1703; x_wconf 87' lang='lat' dir='ltr'><strong>patiendi.</strong></span> 
     </span>
    </p>
   </div>
   <div class='ocr_carea' id='block_1_17' title="bbox 1421 1718 1512 1774">
    <p class='ocr_par' dir='ltr' id='par_1_17' title="bbox 1421 1718 1512 1774">
     <span class='ocr_line' id='line_1_17' title="bbox 1421 1718 1512 1774; baseline -0.022 0"><span class='ocrx_word' id='word_1_113' title='bbox 1421 1718 1512 1774; x_wconf 70' lang='lat' dir='ltr'><strong>XI.</strong></span> 
     </span>
    </p>
   </div>
   <div class='ocr_carea' id='block_1_18' title="bbox 1065 1815 1876 1886">
    <p class='ocr_par' dir='ltr' id='par_1_18' title="bbox 1065 1815 1876 1886">
     <span class='ocr_line' id='line_1_18' title="bbox 1065 1815 1876 1886; baseline -0.006 -15"><span class='ocrx_word' id='word_1_114' title='bbox 1065 1817 1165 1886; x_wconf 78' lang='lat' dir='ltr'><strong>(Ex</strong></span> <span class='ocrx_word' id='word_1_115' title='bbox 1196 1816 1344 1872; x_wconf 85' lang='lat' dir='ltr'><strong>libris</strong></span> <span class='ocrx_word' id='word_1_116' title='bbox 1370 1815 1565 1871; x_wconf 86' lang='lat' dir='ltr'><strong>Contra</strong></span> <span class='ocrx_word' id='word_1_117' title='bbox 1596 1817 1876 1882; x_wconf 84' lang='lat' dir='ltr'><strong>Arianos.)</strong></span> 
     </span>
    </p>
   </div>
   <div class='ocr_carea' id='block_1_19' title="bbox 2363 609 3948 681">
    <p class='ocr_par' dir='ltr' id='par_1_19' title="bbox 2363 609 3948 681">
     <span class='ocr_line' id='line_1_19' title="bbox 2363 609 3948 681; baseline -0.003 -13"><span class='ocrx_word' id='word_1_118' title='bbox 2363 622 2611 670; x_wconf 89' lang='lat' dir='ltr'><strong>testatem</strong></span> <span class='ocrx_word' id='word_1_119' title='bbox 2641 614 2805 676; x_wconf 80' lang='lat' dir='ltr'><strong>illam,</strong></span> <span class='ocrx_word' id='word_1_120' title='bbox 2845 625 3004 681; x_wconf 89' lang='lat' dir='ltr'><strong>quam</strong></span> <span class='ocrx_word' id='word_1_121' title='bbox 3049 611 3152 666; x_wconf 91' lang='lat' dir='ltr'><strong>sibi</strong></span> <span class='ocrx_word' id='word_1_122' title='bbox 3179 610 3390 665; x_wconf 86' lang='lat' dir='ltr'><strong>diccbat</strong></span> <span class='ocrx_word' id='word_1_123' title='bbox 3413 609 3619 674; x_wconf 86' lang='lat' dir='ltr'><strong>datam,</strong></span> <span class='ocrx_word' id='word_1_124' title='bbox 3651 625 3866 677; x_wconf 85' lang='lat' dir='ltr'><strong>semper</strong></span> <span class='ocrx_word' id='word_1_125' title='bbox 3894 611 3948 665; x_wconf 92' lang='lat' dir='ltr'><strong>in</strong></span> 
     </span>
    </p>
   </div>
   <div class='ocr_carea' id='block_1_20' title="bbox 2363 700 3946 764">
    <p class='ocr_par' dir='ltr' id='par_1_20' title="bbox 2363 700 3946 764">
     <span class='ocr_line' id='line_1_20' title="bbox 2363 700 3946 764; baseline -0.006 -2"><span class='ocrx_word' id='word_1_126' title='bbox 2363 716 2550 762; x_wconf 86' lang='lat' dir='ltr'><strong>natura</strong></span> <span class='ocrx_word' id='word_1_127' title='bbox 2591 704 2883 760; x_wconf 77' lang='lat' dir='ltr'><strong>divinitatis</strong></span> <span class='ocrx_word' id='word_1_128' title='bbox 2941 717 3054 756; x_wconf 73' lang='lat' dir='ltr'><strong>sua:</strong></span> <span class='ocrx_word' id='word_1_129' title='bbox 3107 702 3310 755; x_wconf 88' lang='lat' dir='ltr'><strong>salvam</strong></span> <span class='ocrx_word' id='word_1_130' title='bbox 3355 700 3518 755; x_wconf 83' lang='lat' dir='ltr'><strong>fuisse</strong></span> <span class='ocrx_word' id='word_1_131' title='bbox 3561 710 3946 764; x_wconf 77' lang='lat' dir='ltr'><strong>monstrarem,</strong></span> 
     </span>
    </p>
   </div>
   <div class='ocr_carea' id='block_1_21' title="bbox 2362 792 3952 866">
    <p class='ocr_par' dir='ltr' id='par_1_21' title="bbox 2362 792 3952 866">
     <span class='ocr_line' id='line_1_21' title="bbox 2362 792 3952 866; baseline -0.007 -10"><span class='ocrx_word' id='word_1_132' title='bbox 2362 799 2778 856; x_wconf 83' lang='lat' dir='ltr'><strong>commemoravi</strong></span> <span class='ocrx_word' id='word_1_133' title='bbox 2827 796 3177 866; x_wconf 80' lang='lat' dir='ltr'><strong>apostolicum</strong></span> <span class='ocrx_word' id='word_1_134' title='bbox 3227 794 3355 849; x_wconf 89' lang='lat' dir='ltr'><strong>illud</strong></span> <span class='ocrx_word' id='word_1_135' title='bbox 3397 793 3538 862; x_wconf 89' lang='lat' dir='ltr'><strong>quod</strong></span> <span class='ocrx_word' id='word_1_136' title='bbox 3587 792 3654 847; x_wconf 85' lang='lat' dir='ltr'><strong>de</strong></span> <span class='ocrx_word' id='word_1_137' title='bbox 3695 793 3832 847; x_wconf 85' lang='lat' dir='ltr'><strong>Filio</strong></span> <span class='ocrx_word' id='word_1_138' title='bbox 3872 793 3952 847; x_wconf 85' lang='lat' dir='ltr'><strong>di-</strong></span> 
     </span>
    </p>
   </div>
   <div class='ocr_carea' id='block_1_22' title="bbox 2362 881 3949 955">
    <p class='ocr_par' dir='ltr' id='par_1_22' title="bbox 2362 881 3949 955">
     <span class='ocr_line' id='line_1_22' title="bbox 2362 881 3949 955; baseline -0.004 -11"><span class='ocrx_word' id='word_1_139' title='bbox 2362 899 2504 945; x_wconf 89' lang='lat' dir='ltr'><strong>ctum</strong></span> <span class='ocrx_word' id='word_1_140' title='bbox 2535 898 2656 945; x_wconf 88' lang='lat' dir='ltr'><strong>est:</strong></span> <span class='ocrx_word' id='word_1_141' title='bbox 2688 886 2816 942; x_wconf 74' lang='lat' dir='ltr'><strong>Cum</strong></span> <span class='ocrx_word' id='word_1_142' title='bbox 2861 886 3127 942; x_wconf 82' lang='lat' dir='ltr'><strong>tradiderit</strong></span> <span class='ocrx_word' id='word_1_143' title='bbox 3169 899 3379 954; x_wconf 83' lang='lat' dir='ltr'><strong>regnum</strong></span> <span class='ocrx_word' id='word_1_144' title='bbox 3415 885 3524 938; x_wconf 88' lang='lat' dir='ltr'><strong>Deo</strong></span> <span class='ocrx_word' id='word_1_145' title='bbox 3552 883 3701 938; x_wconf 82' lang='lat' dir='ltr'><strong>Patri</strong></span> <span class='ocrx_word' id='word_1_146' title='bbox 3733 881 3797 955; x_wconf 95' lang='grc'><strong>(1</strong></span> <span class='ocrx_word' id='word_1_147' title='bbox 3826 881 3949 938; x_wconf 89' lang='lat' dir='ltr'><strong>Cor.</strong></span> 
     </span>
    </p>
   </div>
   <div class='ocr_carea' id='block_1_23' title="bbox 2363 977 3951 1052">
    <p class='ocr_par' dir='ltr' id='par_1_23' title="bbox 2363 977 3951 1052">
     <span class='ocr_line' id='line_1_23' title="bbox 2363 977 3951 1052; baseline -0.003 -16"><span class='ocrx_word' id='word_1_148' title='bbox 2363 997 2449 1048; x_wconf 82' lang='lat' dir='ltr'><strong>sv,</strong></span> <span class='ocrx_word' id='word_1_149' title='bbox 2483 981 2612 1052; x_wconf 66' lang='grc'><strong>24),</strong></span> <span class='ocrx_word' id='word_1_150' title='bbox 2646 996 2765 1036; x_wconf 90' lang='lat' dir='ltr'><strong>cum</strong></span> <span class='ocrx_word' id='word_1_151' title='bbox 2797 980 2979 1049; x_wconf 89' lang='lat' dir='ltr'><strong>utique</strong></span> <span class='ocrx_word' id='word_1_152' title='bbox 3003 978 3162 1034; x_wconf 87' lang='lat' dir='ltr'><strong>Pater</strong></span> <span class='ocrx_word' id='word_1_153' title='bbox 3192 977 3340 1031; x_wconf 85' lang='lat' dir='ltr'><strong>nullo</strong></span> <span class='ocrx_word' id='word_1_154' title='bbox 3368 986 3607 1043; x_wconf 88' lang='lat' dir='ltr'><strong>tempore</strong></span> <span class='ocrx_word' id='word_1_155' title='bbox 3635 977 3751 1030; x_wconf 89' lang='lat' dir='ltr'><strong>sine</strong></span> <span class='ocrx_word' id='word_1_156' title='bbox 3783 991 3951 1046; x_wconf 79' lang='lat' dir='ltr'><strong>regno</strong></span> 
     </span>
    </p>
   </div>
   <div class='ocr_carea' id='block_1_24' title="bbox 2364 1069 3952 1140">
    <p class='ocr_par' dir='ltr' id='par_1_24' title="bbox 2364 1069 3952 1140">
     <span class='ocr_line' id='line_1_24' title="bbox 2364 1069 3952 1140; baseline -0.005 -10"><span class='ocrx_word' id='word_1_157' title='bbox 2364 1088 2486 1130; x_wconf 88' lang='lat' dir='ltr'><strong>esse</strong></span> <span class='ocrx_word' id='word_1_158' title='bbox 2527 1073 2752 1140; x_wconf 85' lang='lat' dir='ltr'><strong>potuerit</strong></span> <span class='ocrx_word' id='word_1_159' title='bbox 2781 1090 2795 1124; x_wconf 91' lang='lat'>:</span> <span class='ocrx_word' id='word_1_160' title='bbox 2831 1085 2930 1126; x_wconf 90' lang='lat' dir='ltr'><strong>nec</strong></span> <span class='ocrx_word' id='word_1_161' title='bbox 2958 1071 3077 1125; x_wconf 90' lang='lat' dir='ltr'><strong>ideo</strong></span> <span class='ocrx_word' id='word_1_162' title='bbox 3110 1070 3348 1135; x_wconf 82' lang='lat' dir='ltr'><strong>Patrem,</strong></span> <span class='ocrx_word' id='word_1_163' title='bbox 3376 1069 3464 1138; x_wconf 86' lang='lat' dir='ltr'><strong>qui</strong></span> <span class='ocrx_word' id='word_1_164' title='bbox 3499 1077 3816 1137; x_wconf 86' lang='lat' dir='ltr'><strong>potestatem</strong></span> <span class='ocrx_word' id='word_1_165' title='bbox 3861 1069 3952 1124; x_wconf 82' lang='lat' dir='ltr'><strong>Fi-</strong></span> 
     </span>
    </p>
   </div>
   <div class='ocr_carea' id='block_1_25' title="bbox 2362 1161 3949 1240">
    <p class='ocr_par' dir='ltr' id='par_1_25' title="bbox 2362 1161 3949 1240">
     <span class='ocr_line' id='line_1_25' title="bbox 2362 1161 3949 1240; baseline -0.004 -18"><span class='ocrx_word' id='word_1_166' title='bbox 2362 1167 2435 1222; x_wconf 92' lang='lat' dir='ltr'><strong>lio</strong></span> <span class='ocrx_word' id='word_1_167' title='bbox 2464 1166 2608 1222; x_wconf 84' lang='lat' dir='ltr'><strong>dedit</strong></span> <span class='ocrx_word' id='word_1_168' title='bbox 2634 1180 2754 1221; x_wconf 85' lang='lat' dir='ltr'><strong>esse</strong></span> <span class='ocrx_word' id='word_1_169' title='bbox 2785 1165 3064 1233; x_wconf 87' lang='lat' dir='ltr'><strong>majorem,</strong></span> <span class='ocrx_word' id='word_1_170' title='bbox 3110 1179 3230 1218; x_wconf 87' lang='lat' dir='ltr'><strong>cum</strong></span> <span class='ocrx_word' id='word_1_171' title='bbox 3269 1172 3324 1240; x_wconf 83' lang='lat' dir='ltr'><strong>et</strong></span> <span class='ocrx_word' id='word_1_172' title='bbox 3370 1163 3484 1232; x_wconf 86' lang='lat' dir='ltr'><strong>ipse</strong></span> <span class='ocrx_word' id='word_1_173' title='bbox 3514 1161 3677 1216; x_wconf 84' lang='lat' dir='ltr'><strong>Filius</strong></span> <span class='ocrx_word' id='word_1_174' title='bbox 3729 1176 3949 1231; x_wconf 82' lang='lat' dir='ltr'><strong>regnum</strong></span> 
     </span>
    </p>
   </div>
   <div class='ocr_carea' id='block_1_26' title="bbox 2363 1253 3948 1320">
    <p class='ocr_par' dir='ltr' id='par_1_26' title="bbox 2363 1253 3948 1320">
     <span class='ocr_line' id='line_1_26' title="bbox 2363 1253 3948 1320; baseline -0.004 -7"><span class='ocrx_word' id='word_1_175' title='bbox 2363 1257 2510 1313; x_wconf 80' lang='lat' dir='ltr'><strong>Patri</strong></span> <span class='ocrx_word' id='word_1_176' title='bbox 2541 1256 2828 1311; x_wconf 83' lang='lat' dir='ltr'><strong>traditurus</strong></span> <span class='ocrx_word' id='word_1_177' title='bbox 2852 1269 2974 1311; x_wconf 85' lang='lat' dir='ltr'><strong>esse</strong></span> <span class='ocrx_word' id='word_1_178' title='bbox 2995 1255 3221 1309; x_wconf 90' lang='lat' dir='ltr'><strong>dicatur.</strong></span> <span class='ocrx_word' id='word_1_179' title='bbox 3245 1253 3350 1311; x_wconf 84' lang='lat' dir='ltr'><strong>Ubi</strong></span> <span class='ocrx_word' id='word_1_180' title='bbox 3374 1255 3516 1309; x_wconf 87' lang='lat' dir='ltr'><strong>enim</strong></span> <span class='ocrx_word' id='word_1_181' title='bbox 3540 1253 3658 1320; x_wconf 87' lang='lat' dir='ltr'><strong>quis</strong></span> <span class='ocrx_word' id='word_1_182' title='bbox 3686 1253 3948 1308; x_wconf 79' lang='lat' dir='ltr'><strong>beneficio</strong></span> 
     </span>
    </p>
   </div>
   <div class='ocr_carea' id='block_1_27' title="bbox 2363 1342 3950 1415">
    <p class='ocr_par' dir='ltr' id='par_1_27' title="bbox 2363 1342 3950 1415">
     <span class='ocr_line' id='line_1_27' title="bbox 2363 1342 3950 1415; baseline 0 -15"><span class='ocrx_word' id='word_1_183' title='bbox 2363 1346 2564 1415; x_wconf 76' lang='lat' dir='ltr'><strong>aliquid</strong></span> <span class='ocrx_word' id='word_1_184' title='bbox 2591 1345 2800 1401; x_wconf 87' lang='lat' dir='ltr'><strong>confert</strong></span> <span class='ocrx_word' id='word_1_185' title='bbox 2822 1386 2837 1408; x_wconf 87' lang='lat'><strong>.</strong></span> <span class='ocrx_word' id='word_1_186' title='bbox 2886 1345 3010 1415; x_wconf 85' lang='lat' dir='ltr'><strong>jure</strong></span> <span class='ocrx_word' id='word_1_187' title='bbox 3049 1354 3301 1400; x_wconf 84' lang='lat' dir='ltr'><strong>censetur</strong></span> <span class='ocrx_word' id='word_1_188' title='bbox 3331 1342 3501 1412; x_wconf 80' lang='lat' dir='ltr'><strong>major</strong></span> <span class='ocrx_word' id='word_1_189' title='bbox 3541 1343 3837 1412; x_wconf 79' lang='lat' dir='ltr'><strong>accipiente</strong></span> <span class='ocrx_word' id='word_1_190' title='bbox 3861 1345 3950 1414; x_wconf 88' lang='lat' dir='ltr'><strong>qui</strong></span> 
     </span>
    </p>
   </div>
   <div class='ocr_carea' id='block_1_28' title="bbox 2363 1435 3950 1504">
    <p class='ocr_par' dir='ltr' id='par_1_28' title="bbox 2363 1435 3950 1504">
     <span class='ocr_line' id='line_1_28' title="bbox 2363 1435 3950 1504; baseline 0 -12"><span class='ocrx_word' id='word_1_191' title='bbox 2363 1437 2547 1492; x_wconf 87' lang='lat' dir='ltr'><strong>donat.</strong></span> <span class='ocrx_word' id='word_1_192' title='bbox 2579 1436 2634 1491; x_wconf 92' lang='lat' dir='ltr'><strong>In</strong></span> <span class='ocrx_word' id='word_1_193' title='bbox 2657 1437 2991 1491; x_wconf 80' lang='lat' dir='ltr'><strong>di\initatem</strong></span> <span class='ocrx_word' id='word_1_194' title='bbox 3017 1445 3215 1499; x_wconf 85' lang='lat' dir='ltr'><strong>autem,</strong></span> <span class='ocrx_word' id='word_1_195' title='bbox 3239 1450 3303 1489; x_wconf 78' lang='lat' dir='ltr'><strong>ex</strong></span> <span class='ocrx_word' id='word_1_196' title='bbox 3328 1449 3428 1504; x_wconf 90' lang='lat' dir='ltr'><strong>qua</strong></span> <span class='ocrx_word' id='word_1_197' title='bbox 3453 1435 3590 1501; x_wconf 82' lang='lat' dir='ltr'><strong>quod</strong></span> <span class='ocrx_word' id='word_1_198' title='bbox 3615 1435 3950 1492; x_wconf 79' lang='lat' dir='ltr'><strong>inell‘abiliter</strong></span> 
     </span>
    </p>
   </div>
   <div class='ocr_carea' id='block_1_29' title="bbox 2366 1526 3952 1596">
    <p class='ocr_par' dir='ltr' id='par_1_29' title="bbox 2366 1526 3952 1596">
     <span class='ocr_line' id='line_1_29' title="bbox 2366 1526 3952 1596; baseline 0.001 -15"><span class='ocrx_word' id='word_1_199' title='bbox 2366 1527 2473 1581; x_wconf 80' lang='lat' dir='ltr'><strong>filio</strong></span> <span class='ocrx_word' id='word_1_200' title='bbox 2516 1528 2673 1582; x_wconf 88' lang='lat' dir='ltr'><strong>datur</strong></span> <span class='ocrx_word' id='word_1_201' title='bbox 2703 1542 2807 1581; x_wconf 93' lang='lat' dir='ltr'><strong>non</strong></span> <span class='ocrx_word' id='word_1_202' title='bbox 2846 1537 2929 1583; x_wconf 89' lang='lat' dir='ltr'><strong>est</strong></span> <span class='ocrx_word' id='word_1_203' title='bbox 2965 1526 3158 1596; x_wconf 89' lang='lat' dir='ltr'><strong>gratia,</strong></span> <span class='ocrx_word' id='word_1_204' title='bbox 3189 1526 3282 1581; x_wconf 89' lang='lat' dir='ltr'><strong>sed</strong></span> <span class='ocrx_word' id='word_1_205' title='bbox 3318 1536 3528 1592; x_wconf 78' lang='lat' dir='ltr'><strong>natura,</strong></span> <span class='ocrx_word' id='word_1_206' title='bbox 3564 1537 3730 1581; x_wconf 83' lang='lat' dir='ltr'><strong>restat</strong></span> <span class='ocrx_word' id='word_1_207' title='bbox 3772 1527 3952 1583; x_wconf 81' lang='lat' dir='ltr'><strong>dantis</strong></span> 
     </span>
    </p>
   </div>
   <div class='ocr_carea' id='block_1_30' title="bbox 2365 1620 3078 1691">
    <p class='ocr_par' dir='ltr' id='par_1_30' title="bbox 2365 1620 3078 1691">
     <span class='ocr_line' id='line_1_30' title="bbox 2365 1620 3078 1691; baseline -0.003 -15"><span class='ocrx_word' id='word_1_208' title='bbox 2365 1631 2414 1676; x_wconf 81' lang='lat' dir='ltr'><strong>ct</strong></span> <span class='ocrx_word' id='word_1_209' title='bbox 2441 1621 2754 1691; x_wconf 81' lang='lat' dir='ltr'><strong>accipientis</strong></span> <span class='ocrx_word' id='word_1_210' title='bbox 2780 1620 3078 1690; x_wconf 68' lang='lat' dir='ltr'><strong>arqualitas.</strong></span> 
     </span>
    </p>
   </div>
   <div class='ocr_carea' id='block_1_31' title="bbox 3084 1709 3222 1765">
    <p class='ocr_par' dir='ltr' id='par_1_31' title="bbox 3084 1709 3222 1765">
     <span class='ocr_line' id='line_1_31' title="bbox 3084 1709 3222 1765; baseline -0.007 0"><span class='ocrx_word' id='word_1_211' title='bbox 3084 1709 3222 1765; x_wconf 77' lang='lat' dir='ltr'><strong>XVI.</strong></span> 
     </span>
    </p>
   </div>
   <div class='ocr_carea' id='block_1_32' title="bbox 2717 1800 3550 1874">
    <p class='ocr_par' dir='ltr' id='par_1_32' title="bbox 2717 1800 3550 1874">
     <span class='ocr_line' id='line_1_32' title="bbox 2717 1800 3550 1874; baseline -0.001 -17"><span class='ocrx_word' id='word_1_212' title='bbox 2717 1801 2839 1874; x_wconf 73' lang='lat' dir='ltr'><strong>(Es</strong></span> <span class='ocrx_word' id='word_1_213' title='bbox 2893 1802 3042 1858; x_wconf 83' lang='lat' dir='ltr'><strong>libris</strong></span> <span class='ocrx_word' id='word_1_214' title='bbox 3069 1800 3266 1857; x_wconf 86' lang='lat' dir='ltr'><strong>Contra</strong></span> <span class='ocrx_word' id='word_1_215' title='bbox 3301 1800 3550 1856; x_wconf 77' lang='lat' dir='ltr'><strong>Arianos.</strong></span> 
     </span>
    </p>
   </div>
   <div class='ocr_carea' id='block_1_33' title="bbox 756 1889 3957 1979">
    <p class='ocr_par' dir='ltr' id='par_1_33' title="bbox 756 1889 3957 1979">
     <span class='ocr_line' id='line_1_33' title="bbox 756 1889 3957 1979; baseline -0.007 -12"><span class='ocrx_word' id='word_1_216' title='bbox 756 1913 893 1967; x_wconf 78' lang='lat' dir='ltr'><strong>Dicit</strong></span> <span class='ocrx_word' id='word_1_217' title='bbox 919 1911 1224 1978; x_wconf 79' lang='lat' dir='ltr'><strong>Apostolus,</strong></span> <span class='ocrx_word' id='word_1_218' title='bbox 1250 1909 1387 1978; x_wconf 91' lang='lat' dir='ltr'><strong>quod</strong></span> <span class='ocrx_word' id='word_1_219' title='bbox 1416 1918 1641 1979; x_wconf 81' lang='lat' dir='ltr'><strong>oporteat</strong></span> <span class='ocrx_word' id='word_1_220' title='bbox 1673 1908 1886 1962; x_wconf 76' lang='lat' dir='ltr'><strong>Itwreses</strong></span> <span class='ocrx_word' id='word_1_221' title='bbox 1910 1919 2014 1958; x_wconf 88' lang='lat' dir='ltr'><strong>esse</strong></span> <span class='ocrx_word' id='word_1_222' title='bbox 2043 1899 2254 1972; x_wconf 83' lang='lat' dir='ltr'><strong>(Ibid.).</strong></span> <span class='ocrx_word' id='word_1_223' title='bbox 2289 1889 2334 1950; x_wconf 83' lang='grc' dir='ltr'><strong>Β</strong></span> <span class='ocrx_word' id='word_1_224' title='bbox 2433 1891 2560 1948; x_wconf 84' lang='lat' dir='ltr'><strong>Cum</strong></span> <span class='ocrx_word' id='word_1_225' title='bbox 2607 1902 2774 1946; x_wconf 83' lang='lat' dir='ltr'><strong>autem</strong></span> <span class='ocrx_word' id='word_1_226' title='bbox 2815 1893 3043 1964; x_wconf 84' lang='lat' dir='ltr'><strong>subjecta</strong></span> <span class='ocrx_word' id='word_1_227' title='bbox 3071 1892 3259 1960; x_wconf 80' lang='lat' dir='ltr'><strong>fuerint</strong></span> <span class='ocrx_word' id='word_1_228' title='bbox 3287 1891 3366 1945; x_wconf 86' lang='lat' dir='ltr'><strong>illi</strong></span> <span class='ocrx_word' id='word_1_229' title='bbox 3401 1891 3596 1954; x_wconf 82' lang='lat' dir='ltr'><strong>omnia,</strong></span> <span class='ocrx_word' id='word_1_230' title='bbox 3637 1899 3759 1945; x_wconf 82' lang='lat' dir='ltr'><strong>tunc</strong></span> <span class='ocrx_word' id='word_1_231' title='bbox 3799 1892 3957 1946; x_wconf 77' lang='lat' dir='ltr'><strong>etiam</strong></span> 
     </span>
    </p>
   </div>
   <div class='ocr_carea' id='block_1_34' title="bbox 685 1989 2260 2073">
    <p class='ocr_par' dir='ltr' id='par_1_34' title="bbox 685 1989 2260 2073">
     <span class='ocr_line' id='line_1_34' title="bbox 685 1989 2260 2073; baseline -0.01 -14"><span class='ocrx_word' id='word_1_232' title='bbox 685 2005 907 2073; x_wconf 87' lang='lat' dir='ltr'><strong>Oportet</strong></span> <span class='ocrx_word' id='word_1_233' title='bbox 943 2012 1150 2066; x_wconf 89' lang='lat' dir='ltr'><strong>autem,</strong></span> <span class='ocrx_word' id='word_1_234' title='bbox 1194 2014 1297 2053; x_wconf 89' lang='lat' dir='ltr'><strong>non</strong></span> <span class='ocrx_word' id='word_1_235' title='bbox 1330 1999 1596 2053; x_wconf 67' lang='lat' dir='ltr'><strong>hmreticis</strong></span> <span class='ocrx_word' id='word_1_236' title='bbox 1637 1996 1782 2067; x_wconf 88' lang='lat' dir='ltr'><strong>quod</strong></span> <span class='ocrx_word' id='word_1_237' title='bbox 1823 2002 1949 2050; x_wconf 87' lang='lat' dir='ltr'><strong>sunt</strong></span> <span class='ocrx_word' id='word_1_238' title='bbox 1985 2006 2128 2056; x_wconf 71' lang='lat' dir='ltr'><strong>esse,</strong></span> <span class='ocrx_word' id='word_1_239' title='bbox 2168 1989 2260 2044; x_wconf 85' lang='lat' dir='ltr'><strong>scd</strong></span> 
     </span>
    </p>
   </div>
   <div class='ocr_carea' id='block_1_35' title="bbox 683 2078 2259 2159">
    <p class='ocr_par' dir='ltr' id='par_1_35' title="bbox 683 2078 2259 2159">
     <span class='ocr_line' id='line_1_35' title="bbox 683 2078 2259 2159; baseline -0.011 -10"><span class='ocrx_word' id='word_1_240' title='bbox 683 2092 958 2149; x_wconf 85' lang='lat' dir='ltr'><strong>catholicis</strong></span> <span class='ocrx_word' id='word_1_241' title='bbox 1000 2091 1264 2144; x_wconf 86' lang='lat' dir='ltr'><strong>sustinere</strong></span> <span class='ocrx_word' id='word_1_242' title='bbox 1302 2087 1443 2159; x_wconf 89' lang='lat' dir='ltr'><strong>quod</strong></span> <span class='ocrx_word' id='word_1_243' title='bbox 1487 2102 1593 2142; x_wconf 85' lang='lat' dir='ltr'><strong>non</strong></span> <span class='ocrx_word' id='word_1_244' title='bbox 1642 2094 1785 2141; x_wconf 88' lang='lat' dir='ltr'><strong>sunt.</strong></span> <span class='ocrx_word' id='word_1_245' title='bbox 1833 2085 1983 2140; x_wconf 88' lang='lat' dir='ltr'><strong>Sicut</strong></span> <span class='ocrx_word' id='word_1_246' title='bbox 2019 2081 2090 2136; x_wconf 89' lang='lat' dir='ltr'><strong>de</strong></span> <span class='ocrx_word' id='word_1_247' title='bbox 2123 2078 2259 2134; x_wconf 84' lang='lat' dir='ltr'><strong>Juda</strong></span> 
     </span>
    </p>
   </div>
   <div class='ocr_carea' id='block_1_36' title="bbox 688 2170 2259 2244">
    <p class='ocr_par' dir='ltr' id='par_1_36' title="bbox 688 2170 2259 2244">
     <span class='ocr_line' id='line_1_36' title="bbox 688 2170 2259 2244; baseline -0.009 -8"><span class='ocrx_word' id='word_1_248' title='bbox 688 2181 944 2238; x_wconf 74' lang='lat' dir='ltr'><strong>traditore</strong></span> <span class='ocrx_word' id='word_1_249' title='bbox 969 2195 1065 2233; x_wconf 88' lang='lat' dir='ltr'><strong>suo</strong></span> <span class='ocrx_word' id='word_1_250' title='bbox 1092 2179 1341 2233; x_wconf 88' lang='lat' dir='ltr'><strong>Dominus</strong></span> <span class='ocrx_word' id='word_1_251' title='bbox 1374 2175 1545 2241; x_wconf 75' lang='lat' dir='ltr'><strong>dixit,</strong></span> <span class='ocrx_word' id='word_1_252' title='bbox 1574 2175 1715 2244; x_wconf 88' lang='lat' dir='ltr'><strong>quod</strong></span> <span class='ocrx_word' id='word_1_253' title='bbox 1753 2174 1936 2226; x_wconf 86' lang='lat' dir='ltr'><strong>bonum</strong></span> <span class='ocrx_word' id='word_1_254' title='bbox 1967 2172 2132 2239; x_wconf 75' lang='lat' dir='ltr'><strong>fuerat</strong></span> <span class='ocrx_word' id='word_1_255' title='bbox 2165 2170 2259 2222; x_wconf 87' lang='lat' dir='ltr'><strong>ho-</strong></span> 
     </span>
    </p>
   </div>
   <div class='ocr_carea' id='block_1_37' title="bbox 688 2259 2264 2338">
    <p class='ocr_par' dir='ltr' id='par_1_37' title="bbox 688 2259 2264 2338">
     <span class='ocr_line' id='line_1_37' title="bbox 688 2259 2264 2338; baseline -0.008 -13"><span class='ocrx_word' id='word_1_256' title='bbox 688 2272 813 2325; x_wconf 85' lang='lat' dir='ltr'><strong>mini</strong></span> <span class='ocrx_word' id='word_1_257' title='bbox 841 2271 920 2325; x_wconf 90' lang='lat' dir='ltr'><strong>illi</strong></span> <span class='ocrx_word' id='word_1_258' title='bbox 956 2287 1056 2323; x_wconf 85' lang='lat' dir='ltr'><strong>non</strong></span> <span class='ocrx_word' id='word_1_259' title='bbox 1099 2269 1237 2322; x_wconf 83' lang='lat' dir='ltr'><strong>nasci</strong></span> <span class='ocrx_word' id='word_1_260' title='bbox 1269 2265 1479 2338; x_wconf 77' lang='lat' dir='ltr'><strong>(Matth.</strong></span> <span class='ocrx_word' id='word_1_261' title='bbox 1505 2279 1628 2318; x_wconf 79' lang='lat' dir='ltr'><strong>nvt</strong></span> <span class='ocrx_word' id='word_1_262' title='bbox 1649 2305 1664 2328; x_wconf 95' lang='lat'><strong>,</strong></span> <span class='ocrx_word' id='word_1_263' title='bbox 1686 2263 1805 2334; x_wconf 66' lang='lat' dir='ltr'><strong>Si).</strong></span> <span class='ocrx_word' id='word_1_264' title='bbox 1836 2262 1962 2316; x_wconf 88' lang='lat' dir='ltr'><strong>lude</strong></span> <span class='ocrx_word' id='word_1_265' title='bbox 2007 2262 2147 2316; x_wconf 87' lang='lat' dir='ltr'><strong>enim</strong></span> <span class='ocrx_word' id='word_1_266' title='bbox 2188 2259 2264 2313; x_wconf 83' lang='lat' dir='ltr'><strong>ait</strong></span> 
     </span>
    </p>
   </div>
   <div class='ocr_carea' id='block_1_38' title="bbox 687 2351 2258 2432">
    <p class='ocr_par' dir='ltr' id='par_1_38' title="bbox 687 2351 2258 2432">
     <span class='ocr_line' id='line_1_38' title="bbox 687 2351 2258 2432; baseline -0.009 -13"><span class='ocrx_word' id='word_1_267' title='bbox 687 2366 796 2428; x_wconf 86' lang='lat' dir='ltr'><strong>illi,</strong></span> <span class='ocrx_word' id='word_1_268' title='bbox 826 2365 945 2432; x_wconf 88' lang='lat' dir='ltr'><strong>quia</strong></span> <span class='ocrx_word' id='word_1_269' title='bbox 975 2377 1128 2416; x_wconf 89' lang='lat' dir='ltr'><strong>suum</strong></span> <span class='ocrx_word' id='word_1_270' title='bbox 1176 2359 1318 2415; x_wconf 87' lang='lat' dir='ltr'><strong>nasci</strong></span> <span class='ocrx_word' id='word_1_271' title='bbox 1355 2358 1433 2411; x_wconf 93' lang='lat' dir='ltr'><strong>illi</strong></span> <span class='ocrx_word' id='word_1_272' title='bbox 1482 2357 1680 2410; x_wconf 89' lang='lat' dir='ltr'><strong>malum</strong></span> <span class='ocrx_word' id='word_1_273' title='bbox 1717 2363 1834 2410; x_wconf 88' lang='lat' dir='ltr'><strong>erat</strong></span> <span class='ocrx_word' id='word_1_274' title='bbox 1879 2355 1968 2424; x_wconf 90' lang='lat' dir='ltr'><strong>qui</strong></span> <span class='ocrx_word' id='word_1_275' title='bbox 2010 2351 2258 2414; x_wconf 89' lang='lat' dir='ltr'><strong>tradidit,</strong></span> 
     </span>
    </p>
   </div>
   <div class='ocr_carea' id='block_1_39' title="bbox 687 2444 2260 2521">
    <p class='ocr_par' dir='ltr' id='par_1_39' title="bbox 687 2444 2260 2521">
     <span class='ocr_line' id='line_1_39' title="bbox 687 2444 2260 2521; baseline -0.009 -11"><span class='ocrx_word' id='word_1_276' title='bbox 687 2455 842 2510; x_wconf 84' lang='lat' dir='ltr'><strong>nobis</strong></span> <span class='ocrx_word' id='word_1_277' title='bbox 887 2454 1122 2521; x_wconf 89' lang='lat' dir='ltr'><strong>bonum,</strong></span> <span class='ocrx_word' id='word_1_278' title='bbox 1169 2452 1234 2506; x_wconf 89' lang='lat' dir='ltr'><strong>ad</strong></span> <span class='ocrx_word' id='word_1_279' title='bbox 1291 2463 1425 2519; x_wconf 79' lang='lat' dir='ltr'><strong>quos</strong></span> <span class='ocrx_word' id='word_1_280' title='bbox 1475 2446 1619 2502; x_wconf 78' lang='lat' dir='ltr'><strong>salus</strong></span> <span class='ocrx_word' id='word_1_281' title='bbox 1667 2461 1730 2501; x_wconf 80' lang='lat' dir='ltr'><strong>ex</strong></span> <span class='ocrx_word' id='word_1_282' title='bbox 1792 2444 2075 2500; x_wconf 68' lang='lat' dir='ltr'><strong>traditione</strong></span> <span class='ocrx_word' id='word_1_283' title='bbox 2137 2457 2260 2514; x_wconf 75' lang='lat' dir='ltr'><strong>ptr-</strong></span> 
     </span>
    </p>
   </div>
   <div class='ocr_carea' id='block_1_40' title="bbox 685 2550 854 2602">
    <p class='ocr_par' dir='ltr' id='par_1_40' title="bbox 685 2550 854 2602">
     <span class='ocr_line' id='line_1_40' title="bbox 685 2550 854 2602; baseline -0.024 0"><span class='ocrx_word' id='word_1_284' title='bbox 685 2550 804 2602; x_wconf 63' lang='grc' dir='ltr'><strong>κη’</strong></span> <span class='ocrx_word' id='word_1_285' title='bbox 815 2555 854 2599; x_wconf 83' lang='grc' dir='ltr'><strong>ι.</strong></span> 
     </span>
    </p>
   </div>
   <div class='ocr_carea' id='block_1_41' title="bbox 1420 2631 1515 2686">
    <p class='ocr_par' dir='ltr' id='par_1_41' title="bbox 1420 2631 1515 2686">
     <span class='ocr_line' id='line_1_41' title="bbox 1420 2631 1515 2686; baseline 0 0"><span class='ocrx_word' id='word_1_286' title='bbox 1420 2631 1515 2686; x_wconf 75' lang='lat' dir='ltr'><strong>XII</strong></span> 
     </span>
    </p>
   </div>
   <div class='ocr_carea' id='block_1_42' title="bbox 1067 2719 1887 2793">
    <p class='ocr_par' dir='ltr' id='par_1_42' title="bbox 1067 2719 1887 2793">
     <span class='ocr_line' id='line_1_42' title="bbox 1067 2719 1887 2793; baseline -0.007 -17"><span class='ocrx_word' id='word_1_287' title='bbox 1067 2720 1087 2793; x_wconf 87' lang='lat'><strong>(</strong></span> <span class='ocrx_word' id='word_1_288' title='bbox 1101 2721 1172 2776; x_wconf 76' lang='lat' dir='ltr'><strong>Es</strong></span> <span class='ocrx_word' id='word_1_289' title='bbox 1198 2721 1348 2777; x_wconf 86' lang='lat' dir='ltr'><strong>libris</strong></span> <span class='ocrx_word' id='word_1_290' title='bbox 1373 2719 1571 2776; x_wconf 80' lang='lat' dir='ltr'><strong>Contra</strong></span> <span class='ocrx_word' id='word_1_291' title='bbox 1597 2719 1844 2774; x_wconf 77' lang='lat' dir='ltr'><strong>Arianos.</strong></span> <span class='ocrx_word' id='word_1_292' title='bbox 1868 2719 1887 2789; x_wconf 85' lang='lat'>)</span> 
     </span>
    </p>
   </div>
   <div class='ocr_carea' id='block_1_43' title="bbox 753 2811 2257 2884">
    <p class='ocr_par' dir='ltr' id='par_1_43' title="bbox 753 2811 2257 2884">
     <span class='ocr_line' id='line_1_43' title="bbox 753 2811 2257 2884; baseline -0.005 -13"><span class='ocrx_word' id='word_1_293' title='bbox 753 2817 886 2872; x_wconf 89' lang='lat' dir='ltr'><strong>Cum</strong></span> <span class='ocrx_word' id='word_1_294' title='bbox 930 2814 1304 2884; x_wconf 86' lang='lat' dir='ltr'><strong>apparuissent</strong></span> <span class='ocrx_word' id='word_1_295' title='bbox 1331 2813 1504 2881; x_wconf 88' lang='lat' dir='ltr'><strong>angeli</strong></span> <span class='ocrx_word' id='word_1_296' title='bbox 1551 2814 1604 2868; x_wconf 91' lang='lat' dir='ltr'><strong>in</strong></span> <span class='ocrx_word' id='word_1_297' title='bbox 1637 2822 1775 2866; x_wconf 90' lang='lat' dir='ltr'><strong>terra</strong></span> <span class='ocrx_word' id='word_1_298' title='bbox 1797 2851 1812 2876; x_wconf 89' lang='lat'><strong>,</strong></span> <span class='ocrx_word' id='word_1_299' title='bbox 1843 2811 2257 2865; x_wconf 85' lang='lat' dir='ltr'><strong>elamavcrunt:</strong></span> 
     </span>
    </p>
   </div>
   <div class='ocr_carea' id='block_1_44' title="bbox 683 2898 2256 2975">
    <p class='ocr_par' dir='ltr' id='par_1_44' title="bbox 683 2898 2256 2975">
     <span class='ocr_line' id='line_1_44' title="bbox 683 2898 2256 2975; baseline -0.006 -13"><span class='ocrx_word' id='word_1_300' title='bbox 683 2907 864 2962; x_wconf 77' lang='lat' dir='ltr'><strong>Gloria</strong></span> <span class='ocrx_word' id='word_1_301' title='bbox 888 2907 940 2959; x_wconf 88' lang='lat' dir='ltr'><strong>in</strong></span> <span class='ocrx_word' id='word_1_302' title='bbox 968 2906 1178 2960; x_wconf 69' lang='lat' dir='ltr'><strong>ercelsis</strong></span> <span class='ocrx_word' id='word_1_303' title='bbox 1222 2902 1330 2956; x_wconf 83' lang='lat' dir='ltr'><strong>Deo</strong></span> <span class='ocrx_word' id='word_1_304' title='bbox 1359 2902 1520 2975; x_wconf 89' lang='lat' dir='ltr'><strong>(Luc.</strong></span> <span class='ocrx_word' id='word_1_305' title='bbox 1551 2918 1612 2968; x_wconf 89' lang='lat' dir='ltr'><strong>tt,</strong></span> <span class='ocrx_word' id='word_1_306' title='bbox 1647 2900 1772 2972; x_wconf 76' lang='lat' dir='ltr'><strong>M).</strong></span> <span class='ocrx_word' id='word_1_307' title='bbox 1803 2900 1859 2955; x_wconf 90' lang='lat' dir='ltr'><strong>Si</strong></span> <span class='ocrx_word' id='word_1_308' title='bbox 1899 2899 2058 2954; x_wconf 85' lang='lat' dir='ltr'><strong>Pater</strong></span> <span class='ocrx_word' id='word_1_309' title='bbox 2085 2909 2138 2953; x_wconf 91' lang='lat' dir='ltr'><strong>et</strong></span> <span class='ocrx_word' id='word_1_310' title='bbox 2165 2898 2256 2953; x_wconf 83' lang='lat' dir='ltr'><strong>Fi-</strong></span> 
     </span>
    </p>
   </div>
   <div class='ocr_carea' id='block_1_45' title="bbox 683 2990 2253 3064">
    <p class='ocr_par' dir='ltr' id='par_1_45' title="bbox 683 2990 2253 3064">
     <span class='ocr_line' id='line_1_45' title="bbox 683 2990 2253 3064; baseline -0.006 -12"><span class='ocrx_word' id='word_1_311' title='bbox 683 2997 788 3052; x_wconf 81' lang='lat' dir='ltr'><strong>lius</strong></span> <span class='ocrx_word' id='word_1_312' title='bbox 813 3005 868 3050; x_wconf 74' lang='lat' dir='ltr'><strong>t-t</strong></span> <span class='ocrx_word' id='word_1_313' title='bbox 896 2996 1125 3064; x_wconf 81' lang='lat' dir='ltr'><strong>Spiritus</strong></span> <span class='ocrx_word' id='word_1_314' title='bbox 1151 3007 1367 3050; x_wconf 63' lang='lat' dir='ltr'><strong>sanctus</strong></span> <span class='ocrx_word' id='word_1_315' title='bbox 1391 2993 1446 3048; x_wconf 90' lang='lat' dir='ltr'><strong>in</strong></span> <span class='ocrx_word' id='word_1_316' title='bbox 1466 2992 1692 3048; x_wconf 79' lang='lat' dir='ltr'><strong>excelsis</strong></span> <span class='ocrx_word' id='word_1_317' title='bbox 1714 3001 1818 3057; x_wconf 89' lang='lat' dir='ltr'><strong>est,</strong></span> <span class='ocrx_word' id='word_1_318' title='bbox 1847 2990 1982 3046; x_wconf 91' lang='lat' dir='ltr'><strong>bene</strong></span> <span class='ocrx_word' id='word_1_319' title='bbox 2007 2990 2253 3058; x_wconf 88' lang='lat' dir='ltr'><strong>dicimus,</strong></span> 
     </span>
    </p>
   </div>
   <div class='ocr_carea' id='block_1_46' title="bbox 683 3082 2257 3151">
    <p class='ocr_par' dir='ltr' id='par_1_46' title="bbox 683 3082 2257 3151">
     <span class='ocr_line' id='line_1_46' title="bbox 683 3082 2257 3151; baseline -0.006 -9"><span class='ocrx_word' id='word_1_320' title='bbox 683 3087 862 3142; x_wconf 81' lang='lat' dir='ltr'><strong>Gloria</strong></span> <span class='ocrx_word' id='word_1_321' title='bbox 893 3085 1032 3138; x_wconf 74' lang='lat' dir='ltr'><strong>Pulli</strong></span> <span class='ocrx_word' id='word_1_322' title='bbox 1055 3093 1109 3139; x_wconf 90' lang='lat' dir='ltr'><strong>et</strong></span> <span class='ocrx_word' id='word_1_323' title='bbox 1135 3084 1265 3138; x_wconf 85' lang='lat' dir='ltr'><strong>Filio</strong></span> <span class='ocrx_word' id='word_1_324' title='bbox 1286 3093 1339 3138; x_wconf 91' lang='lat' dir='ltr'><strong>et</strong></span> <span class='ocrx_word' id='word_1_325' title='bbox 1358 3082 1576 3151; x_wconf 88' lang='lat' dir='ltr'><strong>Spiritui</strong></span> <span class='ocrx_word' id='word_1_326' title='bbox 1600 3089 1816 3146; x_wconf 87' lang='lat' dir='ltr'><strong>sancto;</strong></span> <span class='ocrx_word' id='word_1_327' title='bbox 1839 3095 1936 3134; x_wconf 90' lang='lat' dir='ltr'><strong>nec</strong></span> <span class='ocrx_word' id='word_1_328' title='bbox 1975 3093 2257 3147; x_wconf 88' lang='lat' dir='ltr'><strong>possumus</strong></span> 
     </span>
    </p>
   </div>
   <div class='ocr_carea' id='block_1_47' title="bbox 682 3170 2254 3245">
    <p class='ocr_par' dir='ltr' id='par_1_47' title="bbox 682 3170 2254 3245">
     <span class='ocr_line' id='line_1_47' title="bbox 682 3170 2254 3245; baseline -0.005 -13"><span class='ocrx_word' id='word_1_329' title='bbox 682 3177 828 3232; x_wconf 78' lang='lat' dir='ltr'><strong>Patri</strong></span> <span class='ocrx_word' id='word_1_330' title='bbox 873 3177 990 3231; x_wconf 88' lang='lat' dir='ltr'><strong>sine</strong></span> <span class='ocrx_word' id='word_1_331' title='bbox 1040 3175 1173 3228; x_wconf 85' lang='lat' dir='ltr'><strong>Filio</strong></span> <span class='ocrx_word' id='word_1_332' title='bbox 1218 3174 1442 3245; x_wconf 84' lang='lat' dir='ltr'><strong>gloriam</strong></span> <span class='ocrx_word' id='word_1_333' title='bbox 1491 3173 1856 3242; x_wconf 85' lang='lat' dir='ltr'><strong>honoremque</strong></span> <span class='ocrx_word' id='word_1_334' title='bbox 1910 3170 2080 3235; x_wconf 85' lang='lat' dir='ltr'><strong>dare,</strong></span> <span class='ocrx_word' id='word_1_335' title='bbox 2134 3185 2254 3224; x_wconf 90' lang='lat' dir='ltr'><strong>cum</strong></span> 
     </span>
    </p>
   </div>
   <div class='ocr_carea' id='block_1_48' title="bbox 682 3260 2258 3336">
    <p class='ocr_par' dir='ltr' id='par_1_48' title="bbox 682 3260 2258 3336">
     <span class='ocr_line' id='line_1_48' title="bbox 682 3260 2258 3336; baseline -0.007 -13"><span class='ocrx_word' id='word_1_336' title='bbox 682 3267 796 3336; x_wconf 90' lang='lat' dir='ltr'><strong>ipse</strong></span> <span class='ocrx_word' id='word_1_337' title='bbox 825 3267 876 3320; x_wconf 92' lang='lat' dir='ltr'><strong>in</strong></span> <span class='ocrx_word' id='word_1_338' title='bbox 911 3264 1203 3335; x_wconf 84' lang='lat' dir='ltr'><strong>Evangelio</strong></span> <span class='ocrx_word' id='word_1_339' title='bbox 1243 3264 1447 3333; x_wconf 86' lang='lat' dir='ltr'><strong>jubcat,</strong></span> <span class='ocrx_word' id='word_1_340' title='bbox 1499 3262 1566 3318; x_wconf 90' lang='lat' dir='ltr'><strong>Ut</strong></span> <span class='ocrx_word' id='word_1_341' title='bbox 1611 3279 1780 3317; x_wconf 87' lang='lat' dir='ltr'><strong>omnes</strong></span> <span class='ocrx_word' id='word_1_342' title='bbox 1823 3263 1897 3315; x_wconf 87' lang='lat' dir='ltr'><strong>sic</strong></span> <span class='ocrx_word' id='word_1_343' title='bbox 1923 3260 2258 3320; x_wconf 77' lang='lat' dir='ltr'><strong>honori/irent</strong></span> 
     </span>
    </p>
   </div>
   <div class='ocr_carea' id='block_1_49' title="bbox 682 3349 2265 3424">
    <p class='ocr_par' dir='ltr' id='par_1_49' title="bbox 682 3349 2265 3424">
     <span class='ocr_line' id='line_1_49' title="bbox 682 3349 2265 3424; baseline -0.004 -13"><span class='ocrx_word' id='word_1_344' title='bbox 682 3355 734 3411; x_wconf 68' lang='grc' dir='ltr'><strong><em>Ρ</em></strong></span> <span class='ocrx_word' id='word_1_345' title='bbox 737 3357 905 3421; x_wconf 88' lang='lat' dir='ltr'><strong>ilium,</strong></span> <span class='ocrx_word' id='word_1_346' title='bbox 947 3359 1074 3410; x_wconf 83' lang='lat' dir='ltr'><strong>sicut</strong></span> <span class='ocrx_word' id='word_1_347' title='bbox 1101 3355 1440 3422; x_wconf 78' lang='lat' dir='ltr'><strong>honoriﬁcam</strong></span> <span class='ocrx_word' id='word_1_348' title='bbox 1482 3352 1691 3408; x_wconf 80' lang='lat' dir='ltr'><strong>Patrem</strong></span> <span class='ocrx_word' id='word_1_349' title='bbox 1729 3349 1920 3424; x_wconf 67' lang='grc' dir='ltr'><strong>(ὅσση.</strong></span> <span class='ocrx_word' id='word_1_350' title='bbox 1953 3367 2005 3416; x_wconf 88' lang='lat' dir='ltr'><strong>v,</strong></span> <span class='ocrx_word' id='word_1_351' title='bbox 2033 3349 2165 3419; x_wconf 74' lang='grc'><strong>25).</strong></span> <span class='ocrx_word' id='word_1_352' title='bbox 2196 3349 2265 3404; x_wconf 83' lang='lat' dir='ltr'><strong>Et</strong></span> 
     </span>
    </p>
   </div>
   <div class='ocr_carea' id='block_1_50' title="bbox 570 3440 2257 3519">
    <p class='ocr_par' dir='ltr' id='par_1_50' title="bbox 570 3440 2257 3519">
     <span class='ocr_line' id='line_1_50' title="bbox 570 3440 2257 3519; baseline -0.008 -12"><span class='ocrx_word' id='word_1_353' title='bbox 570 3469 575 3472; x_wconf 91' lang='grc'>·</span> <span class='ocrx_word' id='word_1_354' title='bbox 684 3451 973 3519; x_wconf 77' lang='lat' dir='ltr'><strong>Apostolus</strong></span> <span class='ocrx_word' id='word_1_355' title='bbox 1001 3449 1153 3516; x_wconf 89' lang='lat' dir='ltr'><strong>dicit,</strong></span> <span class='ocrx_word' id='word_1_356' title='bbox 1175 3447 1314 3518; x_wconf 89' lang='lat' dir='ltr'><strong>quod</strong></span> <span class='ocrx_word' id='word_1_357' title='bbox 1344 3464 1488 3501; x_wconf 88' lang='lat' dir='ltr'><strong>nemo</strong></span> <span class='ocrx_word' id='word_1_358' title='bbox 1509 3447 1729 3500; x_wconf 80' lang='lat' dir='ltr'><strong>honorat</strong></span> <span class='ocrx_word' id='word_1_359' title='bbox 1762 3445 2039 3499; x_wconf 89' lang='lat' dir='ltr'><strong>Dominum</strong></span> <span class='ocrx_word' id='word_1_360' title='bbox 2059 3440 2257 3508; x_wconf 74' lang='lat' dir='ltr'><strong>Iesum,</strong></span> 
     </span>
    </p>
   </div>
   <div class='ocr_carea' id='block_1_51' title="bbox 683 3536 1798 3610">
    <p class='ocr_par' dir='ltr' id='par_1_51' title="bbox 683 3536 1798 3610">
     <span class='ocr_line' id='line_1_51' title="bbox 683 3536 1798 3610; baseline -0.004 -15"><span class='ocrx_word' id='word_1_361' title='bbox 683 3542 782 3596; x_wconf 76' lang='lat' dir='ltr'><strong>nisi</strong></span> <span class='ocrx_word' id='word_1_362' title='bbox 814 3544 865 3595; x_wconf 77' lang='lat' dir='ltr'><strong>.‘n</strong></span> <span class='ocrx_word' id='word_1_363' title='bbox 897 3539 1094 3610; x_wconf 83' lang='lat' dir='ltr'><strong>Spiritu</strong></span> <span class='ocrx_word' id='word_1_364' title='bbox 1120 3552 1294 3594; x_wconf 83' lang='lat' dir='ltr'><strong>sancto</strong></span> <span class='ocrx_word' id='word_1_365' title='bbox 1324 3540 1342 3610; x_wconf 95' lang='lat'><strong>(</strong></span> <span class='ocrx_word' id='word_1_366' title='bbox 1371 3537 1394 3591; x_wconf 91' lang='grc'><strong><em>1</em></strong></span> <span class='ocrx_word' id='word_1_367' title='bbox 1425 3537 1544 3593; x_wconf 86' lang='lat' dir='ltr'><strong>Cor.</strong></span> <span class='ocrx_word' id='word_1_368' title='bbox 1579 3554 1678 3604; x_wconf 77' lang='lat' dir='ltr'><strong>stt,</strong></span> <span class='ocrx_word' id='word_1_369' title='bbox 1707 3536 1798 3607; x_wconf 82' lang='lat'><strong>&#39;5).</strong></span> 
     </span>
    </p>
   </div>
   <div class='ocr_carea' id='block_1_52' title="bbox 1394 3628 1532 3683">
    <p class='ocr_par' dir='ltr' id='par_1_52' title="bbox 1394 3628 1532 3683">
     <span class='ocr_line' id='line_1_52' title="bbox 1394 3628 1532 3683; baseline 0 0"><span class='ocrx_word' id='word_1_370' title='bbox 1394 3628 1532 3683; x_wconf 82' lang='lat' dir='ltr'><strong>XIII.</strong></span> 
     </span>
    </p>
   </div>
   <div class='ocr_carea' id='block_1_53' title="bbox 1004 3717 1938 3791">
    <p class='ocr_par' dir='ltr' id='par_1_53' title="bbox 1004 3717 1938 3791">
     <span class='ocr_line' id='line_1_53' title="bbox 1004 3717 1938 3791; baseline -0.009 -14"><span class='ocrx_word' id='word_1_371' title='bbox 1004 3721 1121 3791; x_wconf 80' lang='lat' dir='ltr'><strong>(Ex</strong></span> <span class='ocrx_word' id='word_1_372' title='bbox 1151 3719 1393 3790; x_wconf 88' lang='lat' dir='ltr'><strong>epistolis</strong></span> <span class='ocrx_word' id='word_1_373' title='bbox 1427 3717 1623 3774; x_wconf 84' lang='lat' dir='ltr'><strong>Contra</strong></span> <span class='ocrx_word' id='word_1_374' title='bbox 1655 3718 1938 3784; x_wconf 69' lang='lat' dir='ltr'><strong>Asianos.)</strong></span> 
     </span>
    </p>
   </div>
   <div class='ocr_carea' id='block_1_54' title="bbox 756 3806 2264 3880">
    <p class='ocr_par' dir='ltr' id='par_1_54' title="bbox 756 3806 2264 3880">
     <span class='ocr_line' id='line_1_54' title="bbox 756 3806 2264 3880; baseline -0.007 -11"><span class='ocrx_word' id='word_1_375' title='bbox 756 3814 832 3869; x_wconf 80' lang='lat' dir='ltr'><strong>Ite</strong></span> <span class='ocrx_word' id='word_1_376' title='bbox 879 3813 1155 3868; x_wconf 83' lang='lat' dir='ltr'><strong>divinitate</strong></span> <span class='ocrx_word' id='word_1_377' title='bbox 1203 3810 1435 3880; x_wconf 86' lang='lat' dir='ltr'><strong>Spiritus</strong></span> <span class='ocrx_word' id='word_1_378' title='bbox 1483 3809 1677 3873; x_wconf 88' lang='lat' dir='ltr'><strong>sancti,</strong></span> <span class='ocrx_word' id='word_1_379' title='bbox 1711 3823 1868 3877; x_wconf 87' lang='lat' dir='ltr'><strong>quem</strong></span> <span class='ocrx_word' id='word_1_380' title='bbox 1921 3820 2020 3861; x_wconf 82' lang='lat' dir='ltr'><strong>nec</strong></span> <span class='ocrx_word' id='word_1_381' title='bbox 2067 3806 2264 3860; x_wconf 74' lang='lat' dir='ltr'><strong>factum</strong></span> 
     </span>
    </p>
   </div>
   <div class='ocr_carea' id='block_1_55' title="bbox 687 3896 2262 3976">
    <p class='ocr_par' dir='ltr' id='par_1_55' title="bbox 687 3896 2262 3976">
     <span class='ocr_line' id='line_1_55' title="bbox 687 3896 2262 3976; baseline -0.006 -16"><span class='ocrx_word' id='word_1_382' title='bbox 687 3908 934 3976; x_wconf 81' lang='lat' dir='ltr'><strong>legimus,</strong></span> <span class='ocrx_word' id='word_1_383' title='bbox 968 3919 1065 3959; x_wconf 89' lang='lat' dir='ltr'><strong>nec</strong></span> <span class='ocrx_word' id='word_1_384' title='bbox 1094 3903 1354 3972; x_wconf 83' lang='lat' dir='ltr'><strong>genitum,</strong></span> <span class='ocrx_word' id='word_1_385' title='bbox 1388 3914 1486 3955; x_wconf 87' lang='lat' dir='ltr'><strong>nec</strong></span> <span class='ocrx_word' id='word_1_386' title='bbox 1536 3908 1795 3962; x_wconf 87' lang='lat' dir='ltr'><strong>creatum,</strong></span> <span class='ocrx_word' id='word_1_387' title='bbox 1829 3896 2118 3968; x_wconf 76' lang='lat' dir='ltr'><strong>Apostolus</strong></span> <span class='ocrx_word' id='word_1_388' title='bbox 2147 3897 2262 3950; x_wconf 88' lang='lat' dir='ltr'><strong>ait:</strong></span> 
     </span>
    </p>
   </div>
   <div class='ocr_carea' id='block_1_56' title="bbox 691 3986 2270 4066">
    <p class='ocr_par' dir='ltr' id='par_1_56' title="bbox 691 3986 2270 4066">
     <span class='ocr_line' id='line_1_56' title="bbox 691 3986 2270 4066; baseline -0.008 -15"><span class='ocrx_word' id='word_1_389' title='bbox 691 3999 848 4062; x_wconf 85' lang='lat' dir='ltr'><strong>Deus,</strong></span> <span class='ocrx_word' id='word_1_390' title='bbox 879 3997 964 4066; x_wconf 91' lang='lat' dir='ltr'><strong>qui</strong></span> <span class='ocrx_word' id='word_1_391' title='bbox 993 4003 1230 4064; x_wconf 85' lang='lat' dir='ltr'><strong>operatur</strong></span> <span class='ocrx_word' id='word_1_392' title='bbox 1258 3992 1424 4044; x_wconf 84' lang='lat' dir='ltr'><strong>omnia</strong></span> <span class='ocrx_word' id='word_1_393' title='bbox 1451 3992 1505 4043; x_wconf 87' lang='lat' dir='ltr'><strong>in</strong></span> <span class='ocrx_word' id='word_1_394' title='bbox 1552 3990 1784 4041; x_wconf 88' lang='lat' dir='ltr'><strong>omnibus</strong></span> <span class='ocrx_word' id='word_1_395' title='bbox 1819 3989 1838 4057; x_wconf 94' lang='lat'><strong>(</strong></span> <span class='ocrx_word' id='word_1_396' title='bbox 1868 3986 2034 4052; x_wconf 81' lang='lat' dir='ltr'><strong>Ibid.,</strong></span> <span class='ocrx_word' id='word_1_397' title='bbox 2079 3986 2170 4054; x_wconf 84' lang='lat'><strong>6).</strong></span> <span class='ocrx_word' id='word_1_398' title='bbox 2199 3986 2270 4040; x_wconf 84' lang='lat' dir='ltr'><strong>Et</strong></span> 
     </span>
    </p>
   </div>
   <div class='ocr_carea' id='block_1_57' title="bbox 690 4078 2273 4147">
    <p class='ocr_par' dir='ltr' id='par_1_57' title="bbox 690 4078 2273 4147">
     <span class='ocr_line' id='line_1_57' title="bbox 690 4078 2273 4147; baseline -0.005 -10"><span class='ocrx_word' id='word_1_399' title='bbox 690 4088 878 4144; x_wconf 75' lang='lat' dir='ltr'><strong>eodem</strong></span> <span class='ocrx_word' id='word_1_400' title='bbox 911 4087 1027 4139; x_wconf 91' lang='lat' dir='ltr'><strong>loco</strong></span> <span class='ocrx_word' id='word_1_401' title='bbox 1058 4102 1074 4140; x_wconf 90' lang='lat'><strong>:</strong></span> <span class='ocrx_word' id='word_1_402' title='bbox 1111 4082 1300 4135; x_wconf 80' lang='lat' dir='ltr'><strong>Omnia</strong></span> <span class='ocrx_word' id='word_1_403' title='bbox 1337 4090 1504 4133; x_wconf 85' lang='lat' dir='ltr'><strong>autem</strong></span> <span class='ocrx_word' id='word_1_404' title='bbox 1549 4078 1658 4132; x_wconf 76' lang='lat' dir='ltr'><strong>lucc</strong></span> <span class='ocrx_word' id='word_1_405' title='bbox 1681 4087 1920 4147; x_wconf 85' lang='lat' dir='ltr'><strong>operatur</strong></span> <span class='ocrx_word' id='word_1_406' title='bbox 1962 4091 2094 4130; x_wconf 82' lang='lat' dir='ltr'><strong>unus</strong></span> <span class='ocrx_word' id='word_1_407' title='bbox 2122 4085 2273 4144; x_wconf 80' lang='lat' dir='ltr'><strong>atque</strong></span> 
     </span>
    </p>
   </div>
   <div class='ocr_carea' id='block_1_58' title="bbox 691 4165 2271 4248">
    <p class='ocr_par' dir='ltr' id='par_1_58' title="bbox 691 4165 2271 4248">
     <span class='ocr_line' id='line_1_58' title="bbox 691 4165 2271 4248; baseline -0.009 -14"><span class='ocrx_word' id='word_1_408' title='bbox 691 4181 825 4234; x_wconf 85' lang='lat' dir='ltr'><strong>idem</strong></span> <span class='ocrx_word' id='word_1_409' title='bbox 866 4177 1110 4248; x_wconf 83' lang='lat' dir='ltr'><strong>Spiritus,</strong></span> <span class='ocrx_word' id='word_1_410' title='bbox 1133 4173 1363 4228; x_wconf 74' lang='lat' dir='ltr'><strong>dividens</strong></span> <span class='ocrx_word' id='word_1_411' title='bbox 1383 4170 1602 4241; x_wconf 80' lang='lat' dir='ltr'><strong>singulis</strong></span> <span class='ocrx_word' id='word_1_412' title='bbox 1623 4178 1773 4238; x_wconf 86' lang='lat' dir='ltr'><strong>prout</strong></span> <span class='ocrx_word' id='word_1_413' title='bbox 1798 4168 1901 4221; x_wconf 85' lang='lat' dir='ltr'><strong>vult</strong></span> <span class='ocrx_word' id='word_1_414' title='bbox 1923 4169 1941 4237; x_wconf 88' lang='lat'>(</span> <span class='ocrx_word' id='word_1_415' title='bbox 1963 4165 2129 4228; x_wconf 81' lang='lat' dir='ltr'><strong>Ibid.,</strong></span> <span class='ocrx_word' id='word_1_416' title='bbox 2157 4165 2271 4236; x_wconf 80' lang='grc' dir='ltr'><strong>Η).</strong></span> 
     </span>
    </p>
   </div>
   <div class='ocr_carea' id='block_1_59' title="bbox 692 4257 2273 4331">
    <p class='ocr_par' dir='ltr' id='par_1_59' title="bbox 692 4257 2273 4331">
     <span class='ocr_line' id='line_1_59' title="bbox 692 4257 2273 4331; baseline -0.011 -7"><span class='ocrx_word' id='word_1_417' title='bbox 692 4272 761 4324; x_wconf 83' lang='lat' dir='ltr'><strong>Et</strong></span> <span class='ocrx_word' id='word_1_418' title='bbox 809 4267 997 4322; x_wconf 88' lang='lat' dir='ltr'><strong>Petrus</strong></span> <span class='ocrx_word' id='word_1_419' title='bbox 1041 4267 1092 4319; x_wconf 92' lang='lat' dir='ltr'><strong>in</strong></span> <span class='ocrx_word' id='word_1_420' title='bbox 1136 4264 1358 4318; x_wconf 81' lang='lat' dir='ltr'><strong>Actibus</strong></span> <span class='ocrx_word' id='word_1_421' title='bbox 1399 4258 1762 4331; x_wconf 86' lang='lat' dir='ltr'><strong>apostolorum</strong></span> <span class='ocrx_word' id='word_1_422' title='bbox 1791 4275 1810 4312; x_wconf 89' lang='lat'><strong><em>:</em></strong></span> <span class='ocrx_word' id='word_1_423' title='bbox 1854 4258 1992 4324; x_wconf 83' lang='lat' dir='ltr'><strong>Quid</strong></span> <span class='ocrx_word' id='word_1_424' title='bbox 2019 4257 2273 4320; x_wconf 75' lang='lat' dir='ltr'><strong>conuenit,</strong></span> 
     </span>
    </p>
   </div>
   <div class='ocr_carea' id='block_1_60' title="bbox 693 4347 2277 4430">
    <p class='ocr_par' dir='ltr' id='par_1_60' title="bbox 693 4347 2277 4430">
     <span class='ocr_line' id='line_1_60' title="bbox 693 4347 2277 4430; baseline -0.01 -15"><span class='ocrx_word' id='word_1_425' title='bbox 693 4361 903 4430; x_wconf 83' lang='lat' dir='ltr'><strong>inquit,</strong></span> <span class='ocrx_word' id='word_1_426' title='bbox 931 4360 1061 4411; x_wconf 88' lang='lat' dir='ltr'><strong>inter</strong></span> <span class='ocrx_word' id='word_1_427' title='bbox 1084 4372 1170 4411; x_wconf 78' lang='lat' dir='ltr'><strong>eos</strong></span> <span class='ocrx_word' id='word_1_428' title='bbox 1191 4354 1388 4408; x_wconf 79' lang='lat' dir='ltr'><strong>mentiri</strong></span> <span class='ocrx_word' id='word_1_429' title='bbox 1419 4350 1641 4423; x_wconf 83' lang='lat' dir='ltr'><strong>Spiritui</strong></span> <span class='ocrx_word' id='word_1_430' title='bbox 1656 4358 1830 4404; x_wconf 81' lang='lat' dir='ltr'><strong>sancto</strong></span> <span class='ocrx_word' id='word_1_431' title='bbox 1857 4349 2006 4420; x_wconf 75' lang='lat' dir='ltr'><strong>(Aet.</strong></span> <span class='ocrx_word' id='word_1_432' title='bbox 2028 4363 2081 4416; x_wconf 71' lang='grc' dir='ltr'><strong>ν,</strong></span> <span class='ocrx_word' id='word_1_433' title='bbox 2104 4349 2158 4413; x_wconf 81' lang='lat'><strong>5,</strong></span> <span class='ocrx_word' id='word_1_434' title='bbox 2181 4347 2236 4417; x_wconf 74' lang='grc'><strong>4)</strong></span> <span class='ocrx_word' id='word_1_435' title='bbox 2252 4347 2277 4399; x_wconf 86' lang='lat'><strong>?</strong></span> 
     </span>
    </p>
   </div>
   <div class='ocr_carea' id='block_1_61' title="bbox 696 4437 2273 4520">
    <p class='ocr_par' dir='ltr' id='par_1_61' title="bbox 696 4437 2273 4520">
     <span class='ocr_line' id='line_1_61' title="bbox 696 4437 2273 4520; baseline -0.011 -14"><span class='ocrx_word' id='word_1_436' title='bbox 696 4453 765 4506; x_wconf 85' lang='lat' dir='ltr'><strong>Et</strong></span> <span class='ocrx_word' id='word_1_437' title='bbox 796 4457 916 4520; x_wconf 88' lang='lat' dir='ltr'><strong>post</strong></span> <span class='ocrx_word' id='word_1_438' title='bbox 937 4491 952 4513; x_wconf 93' lang='lat'><strong>,</strong></span> <span class='ocrx_word' id='word_1_439' title='bbox 988 4446 1107 4502; x_wconf 87' lang='lat' dir='ltr'><strong>Non</strong></span> <span class='ocrx_word' id='word_1_440' title='bbox 1153 4461 1204 4501; x_wconf 87' lang='lat' dir='ltr'><strong>es</strong></span> <span class='ocrx_word' id='word_1_441' title='bbox 1231 4444 1469 4498; x_wconf 86' lang='lat' dir='ltr'><strong>mentitus</strong></span> <span class='ocrx_word' id='word_1_442' title='bbox 1510 4441 1818 4504; x_wconf 89' lang='lat' dir='ltr'><strong>hominibus,</strong></span> <span class='ocrx_word' id='word_1_443' title='bbox 1862 4439 1955 4493; x_wconf 83' lang='lat' dir='ltr'><strong>sed</strong></span> <span class='ocrx_word' id='word_1_444' title='bbox 1987 4437 2113 4492; x_wconf 86' lang='lat' dir='ltr'><strong>Deo.</strong></span> <span class='ocrx_word' id='word_1_445' title='bbox 2145 4439 2273 4492; x_wconf 90' lang='lat' dir='ltr'><strong>Item</strong></span> 
     </span>
    </p>
   </div>
   <div class='ocr_carea' id='block_1_62' title="bbox 698 4527 2278 4605">
    <p class='ocr_par' dir='ltr' id='par_1_62' title="bbox 698 4527 2278 4605">
     <span class='ocr_line' id='line_1_62' title="bbox 698 4527 2278 4605; baseline -0.009 -11"><span class='ocrx_word' id='word_1_446' title='bbox 698 4540 806 4596; x_wconf 87' lang='lat' dir='ltr'><strong>alio</strong></span> <span class='ocrx_word' id='word_1_447' title='bbox 832 4539 951 4593; x_wconf 89' lang='lat' dir='ltr'><strong>loco</strong></span> <span class='ocrx_word' id='word_1_448' title='bbox 980 4555 995 4593; x_wconf 92' lang='lat'><strong>:</strong></span> <span class='ocrx_word' id='word_1_449' title='bbox 1029 4535 1246 4591; x_wconf 80' lang='lat' dir='ltr'><strong>Nescitis</strong></span> <span class='ocrx_word' id='word_1_450' title='bbox 1265 4534 1387 4605; x_wconf 86' lang='lat' dir='ltr'><strong>quia</strong></span> <span class='ocrx_word' id='word_1_451' title='bbox 1416 4532 1660 4603; x_wconf 86' lang='lat' dir='ltr'><strong>templum</strong></span> <span class='ocrx_word' id='word_1_452' title='bbox 1687 4529 1783 4584; x_wconf 89' lang='lat' dir='ltr'><strong>Dei</strong></span> <span class='ocrx_word' id='word_1_453' title='bbox 1807 4530 1952 4595; x_wconf 85' lang='lat' dir='ltr'><strong>estis,</strong></span> <span class='ocrx_word' id='word_1_454' title='bbox 1971 4539 2020 4583; x_wconf 88' lang='lat' dir='ltr'><strong>et</strong></span> <span class='ocrx_word' id='word_1_455' title='bbox 2050 4527 2278 4599; x_wconf 87' lang='lat' dir='ltr'><strong>Spiritus</strong></span> 
     </span>
    </p>
   </div>
   <div class='ocr_carea' id='block_1_63' title="bbox 701 4619 2280 4694">
    <p class='ocr_par' dir='ltr' id='par_1_63' title="bbox 701 4619 2280 4694">
     <span class='ocr_line' id='line_1_63' title="bbox 701 4619 2280 4694; baseline -0.009 -6"><span class='ocrx_word' id='word_1_456' title='bbox 701 4631 797 4688; x_wconf 85' lang='lat' dir='ltr'><strong>Dei</strong></span> <span class='ocrx_word' id='word_1_457' title='bbox 827 4629 1020 4684; x_wconf 78' lang='lat' dir='ltr'><strong>habitat</strong></span> <span class='ocrx_word' id='word_1_458' title='bbox 1047 4628 1099 4682; x_wconf 88' lang='lat' dir='ltr'><strong>in</strong></span> <span class='ocrx_word' id='word_1_459' title='bbox 1127 4625 1262 4681; x_wconf 70' lang='lat' dir='ltr'><strong>vobis</strong></span> <span class='ocrx_word' id='word_1_460' title='bbox 1293 4625 1313 4694; x_wconf 91' lang='lat'>(</span> <span class='ocrx_word' id='word_1_461' title='bbox 1338 4623 1362 4677; x_wconf 90' lang='grc'><strong><em>1</em></strong></span> <span class='ocrx_word' id='word_1_462' title='bbox 1387 4623 1508 4678; x_wconf 87' lang='lat' dir='ltr'><strong>Cor.</strong></span> <span class='ocrx_word' id='word_1_463' title='bbox 1534 4638 1610 4688; x_wconf 87' lang='grc' dir='ltr'><strong>ιιι,</strong></span> <span class='ocrx_word' id='word_1_464' title='bbox 1646 4619 1766 4693; x_wconf 75' lang='grc'><strong>16).</strong></span> <span class='ocrx_word' id='word_1_465' title='bbox 1797 4622 1859 4676; x_wconf 88' lang='lat' dir='ltr'><strong>Et</strong></span> <span class='ocrx_word' id='word_1_466' title='bbox 1884 4621 2013 4676; x_wconf 86' lang='lat' dir='ltr'><strong>alibi</strong></span> <span class='ocrx_word' id='word_1_467' title='bbox 2042 4637 2054 4673; x_wconf 89' lang='lat'>:</span> <span class='ocrx_word' id='word_1_468' title='bbox 2086 4619 2146 4675; x_wconf 87' lang='lat' dir='ltr'><strong>Si</strong></span> <span class='ocrx_word' id='word_1_469' title='bbox 2166 4622 2280 4691; x_wconf 81' lang='lat' dir='ltr'><strong>quis</strong></span> 
     </span>
    </p>
   </div>
   <div class='ocr_carea' id='block_1_64' title="bbox 705 4712 2276 4793">
    <p class='ocr_par' dir='ltr' id='par_1_64' title="bbox 705 4712 2276 4793">
     <span class='ocr_line' id='line_1_64' title="bbox 705 4712 2276 4793; baseline -0.01 -13"><span class='ocrx_word' id='word_1_470' title='bbox 705 4726 959 4793; x_wconf 84' lang='lat' dir='ltr'><strong>Spiritum</strong></span> <span class='ocrx_word' id='word_1_471' title='bbox 989 4721 1176 4778; x_wconf 84' lang='lat' dir='ltr'><strong>Christi</strong></span> <span class='ocrx_word' id='word_1_472' title='bbox 1227 4735 1328 4772; x_wconf 90' lang='lat' dir='ltr'><strong>non</strong></span> <span class='ocrx_word' id='word_1_473' title='bbox 1372 4714 1542 4782; x_wconf 86' lang='lat' dir='ltr'><strong>habet,</strong></span> <span class='ocrx_word' id='word_1_474' title='bbox 1580 4714 1660 4768; x_wconf 86' lang='lat' dir='ltr'><strong>hic</strong></span> <span class='ocrx_word' id='word_1_475' title='bbox 1699 4729 1801 4768; x_wconf 87' lang='lat' dir='ltr'><strong>non</strong></span> <span class='ocrx_word' id='word_1_476' title='bbox 1840 4722 1912 4767; x_wconf 82' lang='lat' dir='ltr'><strong>est</strong></span> <span class='ocrx_word' id='word_1_477' title='bbox 1945 4714 2057 4784; x_wconf 74' lang='lat' dir='ltr'><strong>ejus</strong></span> <span class='ocrx_word' id='word_1_478' title='bbox 2089 4712 2276 4784; x_wconf 82' lang='lat' dir='ltr'><strong>(Rom.</strong></span> 
     </span>
    </p>
   </div>
   <div class='ocr_carea' id='block_1_65' title="bbox 705 4816 934 4884">
    <p class='ocr_par' dir='ltr' id='par_1_65' title="bbox 705 4816 934 4884">
     <span class='ocr_line' id='line_1_65' title="bbox 705 4816 934 4884; baseline -0.013 -12"><span class='ocrx_word' id='word_1_479' title='bbox 705 4831 826 4884; x_wconf 74' lang='lat' dir='ltr'><strong>vm,</strong></span> <span class='ocrx_word' id='word_1_480' title='bbox 853 4816 934 4883; x_wconf 81' lang='lat'><strong>9).</strong></span> 
     </span>
    </p>
   </div>
   <div class='ocr_carea' id='block_1_66' title="bbox 1427 4899 1560 4954">
    <p class='ocr_par' dir='ltr' id='par_1_66' title="bbox 1427 4899 1560 4954">
     <span class='ocr_line' id='line_1_66' title="bbox 1427 4899 1560 4954; baseline -0.015 0"><span class='ocrx_word' id='word_1_481' title='bbox 1427 4899 1560 4954; x_wconf 71' lang='lat' dir='ltr'><strong>XIV.</strong></span> 
     </span>
    </p>
   </div>
   <div class='ocr_carea' id='block_1_67' title="bbox 995 4986 2002 5064">
    <p class='ocr_par' dir='ltr' id='par_1_67' title="bbox 995 4986 2002 5064">
     <span class='ocr_line' id='line_1_67' title="bbox 995 4986 2002 5064; baseline -0.011 -14"><span class='ocrx_word' id='word_1_482' title='bbox 995 4999 1013 5064; x_wconf 88' lang='lat'><strong>(</strong></span> <span class='ocrx_word' id='word_1_483' title='bbox 1039 4996 1112 5050; x_wconf 74' lang='lat' dir='ltr'><strong>Es</strong></span> <span class='ocrx_word' id='word_1_484' title='bbox 1144 5008 1392 5048; x_wconf 84' lang='lat' dir='ltr'><strong>sermone</strong></span> <span class='ocrx_word' id='word_1_485' title='bbox 1425 4994 1491 5046; x_wconf 89' lang='lat' dir='ltr'><strong>de</strong></span> <span class='ocrx_word' id='word_1_486' title='bbox 1521 5003 1748 5045; x_wconf 82' lang='lat' dir='ltr'><strong>ascensu</strong></span> <span class='ocrx_word' id='word_1_487' title='bbox 1779 4986 2002 5058; x_wconf 75' lang='lat' dir='ltr'><strong>Ilelite.)</strong></span> 
     </span>
    </p>
   </div>
   <div class='ocr_carea' id='block_1_68' title="bbox 783 5077 2280 5145">
    <p class='ocr_par' dir='ltr' id='par_1_68' title="bbox 783 5077 2280 5145">
     <span class='ocr_line' id='line_1_68' title="bbox 783 5077 2280 5145; baseline -0.011 0"><span class='ocrx_word' id='word_1_488' title='bbox 783 5093 850 5145; x_wconf 76' lang='lat' dir='ltr'><strong>Et</strong></span> <span class='ocrx_word' id='word_1_489' title='bbox 875 5090 922 5142; x_wconf 88' lang='lat' dir='ltr'><strong>si</strong></span> <span class='ocrx_word' id='word_1_490' title='bbox 950 5086 1112 5142; x_wconf 85' lang='lat' dir='ltr'><strong>multa</strong></span> <span class='ocrx_word' id='word_1_491' title='bbox 1140 5092 1261 5137; x_wconf 86' lang='lat' dir='ltr'><strong>sunt</strong></span> <span class='ocrx_word' id='word_1_492' title='bbox 1288 5082 1426 5136; x_wconf 84' lang='lat' dir='ltr'><strong>dona</strong></span> <span class='ocrx_word' id='word_1_493' title='bbox 1454 5098 1468 5132; x_wconf 85' lang='lat'><strong>:</strong></span> <span class='ocrx_word' id='word_1_494' title='bbox 1515 5079 1684 5133; x_wconf 86' lang='lat' dir='ltr'><strong>omnia</strong></span> <span class='ocrx_word' id='word_1_495' title='bbox 1721 5087 1887 5132; x_wconf 89' lang='lat' dir='ltr'><strong>tamen</strong></span> <span class='ocrx_word' id='word_1_496' title='bbox 1915 5077 2020 5132; x_wconf 73' lang='lat' dir='ltr'><strong>lucc</strong></span> <span class='ocrx_word' id='word_1_497' title='bbox 2040 5087 2280 5145; x_wconf 85' lang='lat' dir='ltr'><strong>operatur</strong></span> 
     </span>
    </p>
   </div>
   <div class='ocr_carea' id='block_1_69' title="bbox 710 5169 2284 5247">
    <p class='ocr_par' dir='ltr' id='par_1_69' title="bbox 710 5169 2284 5247">
     <span class='ocr_line' id='line_1_69' title="bbox 710 5169 2284 5247; baseline -0.009 -11"><span class='ocrx_word' id='word_1_498' title='bbox 710 5198 842 5236; x_wconf 87' lang='lat' dir='ltr'><strong>unus</strong></span> <span class='ocrx_word' id='word_1_499' title='bbox 872 5189 1022 5247; x_wconf 85' lang='lat' dir='ltr'><strong>atque</strong></span> <span class='ocrx_word' id='word_1_500' title='bbox 1049 5177 1181 5228; x_wconf 89' lang='lat' dir='ltr'><strong>idem</strong></span> <span class='ocrx_word' id='word_1_501' title='bbox 1212 5173 1460 5241; x_wconf 83' lang='lat' dir='ltr'><strong>Spiritus,</strong></span> <span class='ocrx_word' id='word_1_502' title='bbox 1489 5171 1716 5224; x_wconf 74' lang='lat' dir='ltr'><strong>dividens</strong></span> <span class='ocrx_word' id='word_1_503' title='bbox 1745 5169 1958 5239; x_wconf 83' lang='lat' dir='ltr'><strong>singulis</strong></span> <span class='ocrx_word' id='word_1_504' title='bbox 2001 5178 2148 5238; x_wconf 88' lang='lat' dir='ltr'><strong>prout</strong></span> <span class='ocrx_word' id='word_1_505' title='bbox 2178 5170 2284 5224; x_wconf 77' lang='lat' dir='ltr'><strong>vult</strong></span> 
     </span>
    </p>
   </div>
   <div class='ocr_carea' id='block_1_70' title="bbox 714 5263 2280 5342">
    <p class='ocr_par' dir='ltr' id='par_1_70' title="bbox 714 5263 2280 5342">
     <span class='ocr_line' id='line_1_70' title="bbox 714 5263 2280 5342; baseline -0.006 -14"><span class='ocrx_word' id='word_1_506' title='bbox 714 5278 732 5342; x_wconf 90' lang='lat'>(</span> <span class='ocrx_word' id='word_1_507' title='bbox 761 5274 785 5327; x_wconf 90' lang='grc'><strong><em>1</em></strong></span> <span class='ocrx_word' id='word_1_508' title='bbox 827 5273 946 5328; x_wconf 88' lang='lat' dir='ltr'><strong>Cor.</strong></span> <span class='ocrx_word' id='word_1_509' title='bbox 996 5284 1092 5334; x_wconf 74' lang='lat' dir='ltr'><strong>stt,</strong></span> <span class='ocrx_word' id='word_1_510' title='bbox 1123 5269 1180 5321; x_wconf 79' lang='lat' dir='ltr'><strong>ll</strong></span> <span class='ocrx_word' id='word_1_511' title='bbox 1202 5266 1244 5338; x_wconf 95' lang='lat'><strong>).</strong></span> <span class='ocrx_word' id='word_1_512' title='bbox 1272 5265 1387 5321; x_wconf 83' lang='lat' dir='ltr'><strong>Non</strong></span> <span class='ocrx_word' id='word_1_513' title='bbox 1434 5266 1485 5319; x_wconf 91' lang='lat' dir='ltr'><strong>iu</strong></span> <span class='ocrx_word' id='word_1_514' title='bbox 1515 5264 1852 5335; x_wconf 84' lang='lat' dir='ltr'><strong>paucioribus</strong></span> <span class='ocrx_word' id='word_1_515' title='bbox 1883 5263 2076 5328; x_wconf 89' lang='lat' dir='ltr'><strong>minor,</strong></span> <span class='ocrx_word' id='word_1_516' title='bbox 2099 5278 2199 5318; x_wconf 91' lang='lat' dir='ltr'><strong>nec</strong></span> <span class='ocrx_word' id='word_1_517' title='bbox 2227 5264 2280 5318; x_wconf 92' lang='lat' dir='ltr'><strong>in</strong></span> 
     </span>
    </p>
   </div>
   <div class='ocr_carea' id='block_1_71' title="bbox 716 5353 2283 5433">
    <p class='ocr_par' dir='ltr' id='par_1_71' title="bbox 716 5353 2283 5433">
     <span class='ocr_line' id='line_1_71' title="bbox 716 5353 2283 5433; baseline -0.008 -14"><span class='ocrx_word' id='word_1_518' title='bbox 716 5363 1003 5433; x_wconf 82' lang='lat' dir='ltr'><strong>majoribus</strong></span> <span class='ocrx_word' id='word_1_519' title='bbox 1034 5357 1292 5428; x_wconf 89' lang='lat' dir='ltr'><strong>amplior;</strong></span> <span class='ocrx_word' id='word_1_520' title='bbox 1329 5371 1420 5424; x_wconf 83' lang='lat' dir='ltr'><strong>per</strong></span> <span class='ocrx_word' id='word_1_521' title='bbox 1445 5371 1602 5425; x_wconf 89' lang='lat' dir='ltr'><strong>quem</strong></span> <span class='ocrx_word' id='word_1_522' title='bbox 1629 5355 1788 5410; x_wconf 86' lang='lat' dir='ltr'><strong>etiam</strong></span> <span class='ocrx_word' id='word_1_523' title='bbox 1817 5355 1860 5408; x_wconf 91' lang='lat' dir='ltr'><strong>si</strong></span> <span class='ocrx_word' id='word_1_524' title='bbox 1891 5353 2025 5407; x_wconf 85' lang='lat' dir='ltr'><strong>alius</strong></span> <span class='ocrx_word' id='word_1_525' title='bbox 2054 5353 2156 5409; x_wconf 79' lang='lat' dir='ltr'><strong>alio</strong></span> <span class='ocrx_word' id='word_1_526' title='bbox 2180 5353 2283 5408; x_wconf 87' lang='lat' dir='ltr'><strong>mi-</strong></span> 
     </span>
    </p>
   </div>
   <div class='ocr_carea' id='block_1_72' title="bbox 718 5445 2286 5522">
    <p class='ocr_par' dir='ltr' id='par_1_72' title="bbox 718 5445 2286 5522">
     <span class='ocr_line' id='line_1_72' title="bbox 718 5445 2286 5522; baseline -0.006 -11"><span class='ocrx_word' id='word_1_527' title='bbox 718 5473 816 5510; x_wconf 86' lang='lat' dir='ltr'><strong>nus</strong></span> <span class='ocrx_word' id='word_1_528' title='bbox 867 5453 1081 5522; x_wconf 88' lang='lat' dir='ltr'><strong>accipit,</strong></span> <span class='ocrx_word' id='word_1_529' title='bbox 1138 5447 1392 5518; x_wconf 84' lang='lat' dir='ltr'><strong>intelligat</strong></span> <span class='ocrx_word' id='word_1_530' title='bbox 1439 5448 1636 5502; x_wconf 90' lang='lat' dir='ltr'><strong>donum</strong></span> <span class='ocrx_word' id='word_1_531' title='bbox 1689 5447 1866 5517; x_wconf 88' lang='lat' dir='ltr'><strong>potius</strong></span> <span class='ocrx_word' id='word_1_532' title='bbox 1917 5461 2071 5516; x_wconf 81' lang='lat' dir='ltr'><strong>posse</strong></span> <span class='ocrx_word' id='word_1_533' title='bbox 2121 5445 2286 5501; x_wconf 89' lang='lat' dir='ltr'><strong>minui</strong></span> 
     </span>
    </p>
   </div>
   <div class='ocr_carea' id='block_1_73' title="bbox 2364 1983 3956 2056">
    <p class='ocr_par' dir='ltr' id='par_1_73' title="bbox 2364 1983 3956 2056">
     <span class='ocr_line' id='line_1_73' title="bbox 2364 1983 3956 2056; baseline -0.003 -14"><span class='ocrx_word' id='word_1_534' title='bbox 2364 1987 2473 2056; x_wconf 87' lang='lat' dir='ltr'><strong>ipse</strong></span> <span class='ocrx_word' id='word_1_535' title='bbox 2497 1984 2668 2039; x_wconf 74' lang='lat' dir='ltr'><strong>Filius</strong></span> <span class='ocrx_word' id='word_1_536' title='bbox 2697 1985 2951 2054; x_wconf 79' lang='lat' dir='ltr'><strong>subiectus</strong></span> <span class='ocrx_word' id='word_1_537' title='bbox 2977 1985 3071 2038; x_wconf 86' lang='lat' dir='ltr'><strong>erit</strong></span> <span class='ocrx_word' id='word_1_538' title='bbox 3111 1983 3191 2038; x_wconf 88' lang='lat' dir='ltr'><strong>illi</strong></span> <span class='ocrx_word' id='word_1_539' title='bbox 3214 1984 3306 2053; x_wconf 91' lang='lat' dir='ltr'><strong>qui</strong></span> <span class='ocrx_word' id='word_1_540' title='bbox 3325 1983 3423 2038; x_wconf 84' lang='lat' dir='ltr'><strong>sibi</strong></span> <span class='ocrx_word' id='word_1_541' title='bbox 3441 1985 3654 2055; x_wconf 76' lang='lat' dir='ltr'><strong>subjecit</strong></span> <span class='ocrx_word' id='word_1_542' title='bbox 3675 1985 3872 2050; x_wconf 87' lang='lat' dir='ltr'><strong>omnia,</strong></span> <span class='ocrx_word' id='word_1_543' title='bbox 3899 1994 3956 2038; x_wconf 84' lang='lat' dir='ltr'><strong>ut</strong></span> 
     </span>
    </p>
   </div>
   <div class='ocr_carea' id='block_1_74' title="bbox 2363 2073 3956 2144">
    <p class='ocr_par' dir='ltr' id='par_1_74' title="bbox 2363 2073 3956 2144">
     <span class='ocr_line' id='line_1_74' title="bbox 2363 2073 3956 2144; baseline -0.001 -13"><span class='ocrx_word' id='word_1_544' title='bbox 2363 2079 2429 2131; x_wconf 61' lang='lat' dir='ltr'><strong>sit</strong></span> <span class='ocrx_word' id='word_1_545' title='bbox 2452 2076 2589 2130; x_wconf 79' lang='lat' dir='ltr'><strong>Deus</strong></span> <span class='ocrx_word' id='word_1_546' title='bbox 2605 2077 2775 2130; x_wconf 86' lang='lat' dir='ltr'><strong>omnia</strong></span> <span class='ocrx_word' id='word_1_547' title='bbox 2797 2076 2848 2128; x_wconf 84' lang='lat' dir='ltr'><strong>in</strong></span> <span class='ocrx_word' id='word_1_548' title='bbox 2877 2075 3110 2128; x_wconf 75' lang='lat' dir='ltr'><strong>erunibus</strong></span> <span class='ocrx_word' id='word_1_549' title='bbox 3141 2074 3161 2141; x_wconf 84' lang='lat'><strong>(</strong></span> <span class='ocrx_word' id='word_1_550' title='bbox 3181 2073 3343 2139; x_wconf 87' lang='lat' dir='ltr'><strong>lbid.,</strong></span> <span class='ocrx_word' id='word_1_551' title='bbox 3370 2075 3441 2129; x_wconf 70' lang='lat'><strong>28</strong></span> <span class='ocrx_word' id='word_1_552' title='bbox 3461 2075 3502 2143; x_wconf 90' lang='lat'><strong>).</strong></span> <span class='ocrx_word' id='word_1_553' title='bbox 3551 2073 3694 2128; x_wconf 82' lang='lat' dir='ltr'><strong>Istud</strong></span> <span class='ocrx_word' id='word_1_554' title='bbox 3725 2075 3956 2144; x_wconf 82' lang='lat' dir='ltr'><strong>Aposto-</strong></span> 
     </span>
    </p>
   </div>
   <div class='ocr_carea' id='block_1_75' title="bbox 2364 2163 3957 2235">
    <p class='ocr_par' dir='ltr' id='par_1_75' title="bbox 2364 2163 3957 2235">
     <span class='ocr_line' id='line_1_75' title="bbox 2364 2163 3957 2235; baseline -0.003 -13"><span class='ocrx_word' id='word_1_555' title='bbox 2364 2167 2445 2222; x_wconf 81' lang='lat' dir='ltr'><strong>lus</strong></span> <span class='ocrx_word' id='word_1_556' title='bbox 2466 2167 2533 2222; x_wconf 92' lang='lat' dir='ltr'><strong>ab</strong></span> <span class='ocrx_word' id='word_1_557' title='bbox 2552 2167 2724 2221; x_wconf 88' lang='lat' dir='ltr'><strong>octavi</strong></span> <span class='ocrx_word' id='word_1_558' title='bbox 2753 2165 2940 2235; x_wconf 86' lang='lat' dir='ltr'><strong>psalmi</strong></span> <span class='ocrx_word' id='word_1_559' title='bbox 2969 2166 3148 2234; x_wconf 82' lang='lat' dir='ltr'><strong>posuit</strong></span> <span class='ocrx_word' id='word_1_560' title='bbox 3171 2165 3440 2233; x_wconf 80' lang='lat' dir='ltr'><strong>exemplo.</strong></span> <span class='ocrx_word' id='word_1_561' title='bbox 3461 2163 3554 2220; x_wconf 91' lang='lat' dir='ltr'><strong>Sic</strong></span> <span class='ocrx_word' id='word_1_562' title='bbox 3570 2179 3805 2232; x_wconf 86' lang='lat' dir='ltr'><strong>namque</strong></span> <span class='ocrx_word' id='word_1_563' title='bbox 3824 2165 3957 2218; x_wconf 82' lang='lat' dir='ltr'><strong>scri-</strong></span> 
     </span>
    </p>
   </div>
   <div class='ocr_carea' id='block_1_76' title="bbox 2365 2258 3956 2330">
    <p class='ocr_par' dir='ltr' id='par_1_76' title="bbox 2365 2258 3956 2330">
     <span class='ocr_line' id='line_1_76' title="bbox 2365 2258 3956 2330; baseline -0.001 -16"><span class='ocrx_word' id='word_1_564' title='bbox 2365 2271 2512 2330; x_wconf 73' lang='lat' dir='ltr'><strong>ptum</strong></span> <span class='ocrx_word' id='word_1_565' title='bbox 2536 2271 2645 2314; x_wconf 75' lang='lat' dir='ltr'><strong>eet:</strong></span> <span class='ocrx_word' id='word_1_566' title='bbox 2669 2258 2722 2312; x_wconf 83' lang='grc' dir='ltr'><em>Μ</em></span> <span class='ocrx_word' id='word_1_567' title='bbox 2730 2260 2940 2313; x_wconf 85' lang='lat' dir='ltr'><strong>inorasti</strong></span> <span class='ocrx_word' id='word_1_568' title='bbox 2955 2275 3067 2312; x_wconf 86' lang='lat' dir='ltr'><strong>eum</strong></span> <span class='ocrx_word' id='word_1_569' title='bbox 3084 2259 3242 2329; x_wconf 83' lang='lat' dir='ltr'><strong>paulo</strong></span> <span class='ocrx_word' id='word_1_570' title='bbox 3265 2259 3431 2312; x_wconf 83' lang='lat' dir='ltr'><strong>minus</strong></span> <span class='ocrx_word' id='word_1_571' title='bbox 3453 2259 3515 2312; x_wconf 89' lang='lat' dir='ltr'><strong>ab</strong></span> <span class='ocrx_word' id='word_1_572' title='bbox 3535 2258 3758 2329; x_wconf 84' lang='lat' dir='ltr'><strong>angelis;</strong></span> <span class='ocrx_word' id='word_1_573' title='bbox 3780 2261 3956 2312; x_wconf 63' lang='lat' dir='ltr'><strong>omnia</strong></span> 
     </span>
    </p>
   </div>
   <div class='ocr_carea' id='block_1_77' title="bbox 2363 2348 3957 2422">
    <p class='ocr_par' dir='ltr' id='par_1_77' title="bbox 2363 2348 3957 2422">
     <span class='ocr_line' id='line_1_77' title="bbox 2363 2348 3957 2422; baseline -0.002 -16"><span class='ocrx_word' id='word_1_574' title='bbox 2363 2352 2622 2422; x_wconf 86' lang='lat' dir='ltr'><strong>subjecisti</strong></span> <span class='ocrx_word' id='word_1_575' title='bbox 2647 2356 2740 2406; x_wconf 87' lang='lat' dir='ltr'><strong>sub</strong></span> <span class='ocrx_word' id='word_1_576' title='bbox 2777 2351 2986 2420; x_wconf 82' lang='lat' dir='ltr'><strong>pedibus</strong></span> <span class='ocrx_word' id='word_1_577' title='bbox 3025 2350 3138 2419; x_wconf 85' lang='lat' dir='ltr'><strong>ejus</strong></span> <span class='ocrx_word' id='word_1_578' title='bbox 3167 2348 3349 2420; x_wconf 80' lang='lat' dir='ltr'><strong>(Psal.</strong></span> <span class='ocrx_word' id='word_1_579' title='bbox 3385 2365 3496 2414; x_wconf 81' lang='lat' dir='ltr'><strong>rm,</strong></span> <span class='ocrx_word' id='word_1_580' title='bbox 3530 2348 3618 2419; x_wconf 87' lang='lat'><strong>6).</strong></span> <span class='ocrx_word' id='word_1_581' title='bbox 3656 2349 3799 2419; x_wconf 81' lang='lat' dir='ltr'><strong>Ergo</strong></span> <span class='ocrx_word' id='word_1_582' title='bbox 3841 2351 3957 2419; x_wconf 79' lang='lat' dir='ltr'><strong>eius</strong></span> 
     </span>
    </p>
   </div>
   <div class='ocr_carea' id='block_1_78' title="bbox 2367 2443 3958 2516">
    <p class='ocr_par' dir='ltr' id='par_1_78' title="bbox 2367 2443 3958 2516">
     <span class='ocr_line' id='line_1_78' title="bbox 2367 2443 3958 2516; baseline -0.003 -16"><span class='ocrx_word' id='word_1_583' title='bbox 2367 2445 2596 2516; x_wconf 88' lang='lat' dir='ltr'><strong>pedibus</strong></span> <span class='ocrx_word' id='word_1_584' title='bbox 2631 2444 2809 2499; x_wconf 89' lang='lat' dir='ltr'><strong>omnia</strong></span> <span class='ocrx_word' id='word_1_585' title='bbox 2840 2443 3040 2506; x_wconf 84' lang='lat' dir='ltr'><strong>subdit,</strong></span> <span class='ocrx_word' id='word_1_586' title='bbox 3071 2457 3230 2513; x_wconf 87' lang='lat' dir='ltr'><strong>quem</strong></span> <span class='ocrx_word' id='word_1_587' title='bbox 3263 2443 3420 2511; x_wconf 88' lang='lat' dir='ltr'><strong>paulo</strong></span> <span class='ocrx_word' id='word_1_588' title='bbox 3448 2443 3632 2498; x_wconf 88' lang='lat' dir='ltr'><strong>minus</strong></span> <span class='ocrx_word' id='word_1_589' title='bbox 3654 2443 3723 2497; x_wconf 89' lang='lat' dir='ltr'><strong>ab</strong></span> <span class='ocrx_word' id='word_1_590' title='bbox 3751 2443 3958 2512; x_wconf 86' lang='lat' dir='ltr'><strong>angelis</strong></span> 
     </span>
    </p>
   </div>
   <div class='ocr_carea' id='block_1_79' title="bbox 2373 2533 3959 2600">
    <p class='ocr_par' dir='ltr' id='par_1_79' title="bbox 2373 2533 3959 2600">
     <span class='ocr_line' id='line_1_79' title="bbox 2373 2533 3959 2600; baseline -0.001 -10"><span class='ocrx_word' id='word_1_591' title='bbox 2373 2537 2679 2592; x_wconf 84' lang='lat' dir='ltr'><strong>minoravit.</strong></span> <span class='ocrx_word' id='word_1_592' title='bbox 2708 2535 2816 2590; x_wconf 79' lang='lat' dir='ltr'><strong>Nec</strong></span> <span class='ocrx_word' id='word_1_593' title='bbox 2863 2536 3055 2590; x_wconf 89' lang='lat' dir='ltr'><strong>mirum</strong></span> <span class='ocrx_word' id='word_1_594' title='bbox 3096 2542 3201 2600; x_wconf 84' lang='lat' dir='ltr'><strong>est,</strong></span> <span class='ocrx_word' id='word_1_595' title='bbox 3232 2542 3291 2588; x_wconf 91' lang='lat' dir='ltr'><strong>ut</strong></span> <span class='ocrx_word' id='word_1_596' title='bbox 3331 2534 3383 2588; x_wconf 93' lang='lat' dir='ltr'><strong>in</strong></span> <span class='ocrx_word' id='word_1_597' title='bbox 3413 2548 3475 2588; x_wconf 90' lang='lat' dir='ltr'><strong>ea</strong></span> <span class='ocrx_word' id='word_1_598' title='bbox 3523 2544 3768 2589; x_wconf 85' lang='lat' dir='ltr'><strong>creatura</strong></span> <span class='ocrx_word' id='word_1_599' title='bbox 3801 2533 3959 2589; x_wconf 83' lang='lat' dir='ltr'><strong>Patre</strong></span> 
     </span>
    </p>
   </div>
   <div class='ocr_carea' id='block_1_80' title="bbox 2365 2622 3959 2695">
    <p class='ocr_par' dir='ltr' id='par_1_80' title="bbox 2365 2622 3959 2695">
     <span class='ocr_line' id='line_1_80' title="bbox 2365 2622 3959 2695; baseline -0.004 -11"><span class='ocrx_word' id='word_1_600' title='bbox 2365 2628 2572 2684; x_wconf 83' lang='lat' dir='ltr'><strong>dicatur</strong></span> <span class='ocrx_word' id='word_1_601' title='bbox 2614 2628 2810 2692; x_wconf 89' lang='lat' dir='ltr'><strong>minor,</strong></span> <span class='ocrx_word' id='word_1_602' title='bbox 2863 2626 2915 2681; x_wconf 89' lang='lat' dir='ltr'><strong>in</strong></span> <span class='ocrx_word' id='word_1_603' title='bbox 2959 2639 3062 2695; x_wconf 90' lang='lat' dir='ltr'><strong>qua</strong></span> <span class='ocrx_word' id='word_1_604' title='bbox 3085 2623 3143 2680; x_wconf 84' lang='lat' dir='ltr'><strong>ei</strong></span> <span class='ocrx_word' id='word_1_605' title='bbox 3185 2625 3346 2680; x_wconf 85' lang='lat' dir='ltr'><strong>etiam</strong></span> <span class='ocrx_word' id='word_1_606' title='bbox 3395 2622 3670 2679; x_wconf 85' lang='lat' dir='ltr'><strong>beatitudo</strong></span> <span class='ocrx_word' id='word_1_607' title='bbox 3715 2623 3959 2694; x_wconf 88' lang='lat' dir='ltr'><strong>angelica</strong></span> 
     </span>
    </p>
   </div>
   <div class='ocr_carea' id='block_1_81' title="bbox 2363 2719 2788 2788">
    <p class='ocr_par' dir='ltr' id='par_1_81' title="bbox 2363 2719 2788 2788">
     <span class='ocr_line' id='line_1_81' title="bbox 2363 2719 2788 2788; baseline -0.009 -14"><span class='ocrx_word' id='word_1_608' title='bbox 2363 2720 2570 2776; x_wconf 73' lang='lat' dir='ltr'><strong>exstitit</strong></span> <span class='ocrx_word' id='word_1_609' title='bbox 2597 2719 2788 2788; x_wconf 87' lang='lat' dir='ltr'><strong>major.</strong></span> 
     </span>
    </p>
   </div>
   <div class='ocr_carea' id='block_1_82' title="bbox 3071 2784 3234 2841">
    <p class='ocr_par' dir='ltr' id='par_1_82' title="bbox 3071 2784 3234 2841">
     <span class='ocr_line' id='line_1_82' title="bbox 3071 2784 3234 2841; baseline 0.006 -1"><span class='ocrx_word' id='word_1_610' title='bbox 3071 2784 3234 2841; x_wconf 77' lang='lat' dir='ltr'><strong>XVII.</strong></span> 
     </span>
    </p>
   </div>
   <div class='ocr_carea' id='block_1_83' title="bbox 2689 2873 3624 2946">
    <p class='ocr_par' dir='ltr' id='par_1_83' title="bbox 2689 2873 3624 2946">
     <span class='ocr_line' id='line_1_83' title="bbox 2689 2873 3624 2946; baseline -0.004 -13"><span class='ocrx_word' id='word_1_611' title='bbox 2689 2877 2801 2946; x_wconf 81' lang='lat' dir='ltr'><strong>(Es</strong></span> <span class='ocrx_word' id='word_1_612' title='bbox 2833 2875 2984 2932; x_wconf 90' lang='lat' dir='ltr'><strong>libris</strong></span> <span class='ocrx_word' id='word_1_613' title='bbox 3012 2873 3210 2932; x_wconf 88' lang='lat' dir='ltr'><strong>Contra</strong></span> <span class='ocrx_word' id='word_1_614' title='bbox 3237 2873 3624 2944; x_wconf 85' lang='lat' dir='ltr'><strong>Phantasma.)</strong></span> 
     </span>
    </p>
   </div>
   <div class='ocr_carea' id='block_1_84' title="bbox 2432 2965 3958 3035">
    <p class='ocr_par' dir='ltr' id='par_1_84' title="bbox 2432 2965 3958 3035">
     <span class='ocr_line' id='line_1_84' title="bbox 2432 2965 3958 3035; baseline -0.003 -9"><span class='ocrx_word' id='word_1_615' title='bbox 2432 2972 2532 3028; x_wconf 90' lang='lat' dir='ltr'><strong>Ille</strong></span> <span class='ocrx_word' id='word_1_616' title='bbox 2578 2972 2728 3028; x_wconf 89' lang='lat' dir='ltr'><strong>solus</strong></span> <span class='ocrx_word' id='word_1_617' title='bbox 2777 2971 3010 3026; x_wconf 91' lang='lat' dir='ltr'><strong>hominis</strong></span> <span class='ocrx_word' id='word_1_618' title='bbox 3035 2980 3260 3031; x_wconf 88' lang='lat' dir='ltr'><strong>statum,</strong></span> <span class='ocrx_word' id='word_1_619' title='bbox 3291 2977 3419 3033; x_wconf 89' lang='lat' dir='ltr'><strong>ete.,</strong></span> <span class='ocrx_word' id='word_1_620' title='bbox 3452 2977 3508 3021; x_wconf 91' lang='lat' dir='ltr'><strong>ut</strong></span> <span class='ocrx_word' id='word_1_621' title='bbox 3553 2968 3610 3020; x_wconf 89' lang='lat' dir='ltr'><strong>in</strong></span> <span class='ocrx_word' id='word_1_622' title='bbox 3651 2965 3877 3035; x_wconf 80' lang='lat' dir='ltr'><strong>epistola</strong></span> <span class='ocrx_word' id='word_1_623' title='bbox 3919 2965 3958 3021; x_wconf 69' lang='grc'><strong>3</strong></span> 
     </span>
    </p>
   </div>
   <div class='ocr_carea' id='block_1_85' title="bbox 2363 3059 3958 3138">
    <p class='ocr_par' dir='ltr' id='par_1_85' title="bbox 2363 3059 3958 3138">
     <span class='ocr_line' id='line_1_85' title="bbox 2363 3059 3958 3138; baseline -0.003 -19"><span class='ocrx_word' id='word_1_624' title='bbox 2363 3067 2487 3138; x_wconf 87' lang='lat' dir='ltr'><strong>(col.</strong></span> <span class='ocrx_word' id='word_1_625' title='bbox 2514 3065 2642 3133; x_wconf 78' lang='lat'><strong>9.07,</strong></span> <span class='ocrx_word' id='word_1_626' title='bbox 2661 3062 2739 3133; x_wconf 91' lang='lat' dir='ltr'><strong>a),</strong></span> <span class='ocrx_word' id='word_1_627' title='bbox 2756 3081 2913 3135; x_wconf 84' lang='lat' dir='ltr'><strong>usque</strong></span> <span class='ocrx_word' id='word_1_628' title='bbox 2936 3064 3004 3117; x_wconf 90' lang='lat' dir='ltr'><strong>ad</strong></span> <span class='ocrx_word' id='word_1_629' title='bbox 3024 3077 3184 3133; x_wconf 88' lang='lat' dir='ltr'><strong>quam</strong></span> <span class='ocrx_word' id='word_1_630' title='bbox 3205 3068 3533 3130; x_wconf 86' lang='lat' dir='ltr'><strong>susceperat,</strong></span> <span class='ocrx_word' id='word_1_631' title='bbox 3561 3060 3613 3114; x_wconf 92' lang='lat' dir='ltr'><strong>in</strong></span> <span class='ocrx_word' id='word_1_632' title='bbox 3639 3059 3847 3114; x_wconf 78' lang='lat' dir='ltr'><strong>inferna</strong></span> <span class='ocrx_word' id='word_1_633' title='bbox 3862 3059 3958 3115; x_wconf 80' lang='lat' dir='ltr'><strong>de-</strong></span> 
     </span>
    </p>
   </div>
   <div class='ocr_carea' id='block_1_86' title="bbox 2362 3156 2641 3212">
    <p class='ocr_par' dir='ltr' id='par_1_86' title="bbox 2362 3156 2641 3212">
     <span class='ocr_line' id='line_1_86' title="bbox 2362 3156 2641 3212; baseline -0.004 0"><span class='ocrx_word' id='word_1_634' title='bbox 2362 3156 2641 3212; x_wconf 80' lang='lat' dir='ltr'><strong>scandere.</strong></span> 
     </span>
    </p>
   </div>
   <div class='ocr_carea' id='block_1_87' title="bbox 3059 3222 3244 3280">
    <p class='ocr_par' dir='ltr' id='par_1_87' title="bbox 3059 3222 3244 3280">
     <span class='ocr_line' id='line_1_87' title="bbox 3059 3222 3244 3280; baseline -0.016 0"><span class='ocrx_word' id='word_1_635' title='bbox 3059 3222 3244 3280; x_wconf 84' lang='lat' dir='ltr'><strong>XVIII.</strong></span> 
     </span>
    </p>
   </div>
   <div class='ocr_carea' id='block_1_88' title="bbox 2743 3311 3538 3385">
    <p class='ocr_par' dir='ltr' id='par_1_88' title="bbox 2743 3311 3538 3385">
     <span class='ocr_line' id='line_1_88' title="bbox 2743 3311 3538 3385; baseline -0.003 -16"><span class='ocrx_word' id='word_1_636' title='bbox 2743 3313 2855 3385; x_wconf 80' lang='lat' dir='ltr'><strong>(Es</strong></span> <span class='ocrx_word' id='word_1_637' title='bbox 2884 3312 3037 3369; x_wconf 87' lang='lat' dir='ltr'><strong>libris</strong></span> <span class='ocrx_word' id='word_1_638' title='bbox 3066 3321 3252 3367; x_wconf 87' lang='lat' dir='ltr'><strong>contra</strong></span> <span class='ocrx_word' id='word_1_639' title='bbox 3282 3311 3538 3367; x_wconf 79' lang='lat' dir='ltr'><strong>Arianos.</strong></span> 
     </span>
    </p>
   </div>
   <div class='ocr_carea' id='block_1_89' title="bbox 2436 3401 3963 3477">
    <p class='ocr_par' dir='ltr' id='par_1_89' title="bbox 2436 3401 3963 3477">
     <span class='ocr_line' id='line_1_89' title="bbox 2436 3401 3963 3477; baseline -0.002 -15"><span class='ocrx_word' id='word_1_640' title='bbox 2436 3407 2728 3477; x_wconf 78' lang='lat' dir='ltr'><strong>Apostolus</strong></span> <span class='ocrx_word' id='word_1_641' title='bbox 2755 3405 2952 3461; x_wconf 90' lang='lat' dir='ltr'><strong>Paulus</strong></span> <span class='ocrx_word' id='word_1_642' title='bbox 2999 3405 3066 3460; x_wconf 87' lang='lat' dir='ltr'><strong>ad</strong></span> <span class='ocrx_word' id='word_1_643' title='bbox 3109 3405 3358 3469; x_wconf 82' lang='lat' dir='ltr'><strong>Galatas,</strong></span> <span class='ocrx_word' id='word_1_644' title='bbox 3391 3417 3637 3472; x_wconf 66' lang='lat' dir='ltr'><strong>personae</strong></span> <span class='ocrx_word' id='word_1_645' title='bbox 3689 3401 3963 3474; x_wconf 82' lang='lat' dir='ltr'><strong>insepara-</strong></span> 
     </span>
    </p>
   </div>
   <div class='ocr_carea' id='block_1_90' title="bbox 2366 3494 3962 3567">
    <p class='ocr_par' dir='ltr' id='par_1_90' title="bbox 2366 3494 3962 3567">
     <span class='ocr_line' id='line_1_90' title="bbox 2366 3494 3962 3567; baseline -0.003 -13"><span class='ocrx_word' id='word_1_646' title='bbox 2366 3499 2626 3555; x_wconf 86' lang='lat' dir='ltr'><strong>bilitatem</strong></span> <span class='ocrx_word' id='word_1_647' title='bbox 2674 3499 2981 3567; x_wconf 70' lang='lat' dir='ltr'><strong>designans,</strong></span> <span class='ocrx_word' id='word_1_648' title='bbox 3017 3496 3190 3565; x_wconf 88' lang='lat' dir='ltr'><strong>ipsum</strong></span> <span class='ocrx_word' id='word_1_649' title='bbox 3221 3495 3348 3549; x_wconf 86' lang='lat' dir='ltr'><strong>dicit</strong></span> <span class='ocrx_word' id='word_1_650' title='bbox 3396 3504 3576 3549; x_wconf 85' lang='lat' dir='ltr'><strong>uatum</strong></span> <span class='ocrx_word' id='word_1_651' title='bbox 3620 3494 3688 3550; x_wconf 92' lang='lat' dir='ltr'><strong>de</strong></span> <span class='ocrx_word' id='word_1_652' title='bbox 3735 3495 3962 3552; x_wconf 89' lang='lat' dir='ltr'><strong>muliere</strong></span> 
     </span>
    </p>
   </div>
   <div class='ocr_carea' id='block_1_91' title="bbox 2370 3583 3969 3660">
    <p class='ocr_par' dir='ltr' id='par_1_91' title="bbox 2370 3583 3969 3660">
     <span class='ocr_line' id='line_1_91' title="bbox 2370 3583 3969 3660; baseline -0.003 -17"><span class='ocrx_word' id='word_1_653' title='bbox 2370 3605 2528 3660; x_wconf 88' lang='lat' dir='ltr'><strong>quem</strong></span> <span class='ocrx_word' id='word_1_654' title='bbox 2557 3589 2705 3644; x_wconf 88' lang='lat' dir='ltr'><strong>misit</strong></span> <span class='ocrx_word' id='word_1_655' title='bbox 2733 3587 2877 3644; x_wconf 84' lang='lat' dir='ltr'><strong>Deus</strong></span> <span class='ocrx_word' id='word_1_656' title='bbox 2918 3586 3111 3641; x_wconf 86' lang='lat' dir='ltr'><strong>Filium</strong></span> <span class='ocrx_word' id='word_1_657' title='bbox 3141 3600 3296 3640; x_wconf 89' lang='lat' dir='ltr'><strong>suum</strong></span> <span class='ocrx_word' id='word_1_658' title='bbox 3323 3601 3337 3648; x_wconf 88' lang='lat'>;</span> <span class='ocrx_word' id='word_1_659' title='bbox 3367 3583 3510 3639; x_wconf 87' lang='lat' dir='ltr'><strong>sicut</strong></span> <span class='ocrx_word' id='word_1_660' title='bbox 3537 3584 3645 3638; x_wconf 90' lang='lat' dir='ltr'><strong>alio</strong></span> <span class='ocrx_word' id='word_1_661' title='bbox 3661 3584 3819 3648; x_wconf 82' lang='lat' dir='ltr'><strong>&#39;loco,</strong></span> <span class='ocrx_word' id='word_1_662' title='bbox 3845 3583 3969 3639; x_wconf 82' lang='lat' dir='ltr'><strong>Pri-</strong></span> 
     </span>
    </p>
   </div>
   <div class='ocr_carea' id='block_1_92' title="bbox 2368 3675 3964 3748">
    <p class='ocr_par' dir='ltr' id='par_1_92' title="bbox 2368 3675 3964 3748">
     <span class='ocr_line' id='line_1_92' title="bbox 2368 3675 3964 3748; baseline -0.004 -12"><span class='ocrx_word' id='word_1_663' title='bbox 2368 3698 2503 3746; x_wconf 84' lang='lat' dir='ltr'><strong>mus,</strong></span> <span class='ocrx_word' id='word_1_664' title='bbox 2552 3680 2759 3748; x_wconf 86' lang='lat' dir='ltr'><strong>inquit,</strong></span> <span class='ocrx_word' id='word_1_665' title='bbox 2812 3680 2965 3732; x_wconf 87' lang='lat' dir='ltr'><strong>homo</strong></span> <span class='ocrx_word' id='word_1_666' title='bbox 3004 3679 3068 3732; x_wconf 88' lang='lat' dir='ltr'><strong>de</strong></span> <span class='ocrx_word' id='word_1_667' title='bbox 3111 3685 3249 3731; x_wconf 89' lang='lat' dir='ltr'><strong>terra</strong></span> <span class='ocrx_word' id='word_1_668' title='bbox 3290 3685 3546 3739; x_wconf 84' lang='lat' dir='ltr'><strong>terrenus,</strong></span> <span class='ocrx_word' id='word_1_669' title='bbox 3597 3675 3853 3730; x_wconf 82' lang='lat' dir='ltr'><strong>secundus</strong></span> <span class='ocrx_word' id='word_1_670' title='bbox 3899 3675 3964 3729; x_wconf 87' lang='lat' dir='ltr'><strong>de</strong></span> 
     </span>
    </p>
   </div>
   <div class='ocr_carea' id='block_1_93' title="bbox 2367 3764 3964 3840">
    <p class='ocr_par' dir='ltr' id='par_1_93' title="bbox 2367 3764 3964 3840">
     <span class='ocr_line' id='line_1_93' title="bbox 2367 3764 3964 3840; baseline -0.003 -15"><span class='ocrx_word' id='word_1_671' title='bbox 2367 3770 2491 3825; x_wconf 72' lang='lat' dir='ltr'><strong>carlo</strong></span> <span class='ocrx_word' id='word_1_672' title='bbox 2519 3770 2736 3826; x_wconf 74' lang='lat' dir='ltr'><strong>ctelestis</strong></span> <span class='ocrx_word' id='word_1_673' title='bbox 2765 3767 2838 3840; x_wconf 89' lang='lat' dir='ltr'><strong>(I</strong></span> <span class='ocrx_word' id='word_1_674' title='bbox 2864 3768 2984 3824; x_wconf 88' lang='lat' dir='ltr'><strong>Cor.</strong></span> <span class='ocrx_word' id='word_1_675' title='bbox 3031 3783 3120 3834; x_wconf 80' lang='lat' dir='ltr'><strong>xv,</strong></span> <span class='ocrx_word' id='word_1_676' title='bbox 3165 3765 3312 3838; x_wconf 64' lang='lat'><strong>‘7);</strong></span> <span class='ocrx_word' id='word_1_677' title='bbox 3359 3779 3480 3820; x_wconf 88' lang='lat' dir='ltr'><strong>eum</strong></span> <span class='ocrx_word' id='word_1_678' title='bbox 3526 3779 3662 3820; x_wconf 86' lang='lat' dir='ltr'><strong>unus</strong></span> <span class='ocrx_word' id='word_1_679' title='bbox 3713 3764 3964 3836; x_wconf 82' lang='lat' dir='ltr'><strong>idemque</strong></span> 
     </span>
    </p>
   </div>
   <div class='ocr_carea' id='block_1_94' title="bbox 2370 3855 3966 3928">
    <p class='ocr_par' dir='ltr' id='par_1_94' title="bbox 2370 3855 3966 3928">
     <span class='ocr_line' id='line_1_94' title="bbox 2370 3855 3966 3928; baseline -0.004 -12"><span class='ocrx_word' id='word_1_680' title='bbox 2370 3862 2654 3928; x_wconf 83' lang='lat' dir='ltr'><strong>mediator,</strong></span> <span class='ocrx_word' id='word_1_681' title='bbox 2684 3859 2751 3916; x_wconf 90' lang='lat' dir='ltr'><strong>de</strong></span> <span class='ocrx_word' id='word_1_682' title='bbox 2793 3860 2933 3916; x_wconf 67' lang='lat' dir='ltr'><strong>caelo</strong></span> <span class='ocrx_word' id='word_1_683' title='bbox 2960 3859 3122 3923; x_wconf 89' lang='lat' dir='ltr'><strong>Deus,</strong></span> <span class='ocrx_word' id='word_1_684' title='bbox 3153 3858 3314 3912; x_wconf 89' lang='lat' dir='ltr'><strong>homo</strong></span> <span class='ocrx_word' id='word_1_685' title='bbox 3357 3857 3424 3912; x_wconf 88' lang='lat' dir='ltr'><strong>de</strong></span> <span class='ocrx_word' id='word_1_686' title='bbox 3447 3864 3589 3912; x_wconf 86' lang='lat' dir='ltr'><strong>terra</strong></span> <span class='ocrx_word' id='word_1_687' title='bbox 3633 3856 3730 3920; x_wconf 84' lang='lat' dir='ltr'><strong>sit;</strong></span> <span class='ocrx_word' id='word_1_688' title='bbox 3758 3855 3851 3925; x_wconf 89' lang='lat' dir='ltr'><strong>qui</strong></span> <span class='ocrx_word' id='word_1_689' title='bbox 3898 3855 3966 3911; x_wconf 86' lang='lat' dir='ltr'><strong>de</strong></span> 
     </span>
    </p>
   </div>
   <div class='ocr_carea' id='block_1_95' title="bbox 2372 3946 3959 4021">
    <p class='ocr_par' dir='ltr' id='par_1_95' title="bbox 2372 3946 3959 4021">
     <span class='ocr_line' id='line_1_95' title="bbox 2372 3946 3959 4021; baseline -0.005 -14"><span class='ocrx_word' id='word_1_690' title='bbox 2372 3962 2525 4008; x_wconf 89' lang='lat' dir='ltr'><strong>utero</strong></span> <span class='ocrx_word' id='word_1_691' title='bbox 2560 3949 2789 4021; x_wconf 87' lang='lat' dir='ltr'><strong>Virginis</strong></span> <span class='ocrx_word' id='word_1_692' title='bbox 2835 3949 3031 4013; x_wconf 90' lang='lat' dir='ltr'><strong>editus,</strong></span> <span class='ocrx_word' id='word_1_693' title='bbox 3063 3958 3188 4005; x_wconf 86' lang='lat' dir='ltr'><strong>ante</strong></span> <span class='ocrx_word' id='word_1_694' title='bbox 3223 3963 3382 4019; x_wconf 85' lang='lat' dir='ltr'><strong>quam</strong></span> <span class='ocrx_word' id='word_1_695' title='bbox 3428 3946 3596 4003; x_wconf 72' lang='lat' dir='ltr'><strong>cmlos</strong></span> <span class='ocrx_word' id='word_1_696' title='bbox 3621 3949 3959 4013; x_wconf 83' lang='lat' dir='ltr'><strong>ascenderet,</strong></span> 
     </span>
    </p>
   </div>
   <div class='ocr_carea' id='block_1_96' title="bbox 2371 4039 3968 4112">
    <p class='ocr_par' dir='ltr' id='par_1_96' title="bbox 2371 4039 3968 4112">
     <span class='ocr_line' id='line_1_96' title="bbox 2371 4039 3968 4112; baseline -0.004 -12"><span class='ocrx_word' id='word_1_697' title='bbox 2371 4043 2607 4100; x_wconf 76' lang='lat' dir='ltr'><strong>cmlestis</strong></span> <span class='ocrx_word' id='word_1_698' title='bbox 2632 4057 2869 4112; x_wconf 83' lang='lat' dir='ltr'><strong>congrue</strong></span> <span class='ocrx_word' id='word_1_699' title='bbox 2895 4041 3069 4096; x_wconf 87' lang='lat' dir='ltr'><strong>dictus</strong></span> <span class='ocrx_word' id='word_1_700' title='bbox 3093 4049 3208 4104; x_wconf 84' lang='lat' dir='ltr'><strong>est;</strong></span> <span class='ocrx_word' id='word_1_701' title='bbox 3231 4042 3355 4110; x_wconf 87' lang='lat' dir='ltr'><strong>quia</strong></span> <span class='ocrx_word' id='word_1_702' title='bbox 3381 4039 3684 4096; x_wconf 86' lang='lat' dir='ltr'><strong>celsitudini</strong></span> <span class='ocrx_word' id='word_1_703' title='bbox 3709 4039 3968 4096; x_wconf 80' lang='lat' dir='ltr'><strong>substan-</strong></span> 
     </span>
    </p>
   </div>
   <div class='ocr_carea' id='block_1_97' title="bbox 2376 4121 3784 4198">
    <p class='ocr_par' dir='ltr' id='par_1_97' title="bbox 2376 4121 3784 4198">
     <span class='ocr_line' id='line_1_97' title="bbox 2376 4121 3784 4198; baseline -0.004 -7"><span class='ocrx_word' id='word_1_704' title='bbox 2376 4136 2465 4190; x_wconf 73' lang='lat' dir='ltr'><strong>tite</strong></span> <span class='ocrx_word' id='word_1_705' title='bbox 2481 4133 2713 4191; x_wconf 75' lang='lat' dir='ltr'><strong>cmlcstis</strong></span> <span class='ocrx_word' id='word_1_706' title='bbox 2734 4132 3027 4198; x_wconf 79' lang='lat' dir='ltr'><strong>immixtus,</strong></span> <span class='ocrx_word' id='word_1_707' title='bbox 3054 4130 3177 4186; x_wconf 67' lang='lat' dir='ltr'><strong>caeli</strong></span> <span class='ocrx_word' id='word_1_708' title='bbox 3203 4121 3457 4185; x_wconf 85' lang='lat' dir='ltr'><strong>Dominus</strong></span> <span class='ocrx_word' id='word_1_709' title='bbox 3482 4129 3653 4186; x_wconf 83' lang='lat' dir='ltr'><strong>factus</strong></span> <span class='ocrx_word' id='word_1_710' title='bbox 3678 4139 3784 4188; x_wconf 85' lang='lat' dir='ltr'><strong>est.</strong></span> 
     </span>
    </p>
   </div>
   <div class='ocr_carea' id='block_1_98' title="bbox 2687 4257 3638 4318">
    <p class='ocr_par' dir='ltr' id='par_1_98' title="bbox 2687 4257 3638 4318">
     <span class='ocr_line' id='line_1_98' title="bbox 2687 4257 3638 4318; baseline -0.003 -1"><span class='ocrx_word' id='word_1_711' title='bbox 2687 4262 2781 4318; x_wconf 79' lang='lat' dir='ltr'><strong>AD</strong></span> <span class='ocrx_word' id='word_1_712' title='bbox 2828 4259 3234 4317; x_wconf 69' lang='lat' dir='ltr'><strong>COIIINTHIOS</strong></span> <span class='ocrx_word' id='word_1_713' title='bbox 3274 4257 3638 4316; x_wconf 70' lang='grc' dir='ltr'><strong>δεευΝυΑς.</strong></span> 
     </span>
    </p>
   </div>
   <div class='ocr_carea' id='block_1_99' title="bbox 2453 4398 3970 4472">
    <p class='ocr_par' dir='ltr' id='par_1_99' title="bbox 2453 4398 3970 4472">
     <span class='ocr_line' id='line_1_99' title="bbox 2453 4398 3970 4472; baseline 0 -17"><span class='ocrx_word' id='word_1_714' title='bbox 2453 4401 2503 4458; x_wconf 87' lang='grc'><strong>1.</strong></span> <span class='ocrx_word' id='word_1_715' title='bbox 2548 4400 2615 4456; x_wconf 89' lang='lat' dir='ltr'><strong>Ut</strong></span> <span class='ocrx_word' id='word_1_716' title='bbox 2669 4418 2769 4455; x_wconf 89' lang='lat' dir='ltr'><strong>non</strong></span> <span class='ocrx_word' id='word_1_717' title='bbox 2817 4410 3017 4467; x_wconf 74' lang='lat' dir='ltr'><strong>possent</strong></span> <span class='ocrx_word' id='word_1_718' title='bbox 3053 4400 3320 4454; x_wconf 79' lang='lat' dir='ltr'><strong>intendere</strong></span> <span class='ocrx_word' id='word_1_719' title='bbox 3357 4399 3454 4466; x_wconf 78' lang='lat' dir='ltr'><strong>ﬁlii</strong></span> <span class='ocrx_word' id='word_1_720' title='bbox 3493 4398 3658 4455; x_wconf 84' lang='lat' dir='ltr'><strong>Israel</strong></span> <span class='ocrx_word' id='word_1_721' title='bbox 3692 4399 3748 4454; x_wconf 84' lang='lat' dir='ltr'><strong>in</strong></span> <span class='ocrx_word' id='word_1_722' title='bbox 3787 4403 3970 4472; x_wconf 77' lang='lat' dir='ltr'><strong>{aciem</strong></span> 
     </span>
    </p>
   </div>
   <div class='ocr_carea' id='block_1_100' title="bbox 2381 4491 3413 4564">
    <p class='ocr_par' dir='ltr' id='par_1_100' title="bbox 2381 4491 3413 4564">
     <span class='ocr_line' id='line_1_100' title="bbox 2381 4491 3413 4564; baseline -0.004 -15"><span class='ocrx_word' id='word_1_723' title='bbox 2381 4493 2553 4564; x_wconf 80' lang='lat' dir='ltr'><strong>Moysi</strong></span> <span class='ocrx_word' id='word_1_724' title='bbox 2570 4534 2585 4559; x_wconf 93' lang='lat'><strong>,</strong></span> <span class='ocrx_word' id='word_1_725' title='bbox 2616 4502 2821 4564; x_wconf 87' lang='lat' dir='ltr'><strong>propter</strong></span> <span class='ocrx_word' id='word_1_726' title='bbox 2845 4491 3063 4564; x_wconf 83' lang='lat' dir='ltr'><strong>gloriam</strong></span> <span class='ocrx_word' id='word_1_727' title='bbox 3091 4492 3260 4545; x_wconf 78' lang='lat' dir='ltr'><strong>rullus</strong></span> <span class='ocrx_word' id='word_1_728' title='bbox 3278 4492 3413 4563; x_wconf 87' lang='lat' dir='ltr'><strong>ejus.</strong></span> 
     </span>
    </p>
   </div>
   <div class='ocr_carea' id='block_1_101' title="bbox 2455 4583 3034 4640">
    <p class='ocr_par' dir='ltr' id='par_1_101' title="bbox 2455 4583 3034 4640">
     <span class='ocr_line' id='line_1_101' title="bbox 2455 4583 3034 4640; baseline -0.003 0"><span class='ocrx_word' id='word_1_729' title='bbox 2455 4585 2482 4640; x_wconf 90' lang='grc' dir='ltr'><strong><em>Ι</em></strong></span> <span class='ocrx_word' id='word_1_730' title='bbox 2493 4584 2540 4639; x_wconf 91' lang='grc'><strong>1.</strong></span> <span class='ocrx_word' id='word_1_731' title='bbox 2573 4584 2704 4637; x_wconf 85' lang='lat' dir='ltr'><strong>Item</strong></span> <span class='ocrx_word' id='word_1_732' title='bbox 2744 4585 2808 4637; x_wconf 87' lang='lat' dir='ltr'><strong>de</strong></span> <span class='ocrx_word' id='word_1_733' title='bbox 2840 4583 3034 4638; x_wconf 84' lang='lat' dir='ltr'><strong>cadent.</strong></span> 
     </span>
    </p>
   </div>
   <div class='ocr_carea' id='block_1_102' title="bbox 2456 4673 3974 4747">
    <p class='ocr_par' dir='ltr' id='par_1_102' title="bbox 2456 4673 3974 4747">
     <span class='ocr_line' id='line_1_102' title="bbox 2456 4673 3974 4747; baseline 0.001 -17"><span class='ocrx_word' id='word_1_734' title='bbox 2456 4673 2576 4733; x_wconf 88' lang='grc'><em>111.</em></span> <span class='ocrx_word' id='word_1_735' title='bbox 2605 4675 2865 4740; x_wconf 83' lang='lat' dir='ltr'><strong>Quoniam</strong></span> <span class='ocrx_word' id='word_1_736' title='bbox 2893 4673 3015 4726; x_wconf 89' lang='lat' dir='ltr'><strong>dum</strong></span> <span class='ocrx_word' id='word_1_737' title='bbox 3039 4688 3214 4727; x_wconf 87' lang='lat' dir='ltr'><strong>sumus</strong></span> <span class='ocrx_word' id='word_1_738' title='bbox 3240 4673 3292 4726; x_wconf 91' lang='lat' dir='ltr'><strong>in</strong></span> <span class='ocrx_word' id='word_1_739' title='bbox 3318 4689 3549 4744; x_wconf 80' lang='lat' dir='ltr'><strong>corpore,</strong></span> <span class='ocrx_word' id='word_1_740' title='bbox 3581 4677 3974 4747; x_wconf 75' lang='lat' dir='ltr'><strong>peregrinantur</strong></span> 
     </span>
    </p>
   </div>
   <div class='ocr_carea' id='block_1_103' title="bbox 2385 4766 2827 4828">
    <p class='ocr_par' dir='ltr' id='par_1_103' title="bbox 2385 4766 2827 4828">
     <span class='ocr_line' id='line_1_103' title="bbox 2385 4766 2827 4828; baseline -0.009 -7"><span class='ocrx_word' id='word_1_741' title='bbox 2385 4785 2417 4821; x_wconf 78' lang='grc' dir='ltr'><em>α</em></span> <span class='ocrx_word' id='word_1_742' title='bbox 2447 4766 2688 4828; x_wconf 82' lang='lat' dir='ltr'><strong>Domino,</strong></span> <span class='ocrx_word' id='word_1_743' title='bbox 2723 4773 2827 4820; x_wconf 66' lang='lat' dir='ltr'><strong>t‘tc.</strong></span> 
     </span>
    </p>
   </div>
   <div class='ocr_carea' id='block_1_104' title="bbox 2459 4856 3972 4926">
    <p class='ocr_par' dir='ltr' id='par_1_104' title="bbox 2459 4856 3972 4926">
     <span class='ocr_line' id='line_1_104' title="bbox 2459 4856 3972 4926; baseline 0.001 -12"><span class='ocrx_word' id='word_1_744' title='bbox 2459 4859 2565 4914; x_wconf 81' lang='lat' dir='ltr'><strong>1V.</strong></span> <span class='ocrx_word' id='word_1_745' title='bbox 2599 4860 2853 4924; x_wconf 85' lang='lat' dir='ltr'><strong>Quoniam</strong></span> <span class='ocrx_word' id='word_1_746' title='bbox 2881 4857 3085 4926; x_wconf 84' lang='lat' dir='ltr'><strong>quidem</strong></span> <span class='ocrx_word' id='word_1_747' title='bbox 3103 4856 3256 4912; x_wconf 68' lang='lat' dir='ltr'><strong>‘Deus</strong></span> <span class='ocrx_word' id='word_1_748' title='bbox 3283 4867 3355 4912; x_wconf 84' lang='lat' dir='ltr'><strong>est</strong></span> <span class='ocrx_word' id='word_1_749' title='bbox 3382 4859 3433 4913; x_wconf 92' lang='lat' dir='ltr'><strong>in</strong></span> <span class='ocrx_word' id='word_1_750' title='bbox 3462 4857 3689 4926; x_wconf 83' lang='lat' dir='ltr'><strong>Christo,</strong></span> <span class='ocrx_word' id='word_1_751' title='bbox 3721 4863 3972 4916; x_wconf 79' lang='lat' dir='ltr'><strong>mundum</strong></span> 
     </span>
    </p>
   </div>
   <div class='ocr_carea' id='block_1_105' title="bbox 2386 4950 2878 5007">
    <p class='ocr_par' dir='ltr' id='par_1_105' title="bbox 2386 4950 2878 5007">
     <span class='ocr_line' id='line_1_105' title="bbox 2386 4950 2878 5007; baseline -0.012 0"><span class='ocrx_word' id='word_1_752' title='bbox 2386 4951 2722 5007; x_wconf 80' lang='lat' dir='ltr'><strong>reconcilians</strong></span> <span class='ocrx_word' id='word_1_753' title='bbox 2763 4950 2878 5004; x_wconf 87' lang='lat' dir='ltr'><strong>sibi.</strong></span> 
     </span>
    </p>
   </div>
   <div class='ocr_carea' id='block_1_106' title="bbox 2459 5041 3973 5114">
    <p class='ocr_par' dir='ltr' id='par_1_106' title="bbox 2459 5041 3973 5114">
     <span class='ocr_line' id='line_1_106' title="bbox 2459 5041 3973 5114; baseline 0.002 -16"><span class='ocrx_word' id='word_1_754' title='bbox 2459 5043 2527 5098; x_wconf 74' lang='grc' dir='ltr'><strong>Υ.</strong></span> <span class='ocrx_word' id='word_1_755' title='bbox 2559 5041 2766 5096; x_wconf 80' lang='lat' dir='ltr'><strong>Audiuit</strong></span> <span class='ocrx_word' id='word_1_756' title='bbox 2790 5055 2986 5095; x_wconf 83' lang='lat' dir='ltr'><strong>arcana</strong></span> <span class='ocrx_word' id='word_1_757' title='bbox 3006 5041 3152 5095; x_wconf 75' lang='lat' dir='ltr'><strong>verba</strong></span> <span class='ocrx_word' id='word_1_758' title='bbox 3173 5057 3288 5112; x_wconf 68' lang='lat' dir='ltr'><strong>qua</strong></span> <span class='ocrx_word' id='word_1_759' title='bbox 3309 5057 3411 5096; x_wconf 82' lang='lat' dir='ltr'><strong>non</strong></span> <span class='ocrx_word' id='word_1_760' title='bbox 3439 5043 3556 5098; x_wconf 84' lang='lat' dir='ltr'><strong>licet</strong></span> <span class='ocrx_word' id='word_1_761' title='bbox 3581 5043 3778 5098; x_wconf 88' lang='lat' dir='ltr'><strong>homini</strong></span> <span class='ocrx_word' id='word_1_762' title='bbox 3811 5047 3973 5114; x_wconf 84' lang='lat' dir='ltr'><strong>loqui.</strong></span> 
     </span>
    </p>
   </div>
   <div class='ocr_carea' id='block_1_107' title="bbox 3152 5151 3194 5205">
    <p class='ocr_par' dir='ltr' id='par_1_107' title="bbox 3152 5151 3194 5205">
     <span class='ocr_line' id='line_1_107' title="bbox 3152 5151 3194 5205; baseline 0 0"><span class='ocrx_word' id='word_1_763' title='bbox 3152 5151 3194 5205; x_wconf 86' lang='grc' dir='ltr'><strong>Ι.</strong></span> 
     </span>
    </p>
   </div>
   <div class='ocr_carea' id='block_1_108' title="bbox 2745 5261 3614 5337">
    <p class='ocr_par' dir='ltr' id='par_1_108' title="bbox 2745 5261 3614 5337">
     <span class='ocr_line' id='line_1_108' title="bbox 2745 5261 3614 5337; baseline 0.002 -17"><span class='ocrx_word' id='word_1_764' title='bbox 2745 5265 2764 5336; x_wconf 88' lang='grc'><strong>(</strong></span> <span class='ocrx_word' id='word_1_765' title='bbox 2788 5265 2865 5320; x_wconf 83' lang='lat' dir='ltr'><strong>Ex</strong></span> <span class='ocrx_word' id='word_1_766' title='bbox 2891 5278 3141 5320; x_wconf 89' lang='lat' dir='ltr'><strong>sermone</strong></span> <span class='ocrx_word' id='word_1_767' title='bbox 3163 5261 3336 5320; x_wconf 85' lang='lat' dir='ltr'><strong>Natali</strong></span> <span class='ocrx_word' id='word_1_768' title='bbox 3365 5265 3567 5322; x_wconf 89' lang='lat' dir='ltr'><strong>calieis.</strong></span> <span class='ocrx_word' id='word_1_769' title='bbox 3593 5269 3614 5337; x_wconf 90' lang='lat'>)</span> 
     </span>
    </p>
   </div>
   <div class='ocr_carea' id='block_1_109' title="bbox 2463 5358 3979 5429">
    <p class='ocr_par' dir='ltr' id='par_1_109' title="bbox 2463 5358 3979 5429">
     <span class='ocr_line' id='line_1_109' title="bbox 2463 5358 3979 5429; baseline 0.004 -17"><span class='ocrx_word' id='word_1_770' title='bbox 2463 5359 2754 5415; x_wconf 78' lang='lat' dir='ltr'><strong>Videamus</strong></span> <span class='ocrx_word' id='word_1_771' title='bbox 2796 5367 3159 5428; x_wconf 86' lang='lat' dir='ltr'><strong>comparatam</strong></span> <span class='ocrx_word' id='word_1_772' title='bbox 3189 5358 3356 5428; x_wconf 76' lang='lat' dir='ltr'><strong>Moysi</strong></span> <span class='ocrx_word' id='word_1_773' title='bbox 3383 5368 3439 5413; x_wconf 91' lang='lat' dir='ltr'><strong>et</strong></span> <span class='ocrx_word' id='word_1_774' title='bbox 3465 5361 3632 5413; x_wconf 89' lang='lat' dir='ltr'><strong>multo</strong></span> <span class='ocrx_word' id='word_1_775' title='bbox 3660 5363 3979 5429; x_wconf 54' lang='lat' dir='ltr'><strong>praecellen-</strong></span> 
     </span>
    </p>
   </div>
   <div class='ocr_carea' id='block_1_110' title="bbox 2391 5448 3980 5521">
    <p class='ocr_par' dir='ltr' id='par_1_110' title="bbox 2391 5448 3980 5521">
     <span class='ocr_line' id='line_1_110' title="bbox 2391 5448 3980 5521; baseline 0.002 -16"><span class='ocrx_word' id='word_1_776' title='bbox 2391 5459 2524 5517; x_wconf 89' lang='lat' dir='ltr'><strong>tem,</strong></span> <span class='ocrx_word' id='word_1_777' title='bbox 2554 5465 2672 5505; x_wconf 85' lang='lat' dir='ltr'><strong>eam</strong></span> <span class='ocrx_word' id='word_1_778' title='bbox 2702 5465 2822 5520; x_wconf 71' lang='lat' dir='ltr'><strong>qua:</strong></span> <span class='ocrx_word' id='word_1_779' title='bbox 2861 5448 3035 5504; x_wconf 86' lang='lat' dir='ltr'><strong>nostri</strong></span> <span class='ocrx_word' id='word_1_780' title='bbox 3061 5459 3142 5503; x_wconf 83' lang='lat' dir='ltr'><strong>est</strong></span> <span class='ocrx_word' id='word_1_781' title='bbox 3169 5452 3390 5520; x_wconf 86' lang='lat' dir='ltr'><strong>gratiam</strong></span> <span class='ocrx_word' id='word_1_782' title='bbox 3423 5452 3799 5521; x_wconf 87' lang='lat' dir='ltr'><strong>redemptoris.</strong></span> <span class='ocrx_word' id='word_1_783' title='bbox 3845 5455 3980 5510; x_wconf 77' lang='lat' dir='ltr'><strong>Nam</strong></span> 
     </span>
    </p>
   </div>
   <div class='ocr_carea' id='block_1_111' title="bbox 2394 5539 3980 5609">
    <p class='ocr_par' dir='ltr' id='par_1_111' title="bbox 2394 5539 3980 5609">
     <span class='ocr_line' id='line_1_111' title="bbox 2394 5539 3980 5609; baseline 0.004 -15"><span class='ocrx_word' id='word_1_784' title='bbox 2394 5549 2453 5594; x_wconf 90' lang='lat' dir='ltr'><strong>ut</strong></span> <span class='ocrx_word' id='word_1_785' title='bbox 2479 5554 2614 5595; x_wconf 89' lang='lat' dir='ltr'><strong>nova</strong></span> <span class='ocrx_word' id='word_1_786' title='bbox 2647 5539 2916 5609; x_wconf 86' lang='lat' dir='ltr'><strong>paululum</strong></span> <span class='ocrx_word' id='word_1_787' title='bbox 2943 5539 3216 5594; x_wconf 87' lang='lat' dir='ltr'><strong>veteribus</strong></span> <span class='ocrx_word' id='word_1_788' title='bbox 3238 5541 3576 5597; x_wconf 89' lang='lat' dir='ltr'><strong>conferamus</strong></span> <span class='ocrx_word' id='word_1_789' title='bbox 3594 5585 3608 5606; x_wconf 89' lang='lat'><strong>,</strong></span> <span class='ocrx_word' id='word_1_790' title='bbox 3635 5544 3726 5599; x_wconf 90' lang='lat' dir='ltr'><strong>ille</strong></span> <span class='ocrx_word' id='word_1_791' title='bbox 3751 5548 3816 5598; x_wconf 86' lang='lat' dir='ltr'><strong>ad</strong></span> <span class='ocrx_word' id='word_1_792' title='bbox 3841 5547 3980 5600; x_wconf 87' lang='lat' dir='ltr'><strong>hunc</strong></span> 
     </span>
    </p>
   </div>
   <div class='ocr_carea' id='block_1_112' title="bbox 2396 5630 3978 5702">
    <p class='ocr_par' dir='ltr' id='par_1_112' title="bbox 2396 5630 3978 5702">
     <span class='ocr_line' id='line_1_112' title="bbox 2396 5630 3978 5702; baseline 0.004 -17"><span class='ocrx_word' id='word_1_793' title='bbox 2396 5630 2651 5699; x_wconf 88' lang='lat' dir='ltr'><strong>populum</strong></span> <span class='ocrx_word' id='word_1_794' title='bbox 2702 5631 2851 5685; x_wconf 84' lang='lat' dir='ltr'><strong>venit</strong></span> <span class='ocrx_word' id='word_1_795' title='bbox 2881 5631 3054 5686; x_wconf 81' lang='lat' dir='ltr'><strong>velata</strong></span> <span class='ocrx_word' id='word_1_796' title='bbox 3104 5630 3273 5698; x_wconf 89' lang='lat' dir='ltr'><strong>facie,</strong></span> <span class='ocrx_word' id='word_1_797' title='bbox 3307 5633 3406 5687; x_wconf 89' lang='lat' dir='ltr'><strong>iste</strong></span> <span class='ocrx_word' id='word_1_798' title='bbox 3438 5643 3623 5702; x_wconf 84' lang='lat' dir='ltr'><strong>cperta</strong></span> <span class='ocrx_word' id='word_1_799' title='bbox 3671 5635 3978 5702; x_wconf 80' lang='lat' dir='ltr'><strong>divinitate,</strong></span> 
     </span>
    </p>
   </div>
   <div class='ocr_carea' id='block_1_113' title="bbox 2395 5721 3978 5792">
    <p class='ocr_par' dir='ltr' id='par_1_113' title="bbox 2395 5721 3978 5792">
     <span class='ocr_line' id='line_1_113' title="bbox 2395 5721 3978 5792; baseline 0.002 -16"><span class='ocrx_word' id='word_1_800' title='bbox 2395 5722 2485 5777; x_wconf 91' lang='lat' dir='ltr'><strong>ille</strong></span> <span class='ocrx_word' id='word_1_801' title='bbox 2513 5721 2840 5776; x_wconf 85' lang='lat' dir='ltr'><strong>sublimitate</strong></span> <span class='ocrx_word' id='word_1_802' title='bbox 2866 5731 3146 5786; x_wconf 86' lang='lat' dir='ltr'><strong>cornutus,</strong></span> <span class='ocrx_word' id='word_1_803' title='bbox 3179 5722 3278 5776; x_wconf 87' lang='lat' dir='ltr'><strong>iste</strong></span> <span class='ocrx_word' id='word_1_804' title='bbox 3310 5723 3613 5780; x_wconf 82' lang='lat' dir='ltr'><strong>humilitate</strong></span> <span class='ocrx_word' id='word_1_805' title='bbox 3639 5739 3978 5792; x_wconf 78' lang='lat' dir='ltr'><strong>mansuetus;</strong></span> 
     </span>
    </p>
   </div>
   <div class='ocr_carea' id='block_1_114' title="bbox 2397 5814 3980 5889">
    <p class='ocr_par' dir='ltr' id='par_1_114' title="bbox 2397 5814 3980 5889">
     <span class='ocr_line' id='line_1_114' title="bbox 2397 5814 3980 5889; baseline 0.003 -20"><span class='ocrx_word' id='word_1_806' title='bbox 2397 5814 2540 5871; x_wconf 84' lang='lat' dir='ltr'><strong>il!ius</strong></span> <span class='ocrx_word' id='word_1_807' title='bbox 2566 5814 2741 5872; x_wconf 68' lang='lat' dir='ltr'><strong>vultus</strong></span> <span class='ocrx_word' id='word_1_808' title='bbox 2772 5814 2933 5870; x_wconf 83' lang='lat' dir='ltr'><strong>radiis</strong></span> <span class='ocrx_word' id='word_1_809' title='bbox 2964 5824 3015 5871; x_wconf 81' lang='lat' dir='ltr'><strong>ct</strong></span> <span class='ocrx_word' id='word_1_810' title='bbox 3045 5814 3238 5871; x_wconf 81' lang='lat' dir='ltr'><strong>decore</strong></span> <span class='ocrx_word' id='word_1_811' title='bbox 3271 5817 3589 5885; x_wconf 88' lang='lat' dir='ltr'><strong>lummosus,</strong></span> <span class='ocrx_word' id='word_1_812' title='bbox 3621 5819 3772 5875; x_wconf 55' lang='lat' dir='ltr'><strong>istius</strong></span> <span class='ocrx_word' id='word_1_813' title='bbox 3812 5822 3980 5889; x_wconf 82' lang='lat' dir='ltr'><strong>sputis</strong></span> 
     </span>
    </p>
   </div>
   <div class='ocr_carea' id='block_1_115' title="bbox 719 5547 1506 5683">
    <p class='ocr_par' dir='ltr' id='par_1_115' title="bbox 719 5547 1506 5683">
     <span class='ocr_line' id='line_1_115' title="bbox 719 5547 1211 5617; baseline -0.006 -14"><span class='ocrx_word' id='word_1_814' title='bbox 719 5565 872 5617; x_wconf 86' lang='lat' dir='ltr'><strong>quam</strong></span> <span class='ocrx_word' id='word_1_815' title='bbox 904 5547 1211 5602; x_wconf 77' lang='lat' dir='ltr'><strong>(tonantem.</strong></span> 
     </span>
     <span class='ocr_line' id='line_1_116' title="bbox 1463 5628 1506 5683; baseline 0 0"><span class='ocrx_word' id='word_1_816' title='bbox 1463 5628 1506 5683; x_wconf 80' lang='grc' dir='ltr'>Χ</span> 
     </span>
    </p>
   </div>
   <div class='ocr_carea' id='block_1_116' title="bbox 1515 5629 1573 5683">
    <p class='ocr_par' dir='ltr' id='par_1_116' title="bbox 1515 5629 1573 5683">
     <span class='ocr_line' id='line_1_117' title="bbox 1515 5629 1573 5683; baseline 0.017 -1"><span class='ocrx_word' id='word_1_817' title='bbox 1515 5629 1573 5683; x_wconf 92' lang='lat' dir='ltr'><strong>V.</strong></span> 
     </span>
    </p>
   </div>
   <div class='ocr_carea' id='block_1_117' title="bbox 981 5720 1941 5795">
    <p class='ocr_par' dir='ltr' id='par_1_117' title="bbox 981 5720 1941 5795">
     <span class='ocr_line' id='line_1_118' title="bbox 981 5720 1941 5795; baseline -0.015 -9"><span class='ocrx_word' id='word_1_818' title='bbox 981 5783 986 5786; x_wconf 83' lang='lat'><strong>.</strong></span> <span class='ocrx_word' id='word_1_819' title='bbox 1097 5725 1221 5795; x_wconf 77' lang='lat' dir='ltr'><strong>(Ex</strong></span> <span class='ocrx_word' id='word_1_820' title='bbox 1254 5723 1406 5777; x_wconf 87' lang='lat' dir='ltr'><strong>libris</strong></span> <span class='ocrx_word' id='word_1_821' title='bbox 1433 5721 1627 5776; x_wconf 88' lang='lat' dir='ltr'><strong>Contra</strong></span> <span class='ocrx_word' id='word_1_822' title='bbox 1661 5720 1941 5786; x_wconf 82' lang='lat' dir='ltr'><strong>Ariauos.)</strong></span> 
     </span>
    </p>
   </div>
   <div class='ocr_carea' id='block_1_118' title="bbox 794 5811 2292 5890">
    <p class='ocr_par' dir='ltr' id='par_1_118' title="bbox 794 5811 2292 5890">
     <span class='ocr_line' id='line_1_119' title="bbox 794 5811 2292 5890; baseline -0.005 -14"><span class='ocrx_word' id='word_1_823' title='bbox 794 5820 925 5889; x_wconf 73' lang='lat' dir='ltr'><strong>Quia</strong></span> <span class='ocrx_word' id='word_1_824' title='bbox 957 5833 1232 5890; x_wconf 82' lang='lat' dir='ltr'><strong>posueram</strong></span> <span class='ocrx_word' id='word_1_825' title='bbox 1262 5817 1326 5873; x_wconf 75' lang='lat' dir='ltr'><strong>de</strong></span> <span class='ocrx_word' id='word_1_826' title='bbox 1354 5811 1640 5883; x_wconf 76' lang='lat' dir='ltr'><strong>Evangelio</strong></span> <span class='ocrx_word' id='word_1_827' title='bbox 1669 5829 1680 5866; x_wconf 90' lang='lat'>:</span> <span class='ocrx_word' id='word_1_828' title='bbox 1715 5812 1847 5868; x_wconf 84' lang='lat' dir='ltr'><strong>Data</strong></span> <span class='ocrx_word' id='word_1_829' title='bbox 1875 5821 1946 5866; x_wconf 85' lang='lat' dir='ltr'><strong>est</strong></span> <span class='ocrx_word' id='word_1_830' title='bbox 1981 5813 2102 5866; x_wconf 82' lang='lat' dir='ltr'><strong>mihi</strong></span> <span class='ocrx_word' id='word_1_831' title='bbox 2132 5814 2292 5868; x_wconf 85' lang='lat' dir='ltr'><strong>omnis</strong></span> 
     </span>
    </p>
   </div>
  </div>
