  <div class='ocr_page' id='page_1' title='image "/cluster/home/n/w/nwhite01/storage/ocr_20150623/58-59/uc1.31175013991289/774.png"; bbox 0 0 4154 6442; ppageno 0'>
   <div class='ocr_carea' id='block_1_1' title="bbox 387 447 496 508">
    <p class='ocr_par' dir='ltr' id='par_1_1' title="bbox 387 447 496 508">
     <span class='ocr_line' id='line_1_1' title="bbox 387 447 496 508; baseline -0.037 0"><span class='ocrx_word' id='word_1_1' title='bbox 387 447 496 508; x_wconf 72' lang='lat'><strong>509</strong></span> 
     </span>
    </p>
   </div>
   <div class='ocr_carea' id='block_1_2' title="bbox 1328 435 2716 500">
    <p class='ocr_par' dir='ltr' id='par_1_2' title="bbox 1328 435 2716 500">
     <span class='ocr_line' id='line_1_2' title="bbox 1328 435 2716 500; baseline -0.001 -2"><span class='ocrx_word' id='word_1_2' title='bbox 1328 441 1684 500; x_wconf 77' lang='lat' dir='ltr'><strong>VANORUM</strong></span> <span class='ocrx_word' id='word_1_3' title='bbox 1723 435 2231 497; x_wconf 71' lang='grc' dir='ltr'><strong>ορυδϐυιοῐιωι</strong></span> <span class='ocrx_word' id='word_1_4' title='bbox 2273 437 2687 496; x_wconf 70' lang='lat' dir='ltr'><strong>FRAGMENTA</strong></span> <span class='ocrx_word' id='word_1_5' title='bbox 2701 479 2716 496; x_wconf 91' lang='lat'><strong>.</strong></span> 
     </span>
    </p>
   </div>
   <div class='ocr_carea' id='block_1_3' title="bbox 3550 448 3655 503">
    <p class='ocr_par' dir='ltr' id='par_1_3' title="bbox 3550 448 3655 503">
     <span class='ocr_line' id='line_1_3' title="bbox 3550 448 3655 503; baseline 0 0"><span class='ocrx_word' id='word_1_6' title='bbox 3550 448 3655 503; x_wconf 76' lang='lat' dir='ltr'><strong>3l0</strong></span> 
     </span>
    </p>
   </div>
   <div class='ocr_carea' id='block_1_4' title="bbox 383 551 3660 633">
    <p class='ocr_par' dir='ltr' id='par_1_4' title="bbox 383 551 3660 633">
     <span class='ocr_line' id='line_1_4' title="bbox 383 551 3660 633; baseline -0.001 -12"><span class='ocrx_word' id='word_1_7' title='bbox 383 575 441 621; x_wconf 90' lang='lat' dir='ltr'><strong>et</strong></span> <span class='ocrx_word' id='word_1_8' title='bbox 464 564 607 621; x_wconf 64' lang='lat' dir='ltr'><strong>cede</strong></span> <span class='ocrx_word' id='word_1_9' title='bbox 636 562 916 620; x_wconf 70' lang='lat' dir='ltr'><strong>lmdandus</strong></span> <span class='ocrx_word' id='word_1_10' title='bbox 939 581 953 621; x_wconf 88' lang='lat'><strong>:</strong></span> <span class='ocrx_word' id='word_1_11' title='bbox 978 562 1118 619; x_wconf 88' lang='lat' dir='ltr'><strong>illius</strong></span> <span class='ocrx_word' id='word_1_12' title='bbox 1142 562 1430 617; x_wconf 82' lang='lat' dir='ltr'><strong>humanam</strong></span> <span class='ocrx_word' id='word_1_13' title='bbox 1455 557 1646 613; x_wconf 75' lang='lat' dir='ltr'><strong>faciem</strong></span> <span class='ocrx_word' id='word_1_14' title='bbox 1666 567 1960 611; x_wconf 82' lang='lat' dir='ltr'><strong>conservus</strong></span> <span class='ocrx_word' id='word_1_15' title='bbox 1990 551 2041 612; x_wconf 76' lang='grc' dir='ltr'>Α</span> <span class='ocrx_word' id='word_1_16' title='bbox 2069 560 2126 605; x_wconf 88' lang='lat' dir='ltr'><strong>ut</strong></span> <span class='ocrx_word' id='word_1_17' title='bbox 2163 554 2215 605; x_wconf 85' lang='lat' dir='ltr'><strong>in</strong></span> <span class='ocrx_word' id='word_1_18' title='bbox 2241 555 2454 622; x_wconf 82' lang='lat' dir='ltr'><strong>epistola</strong></span> <span class='ocrx_word' id='word_1_19' title='bbox 2498 555 2569 608; x_wconf 68' lang='lat'><strong>28</strong></span> <span class='ocrx_word' id='word_1_20' title='bbox 2600 556 2726 627; x_wconf 86' lang='lat' dir='ltr'><strong>(col.</strong></span> <span class='ocrx_word' id='word_1_21' title='bbox 2758 556 2887 625; x_wconf 57' lang='lat'><strong>2&amp;6,</strong></span> <span class='ocrx_word' id='word_1_22' title='bbox 2920 558 2994 629; x_wconf 76' lang='grc' dir='ltr'><strong>ὸ),</strong></span> <span class='ocrx_word' id='word_1_23' title='bbox 3035 576 3194 630; x_wconf 84' lang='lat' dir='ltr'><strong>usque</strong></span> <span class='ocrx_word' id='word_1_24' title='bbox 3227 560 3311 627; x_wconf 84' lang='lat' dir='ltr'><strong>ad,</strong></span> <span class='ocrx_word' id='word_1_25' title='bbox 3348 559 3399 616; x_wconf 91' lang='lat' dir='ltr'><strong>in</strong></span> <span class='ocrx_word' id='word_1_26' title='bbox 3430 577 3660 633; x_wconf 89' lang='lat' dir='ltr'><strong>corpore</strong></span> 
     </span>
    </p>
   </div>
   <div class='ocr_carea' id='block_1_5' title="bbox 385 642 1927 721">
    <p class='ocr_par' dir='ltr' id='par_1_5' title="bbox 385 642 1927 721">
     <span class='ocr_line' id='line_1_5' title="bbox 385 642 1927 721; baseline -0.008 -12"><span class='ocrx_word' id='word_1_27' title='bbox 385 654 569 709; x_wconf 81' lang='lat' dir='ltr'><strong>videre</strong></span> <span class='ocrx_word' id='word_1_28' title='bbox 598 665 706 708; x_wconf 88' lang='lat' dir='ltr'><strong>non</strong></span> <span class='ocrx_word' id='word_1_29' title='bbox 730 652 943 721; x_wconf 88' lang='lat' dir='ltr'><strong>meruit,</strong></span> <span class='ocrx_word' id='word_1_30' title='bbox 974 651 1127 706; x_wconf 90' lang='lat' dir='ltr'><strong>istius</strong></span> <span class='ocrx_word' id='word_1_31' title='bbox 1157 650 1391 705; x_wconf 81' lang='lat' dir='ltr'><strong>divinam</strong></span> <span class='ocrx_word' id='word_1_32' title='bbox 1422 649 1670 716; x_wconf 88' lang='lat' dir='ltr'><strong>leprosus</strong></span> <span class='ocrx_word' id='word_1_33' title='bbox 1700 642 1927 714; x_wconf 81' lang='lat' dir='ltr'><strong>aspexit.</strong></span> 
     </span>
    </p>
   </div>
   <div class='ocr_carea' id='block_1_6' title="bbox 672 827 1677 906">
    <p class='ocr_par' dir='ltr' id='par_1_6' title="bbox 672 827 1677 906">
     <span class='ocr_line' id='line_1_6' title="bbox 672 827 1677 906; baseline -0.01 -15"><span class='ocrx_word' id='word_1_34' title='bbox 672 835 792 906; x_wconf 79' lang='lat' dir='ltr'><strong>(Ex</strong></span> <span class='ocrx_word' id='word_1_35' title='bbox 815 846 1062 889; x_wconf 79' lang='lat' dir='ltr'><strong>sermone</strong></span> <span class='ocrx_word' id='word_1_36' title='bbox 1087 831 1174 887; x_wconf 89' lang='lat' dir='ltr'><strong>die</strong></span> <span class='ocrx_word' id='word_1_37' title='bbox 1215 838 1369 886; x_wconf 84' lang='lat' dir='ltr'><strong>sexto</strong></span> <span class='ocrx_word' id='word_1_38' title='bbox 1396 827 1677 895; x_wconf 64' lang='lat' dir='ltr'><strong>Pascbae.)</strong></span> 
     </span>
    </p>
   </div>
   <div class='ocr_carea' id='block_1_7' title="bbox 457 910 1964 993">
    <p class='ocr_par' dir='ltr' id='par_1_7' title="bbox 457 910 1964 993">
     <span class='ocr_line' id='line_1_7' title="bbox 457 910 1964 993; baseline -0.011 -13"><span class='ocrx_word' id='word_1_39' title='bbox 457 923 591 980; x_wconf 88' lang='lat' dir='ltr'><strong>Cum</strong></span> <span class='ocrx_word' id='word_1_40' title='bbox 638 937 764 978; x_wconf 85' lang='lat' dir='ltr'><strong>caro</strong></span> <span class='ocrx_word' id='word_1_41' title='bbox 805 922 971 993; x_wconf 88' lang='lat' dir='ltr'><strong>(Sap.</strong></span> <span class='ocrx_word' id='word_1_42' title='bbox 1015 935 1097 986; x_wconf 84' lang='lat' dir='ltr'><strong>ts,</strong></span> <span class='ocrx_word' id='word_1_43' title='bbox 1126 918 1249 989; x_wconf 72' lang='grc'><strong>15),</strong></span> <span class='ocrx_word' id='word_1_44' title='bbox 1278 915 1507 973; x_wconf 86' lang='lat' dir='ltr'><strong>necdum</strong></span> <span class='ocrx_word' id='word_1_45' title='bbox 1551 912 1740 971; x_wconf 88' lang='lat' dir='ltr'><strong>mortis</strong></span> <span class='ocrx_word' id='word_1_46' title='bbox 1783 910 1964 967; x_wconf 78' lang='lat' dir='ltr'><strong>{orna-</strong></span> 
     </span>
    </p>
   </div>
   <div class='ocr_carea' id='block_1_8' title="bbox 382 1004 1962 1082">
    <p class='ocr_par' dir='ltr' id='par_1_8' title="bbox 382 1004 1962 1082">
     <span class='ocr_line' id='line_1_8' title="bbox 382 1004 1962 1082; baseline -0.009 -12"><span class='ocrx_word' id='word_1_47' title='bbox 382 1014 537 1070; x_wconf 88' lang='lat' dir='ltr'><strong>cihus</strong></span> <span class='ocrx_word' id='word_1_48' title='bbox 564 1012 841 1077; x_wconf 72' lang='lat' dir='ltr'><strong>delzecata,</strong></span> <span class='ocrx_word' id='word_1_49' title='bbox 871 1017 1127 1082; x_wconf 73' lang='lat' dir='ltr'><strong>aggravet</strong></span> <span class='ocrx_word' id='word_1_50' title='bbox 1155 1022 1373 1063; x_wconf 83' lang='lat' dir='ltr'><strong>sensum</strong></span> <span class='ocrx_word' id='word_1_51' title='bbox 1405 1006 1571 1061; x_wconf 89' lang='lat' dir='ltr'><strong>multa</strong></span> <span class='ocrx_word' id='word_1_52' title='bbox 1600 1004 1921 1074; x_wconf 74' lang='lat' dir='ltr'><strong>cogitantem</strong></span> <span class='ocrx_word' id='word_1_53' title='bbox 1945 1038 1962 1067; x_wconf 87' lang='lat'><strong>,</strong></span> 
     </span>
    </p>
   </div>
   <div class='ocr_carea' id='block_1_9' title="bbox 383 1096 1964 1173">
    <p class='ocr_par' dir='ltr' id='par_1_9' title="bbox 383 1096 1964 1173">
     <span class='ocr_line' id='line_1_9' title="bbox 383 1096 1964 1173; baseline -0.008 -16"><span class='ocrx_word' id='word_1_54' title='bbox 383 1110 441 1157; x_wconf 90' lang='lat' dir='ltr'><strong>et</strong></span> <span class='ocrx_word' id='word_1_55' title='bbox 463 1104 711 1173; x_wconf 81' lang='lat' dir='ltr'><strong>impediat</strong></span> <span class='ocrx_word' id='word_1_56' title='bbox 739 1103 910 1156; x_wconf 79' lang='lat' dir='ltr'><strong>visum</strong></span> <span class='ocrx_word' id='word_1_57' title='bbox 939 1115 1103 1171; x_wconf 87' lang='lat' dir='ltr'><strong>pauca</strong></span> <span class='ocrx_word' id='word_1_58' title='bbox 1124 1106 1457 1162; x_wconf 88' lang='lat' dir='ltr'><strong>cernentem,</strong></span> <span class='ocrx_word' id='word_1_59' title='bbox 1480 1096 1765 1151; x_wconf 85' lang='lat' dir='ltr'><strong>interlucet</strong></span> <span class='ocrx_word' id='word_1_60' title='bbox 1786 1101 1964 1148; x_wconf 91' lang='lat' dir='ltr'><strong>tamen</strong></span> 
     </span>
    </p>
   </div>
   <div class='ocr_carea' id='block_1_10' title="bbox 384 1191 1964 1263">
    <p class='ocr_par' dir='ltr' id='par_1_10' title="bbox 384 1191 1964 1263">
     <span class='ocr_line' id='line_1_10' title="bbox 384 1191 1964 1263; baseline -0.006 -13"><span class='ocrx_word' id='word_1_61' title='bbox 384 1197 442 1250; x_wconf 89' lang='lat' dir='ltr'><strong>in</strong></span> <span class='ocrx_word' id='word_1_62' title='bbox 467 1196 729 1263; x_wconf 82' lang='lat' dir='ltr'><strong>aliquibus</strong></span> <span class='ocrx_word' id='word_1_63' title='bbox 750 1202 916 1263; x_wconf 81' lang='lat' dir='ltr'><strong>gestis</strong></span> <span class='ocrx_word' id='word_1_64' title='bbox 934 1192 1164 1263; x_wconf 78' lang='lat' dir='ltr'><strong>dignitas</strong></span> <span class='ocrx_word' id='word_1_65' title='bbox 1192 1191 1522 1259; x_wconf 84' lang='lat' dir='ltr'><strong>futurorum,</strong></span> <span class='ocrx_word' id='word_1_66' title='bbox 1551 1197 1608 1245; x_wconf 92' lang='lat' dir='ltr'><strong>et</strong></span> <span class='ocrx_word' id='word_1_67' title='bbox 1634 1198 1964 1245; x_wconf 84' lang='lat' dir='ltr'><strong>secretorum</strong></span> 
     </span>
    </p>
   </div>
   <div class='ocr_carea' id='block_1_11' title="bbox 383 1278 1966 1353">
    <p class='ocr_par' dir='ltr' id='par_1_11' title="bbox 383 1278 1966 1353">
     <span class='ocr_line' id='line_1_11' title="bbox 383 1278 1966 1353; baseline -0.006 -11"><span class='ocrx_word' id='word_1_68' title='bbox 383 1285 762 1342; x_wconf 86' lang='lat' dir='ltr'><strong>immortalium</strong></span> <span class='ocrx_word' id='word_1_69' title='bbox 803 1282 1061 1353; x_wconf 90' lang='lat' dir='ltr'><strong>splendor</strong></span> <span class='ocrx_word' id='word_1_70' title='bbox 1086 1282 1246 1337; x_wconf 87' lang='lat' dir='ltr'><strong>etiam</strong></span> <span class='ocrx_word' id='word_1_71' title='bbox 1278 1280 1592 1336; x_wconf 84' lang='lat' dir='ltr'><strong>mortalibus</strong></span> <span class='ocrx_word' id='word_1_72' title='bbox 1626 1278 1798 1334; x_wconf 80' lang='lat' dir='ltr'><strong>oculis</strong></span> <span class='ocrx_word' id='word_1_73' title='bbox 1846 1292 1966 1333; x_wconf 87' lang='lat' dir='ltr'><strong>rara</strong></span> 
     </span>
    </p>
   </div>
   <div class='ocr_carea' id='block_1_12' title="bbox 383 1368 1964 1439">
    <p class='ocr_par' dir='ltr' id='par_1_12' title="bbox 383 1368 1964 1439">
     <span class='ocr_line' id='line_1_12' title="bbox 383 1368 1964 1439; baseline -0.005 -7"><span class='ocrx_word' id='word_1_74' title='bbox 383 1375 711 1432; x_wconf 79' lang='lat' dir='ltr'><strong>revelationc</strong></span> <span class='ocrx_word' id='word_1_75' title='bbox 736 1373 1029 1427; x_wconf 87' lang='lat' dir='ltr'><strong>subradiat.</strong></span> <span class='ocrx_word' id='word_1_76' title='bbox 1057 1372 1162 1427; x_wconf 86' lang='lat' dir='ltr'><strong>Sed</strong></span> <span class='ocrx_word' id='word_1_77' title='bbox 1191 1373 1292 1427; x_wconf 83' lang='lat' dir='ltr'><strong>hoc</strong></span> <span class='ocrx_word' id='word_1_78' title='bbox 1314 1371 1420 1426; x_wconf 84' lang='lat' dir='ltr'><strong>illis</strong></span> <span class='ocrx_word' id='word_1_79' title='bbox 1448 1379 1673 1437; x_wconf 87' lang='lat' dir='ltr'><strong>tantum,</strong></span> <span class='ocrx_word' id='word_1_80' title='bbox 1696 1383 1831 1439; x_wconf 88' lang='lat' dir='ltr'><strong>quos</strong></span> <span class='ocrx_word' id='word_1_81' title='bbox 1852 1368 1964 1424; x_wconf 86' lang='lat' dir='ltr'><strong>sola</strong></span> 
     </span>
    </p>
   </div>
   <div class='ocr_carea' id='block_1_13' title="bbox 382 1458 1966 1529">
    <p class='ocr_par' dir='ltr' id='par_1_13' title="bbox 382 1458 1966 1529">
     <span class='ocr_line' id='line_1_13' title="bbox 382 1458 1966 1529; baseline -0.006 -7"><span class='ocrx_word' id='word_1_82' title='bbox 382 1480 533 1529; x_wconf 81' lang='lat' dir='ltr'><strong>caro,</strong></span> <span class='ocrx_word' id='word_1_83' title='bbox 559 1480 667 1519; x_wconf 88' lang='lat' dir='ltr'><strong>non</strong></span> <span class='ocrx_word' id='word_1_84' title='bbox 691 1464 851 1519; x_wconf 89' lang='lat' dir='ltr'><strong>etiam</strong></span> <span class='ocrx_word' id='word_1_85' title='bbox 872 1462 1159 1518; x_wconf 87' lang='lat' dir='ltr'><strong>carnalitas</strong></span> <span class='ocrx_word' id='word_1_86' title='bbox 1188 1470 1354 1527; x_wconf 89' lang='lat' dir='ltr'><strong>tenet,</strong></span> <span class='ocrx_word' id='word_1_87' title='bbox 1385 1470 1438 1515; x_wconf 87' lang='lat' dir='ltr'><strong>et</strong></span> <span class='ocrx_word' id='word_1_88' title='bbox 1457 1460 1711 1515; x_wconf 90' lang='lat' dir='ltr'><strong>cordibus</strong></span> <span class='ocrx_word' id='word_1_89' title='bbox 1737 1458 1966 1513; x_wconf 88' lang='lat' dir='ltr'><strong>mundos</strong></span> 
     </span>
    </p>
   </div>
   <div class='ocr_carea' id='block_1_14' title="bbox 383 1549 1965 1620">
    <p class='ocr_par' dir='ltr' id='par_1_14' title="bbox 383 1549 1965 1620">
     <span class='ocr_line' id='line_1_14' title="bbox 383 1549 1965 1620; baseline -0.006 -9"><span class='ocrx_word' id='word_1_90' title='bbox 383 1557 654 1611; x_wconf 87' lang='lat' dir='ltr'><strong>mundana</strong></span> <span class='ocrx_word' id='word_1_91' title='bbox 695 1554 1091 1609; x_wconf 86' lang='lat' dir='ltr'><strong>cobabitatione</strong></span> <span class='ocrx_word' id='word_1_92' title='bbox 1138 1566 1243 1607; x_wconf 83' lang='lat' dir='ltr'><strong>non</strong></span> <span class='ocrx_word' id='word_1_93' title='bbox 1296 1551 1503 1620; x_wconf 92' lang='lat' dir='ltr'><strong>polluit.</strong></span> <span class='ocrx_word' id='word_1_94' title='bbox 1545 1549 1698 1605; x_wconf 83' lang='lat' dir='ltr'><strong>Sicut</strong></span> <span class='ocrx_word' id='word_1_95' title='bbox 1743 1556 1965 1618; x_wconf 65' lang='lat' dir='ltr'><strong>praesta-</strong></span> 
     </span>
    </p>
   </div>
   <div class='ocr_carea' id='block_1_15' title="bbox 382 1639 1965 1713">
    <p class='ocr_par' dir='ltr' id='par_1_15' title="bbox 382 1639 1965 1713">
     <span class='ocr_line' id='line_1_15' title="bbox 382 1639 1965 1713; baseline -0.006 -12"><span class='ocrx_word' id='word_1_96' title='bbox 382 1647 541 1704; x_wconf 85' lang='lat' dir='ltr'><strong>batur</strong></span> <span class='ocrx_word' id='word_1_97' title='bbox 564 1644 831 1713; x_wconf 85' lang='lat' dir='ltr'><strong>quondam</strong></span> <span class='ocrx_word' id='word_1_98' title='bbox 861 1644 965 1697; x_wconf 71' lang='lat' dir='ltr'><strong>Vati</strong></span> <span class='ocrx_word' id='word_1_99' title='bbox 1015 1641 1236 1713; x_wconf 81' lang='lat' dir='ltr'><strong>legifero</strong></span> <span class='ocrx_word' id='word_1_100' title='bbox 1261 1642 1481 1696; x_wconf 65' lang='lat' dir='ltr'><strong>caeleste</strong></span> <span class='ocrx_word' id='word_1_101' title='bbox 1518 1639 1880 1708; x_wconf 85' lang='lat' dir='ltr'><strong>colloquium;</strong></span> <span class='ocrx_word' id='word_1_102' title='bbox 1912 1645 1965 1692; x_wconf 90' lang='lat' dir='ltr'><strong>et</strong></span> 
     </span>
    </p>
   </div>
   <div class='ocr_carea' id='block_1_16' title="bbox 380 1729 1959 1804">
    <p class='ocr_par' dir='ltr' id='par_1_16' title="bbox 380 1729 1959 1804">
     <span class='ocr_line' id='line_1_16' title="bbox 380 1729 1959 1804; baseline -0.006 -13"><span class='ocrx_word' id='word_1_103' title='bbox 380 1750 449 1792; x_wconf 92' lang='lat' dir='ltr'><strong>eo</strong></span> <span class='ocrx_word' id='word_1_104' title='bbox 480 1750 645 1804; x_wconf 90' lang='lat' dir='ltr'><strong>usque</strong></span> <span class='ocrx_word' id='word_1_105' title='bbox 673 1735 867 1788; x_wconf 72' lang='lat' dir='ltr'><strong>divinas</strong></span> <span class='ocrx_word' id='word_1_106' title='bbox 902 1733 1083 1803; x_wconf 68' lang='lat' dir='ltr'><strong>glorias</strong></span> <span class='ocrx_word' id='word_1_107' title='bbox 1122 1731 1353 1799; x_wconf 78' lang='lat' dir='ltr'><strong>quodam</strong></span> <span class='ocrx_word' id='word_1_108' title='bbox 1404 1731 1598 1785; x_wconf 90' lang='lat' dir='ltr'><strong>intuitu</strong></span> <span class='ocrx_word' id='word_1_109' title='bbox 1640 1729 1959 1795; x_wconf 85' lang='lat' dir='ltr'><strong>donabatur,</strong></span> 
     </span>
    </p>
   </div>
   <div class='ocr_carea' id='block_1_17' title="bbox 381 1821 1965 1894">
    <p class='ocr_par' dir='ltr' id='par_1_17' title="bbox 381 1821 1965 1894">
     <span class='ocr_line' id='line_1_17' title="bbox 381 1821 1965 1894; baseline -0.005 -12"><span class='ocrx_word' id='word_1_110' title='bbox 381 1826 553 1883; x_wconf 73' lang='lat' dir='ltr'><strong>donec</strong></span> <span class='ocrx_word' id='word_1_111' title='bbox 580 1823 825 1894; x_wconf 84' lang='lat' dir='ltr'><strong>quiddam</strong></span> <span class='ocrx_word' id='word_1_112' title='bbox 858 1824 911 1876; x_wconf 91' lang='lat' dir='ltr'><strong>in</strong></span> <span class='ocrx_word' id='word_1_113' title='bbox 939 1823 1039 1877; x_wconf 77' lang='lat' dir='ltr'><strong>levi</strong></span> <span class='ocrx_word' id='word_1_114' title='bbox 1070 1821 1243 1879; x_wconf 80' lang='lat' dir='ltr'><strong>fronte</strong></span> <span class='ocrx_word' id='word_1_115' title='bbox 1269 1831 1573 1888; x_wconf 90' lang='lat' dir='ltr'><strong>cornutum,</strong></span> <span class='ocrx_word' id='word_1_116' title='bbox 1608 1836 1716 1875; x_wconf 88' lang='lat' dir='ltr'><strong>non</strong></span> <span class='ocrx_word' id='word_1_117' title='bbox 1759 1821 1965 1892; x_wconf 87' lang='lat' dir='ltr'><strong>asperi-</strong></span> 
     </span>
    </p>
   </div>
   <div class='ocr_carea' id='block_1_18' title="bbox 382 1915 1493 1986">
    <p class='ocr_par' dir='ltr' id='par_1_18' title="bbox 382 1915 1493 1986">
     <span class='ocr_line' id='line_1_18' title="bbox 382 1915 1493 1986; baseline -0.005 -12"><span class='ocrx_word' id='word_1_118' title='bbox 382 1931 462 1975; x_wconf 89' lang='lat' dir='ltr'><strong>tas</strong></span> <span class='ocrx_word' id='word_1_119' title='bbox 481 1918 754 1973; x_wconf 78' lang='lat' dir='ltr'><strong>videretur</strong></span> <span class='ocrx_word' id='word_1_120' title='bbox 777 1915 1110 1986; x_wconf 83' lang='lat' dir='ltr'><strong>produsisse,</strong></span> <span class='ocrx_word' id='word_1_121' title='bbox 1135 1915 1230 1971; x_wconf 90' lang='lat' dir='ltr'><strong>sed</strong></span> <span class='ocrx_word' id='word_1_122' title='bbox 1258 1915 1493 1970; x_wconf 78' lang='lat' dir='ltr'><strong>claritas.</strong></span> 
     </span>
    </p>
   </div>
   <div class='ocr_carea' id='block_1_19' title="bbox 1125 2004 1210 2059">
    <p class='ocr_par' dir='ltr' id='par_1_19' title="bbox 1125 2004 1210 2059">
     <span class='ocr_line' id='line_1_19' title="bbox 1125 2004 1210 2059; baseline -0.024 0"><span class='ocrx_word' id='word_1_123' title='bbox 1125 2004 1210 2059; x_wconf 85' lang='lat' dir='ltr'><strong>ill.</strong></span> 
     </span>
    </p>
   </div>
   <div class='ocr_carea' id='block_1_20' title="bbox 768 2092 1530 2165">
    <p class='ocr_par' dir='ltr' id='par_1_20' title="bbox 768 2092 1530 2165">
     <span class='ocr_line' id='line_1_20' title="bbox 768 2092 1530 2165; baseline -0.005 -14"><span class='ocrx_word' id='word_1_124' title='bbox 768 2096 879 2165; x_wconf 83' lang='lat' dir='ltr'><strong>(Es</strong></span> <span class='ocrx_word' id='word_1_125' title='bbox 910 2108 1158 2151; x_wconf 82' lang='lat' dir='ltr'><strong>sermone</strong></span> <span class='ocrx_word' id='word_1_126' title='bbox 1180 2093 1247 2149; x_wconf 92' lang='lat' dir='ltr'><strong>de</strong></span> <span class='ocrx_word' id='word_1_127' title='bbox 1267 2092 1530 2165; x_wconf 85' lang='lat' dir='ltr'><strong>symbolo.</strong></span> 
     </span>
    </p>
   </div>
   <div class='ocr_carea' id='block_1_21' title="bbox 452 2183 1939 2258">
    <p class='ocr_par' dir='ltr' id='par_1_21' title="bbox 452 2183 1939 2258">
     <span class='ocr_line' id='line_1_21' title="bbox 452 2183 1939 2258; baseline -0.004 -16"><span class='ocrx_word' id='word_1_128' title='bbox 452 2187 700 2258; x_wconf 77' lang='lat' dir='ltr'><strong>Legimus</strong></span> <span class='ocrx_word' id='word_1_129' title='bbox 720 2184 949 2255; x_wconf 86' lang='lat' dir='ltr'><strong>quodam</strong></span> <span class='ocrx_word' id='word_1_130' title='bbox 977 2185 1114 2248; x_wconf 90' lang='lat' dir='ltr'><strong>loco,</strong></span> <span class='ocrx_word' id='word_1_131' title='bbox 1138 2183 1281 2252; x_wconf 87' lang='lat' dir='ltr'><strong>quod</strong></span> <span class='ocrx_word' id='word_1_132' title='bbox 1306 2184 1430 2237; x_wconf 79' lang='lat' dir='ltr'><strong>dum</strong></span> <span class='ocrx_word' id='word_1_133' title='bbox 1447 2198 1625 2237; x_wconf 79' lang='lat' dir='ltr'><strong>sumus</strong></span> <span class='ocrx_word' id='word_1_134' title='bbox 1646 2183 1700 2235; x_wconf 90' lang='lat' dir='ltr'><strong>in</strong></span> <span class='ocrx_word' id='word_1_135' title='bbox 1725 2197 1939 2251; x_wconf 82' lang='lat' dir='ltr'><strong>corpore</strong></span> 
     </span>
    </p>
   </div>
   <div class='ocr_carea' id='block_1_22' title="bbox 377 2270 1959 2349">
    <p class='ocr_par' dir='ltr' id='par_1_22' title="bbox 377 2270 1959 2349">
     <span class='ocr_line' id='line_1_22' title="bbox 377 2270 1959 2349; baseline -0.006 -17"><span class='ocrx_word' id='word_1_136' title='bbox 377 2278 760 2349; x_wconf 80' lang='lat' dir='ltr'><strong>peregrinamur</strong></span> <span class='ocrx_word' id='word_1_137' title='bbox 784 2291 815 2328; x_wconf 86' lang='lat' dir='ltr'><strong>a</strong></span> <span class='ocrx_word' id='word_1_138' title='bbox 844 2274 1064 2328; x_wconf 88' lang='lat' dir='ltr'><strong>Domino</strong></span> <span class='ocrx_word' id='word_1_139' title='bbox 1084 2270 1289 2342; x_wconf 85' lang='lat' dir='ltr'><strong>(IICor.</strong></span> <span class='ocrx_word' id='word_1_140' title='bbox 1311 2289 1365 2340; x_wconf 79' lang='grc' dir='ltr'><strong>ν,</strong></span> <span class='ocrx_word' id='word_1_141' title='bbox 1396 2272 1491 2343; x_wconf 73' lang='lat'><strong>6).</strong></span> <span class='ocrx_word' id='word_1_142' title='bbox 1520 2270 1785 2341; x_wconf 86' lang='lat' dir='ltr'><strong>Quidquid</strong></span> <span class='ocrx_word' id='word_1_143' title='bbox 1817 2272 1959 2326; x_wconf 90' lang='lat' dir='ltr'><strong>enim</strong></span> 
     </span>
    </p>
   </div>
   <div class='ocr_carea' id='block_1_23' title="bbox 377 2360 1957 2433">
    <p class='ocr_par' dir='ltr' id='par_1_23' title="bbox 377 2360 1957 2433">
     <span class='ocr_line' id='line_1_23' title="bbox 377 2360 1957 2433; baseline -0.006 -11"><span class='ocrx_word' id='word_1_144' title='bbox 377 2366 535 2422; x_wconf 78' lang='lat' dir='ltr'><strong>nnbEs</strong></span> <span class='ocrx_word' id='word_1_145' title='bbox 555 2366 624 2421; x_wconf 90' lang='lat' dir='ltr'><strong>de</strong></span> <span class='ocrx_word' id='word_1_146' title='bbox 642 2364 951 2420; x_wconf 72' lang='lat' dir='ltr'><strong>cmiestlbus</strong></span> <span class='ocrx_word' id='word_1_147' title='bbox 978 2361 1250 2433; x_wconf 81' lang='lat' dir='ltr'><strong>mysteriis</strong></span> <span class='ocrx_word' id='word_1_148' title='bbox 1274 2360 1520 2428; x_wconf 84' lang='lat' dir='ltr'><strong>traditur,</strong></span> <span class='ocrx_word' id='word_1_149' title='bbox 1546 2360 1843 2431; x_wconf 84' lang='lat' dir='ltr'><strong>quamlibet</strong></span> <span class='ocrx_word' id='word_1_150' title='bbox 1880 2361 1957 2414; x_wconf 86' lang='lat' dir='ltr'><strong>in-</strong></span> 
     </span>
    </p>
   </div>
   <div class='ocr_carea' id='block_1_24' title="bbox 376 2450 1961 2520">
    <p class='ocr_par' dir='ltr' id='par_1_24' title="bbox 376 2450 1961 2520">
     <span class='ocr_line' id='line_1_24' title="bbox 376 2450 1961 2520; baseline -0.004 -9"><span class='ocrx_word' id='word_1_151' title='bbox 376 2455 655 2511; x_wconf 81' lang='lat' dir='ltr'><strong>dubitabili</strong></span> <span class='ocrx_word' id='word_1_152' title='bbox 685 2454 910 2509; x_wconf 74' lang='lat' dir='ltr'><strong>veritate</strong></span> <span class='ocrx_word' id='word_1_153' title='bbox 952 2452 1227 2516; x_wconf 84' lang='lat' dir='ltr'><strong>subsistat,</strong></span> <span class='ocrx_word' id='word_1_154' title='bbox 1259 2451 1484 2507; x_wconf 85' lang='lat' dir='ltr'><strong>credere</strong></span> <span class='ocrx_word' id='word_1_155' title='bbox 1528 2450 1808 2516; x_wconf 57' lang='lat' dir='ltr'><strong>debetnue,</strong></span> <span class='ocrx_word' id='word_1_156' title='bbox 1838 2451 1961 2520; x_wconf 89' lang='lat' dir='ltr'><strong>quia</strong></span> 
     </span>
    </p>
   </div>
   <div class='ocr_carea' id='block_1_25' title="bbox 376 2543 1961 2616">
    <p class='ocr_par' dir='ltr' id='par_1_25' title="bbox 376 2543 1961 2616">
     <span class='ocr_line' id='line_1_25' title="bbox 376 2543 1961 2616; baseline -0.007 -11"><span class='ocrx_word' id='word_1_157' title='bbox 376 2549 564 2606; x_wconf 71' lang='lat' dir='ltr'><strong>videre</strong></span> <span class='ocrx_word' id='word_1_158' title='bbox 605 2562 710 2602; x_wconf 86' lang='lat' dir='ltr'><strong>non</strong></span> <span class='ocrx_word' id='word_1_159' title='bbox 741 2559 1044 2616; x_wconf 83' lang='lat' dir='ltr'><strong>possumus.</strong></span> <span class='ocrx_word' id='word_1_160' title='bbox 1076 2543 1207 2599; x_wconf 82' lang='lat' dir='ltr'><strong>Nam</strong></span> <span class='ocrx_word' id='word_1_161' title='bbox 1248 2544 1301 2598; x_wconf 92' lang='lat' dir='ltr'><strong>in</strong></span> <span class='ocrx_word' id='word_1_162' title='bbox 1346 2543 1450 2597; x_wconf 88' lang='lat' dir='ltr'><strong>isto</strong></span> <span class='ocrx_word' id='word_1_163' title='bbox 1470 2543 1690 2607; x_wconf 73' lang='lat' dir='ltr'><strong>sa-culo,</strong></span> <span class='ocrx_word' id='word_1_164' title='bbox 1722 2552 1961 2596; x_wconf 91' lang='lat' dir='ltr'><strong>nostrum</strong></span> 
     </span>
    </p>
   </div>
   <div class='ocr_carea' id='block_1_26' title="bbox 378 2631 1964 2697">
    <p class='ocr_par' dir='ltr' id='par_1_26' title="bbox 378 2631 1964 2697">
     <span class='ocr_line' id='line_1_26' title="bbox 378 2631 1964 2697; baseline -0.008 0"><span class='ocrx_word' id='word_1_165' title='bbox 378 2655 541 2697; x_wconf 82' lang='lat' dir='ltr'><strong>nosse</strong></span> <span class='ocrx_word' id='word_1_166' title='bbox 593 2636 963 2694; x_wconf 83' lang='lat' dir='ltr'><strong>tantummodo</strong></span> <span class='ocrx_word' id='word_1_167' title='bbox 1006 2634 1231 2691; x_wconf 83' lang='lat' dir='ltr'><strong>credere</strong></span> <span class='ocrx_word' id='word_1_168' title='bbox 1255 2642 1356 2689; x_wconf 89' lang='lat' dir='ltr'><strong>est.</strong></span> <span class='ocrx_word' id='word_1_169' title='bbox 1396 2631 1543 2687; x_wconf 89' lang='lat' dir='ltr'><strong>Beati</strong></span> <span class='ocrx_word' id='word_1_170' title='bbox 1576 2632 1719 2688; x_wconf 90' lang='lat' dir='ltr'><strong>enim</strong></span> <span class='ocrx_word' id='word_1_171' title='bbox 1770 2632 1964 2684; x_wconf 86' lang='lat' dir='ltr'><strong>mundo</strong></span> 
     </span>
    </p>
   </div>
   <div class='ocr_carea' id='block_1_27' title="bbox 376 2722 1964 2799">
    <p class='ocr_par' dir='ltr' id='par_1_27' title="bbox 376 2722 1964 2799">
     <span class='ocr_line' id='line_1_27' title="bbox 376 2722 1964 2799; baseline -0.005 -14"><span class='ocrx_word' id='word_1_172' title='bbox 376 2732 551 2797; x_wconf 82' lang='lat' dir='ltr'><strong>corde,</strong></span> <span class='ocrx_word' id='word_1_173' title='bbox 581 2730 822 2799; x_wconf 83' lang='lat' dir='ltr'><strong>quoniam</strong></span> <span class='ocrx_word' id='word_1_174' title='bbox 850 2728 949 2796; x_wconf 90' lang='lat' dir='ltr'><strong>ipsi</strong></span> <span class='ocrx_word' id='word_1_175' title='bbox 976 2726 1141 2781; x_wconf 84' lang='lat' dir='ltr'><strong>Deum</strong></span> <span class='ocrx_word' id='word_1_176' title='bbox 1174 2723 1397 2796; x_wconf 76' lang='lat' dir='ltr'><strong>(Matth.</strong></span> <span class='ocrx_word' id='word_1_177' title='bbox 1432 2739 1497 2793; x_wconf 72' lang='grc' dir='ltr'><strong>ν,</strong></span> <span class='ocrx_word' id='word_1_178' title='bbox 1537 2724 1650 2791; x_wconf 88' lang='lat'><strong>8);</strong></span> <span class='ocrx_word' id='word_1_179' title='bbox 1679 2736 1785 2777; x_wconf 90' lang='lat' dir='ltr'><strong>non</strong></span> <span class='ocrx_word' id='word_1_180' title='bbox 1824 2722 1964 2778; x_wconf 72' lang='lat' dir='ltr'><strong>dixit</strong></span> 
     </span>
    </p>
   </div>
   <div class='ocr_carea' id='block_1_28' title="bbox 377 2815 1961 2889">
    <p class='ocr_par' dir='ltr' id='par_1_28' title="bbox 377 2815 1961 2889">
     <span class='ocr_line' id='line_1_28' title="bbox 377 2815 1961 2889; baseline -0.004 -12"><span class='ocrx_word' id='word_1_181' title='bbox 377 2822 580 2889; x_wconf 81' lang='lat' dir='ltr'><strong>vident,</strong></span> <span class='ocrx_word' id='word_1_182' title='bbox 625 2821 720 2877; x_wconf 87' lang='lat' dir='ltr'><strong>sed</strong></span> <span class='ocrx_word' id='word_1_183' title='bbox 763 2820 1018 2874; x_wconf 79' lang='lat' dir='ltr'><strong>tidebunt.</strong></span> <span class='ocrx_word' id='word_1_184' title='bbox 1058 2818 1211 2875; x_wconf 89' lang='lat' dir='ltr'><strong>Unde</strong></span> <span class='ocrx_word' id='word_1_185' title='bbox 1256 2817 1347 2888; x_wconf 88' lang='lat' dir='ltr'><strong>qui</strong></span> <span class='ocrx_word' id='word_1_186' title='bbox 1391 2816 1445 2871; x_wconf 90' lang='lat' dir='ltr'><strong>in</strong></span> <span class='ocrx_word' id='word_1_187' title='bbox 1472 2815 1824 2886; x_wconf 67' lang='lat' dir='ltr'><strong>praesentibus</strong></span> <span class='ocrx_word' id='word_1_188' title='bbox 1865 2815 1961 2870; x_wconf 78' lang='lat' dir='ltr'><strong>Ita-</strong></span> 
     </span>
    </p>
   </div>
   <div class='ocr_carea' id='block_1_29' title="bbox 375 2906 1960 2983">
    <p class='ocr_par' dir='ltr' id='par_1_29' title="bbox 375 2906 1960 2983">
     <span class='ocr_line' id='line_1_29' title="bbox 375 2906 1960 2983; baseline -0.006 -13"><span class='ocrx_word' id='word_1_189' title='bbox 375 2914 557 2970; x_wconf 87' lang='lat' dir='ltr'><strong>bnerit</strong></span> <span class='ocrx_word' id='word_1_190' title='bbox 598 2912 776 2980; x_wconf 85' lang='lat' dir='ltr'><strong>tidem,</strong></span> <span class='ocrx_word' id='word_1_191' title='bbox 809 2911 923 2983; x_wconf 89' lang='lat' dir='ltr'><strong>ipse</strong></span> <span class='ocrx_word' id='word_1_192' title='bbox 967 2912 1023 2966; x_wconf 92' lang='lat' dir='ltr'><strong>in</strong></span> <span class='ocrx_word' id='word_1_193' title='bbox 1058 2910 1252 2966; x_wconf 75' lang='lat' dir='ltr'><strong>tuturis</strong></span> <span class='ocrx_word' id='word_1_194' title='bbox 1280 2907 1510 2977; x_wconf 89' lang='lat' dir='ltr'><strong>accipiet</strong></span> <span class='ocrx_word' id='word_1_195' title='bbox 1552 2906 1960 2976; x_wconf 84' lang='lat' dir='ltr'><strong>contemplatio-</strong></span> 
     </span>
    </p>
   </div>
   <div class='ocr_carea' id='block_1_30' title="bbox 381 3019 531 3060">
    <p class='ocr_par' dir='ltr' id='par_1_30' title="bbox 381 3019 531 3060">
     <span class='ocr_line' id='line_1_30' title="bbox 381 3019 531 3060; baseline 0 -1"><span class='ocrx_word' id='word_1_196' title='bbox 381 3019 531 3060; x_wconf 77' lang='lat' dir='ltr'><strong>item.</strong></span> 
     </span>
    </p>
   </div>
   <div class='ocr_carea' id='block_1_31' title="bbox 1124 3092 1214 3148">
    <p class='ocr_par' dir='ltr' id='par_1_31' title="bbox 1124 3092 1214 3148">
     <span class='ocr_line' id='line_1_31' title="bbox 1124 3092 1214 3148; baseline 0.011 -1"><span class='ocrx_word' id='word_1_197' title='bbox 1124 3092 1214 3148; x_wconf 82' lang='lat' dir='ltr'><strong>1V.</strong></span> 
     </span>
    </p>
   </div>
   <div class='ocr_carea' id='block_1_32' title="bbox 699 3178 1639 3255">
    <p class='ocr_par' dir='ltr' id='par_1_32' title="bbox 699 3178 1639 3255">
     <span class='ocr_line' id='line_1_32' title="bbox 699 3178 1639 3255; baseline -0.006 -16"><span class='ocrx_word' id='word_1_198' title='bbox 699 3184 813 3255; x_wconf 80' lang='lat' dir='ltr'><strong>(Es</strong></span> <span class='ocrx_word' id='word_1_199' title='bbox 847 3183 999 3239; x_wconf 86' lang='lat' dir='ltr'><strong>libris</strong></span> <span class='ocrx_word' id='word_1_200' title='bbox 1018 3182 1217 3239; x_wconf 83' lang='lat' dir='ltr'><strong>Contra</strong></span> <span class='ocrx_word' id='word_1_201' title='bbox 1263 3178 1639 3251; x_wconf 79' lang='lat' dir='ltr'><strong>Pltantasma.)</strong></span> 
     </span>
    </p>
   </div>
   <div class='ocr_carea' id='block_1_33' title="bbox 452 3259 2042 3343">
    <p class='ocr_par' dir='ltr' id='par_1_33' title="bbox 452 3259 2042 3343">
     <span class='ocr_line' id='line_1_33' title="bbox 452 3259 2042 3343; baseline -0.005 -14"><span class='ocrx_word' id='word_1_202' title='bbox 452 3275 698 3343; x_wconf 59' lang='lat' dir='ltr'><strong>Intelligit</strong></span> <span class='ocrx_word' id='word_1_203' title='bbox 722 3274 1008 3342; x_wconf 79' lang='lat' dir='ltr'><strong>Apostolus</strong></span> <span class='ocrx_word' id='word_1_204' title='bbox 1028 3288 1091 3327; x_wconf 90' lang='lat' dir='ltr'><strong>ac</strong></span> <span class='ocrx_word' id='word_1_205' title='bbox 1118 3273 1327 3337; x_wconf 75' lang='lat' dir='ltr'><strong>definit,</strong></span> <span class='ocrx_word' id='word_1_206' title='bbox 1353 3282 1481 3334; x_wconf 89' lang='lat' dir='ltr'><strong>etc.,</strong></span> <span class='ocrx_word' id='word_1_207' title='bbox 1520 3281 1576 3325; x_wconf 84' lang='lat' dir='ltr'><strong>ut</strong></span> <span class='ocrx_word' id='word_1_208' title='bbox 1613 3271 1666 3323; x_wconf 91' lang='lat' dir='ltr'><strong>in</strong></span> <span class='ocrx_word' id='word_1_209' title='bbox 1695 3269 1909 3340; x_wconf 85' lang='lat' dir='ltr'><strong>epistola</strong></span> <span class='ocrx_word' id='word_1_210' title='bbox 1931 3267 1966 3321; x_wconf 74' lang='grc' dir='ltr'><strong>Ξ</strong></span> <span class='ocrx_word' id='word_1_211' title='bbox 1991 3259 2042 3322; x_wconf 83' lang='lat' dir='ltr'><strong>C</strong></span> 
     </span>
    </p>
   </div>
   <div class='ocr_carea' id='block_1_34' title="bbox 378 3361 1958 3459">
    <p class='ocr_par' dir='ltr' id='par_1_34' title="bbox 378 3361 1958 3459">
     <span class='ocr_line' id='line_1_34' title="bbox 378 3361 1958 3459; baseline -0.003 -40"><span class='ocrx_word' id='word_1_212' title='bbox 378 3366 506 3435; x_wconf 78' lang='lat' dir='ltr'><strong>(col.</strong></span> <span class='ocrx_word' id='word_1_213' title='bbox 525 3363 650 3431; x_wconf 67' lang='lat'><strong>2176,</strong></span> <span class='ocrx_word' id='word_1_214' title='bbox 664 3364 739 3433; x_wconf 89' lang='lat' dir='ltr'><strong>a),</strong></span> <span class='ocrx_word' id='word_1_215' title='bbox 758 3364 993 3434; x_wconf 78' lang='lat' dir='ltr'><strong>usquead</strong></span> <span class='ocrx_word' id='word_1_216' title='bbox 1006 3364 1263 3433; x_wconf 83' lang='lat' dir='ltr'><strong>parentali</strong></span> <span class='ocrx_word' id='word_1_217' title='bbox 1277 3361 1633 3432; x_wconf 82' lang='lat' dir='ltr'><strong>chirographo</strong></span> <span class='ocrx_word' id='word_1_218' title='bbox 1648 3361 1958 3459; x_wconf 77' lang='lat' dir='ltr'><strong>sustineret.</strong></span> 
     </span>
    </p>
   </div>
   <div class='ocr_carea' id='block_1_35' title="bbox 682 3566 1657 3640">
    <p class='ocr_par' dir='ltr' id='par_1_35' title="bbox 682 3566 1657 3640">
     <span class='ocr_line' id='line_1_35' title="bbox 682 3566 1657 3640; baseline -0.002 -16"><span class='ocrx_word' id='word_1_219' title='bbox 682 3568 791 3640; x_wconf 82' lang='lat' dir='ltr'><strong>(Es</strong></span> <span class='ocrx_word' id='word_1_220' title='bbox 817 3582 1067 3625; x_wconf 88' lang='lat' dir='ltr'><strong>sermone</strong></span> <span class='ocrx_word' id='word_1_221' title='bbox 1095 3567 1182 3623; x_wconf 89' lang='lat' dir='ltr'><strong>die</strong></span> <span class='ocrx_word' id='word_1_222' title='bbox 1202 3574 1356 3623; x_wconf 79' lang='lat' dir='ltr'><strong>sexto</strong></span> <span class='ocrx_word' id='word_1_223' title='bbox 1379 3566 1657 3635; x_wconf 76' lang='lat' dir='ltr'><strong>Pasclne.)</strong></span> 
     </span>
    </p>
   </div>
   <div class='ocr_carea' id='block_1_36' title="bbox 462 3655 1968 3729">
    <p class='ocr_par' dir='ltr' id='par_1_36' title="bbox 462 3655 1968 3729">
     <span class='ocr_line' id='line_1_36' title="bbox 462 3655 1968 3729; baseline -0.003 -14"><span class='ocrx_word' id='word_1_224' title='bbox 462 3659 703 3715; x_wconf 81' lang='lat' dir='ltr'><strong>insonuit</strong></span> <span class='ocrx_word' id='word_1_225' title='bbox 728 3659 876 3715; x_wconf 83' lang='lat' dir='ltr'><strong>Pauli</strong></span> <span class='ocrx_word' id='word_1_226' title='bbox 904 3659 1130 3729; x_wconf 87' lang='lat' dir='ltr'><strong>apostoli</strong></span> <span class='ocrx_word' id='word_1_227' title='bbox 1159 3658 1399 3725; x_wconf 85' lang='lat' dir='ltr'><strong>auribus,</strong></span> <span class='ocrx_word' id='word_1_228' title='bbox 1422 3660 1560 3729; x_wconf 88' lang='lat' dir='ltr'><strong>quod</strong></span> <span class='ocrx_word' id='word_1_229' title='bbox 1589 3672 1693 3712; x_wconf 92' lang='lat' dir='ltr'><strong>non</strong></span> <span class='ocrx_word' id='word_1_230' title='bbox 1719 3655 1847 3712; x_wconf 87' lang='lat' dir='ltr'><strong>licet</strong></span> <span class='ocrx_word' id='word_1_231' title='bbox 1868 3655 1968 3711; x_wconf 81' lang='lat' dir='ltr'><strong>lto-</strong></span> 
     </span>
    </p>
   </div>
   <div class='ocr_carea' id='block_1_37' title="bbox 377 3746 1967 3822">
    <p class='ocr_par' dir='ltr' id='par_1_37' title="bbox 377 3746 1967 3822">
     <span class='ocr_line' id='line_1_37' title="bbox 377 3746 1967 3822; baseline -0.006 -14"><span class='ocrx_word' id='word_1_232' title='bbox 377 3752 522 3808; x_wconf 63' lang='lat' dir='ltr'><strong>mini‘</strong></span> <span class='ocrx_word' id='word_1_233' title='bbox 561 3750 699 3819; x_wconf 89' lang='lat' dir='ltr'><strong>loqui</strong></span> <span class='ocrx_word' id='word_1_234' title='bbox 723 3747 822 3822; x_wconf 89' lang='lat' dir='ltr'><strong>(Il</strong></span> <span class='ocrx_word' id='word_1_235' title='bbox 854 3748 973 3805; x_wconf 87' lang='lat' dir='ltr'><strong>Cor.</strong></span> <span class='ocrx_word' id='word_1_236' title='bbox 1006 3764 1103 3817; x_wconf 80' lang='lat' dir='ltr'><strong>xu,</strong></span> <span class='ocrx_word' id='word_1_237' title='bbox 1130 3747 1223 3820; x_wconf 81' lang='grc'><strong>4),</strong></span> <span class='ocrx_word' id='word_1_238' title='bbox 1253 3749 1502 3820; x_wconf 88' lang='lat' dir='ltr'><strong>quodque</strong></span> <span class='ocrx_word' id='word_1_239' title='bbox 1548 3748 1641 3804; x_wconf 81' lang='lat' dir='ltr'><strong>ille</strong></span> <span class='ocrx_word' id='word_1_240' title='bbox 1687 3746 1967 3817; x_wconf 87' lang='lat' dir='ltr'><strong>permitte-</strong></span> 
     </span>
    </p>
   </div>
   <div class='ocr_carea' id='block_1_38' title="bbox 377 3836 1964 3904">
    <p class='ocr_par' dir='ltr' id='par_1_38' title="bbox 377 3836 1964 3904">
     <span class='ocr_line' id='line_1_38' title="bbox 377 3836 1964 3904; baseline -0.004 -6"><span class='ocrx_word' id='word_1_241' title='bbox 377 3852 529 3898; x_wconf 70' lang='lat' dir='ltr'><strong>retur</strong></span> <span class='ocrx_word' id='word_1_242' title='bbox 552 3841 753 3904; x_wconf 85' lang='lat' dir='ltr'><strong>dicere,</strong></span> <span class='ocrx_word' id='word_1_243' title='bbox 799 3841 843 3895; x_wconf 91' lang='lat' dir='ltr'><strong>si</strong></span> <span class='ocrx_word' id='word_1_244' title='bbox 892 3852 989 3895; x_wconf 90' lang='lat' dir='ltr'><strong>nos</strong></span> <span class='ocrx_word' id='word_1_245' title='bbox 1034 3854 1366 3894; x_wconf 92' lang='lat' dir='ltr'><strong>mereremur</strong></span> <span class='ocrx_word' id='word_1_246' title='bbox 1392 3838 1598 3893; x_wconf 88' lang='lat' dir='ltr'><strong>audire.</strong></span> <span class='ocrx_word' id='word_1_247' title='bbox 1648 3837 1704 3893; x_wconf 87' lang='lat' dir='ltr'><strong>Si</strong></span> <span class='ocrx_word' id='word_1_248' title='bbox 1736 3836 1879 3893; x_wconf 89' lang='lat' dir='ltr'><strong>enim</strong></span> <span class='ocrx_word' id='word_1_249' title='bbox 1911 3836 1964 3891; x_wconf 87' lang='lat' dir='ltr'><strong>in</strong></span> 
     </span>
    </p>
   </div>
   <div class='ocr_carea' id='block_1_39' title="bbox 378 3930 1971 4007">
    <p class='ocr_par' dir='ltr' id='par_1_39' title="bbox 378 3930 1971 4007">
     <span class='ocr_line' id='line_1_39' title="bbox 378 3930 1971 4007; baseline -0.006 -14"><span class='ocrx_word' id='word_1_250' title='bbox 378 3938 596 3993; x_wconf 67' lang='lat' dir='ltr'><strong>modico</strong></span> <span class='ocrx_word' id='word_1_251' title='bbox 631 3936 817 3995; x_wconf 89' lang='lat' dir='ltr'><strong>lldeles</strong></span> <span class='ocrx_word' id='word_1_252' title='bbox 854 3951 965 3992; x_wconf 88' lang='lat' dir='ltr'><strong>non</strong></span> <span class='ocrx_word' id='word_1_253' title='bbox 1017 3934 1225 4001; x_wconf 76' lang='lat' dir='ltr'><strong>fuistis,</strong></span> <span class='ocrx_word' id='word_1_254' title='bbox 1281 3932 1428 4007; x_wconf 88' lang='lat' dir='ltr'><strong>quod</strong></span> <span class='ocrx_word' id='word_1_255' title='bbox 1478 3931 1658 4001; x_wconf 85' lang='lat' dir='ltr'><strong>majus</strong></span> <span class='ocrx_word' id='word_1_256' title='bbox 1704 3937 1811 3997; x_wconf 88' lang='lat' dir='ltr'><strong>est,</strong></span> <span class='ocrx_word' id='word_1_257' title='bbox 1842 3930 1971 4003; x_wconf 80' lang='lat' dir='ltr'><strong>quis</strong></span> 
     </span>
    </p>
   </div>
   <div class='ocr_carea' id='block_1_40' title="bbox 376 4028 1249 4102">
    <p class='ocr_par' dir='ltr' id='par_1_40' title="bbox 376 4028 1249 4102">
     <span class='ocr_line' id='line_1_40' title="bbox 376 4028 1249 4102; baseline -0.008 -14"><span class='ocrx_word' id='word_1_258' title='bbox 376 4030 567 4088; x_wconf 78' lang='lat' dir='ltr'><strong>credet</strong></span> <span class='ocrx_word' id='word_1_259' title='bbox 604 4031 756 4087; x_wconf 72' lang='lat' dir='ltr'><strong>vobis</strong></span> <span class='ocrx_word' id='word_1_260' title='bbox 785 4028 938 4102; x_wconf 85' lang='lat' dir='ltr'><strong>(Luc.</strong></span> <span class='ocrx_word' id='word_1_261' title='bbox 973 4045 1086 4095; x_wconf 72' lang='lat' dir='ltr'><strong>sm,</strong></span> <span class='ocrx_word' id='word_1_262' title='bbox 1116 4028 1249 4098; x_wconf 59' lang='grc' dir='ltr'><strong>ην</strong></span> 
     </span>
    </p>
   </div>
   <div class='ocr_carea' id='block_1_41' title="bbox 929 4140 1403 4198">
    <p class='ocr_par' dir='ltr' id='par_1_41' title="bbox 929 4140 1403 4198">
     <span class='ocr_line' id='line_1_41' title="bbox 929 4140 1403 4198; baseline 0 -1"><span class='ocrx_word' id='word_1_263' title='bbox 929 4142 1021 4197; x_wconf 81' lang='lat' dir='ltr'><strong>AD</strong></span> <span class='ocrx_word' id='word_1_264' title='bbox 1061 4140 1403 4198; x_wconf 79' lang='lat' dir='ltr'><strong>CALATAS.</strong></span> 
     </span>
    </p>
   </div>
   <div class='ocr_carea' id='block_1_42' title="bbox 450 4250 1962 4319">
    <p class='ocr_par' dir='ltr' id='par_1_42' title="bbox 450 4250 1962 4319">
     <span class='ocr_line' id='line_1_42' title="bbox 450 4250 1962 4319; baseline -0.001 -11"><span class='ocrx_word' id='word_1_265' title='bbox 450 4254 477 4308; x_wconf 86' lang='lat' dir='ltr'><strong>l</strong></span> <span class='ocrx_word' id='word_1_266' title='bbox 489 4296 501 4309; x_wconf 94' lang='lat'><strong>.</strong></span> <span class='ocrx_word' id='word_1_267' title='bbox 523 4254 779 4309; x_wconf 75' lang='lat' dir='ltr'><strong>llediator</strong></span> <span class='ocrx_word' id='word_1_268' title='bbox 795 4260 965 4306; x_wconf 87' lang='lat' dir='ltr'><strong>autem</strong></span> <span class='ocrx_word' id='word_1_269' title='bbox 981 4253 1130 4306; x_wconf 83' lang='lat' dir='ltr'><strong>unius</strong></span> <span class='ocrx_word' id='word_1_270' title='bbox 1148 4268 1250 4307; x_wconf 90' lang='lat' dir='ltr'><strong>non</strong></span> <span class='ocrx_word' id='word_1_271' title='bbox 1263 4261 1361 4319; x_wconf 87' lang='lat' dir='ltr'><strong>est,</strong></span> <span class='ocrx_word' id='word_1_272' title='bbox 1385 4250 1524 4305; x_wconf 86' lang='lat' dir='ltr'><strong>Deus</strong></span> <span class='ocrx_word' id='word_1_273' title='bbox 1540 4260 1708 4306; x_wconf 77' lang='lat' dir='ltr'><strong>autem</strong></span> <span class='ocrx_word' id='word_1_274' title='bbox 1720 4267 1853 4307; x_wconf 77' lang='lat' dir='ltr'><strong>unus</strong></span> <span class='ocrx_word' id='word_1_275' title='bbox 1864 4259 1962 4308; x_wconf 86' lang='lat' dir='ltr'><strong>est.</strong></span> 
     </span>
    </p>
   </div>
   <div class='ocr_carea' id='block_1_43' title="bbox 451 4340 1890 4412">
    <p class='ocr_par' dir='ltr' id='par_1_43' title="bbox 451 4340 1890 4412">
     <span class='ocr_line' id='line_1_43' title="bbox 451 4340 1890 4412; baseline 0 -15"><span class='ocrx_word' id='word_1_276' title='bbox 451 4342 535 4398; x_wconf 80' lang='lat' dir='ltr'><strong>II.</strong></span> <span class='ocrx_word' id='word_1_277' title='bbox 578 4342 722 4397; x_wconf 70' lang='lat' dir='ltr'><strong>Misit</strong></span> <span class='ocrx_word' id='word_1_278' title='bbox 755 4342 891 4396; x_wconf 83' lang='lat' dir='ltr'><strong>Deus</strong></span> <span class='ocrx_word' id='word_1_279' title='bbox 919 4340 1114 4396; x_wconf 79' lang='lat' dir='ltr'><strong>Filium</strong></span> <span class='ocrx_word' id='word_1_280' title='bbox 1139 4357 1288 4397; x_wconf 78' lang='lat' dir='ltr'><strong>suum</strong></span> <span class='ocrx_word' id='word_1_281' title='bbox 1312 4382 1329 4409; x_wconf 89' lang='lat'><strong>,</strong></span> <span class='ocrx_word' id='word_1_282' title='bbox 1360 4343 1550 4412; x_wconf 79' lang='lat' dir='ltr'><strong>factum</strong></span> <span class='ocrx_word' id='word_1_283' title='bbox 1572 4357 1636 4397; x_wconf 71' lang='lat' dir='ltr'><strong>ex</strong></span> <span class='ocrx_word' id='word_1_284' title='bbox 1660 4343 1890 4398; x_wconf 82' lang='lat' dir='ltr'><strong>muliere.</strong></span> 
     </span>
    </p>
   </div>
   <div class='ocr_carea' id='block_1_44' title="bbox 450 4430 1033 4488">
    <p class='ocr_par' dir='ltr' id='par_1_44' title="bbox 450 4430 1033 4488">
     <span class='ocr_line' id='line_1_44' title="bbox 450 4430 1033 4488; baseline -0.003 -1"><span class='ocrx_word' id='word_1_285' title='bbox 450 4430 572 4488; x_wconf 85' lang='lat' dir='ltr'><strong><em>III.</em></strong></span> <span class='ocrx_word' id='word_1_286' title='bbox 598 4430 732 4485; x_wconf 87' lang='lat' dir='ltr'><strong>Item</strong></span> <span class='ocrx_word' id='word_1_287' title='bbox 755 4432 819 4485; x_wconf 87' lang='lat' dir='ltr'><strong>de</strong></span> <span class='ocrx_word' id='word_1_288' title='bbox 838 4434 1033 4485; x_wconf 87' lang='lat' dir='ltr'><strong>eodem.</strong></span> 
     </span>
    </p>
   </div>
   <div class='ocr_carea' id='block_1_45' title="bbox 447 4517 1965 4591">
    <p class='ocr_par' dir='ltr' id='par_1_45' title="bbox 447 4517 1965 4591">
     <span class='ocr_line' id='line_1_45' title="bbox 447 4517 1965 4591; baseline 0.001 -16"><span class='ocrx_word' id='word_1_289' title='bbox 447 4519 478 4575; x_wconf 88' lang='grc' dir='ltr'><em>ι</em></span> <span class='ocrx_word' id='word_1_290' title='bbox 493 4520 556 4575; x_wconf 83' lang='grc' dir='ltr'><strong>γ.</strong></span> <span class='ocrx_word' id='word_1_291' title='bbox 600 4519 730 4574; x_wconf 72' lang='lat' dir='ltr'><strong>lilii</strong></span> <span class='ocrx_word' id='word_1_292' title='bbox 757 4528 926 4574; x_wconf 75' lang='lat' dir='ltr'><strong>autem</strong></span> <span class='ocrx_word' id='word_1_293' title='bbox 947 4518 1079 4575; x_wconf 85' lang='lat' dir='ltr'><strong>obsit</strong></span> <span class='ocrx_word' id='word_1_294' title='bbox 1097 4518 1345 4591; x_wconf 86' lang='lat' dir='ltr'><strong>gloriari,</strong></span> <span class='ocrx_word' id='word_1_295' title='bbox 1368 4518 1470 4575; x_wconf 78' lang='lat' dir='ltr'><strong>nisi</strong></span> <span class='ocrx_word' id='word_1_296' title='bbox 1496 4520 1551 4575; x_wconf 90' lang='lat' dir='ltr'><strong>in</strong></span> <span class='ocrx_word' id='word_1_297' title='bbox 1578 4536 1724 4576; x_wconf 75' lang='lat' dir='ltr'><strong>cruce</strong></span> <span class='ocrx_word' id='word_1_298' title='bbox 1754 4517 1965 4577; x_wconf 81' lang='lat' dir='ltr'><strong>Domini</strong></span> 
     </span>
    </p>
   </div>
   <div class='ocr_carea' id='block_1_46' title="bbox 374 4608 927 4669">
    <p class='ocr_par' dir='ltr' id='par_1_46' title="bbox 374 4608 927 4669">
     <span class='ocr_line' id='line_1_46' title="bbox 374 4608 927 4669; baseline -0.009 0"><span class='ocrx_word' id='word_1_299' title='bbox 374 4611 543 4669; x_wconf 76' lang='lat' dir='ltr'><strong>nostri</strong></span> <span class='ocrx_word' id='word_1_300' title='bbox 566 4608 693 4665; x_wconf 73' lang='lat' dir='ltr'><strong>Iesu</strong></span> <span class='ocrx_word' id='word_1_301' title='bbox 714 4608 927 4666; x_wconf 85' lang='lat' dir='ltr'><strong>Cltristi.</strong></span> 
     </span>
    </p>
   </div>
   <div class='ocr_carea' id='block_1_47' title="bbox 733 4832 1639 4904">
    <p class='ocr_par' dir='ltr' id='par_1_47' title="bbox 733 4832 1639 4904">
     <span class='ocr_line' id='line_1_47' title="bbox 733 4832 1639 4904; baseline -0.004 -15"><span class='ocrx_word' id='word_1_302' title='bbox 733 4832 817 4890; x_wconf 81' lang='lat' dir='ltr'><strong>Ex</strong></span> <span class='ocrx_word' id='word_1_303' title='bbox 849 4833 999 4889; x_wconf 89' lang='lat' dir='ltr'><strong>libris</strong></span> <span class='ocrx_word' id='word_1_304' title='bbox 1025 4833 1223 4889; x_wconf 83' lang='lat' dir='ltr'><strong>Contra</strong></span> <span class='ocrx_word' id='word_1_305' title='bbox 1254 4832 1639 4904; x_wconf 85' lang='lat' dir='ltr'><strong>Pbantasma.)</strong></span> 
     </span>
    </p>
   </div>
   <div class='ocr_carea' id='block_1_48' title="bbox 452 4924 1968 5006">
    <p class='ocr_par' dir='ltr' id='par_1_48' title="bbox 452 4924 1968 5006">
     <span class='ocr_line' id='line_1_48' title="bbox 452 4924 1968 5006; baseline -0.001 -25"><span class='ocrx_word' id='word_1_306' title='bbox 452 4924 566 4981; x_wconf 80' lang='lat' dir='ltr'><strong>Hoc</strong></span> <span class='ocrx_word' id='word_1_307' title='bbox 593 4924 887 5006; x_wconf 83' lang='lat' dir='ltr'><strong>remedium</strong></span> <span class='ocrx_word' id='word_1_308' title='bbox 915 4925 1202 4995; x_wconf 83' lang='lat' dir='ltr'><strong>Apostolus</strong></span> <span class='ocrx_word' id='word_1_309' title='bbox 1224 4924 1355 4981; x_wconf 89' lang='lat' dir='ltr'><strong>dicit</strong></span> <span class='ocrx_word' id='word_1_310' title='bbox 1383 4924 1719 4995; x_wconf 85' lang='lat' dir='ltr'><strong>dispositum,</strong></span> <span class='ocrx_word' id='word_1_311' title='bbox 1750 4934 1879 4993; x_wconf 89' lang='lat' dir='ltr'><strong>etc.,</strong></span> <span class='ocrx_word' id='word_1_312' title='bbox 1912 4934 1968 4979; x_wconf 80' lang='lat' dir='ltr'><strong>ut</strong></span> 
     </span>
    </p>
   </div>
   <div class='ocr_carea' id='block_1_49' title="bbox 377 5014 1967 5089">
    <p class='ocr_par' dir='ltr' id='par_1_49' title="bbox 377 5014 1967 5089">
     <span class='ocr_line' id='line_1_49' title="bbox 377 5014 1967 5089; baseline 0.001 -19"><span class='ocrx_word' id='word_1_313' title='bbox 377 5017 432 5071; x_wconf 86' lang='lat' dir='ltr'><strong>in</strong></span> <span class='ocrx_word' id='word_1_314' title='bbox 460 5014 675 5083; x_wconf 85' lang='lat' dir='ltr'><strong>epistola</strong></span> <span class='ocrx_word' id='word_1_315' title='bbox 700 5014 737 5069; x_wconf 69' lang='grc' dir='ltr'><strong>Ξ</strong></span> <span class='ocrx_word' id='word_1_316' title='bbox 762 5014 887 5087; x_wconf 87' lang='lat' dir='ltr'><strong>(col.</strong></span> <span class='ocrx_word' id='word_1_317' title='bbox 915 5016 1041 5083; x_wconf 71' lang='lat'><strong>206,</strong></span> <span class='ocrx_word' id='word_1_318' title='bbox 1076 5016 1154 5087; x_wconf 70' lang='lat' dir='ltr'><strong>lt),</strong></span> <span class='ocrx_word' id='word_1_319' title='bbox 1184 5032 1343 5089; x_wconf 82' lang='lat' dir='ltr'><strong>usque</strong></span> <span class='ocrx_word' id='word_1_320' title='bbox 1360 5018 1427 5071; x_wconf 85' lang='lat' dir='ltr'><strong>ad</strong></span> <span class='ocrx_word' id='word_1_321' title='bbox 1450 5031 1615 5073; x_wconf 86' lang='lat' dir='ltr'><strong>unum</strong></span> <span class='ocrx_word' id='word_1_322' title='bbox 1642 5016 1876 5073; x_wconf 85' lang='lat' dir='ltr'><strong>reddidit</strong></span> <span class='ocrx_word' id='word_1_323' title='bbox 1899 5030 1967 5071; x_wconf 78' lang='lat' dir='ltr'><strong>ex</strong></span> 
     </span>
    </p>
   </div>
   <div class='ocr_carea' id='block_1_50' title="bbox 380 5109 643 5180">
    <p class='ocr_par' dir='ltr' id='par_1_50' title="bbox 380 5109 643 5180">
     <span class='ocr_line' id='line_1_50' title="bbox 380 5109 643 5180; baseline 0 -15"><span class='ocrx_word' id='word_1_324' title='bbox 380 5109 643 5180; x_wconf 86' lang='lat' dir='ltr'><strong>utrisque.</strong></span> 
     </span>
    </p>
   </div>
   <div class='ocr_carea' id='block_1_51' title="bbox 1136 5199 1199 5255">
    <p class='ocr_par' dir='ltr' id='par_1_51' title="bbox 1136 5199 1199 5255">
     <span class='ocr_line' id='line_1_51' title="bbox 1136 5199 1199 5255; baseline -0.032 0"><span class='ocrx_word' id='word_1_325' title='bbox 1136 5199 1199 5255; x_wconf 87' lang='grc'><strong>11.</strong></span> 
     </span>
    </p>
   </div>
   <div class='ocr_carea' id='block_1_52' title="bbox 704 5287 1646 5363">
    <p class='ocr_par' dir='ltr' id='par_1_52' title="bbox 704 5287 1646 5363">
     <span class='ocr_line' id='line_1_52' title="bbox 704 5287 1646 5363; baseline 0.001 -18"><span class='ocrx_word' id='word_1_326' title='bbox 704 5290 820 5359; x_wconf 81' lang='lat' dir='ltr'><strong>(Es</strong></span> <span class='ocrx_word' id='word_1_327' title='bbox 849 5288 999 5346; x_wconf 89' lang='lat' dir='ltr'><strong>libris</strong></span> <span class='ocrx_word' id='word_1_328' title='bbox 1024 5287 1221 5346; x_wconf 87' lang='lat' dir='ltr'><strong>Contra</strong></span> <span class='ocrx_word' id='word_1_329' title='bbox 1269 5289 1646 5363; x_wconf 86' lang='lat' dir='ltr'><strong>Phantasma.)</strong></span> 
     </span>
    </p>
   </div>
   <div class='ocr_carea' id='block_1_53' title="bbox 453 5380 1961 5451">
    <p class='ocr_par' dir='ltr' id='par_1_53' title="bbox 453 5380 1961 5451">
     <span class='ocr_line' id='line_1_53' title="bbox 453 5380 1961 5451; baseline 0.001 -14"><span class='ocrx_word' id='word_1_330' title='bbox 453 5380 607 5437; x_wconf 80' lang='lat' dir='ltr'><strong>Adsit</strong></span> <span class='ocrx_word' id='word_1_331' title='bbox 655 5396 793 5435; x_wconf 90' lang='lat' dir='ltr'><strong>nunc</strong></span> <span class='ocrx_word' id='word_1_332' title='bbox 817 5381 1052 5437; x_wconf 86' lang='lat' dir='ltr'><strong>sermoni</strong></span> <span class='ocrx_word' id='word_1_333' title='bbox 1092 5388 1274 5436; x_wconf 91' lang='lat' dir='ltr'><strong>nostro</strong></span> <span class='ocrx_word' id='word_1_334' title='bbox 1302 5381 1640 5451; x_wconf 85' lang='lat' dir='ltr'><strong>Emmanuel,</strong></span> <span class='ocrx_word' id='word_1_335' title='bbox 1673 5392 1800 5450; x_wconf 81' lang='lat' dir='ltr'><strong>etc.,</strong></span> <span class='ocrx_word' id='word_1_336' title='bbox 1831 5386 1961 5439; x_wconf 81' lang='lat' dir='ltr'><strong>utin</strong></span> 
     </span>
    </p>
   </div>
   <div class='ocr_carea' id='block_1_54' title="bbox 376 5471 1970 5544">
    <p class='ocr_par' dir='ltr' id='par_1_54' title="bbox 376 5471 1970 5544">
     <span class='ocr_line' id='line_1_54' title="bbox 376 5471 1970 5544; baseline 0.004 -19"><span class='ocrx_word' id='word_1_337' title='bbox 376 5474 597 5542; x_wconf 74' lang='lat' dir='ltr'><strong>epistola</strong></span> <span class='ocrx_word' id='word_1_338' title='bbox 612 5471 785 5544; x_wconf 70' lang='lat' dir='ltr'><strong>2(col.</strong></span> <span class='ocrx_word' id='word_1_339' title='bbox 808 5471 938 5539; x_wconf 71' lang='lat'><strong>205,</strong></span> <span class='ocrx_word' id='word_1_340' title='bbox 961 5474 1034 5540; x_wconf 89' lang='lat' dir='ltr'><strong>a),</strong></span> <span class='ocrx_word' id='word_1_341' title='bbox 1057 5487 1212 5542; x_wconf 80' lang='lat' dir='ltr'><strong>usque</strong></span> <span class='ocrx_word' id='word_1_342' title='bbox 1238 5471 1305 5525; x_wconf 90' lang='lat' dir='ltr'><strong>ad</strong></span> <span class='ocrx_word' id='word_1_343' title='bbox 1335 5471 1421 5528; x_wconf 84' lang='lat' dir='ltr'><strong>hic</strong></span> <span class='ocrx_word' id='word_1_344' title='bbox 1441 5480 1495 5527; x_wconf 90' lang='lat' dir='ltr'><strong>et</strong></span> <span class='ocrx_word' id='word_1_345' title='bbox 1515 5471 1611 5529; x_wconf 86' lang='lat' dir='ltr'><strong>Dei</strong></span> <span class='ocrx_word' id='word_1_346' title='bbox 1634 5472 1772 5532; x_wconf 78' lang='lat' dir='ltr'><strong>illius</strong></span> <span class='ocrx_word' id='word_1_347' title='bbox 1796 5484 1851 5530; x_wconf 89' lang='lat' dir='ltr'><strong>et</strong></span> <span class='ocrx_word' id='word_1_348' title='bbox 1873 5474 1970 5531; x_wconf 89' lang='lat' dir='ltr'><strong>ho-</strong></span> 
     </span>
    </p>
   </div>
   <div class='ocr_carea' id='block_1_55' title="bbox 378 5562 686 5621">
    <p class='ocr_par' dir='ltr' id='par_1_55' title="bbox 378 5562 686 5621">
     <span class='ocr_line' id='line_1_55' title="bbox 378 5562 686 5621; baseline -0.019 -1"><span class='ocrx_word' id='word_1_349' title='bbox 378 5562 543 5621; x_wconf 87' lang='lat' dir='ltr'><strong>minis</strong></span> <span class='ocrx_word' id='word_1_350' title='bbox 564 5563 686 5618; x_wconf 84' lang='lat' dir='ltr'><strong>erit.</strong></span> 
     </span>
    </p>
   </div>
   <div class='ocr_carea' id='block_1_56' title="bbox 1134 5650 1222 5706">
    <p class='ocr_par' dir='ltr' id='par_1_56' title="bbox 1134 5650 1222 5706">
     <span class='ocr_line' id='line_1_56' title="bbox 1134 5650 1222 5706; baseline -0.011 0"><span class='ocrx_word' id='word_1_351' title='bbox 1134 5650 1222 5706; x_wconf 86' lang='lat' dir='ltr'><strong>Ill.</strong></span> 
     </span>
    </p>
   </div>
   <div class='ocr_carea' id='block_1_57' title="bbox 691 5742 1664 5816">
    <p class='ocr_par' dir='ltr' id='par_1_57' title="bbox 691 5742 1664 5816">
     <span class='ocr_line' id='line_1_57' title="bbox 691 5742 1664 5816; baseline 0.001 -18"><span class='ocrx_word' id='word_1_352' title='bbox 691 5744 799 5813; x_wconf 77' lang='lat' dir='ltr'><strong>(Es</strong></span> <span class='ocrx_word' id='word_1_353' title='bbox 831 5744 968 5799; x_wconf 82' lang='lat' dir='ltr'><strong>libro</strong></span> <span class='ocrx_word' id='word_1_354' title='bbox 996 5743 1063 5799; x_wconf 88' lang='lat' dir='ltr'><strong>de</strong></span> <span class='ocrx_word' id='word_1_355' title='bbox 1089 5742 1289 5799; x_wconf 82' lang='lat' dir='ltr'><strong>Christi</strong></span> <span class='ocrx_word' id='word_1_356' title='bbox 1332 5743 1664 5816; x_wconf 80' lang='lat' dir='ltr'><strong>nativitate.)</strong></span> 
     </span>
    </p>
   </div>
   <div class='ocr_carea' id='block_1_58' title="bbox 459 5833 1960 5908">
    <p class='ocr_par' dir='ltr' id='par_1_58' title="bbox 459 5833 1960 5908">
     <span class='ocr_line' id='line_1_58' title="bbox 459 5833 1960 5908; baseline 0.001 -15"><span class='ocrx_word' id='word_1_357' title='bbox 459 5837 741 5907; x_wconf 76' lang='lat' dir='ltr'><strong>Apostolus</strong></span> <span class='ocrx_word' id='word_1_358' title='bbox 757 5836 903 5906; x_wconf 85' lang='lat' dir='ltr'><strong>dicit,</strong></span> <span class='ocrx_word' id='word_1_359' title='bbox 927 5834 1202 5905; x_wconf 86' lang='lat' dir='ltr'><strong>Postquam</strong></span> <span class='ocrx_word' id='word_1_360' title='bbox 1216 5849 1331 5889; x_wconf 76' lang='lat' dir='ltr'><strong>vero</strong></span> <span class='ocrx_word' id='word_1_361' title='bbox 1344 5836 1472 5889; x_wconf 79' lang='lat' dir='ltr'><strong>venit</strong></span> <span class='ocrx_word' id='word_1_362' title='bbox 1489 5833 1629 5908; x_wconf 84' lang='lat' dir='ltr'><strong>(Gal.</strong></span> <span class='ocrx_word' id='word_1_363' title='bbox 1650 5851 1721 5904; x_wconf 81' lang='lat' dir='ltr'><strong>tv,</strong></span> <span class='ocrx_word' id='word_1_364' title='bbox 1738 5835 1814 5907; x_wconf 61' lang='grc' dir='ltr'><strong>ι),</strong></span> <span class='ocrx_word' id='word_1_365' title='bbox 1830 5846 1930 5894; x_wconf 87' lang='lat' dir='ltr'><strong>etc.</strong></span> <span class='ocrx_word' id='word_1_366' title='bbox 1944 5878 1960 5907; x_wconf 86' lang='lat'><strong>,</strong></span> 
     </span>
    </p>
   </div>
   <div class='ocr_carea' id='block_1_59' title="bbox 2070 644 2754 711">
    <p class='ocr_par' dir='ltr' id='par_1_59' title="bbox 2070 644 2754 711">
     <span class='ocr_line' id='line_1_59' title="bbox 2070 644 2754 711; baseline 0.006 -15"><span class='ocrx_word' id='word_1_367' title='bbox 2070 644 2317 711; x_wconf 72' lang='lat' dir='ltr'><strong>cmpisso,</strong></span> <span class='ocrx_word' id='word_1_368' title='bbox 2358 644 2425 699; x_wconf 92' lang='lat' dir='ltr'><strong>de</strong></span> <span class='ocrx_word' id='word_1_369' title='bbox 2454 654 2623 700; x_wconf 86' lang='lat' dir='ltr'><strong>matre</strong></span> <span class='ocrx_word' id='word_1_370' title='bbox 2652 654 2754 701; x_wconf 89' lang='lat' dir='ltr'><strong>est.</strong></span> 
     </span>
    </p>
   </div>
   <div class='ocr_carea' id='block_1_60' title="bbox 2808 739 2897 795">
    <p class='ocr_par' dir='ltr' id='par_1_60' title="bbox 2808 739 2897 795">
     <span class='ocr_line' id='line_1_60' title="bbox 2808 739 2897 795; baseline 0 -1"><span class='ocrx_word' id='word_1_371' title='bbox 2808 739 2897 795; x_wconf 76' lang='lat' dir='ltr'><strong>IV.</strong></span> 
     </span>
    </p>
   </div>
   <div class='ocr_carea' id='block_1_61' title="bbox 2350 829 3379 902">
    <p class='ocr_par' dir='ltr' id='par_1_61' title="bbox 2350 829 3379 902">
     <span class='ocr_line' id='line_1_61' title="bbox 2350 829 3379 902; baseline -0.002 -18"><span class='ocrx_word' id='word_1_372' title='bbox 2350 829 2465 899; x_wconf 76' lang='lat' dir='ltr'><strong>(Ex</strong></span> <span class='ocrx_word' id='word_1_373' title='bbox 2496 844 2748 886; x_wconf 88' lang='lat' dir='ltr'><strong>sermone</strong></span> <span class='ocrx_word' id='word_1_374' title='bbox 2772 831 2859 887; x_wconf 89' lang='lat' dir='ltr'><strong>die</strong></span> <span class='ocrx_word' id='word_1_375' title='bbox 2888 832 2921 885; x_wconf 81' lang='grc'><strong>5</strong></span> <span class='ocrx_word' id='word_1_376' title='bbox 2959 831 3333 902; x_wconf 74' lang='lat' dir='ltr'><strong>llogationum.</strong></span> <span class='ocrx_word' id='word_1_377' title='bbox 3358 832 3379 901; x_wconf 90' lang='lat'><strong>)</strong></span> 
     </span>
    </p>
   </div>
   <div class='ocr_carea' id='block_1_62' title="bbox 2139 918 3659 994">
    <p class='ocr_par' dir='ltr' id='par_1_62' title="bbox 2139 918 3659 994">
     <span class='ocr_line' id='line_1_62' title="bbox 2139 918 3659 994; baseline 0.003 -20"><span class='ocrx_word' id='word_1_378' title='bbox 2139 918 2290 974; x_wconf 86' lang='lat' dir='ltr'><strong>Sicut</strong></span> <span class='ocrx_word' id='word_1_379' title='bbox 2320 920 2462 975; x_wconf 89' lang='lat' dir='ltr'><strong>enim</strong></span> <span class='ocrx_word' id='word_1_380' title='bbox 2487 919 2797 975; x_wconf 66' lang='lat' dir='ltr'><strong>Iudaeorum</strong></span> <span class='ocrx_word' id='word_1_381' title='bbox 2825 923 2933 987; x_wconf 82' lang='lat' dir='ltr'><strong>lex,</strong></span> <span class='ocrx_word' id='word_1_382' title='bbox 2963 923 3033 977; x_wconf 87' lang='lat' dir='ltr'><strong>ita</strong></span> <span class='ocrx_word' id='word_1_383' title='bbox 3053 925 3291 993; x_wconf 87' lang='lat' dir='ltr'><strong>gentium</strong></span> <span class='ocrx_word' id='word_1_384' title='bbox 3321 924 3512 994; x_wconf 83' lang='lat' dir='ltr'><strong>glor&#39;a,</strong></span> <span class='ocrx_word' id='word_1_385' title='bbox 3539 940 3659 994; x_wconf 86' lang='lat' dir='ltr'><strong>gra-</strong></span> 
     </span>
    </p>
   </div>
   <div class='ocr_carea' id='block_1_63' title="bbox 2067 1008 3657 1085">
    <p class='ocr_par' dir='ltr' id='par_1_63' title="bbox 2067 1008 3657 1085">
     <span class='ocr_line' id='line_1_63' title="bbox 2067 1008 3657 1085; baseline 0.005 -20"><span class='ocrx_word' id='word_1_386' title='bbox 2067 1008 2138 1065; x_wconf 88' lang='lat' dir='ltr'><strong>tia</strong></span> <span class='ocrx_word' id='word_1_387' title='bbox 2163 1020 2264 1064; x_wconf 86' lang='lat' dir='ltr'><strong>est.</strong></span> <span class='ocrx_word' id='word_1_388' title='bbox 2301 1010 2366 1064; x_wconf 86' lang='lat' dir='ltr'><strong>Et</strong></span> <span class='ocrx_word' id='word_1_389' title='bbox 2414 1010 2537 1065; x_wconf 90' lang='lat' dir='ltr'><strong>ideo</strong></span> <span class='ocrx_word' id='word_1_390' title='bbox 2581 1012 2856 1081; x_wconf 87' lang='lat' dir='ltr'><strong>apostolus</strong></span> <span class='ocrx_word' id='word_1_391' title='bbox 2890 1013 3083 1069; x_wconf 85' lang='lat' dir='ltr'><strong>Paulus</strong></span> <span class='ocrx_word' id='word_1_392' title='bbox 3119 1014 3186 1068; x_wconf 87' lang='lat' dir='ltr'><strong>ad</strong></span> <span class='ocrx_word' id='word_1_393' title='bbox 3244 1029 3404 1070; x_wconf 90' lang='lat' dir='ltr'><strong>unam</strong></span> <span class='ocrx_word' id='word_1_394' title='bbox 3452 1025 3657 1085; x_wconf 89' lang='lat' dir='ltr'><strong>partem</strong></span> 
     </span>
    </p>
   </div>
   <div class='ocr_carea' id='block_1_64' title="bbox 2067 1099 3658 1176">
    <p class='ocr_par' dir='ltr' id='par_1_64' title="bbox 2067 1099 3658 1176">
     <span class='ocr_line' id='line_1_64' title="bbox 2067 1099 3658 1176; baseline 0.006 -22"><span class='ocrx_word' id='word_1_395' title='bbox 2067 1099 2217 1162; x_wconf 89' lang='lat' dir='ltr'><strong>dicit,</strong></span> <span class='ocrx_word' id='word_1_396' title='bbox 2252 1100 2370 1154; x_wconf 86' lang='lat' dir='ltr'><strong>Non</strong></span> <span class='ocrx_word' id='word_1_397' title='bbox 2417 1100 2549 1155; x_wconf 82' lang='lat' dir='ltr'><strong>bona</strong></span> <span class='ocrx_word' id='word_1_398' title='bbox 2598 1100 2842 1171; x_wconf 75' lang='lat' dir='ltr'><strong>gloriatio</strong></span> <span class='ocrx_word' id='word_1_399' title='bbox 2884 1114 3045 1158; x_wconf 82' lang='lat' dir='ltr'><strong>vestra</strong></span> <span class='ocrx_word' id='word_1_400' title='bbox 3074 1102 3144 1175; x_wconf 87' lang='grc'><strong>(1</strong></span> <span class='ocrx_word' id='word_1_401' title='bbox 3214 1105 3336 1159; x_wconf 75' lang='lat' dir='ltr'><strong>Cor.</strong></span> <span class='ocrx_word' id='word_1_402' title='bbox 3385 1121 3437 1171; x_wconf 75' lang='grc' dir='ltr'><strong>ν,</strong></span> <span class='ocrx_word' id='word_1_403' title='bbox 3469 1107 3557 1176; x_wconf 88' lang='grc'><strong>6),</strong></span> <span class='ocrx_word' id='word_1_404' title='bbox 3591 1108 3658 1163; x_wconf 87' lang='lat' dir='ltr'><strong>ad</strong></span> 
     </span>
    </p>
   </div>
   <div class='ocr_carea' id='block_1_65' title="bbox 2068 1190 3658 1266">
    <p class='ocr_par' dir='ltr' id='par_1_65' title="bbox 2068 1190 3658 1266">
     <span class='ocr_line' id='line_1_65' title="bbox 2068 1190 3658 1266; baseline 0.006 -23"><span class='ocrx_word' id='word_1_405' title='bbox 2068 1190 2226 1245; x_wconf 88' lang='lat' dir='ltr'><strong>aliam</strong></span> <span class='ocrx_word' id='word_1_406' title='bbox 2250 1206 2396 1254; x_wconf 79' lang='lat' dir='ltr'><strong>vero.</strong></span> <span class='ocrx_word' id='word_1_407' title='bbox 2424 1190 2557 1245; x_wconf 74' lang='lat' dir='ltr'><strong>Mihi</strong></span> <span class='ocrx_word' id='word_1_408' title='bbox 2576 1204 2744 1247; x_wconf 84' lang='lat' dir='ltr'><strong>autem</strong></span> <span class='ocrx_word' id='word_1_409' title='bbox 2764 1195 2892 1248; x_wconf 84' lang='lat' dir='ltr'><strong>absit</strong></span> <span class='ocrx_word' id='word_1_410' title='bbox 2913 1195 3146 1266; x_wconf 82' lang='lat' dir='ltr'><strong>gloriari,</strong></span> <span class='ocrx_word' id='word_1_411' title='bbox 3170 1196 3272 1251; x_wconf 88' lang='lat' dir='ltr'><strong>nisi</strong></span> <span class='ocrx_word' id='word_1_412' title='bbox 3290 1198 3344 1252; x_wconf 89' lang='lat' dir='ltr'><strong>in</strong></span> <span class='ocrx_word' id='word_1_413' title='bbox 3368 1214 3519 1253; x_wconf 83' lang='lat' dir='ltr'><strong>cruce</strong></span> <span class='ocrx_word' id='word_1_414' title='bbox 3550 1196 3627 1253; x_wconf 88' lang='lat' dir='ltr'><strong>Do</strong></span> <span class='ocrx_word' id='word_1_415' title='bbox 3644 1229 3658 1241; x_wconf 85' lang='lat'><strong>-</strong></span> 
     </span>
    </p>
   </div>
   <div class='ocr_carea' id='block_1_66' title="bbox 2068 1279 3189 1355">
    <p class='ocr_par' dir='ltr' id='par_1_66' title="bbox 2068 1279 3189 1355">
     <span class='ocr_line' id='line_1_66' title="bbox 2068 1279 3189 1355; baseline 0.011 -23"><span class='ocrx_word' id='word_1_416' title='bbox 2068 1280 2193 1334; x_wconf 88' lang='lat' dir='ltr'><strong>mini</strong></span> <span class='ocrx_word' id='word_1_417' title='bbox 2220 1282 2380 1335; x_wconf 81' lang='lat' dir='ltr'><strong>nostri</strong></span> <span class='ocrx_word' id='word_1_418' title='bbox 2403 1279 2528 1336; x_wconf 81' lang='lat' dir='ltr'><strong>Jesu</strong></span> <span class='ocrx_word' id='word_1_419' title='bbox 2560 1282 2751 1337; x_wconf 80' lang='lat' dir='ltr'><strong>Christi</strong></span> <span class='ocrx_word' id='word_1_420' title='bbox 2776 1283 2931 1353; x_wconf 84' lang='lat' dir='ltr'><strong>(Gal.</strong></span> <span class='ocrx_word' id='word_1_421' title='bbox 2960 1299 3034 1353; x_wconf 71' lang='grc' dir='ltr'><strong>γι,</strong></span> <span class='ocrx_word' id='word_1_422' title='bbox 3068 1288 3189 1355; x_wconf 63' lang='lat' dir='ltr'><strong>id).</strong></span> 
     </span>
    </p>
   </div>
   <div class='ocr_carea' id='block_1_67' title="bbox 2614 1372 3101 1433">
    <p class='ocr_par' dir='ltr' id='par_1_67' title="bbox 2614 1372 3101 1433">
     <span class='ocr_line' id='line_1_67' title="bbox 2614 1372 3101 1433; baseline 0.01 -5"><span class='ocrx_word' id='word_1_423' title='bbox 2614 1372 2711 1428; x_wconf 81' lang='lat' dir='ltr'><strong>AD</strong></span> <span class='ocrx_word' id='word_1_424' title='bbox 2751 1374 3101 1433; x_wconf 79' lang='lat' dir='ltr'><strong>EPHESIOS.</strong></span> 
     </span>
    </p>
   </div>
   <div class='ocr_carea' id='block_1_68' title="bbox 2138 1458 3511 1538">
    <p class='ocr_par' dir='ltr' id='par_1_68' title="bbox 2138 1458 3511 1538">
     <span class='ocr_line' id='line_1_68' title="bbox 2138 1458 3511 1538; baseline 0.009 -26"><span class='ocrx_word' id='word_1_425' title='bbox 2138 1459 2189 1513; x_wconf 90' lang='grc'><strong>1.</strong></span> <span class='ocrx_word' id='word_1_426' title='bbox 2218 1458 2281 1513; x_wconf 87' lang='lat' dir='ltr'><strong>In</strong></span> <span class='ocrx_word' id='word_1_427' title='bbox 2301 1478 2401 1529; x_wconf 83' lang='lat' dir='ltr'><strong>quo</strong></span> <span class='ocrx_word' id='word_1_428' title='bbox 2417 1462 2604 1533; x_wconf 82' lang='lat' dir='ltr'><strong>signati</strong></span> <span class='ocrx_word' id='word_1_429' title='bbox 2626 1465 2743 1517; x_wconf 82' lang='lat' dir='ltr'><strong>estis</strong></span> <span class='ocrx_word' id='word_1_430' title='bbox 2766 1465 2819 1517; x_wconf 88' lang='lat' dir='ltr'><strong>in</strong></span> <span class='ocrx_word' id='word_1_431' title='bbox 2838 1466 2920 1518; x_wconf 91' lang='lat' dir='ltr'><strong>die</strong></span> <span class='ocrx_word' id='word_1_432' title='bbox 2935 1467 3294 1538; x_wconf 83' lang='lat' dir='ltr'><strong>redemptionis</strong></span> <span class='ocrx_word' id='word_1_433' title='bbox 3315 1478 3511 1525; x_wconf 63' lang='lat' dir='ltr'><strong>uestra.</strong></span> 
     </span>
    </p>
   </div>
   <div class='ocr_carea' id='block_1_69' title="bbox 2138 1549 3511 1627">
    <p class='ocr_par' dir='ltr' id='par_1_69' title="bbox 2138 1549 3511 1627">
     <span class='ocr_line' id='line_1_69' title="bbox 2138 1549 3511 1627; baseline 0.008 -24"><span class='ocrx_word' id='word_1_434' title='bbox 2138 1549 2224 1606; x_wconf 91' lang='grc'><strong>11.</strong></span> <span class='ocrx_word' id='word_1_435' title='bbox 2262 1550 2405 1605; x_wconf 76' lang='lat' dir='ltr'><strong>Unus</strong></span> <span class='ocrx_word' id='word_1_436' title='bbox 2437 1552 2712 1621; x_wconf 74' lang='lat' dir='ltr'><strong>Dominus,</strong></span> <span class='ocrx_word' id='word_1_437' title='bbox 2744 1571 2847 1609; x_wconf 78' lang='lat' dir='ltr'><strong>una</strong></span> <span class='ocrx_word' id='word_1_438' title='bbox 2875 1556 3024 1625; x_wconf 82' lang='lat' dir='ltr'><strong>ﬁdes,</strong></span> <span class='ocrx_word' id='word_1_439' title='bbox 3051 1574 3211 1611; x_wconf 83' lang='lat' dir='ltr'><strong>unum</strong></span> <span class='ocrx_word' id='word_1_440' title='bbox 3237 1559 3511 1627; x_wconf 84' lang='lat' dir='ltr'><strong>baptisma.</strong></span> 
     </span>
    </p>
   </div>
   <div class='ocr_carea' id='block_1_70' title="bbox 2136 1637 3657 1720">
    <p class='ocr_par' dir='ltr' id='par_1_70' title="bbox 2136 1637 3657 1720">
     <span class='ocr_line' id='line_1_70' title="bbox 2136 1637 3657 1720; baseline 0.008 -28"><span class='ocrx_word' id='word_1_441' title='bbox 2136 1637 2257 1693; x_wconf 82' lang='grc'><em>111.</em></span> <span class='ocrx_word' id='word_1_442' title='bbox 2286 1639 2387 1705; x_wconf 83' lang='lat' dir='ltr'><strong>Qui</strong></span> <span class='ocrx_word' id='word_1_443' title='bbox 2407 1641 2685 1712; x_wconf 73' lang='lat' dir='ltr'><strong>descendit,</strong></span> <span class='ocrx_word' id='word_1_444' title='bbox 2709 1645 2818 1713; x_wconf 87' lang='lat' dir='ltr'><strong>ipse</strong></span> <span class='ocrx_word' id='word_1_445' title='bbox 2841 1654 2915 1699; x_wconf 87' lang='lat' dir='ltr'><strong>est</strong></span> <span class='ocrx_word' id='word_1_446' title='bbox 2944 1654 2991 1699; x_wconf 86' lang='lat' dir='ltr'><strong>et</strong></span> <span class='ocrx_word' id='word_1_447' title='bbox 3013 1646 3098 1715; x_wconf 78' lang='lat' dir='ltr'><strong>qui</strong></span> <span class='ocrx_word' id='word_1_448' title='bbox 3119 1648 3344 1703; x_wconf 82' lang='lat' dir='ltr'><strong>ascendit</strong></span> <span class='ocrx_word' id='word_1_449' title='bbox 3372 1664 3523 1720; x_wconf 82' lang='lat' dir='ltr'><strong>super</strong></span> <span class='ocrx_word' id='word_1_450' title='bbox 3547 1665 3657 1704; x_wconf 83' lang='lat' dir='ltr'><strong>ont-</strong></span> 
     </span>
    </p>
   </div>
   <div class='ocr_carea' id='block_1_71' title="bbox 2066 1731 2354 1787">
    <p class='ocr_par' dir='ltr' id='par_1_71' title="bbox 2066 1731 2354 1787">
     <span class='ocr_line' id='line_1_71' title="bbox 2066 1731 2354 1787; baseline 0.017 -5"><span class='ocrx_word' id='word_1_451' title='bbox 2066 1746 2155 1785; x_wconf 88' lang='lat' dir='ltr'><strong>nes</strong></span> <span class='ocrx_word' id='word_1_452' title='bbox 2182 1731 2354 1787; x_wconf 70' lang='lat' dir='ltr'><strong>caelos.</strong></span> 
     </span>
    </p>
   </div>
   <div class='ocr_carea' id='block_1_72' title="bbox 2140 1818 3655 1899">
    <p class='ocr_par' dir='ltr' id='par_1_72' title="bbox 2140 1818 3655 1899">
     <span class='ocr_line' id='line_1_72' title="bbox 2140 1818 3655 1899; baseline 0.008 -27"><span class='ocrx_word' id='word_1_453' title='bbox 2140 1818 2245 1873; x_wconf 83' lang='lat' dir='ltr'><strong>IV.</strong></span> <span class='ocrx_word' id='word_1_454' title='bbox 2276 1821 2407 1887; x_wconf 82' lang='lat' dir='ltr'><strong>Quia</strong></span> <span class='ocrx_word' id='word_1_455' title='bbox 2434 1822 2657 1878; x_wconf 83' lang='lat' dir='ltr'><strong>membra</strong></span> <span class='ocrx_word' id='word_1_456' title='bbox 2677 1839 2855 1883; x_wconf 83' lang='lat' dir='ltr'><strong>sumus</strong></span> <span class='ocrx_word' id='word_1_457' title='bbox 2877 1827 3110 1892; x_wconf 82' lang='lat' dir='ltr'><strong>corporis</strong></span> <span class='ocrx_word' id='word_1_458' title='bbox 3134 1828 3268 1896; x_wconf 86' lang='lat' dir='ltr'><strong>ejus,</strong></span> <span class='ocrx_word' id='word_1_459' title='bbox 3294 1830 3356 1885; x_wconf 91' lang='lat' dir='ltr'><strong>de</strong></span> <span class='ocrx_word' id='word_1_460' title='bbox 3376 1845 3530 1885; x_wconf 78' lang='lat' dir='ltr'><strong>carne</strong></span> <span class='ocrx_word' id='word_1_461' title='bbox 3544 1833 3655 1899; x_wconf 78' lang='lat' dir='ltr'><strong>eius</strong></span> 
     </span>
    </p>
   </div>
   <div class='ocr_carea' id='block_1_73' title="bbox 1988 1906 2602 1982">
    <p class='ocr_par' dir='ltr' id='par_1_73' title="bbox 1988 1906 2602 1982">
     <span class='ocr_line' id='line_1_73' title="bbox 1988 1906 2602 1982; baseline 0 -15"><span class='ocrx_word' id='word_1_462' title='bbox 1988 1906 2035 1967; x_wconf 78' lang='grc' dir='ltr'><strong>Β</strong></span> <span class='ocrx_word' id='word_1_463' title='bbox 2065 1918 2111 1963; x_wconf 90' lang='lat' dir='ltr'><strong>et</strong></span> <span class='ocrx_word' id='word_1_464' title='bbox 2147 1910 2212 1962; x_wconf 81' lang='lat' dir='ltr'><strong>de</strong></span> <span class='ocrx_word' id='word_1_465' title='bbox 2241 1912 2438 1964; x_wconf 80' lang='lat' dir='ltr'><strong>ossibus</strong></span> <span class='ocrx_word' id='word_1_466' title='bbox 2471 1912 2602 1982; x_wconf 83' lang='lat' dir='ltr'><strong>ejus.</strong></span> 
     </span>
    </p>
   </div>
   <div class='ocr_carea' id='block_1_74' title="bbox 2141 1999 3158 2077">
    <p class='ocr_par' dir='ltr' id='par_1_74' title="bbox 2141 1999 3158 2077">
     <span class='ocr_line' id='line_1_74' title="bbox 2141 1999 3158 2077; baseline 0.008 -24"><span class='ocrx_word' id='word_1_467' title='bbox 2141 1999 2206 2055; x_wconf 85' lang='lat' dir='ltr'><strong>V.</strong></span> <span class='ocrx_word' id='word_1_468' title='bbox 2244 1999 2312 2054; x_wconf 86' lang='lat' dir='ltr'><strong>Et</strong></span> <span class='ocrx_word' id='word_1_469' title='bbox 2342 2013 2490 2056; x_wconf 83' lang='lat' dir='ltr'><strong>erunt</strong></span> <span class='ocrx_word' id='word_1_470' title='bbox 2520 2002 2623 2058; x_wconf 86' lang='lat' dir='ltr'><strong>duo</strong></span> <span class='ocrx_word' id='word_1_471' title='bbox 2641 2004 2697 2059; x_wconf 90' lang='lat' dir='ltr'><strong>in</strong></span> <span class='ocrx_word' id='word_1_472' title='bbox 2718 2022 2871 2061; x_wconf 84' lang='lat' dir='ltr'><strong>carne</strong></span> <span class='ocrx_word' id='word_1_473' title='bbox 2898 2022 3023 2077; x_wconf 82' lang='lat' dir='ltr'><strong>una,</strong></span> <span class='ocrx_word' id='word_1_474' title='bbox 3054 2016 3158 2064; x_wconf 89' lang='lat' dir='ltr'><strong>etc.</strong></span> 
     </span>
    </p>
   </div>
   <div class='ocr_carea' id='block_1_75' title="bbox 2445 2183 3275 2259">
    <p class='ocr_par' dir='ltr' id='par_1_75' title="bbox 2445 2183 3275 2259">
     <span class='ocr_line' id='line_1_75' title="bbox 2445 2183 3275 2259; baseline 0.006 -19"><span class='ocrx_word' id='word_1_475' title='bbox 2445 2183 2554 2256; x_wconf 81' lang='lat' dir='ltr'><strong>(Ex</strong></span> <span class='ocrx_word' id='word_1_476' title='bbox 2584 2185 2735 2242; x_wconf 86' lang='lat' dir='ltr'><strong>libris</strong></span> <span class='ocrx_word' id='word_1_477' title='bbox 2755 2186 2953 2243; x_wconf 88' lang='lat' dir='ltr'><strong>Contra</strong></span> <span class='ocrx_word' id='word_1_478' title='bbox 2983 2188 3275 2259; x_wconf 81' lang='lat' dir='ltr'><strong>Arianos.)</strong></span> 
     </span>
    </p>
   </div>
   <div class='ocr_carea' id='block_1_76' title="bbox 2135 2268 3652 2348">
    <p class='ocr_par' dir='ltr' id='par_1_76' title="bbox 2135 2268 3652 2348">
     <span class='ocr_line' id='line_1_76' title="bbox 2135 2268 3652 2348; baseline 0.006 -22"><span class='ocrx_word' id='word_1_479' title='bbox 2135 2268 2312 2326; x_wconf 86' lang='lat' dir='ltr'><strong>Unum</strong></span> <span class='ocrx_word' id='word_1_480' title='bbox 2343 2287 2540 2328; x_wconf 87' lang='lat' dir='ltr'><strong>nomen</strong></span> <span class='ocrx_word' id='word_1_481' title='bbox 2582 2285 2665 2330; x_wconf 86' lang='lat' dir='ltr'><strong>est</strong></span> <span class='ocrx_word' id='word_1_482' title='bbox 2688 2275 2986 2331; x_wconf 82' lang='lat' dir='ltr'><strong>Trinitatis.</strong></span> <span class='ocrx_word' id='word_1_483' title='bbox 3030 2276 3210 2348; x_wconf 81' lang='lat' dir='ltr'><strong>Neque</strong></span> <span class='ocrx_word' id='word_1_484' title='bbox 3246 2280 3382 2333; x_wconf 88' lang='lat' dir='ltr'><strong>enim</strong></span> <span class='ocrx_word' id='word_1_485' title='bbox 3411 2289 3481 2334; x_wconf 89' lang='lat' dir='ltr'><strong>est</strong></span> <span class='ocrx_word' id='word_1_486' title='bbox 3508 2282 3652 2335; x_wconf 77' lang='lat' dir='ltr'><strong>aliud</strong></span> 
     </span>
    </p>
   </div>
   <div class='ocr_carea' id='block_1_77' title="bbox 2064 2363 3652 2438">
    <p class='ocr_par' dir='ltr' id='par_1_77' title="bbox 2064 2363 3652 2438">
     <span class='ocr_line' id='line_1_77' title="bbox 2064 2363 3652 2438; baseline 0.007 -25"><span class='ocrx_word' id='word_1_487' title='bbox 2064 2375 2249 2415; x_wconf 83' lang='lat' dir='ltr'><strong>nomen</strong></span> <span class='ocrx_word' id='word_1_488' title='bbox 2296 2371 2355 2416; x_wconf 94' lang='lat' dir='ltr'><strong>ut</strong></span> <span class='ocrx_word' id='word_1_489' title='bbox 2397 2363 2449 2416; x_wconf 91' lang='lat' dir='ltr'><strong>iu</strong></span> <span class='ocrx_word' id='word_1_490' title='bbox 2478 2363 2701 2420; x_wconf 83' lang='lat' dir='ltr'><strong>Actibus</strong></span> <span class='ocrx_word' id='word_1_491' title='bbox 2748 2365 3112 2433; x_wconf 89' lang='lat' dir='ltr'><strong>apostolorum</strong></span> <span class='ocrx_word' id='word_1_492' title='bbox 3167 2368 3417 2438; x_wconf 88' lang='lat' dir='ltr'><strong>legimus,</strong></span> <span class='ocrx_word' id='word_1_493' title='bbox 3466 2386 3518 2423; x_wconf 80' lang='lat' dir='ltr'><strong>tn</strong></span> <span class='ocrx_word' id='word_1_494' title='bbox 3554 2388 3652 2437; x_wconf 89' lang='lat' dir='ltr'><strong>quo</strong></span> 
     </span>
    </p>
   </div>
   <div class='ocr_carea' id='block_1_78' title="bbox 2064 2453 3653 2528">
    <p class='ocr_par' dir='ltr' id='par_1_78' title="bbox 2064 2453 3653 2528">
     <span class='ocr_line' id='line_1_78' title="bbox 2064 2453 3653 2528; baseline 0.006 -24"><span class='ocrx_word' id='word_1_495' title='bbox 2064 2459 2291 2518; x_wconf 80' lang='lat' dir='ltr'><strong>oporteat</strong></span> <span class='ocrx_word' id='word_1_496' title='bbox 2322 2468 2415 2507; x_wconf 89' lang='lat' dir='ltr'><strong>nos</strong></span> <span class='ocrx_word' id='word_1_497' title='bbox 2451 2454 2620 2507; x_wconf 88' lang='lat' dir='ltr'><strong>salvos</strong></span> <span class='ocrx_word' id='word_1_498' title='bbox 2646 2453 2763 2522; x_wconf 73' lang='lat' dir='ltr'><strong>ﬁeri</strong></span> <span class='ocrx_word' id='word_1_499' title='bbox 2793 2454 2939 2526; x_wconf 80' lang='lat' dir='ltr'><strong>(Act.</strong></span> <span class='ocrx_word' id='word_1_500' title='bbox 2967 2471 3039 2521; x_wconf 83' lang='lat' dir='ltr'><strong>tv,</strong></span> <span class='ocrx_word' id='word_1_501' title='bbox 3074 2455 3140 2510; x_wconf 70' lang='grc'><strong>12</strong></span> <span class='ocrx_word' id='word_1_502' title='bbox 3160 2457 3201 2525; x_wconf 92' lang='grc'><strong>).</strong></span> <span class='ocrx_word' id='word_1_503' title='bbox 3234 2458 3291 2513; x_wconf 91' lang='lat' dir='ltr'><strong>Si</strong></span> <span class='ocrx_word' id='word_1_504' title='bbox 3322 2469 3653 2528; x_wconf 81' lang='lat' dir='ltr'><strong>sequestrata</strong></span> 
     </span>
    </p>
   </div>
   <div class='ocr_carea' id='block_1_79' title="bbox 2066 2539 3655 2613">
    <p class='ocr_par' dir='ltr' id='par_1_79' title="bbox 2066 2539 3655 2613">
     <span class='ocr_line' id='line_1_79' title="bbox 2066 2539 3655 2613; baseline 0.005 -20"><span class='ocrx_word' id='word_1_505' title='bbox 2066 2539 2223 2606; x_wconf 86' lang='lat' dir='ltr'><strong>Filio,</strong></span> <span class='ocrx_word' id='word_1_506' title='bbox 2256 2542 2324 2596; x_wconf 90' lang='lat' dir='ltr'><strong>de</strong></span> <span class='ocrx_word' id='word_1_507' title='bbox 2343 2542 2465 2597; x_wconf 87' lang='lat' dir='ltr'><strong>solo</strong></span> <span class='ocrx_word' id='word_1_508' title='bbox 2493 2542 2636 2597; x_wconf 87' lang='lat' dir='ltr'><strong>istud</strong></span> <span class='ocrx_word' id='word_1_509' title='bbox 2664 2543 2879 2599; x_wconf 88' lang='lat' dir='ltr'><strong>nomine</strong></span> <span class='ocrx_word' id='word_1_510' title='bbox 2912 2543 3082 2600; x_wconf 85' lang='lat' dir='ltr'><strong>Patris</strong></span> <span class='ocrx_word' id='word_1_511' title='bbox 3101 2545 3360 2613; x_wconf 88' lang='lat' dir='ltr'><strong>creditur,</strong></span> <span class='ocrx_word' id='word_1_512' title='bbox 3396 2549 3655 2603; x_wconf 76' lang='lat' dir='ltr'><strong>dicendus</strong></span> 
     </span>
    </p>
   </div>
   <div class='ocr_carea' id='block_1_80' title="bbox 2063 2634 3743 2708">
    <p class='ocr_par' dir='ltr' id='par_1_80' title="bbox 2063 2634 3743 2708">
     <span class='ocr_line' id='line_1_80' title="bbox 2063 2634 3743 2708; baseline 0.005 -21"><span class='ocrx_word' id='word_1_513' title='bbox 2063 2642 2146 2687; x_wconf 69' lang='lat' dir='ltr'><strong>est</strong></span> <span class='ocrx_word' id='word_1_514' title='bbox 2176 2647 2280 2686; x_wconf 87' lang='lat' dir='ltr'><strong>non</strong></span> <span class='ocrx_word' id='word_1_515' title='bbox 2306 2634 2521 2696; x_wconf 78' lang='lat' dir='ltr'><strong>salvare</strong></span> <span class='ocrx_word' id='word_1_516' title='bbox 2545 2634 2816 2702; x_wconf 81' lang='lat' dir='ltr'><strong>salvator;</strong></span> <span class='ocrx_word' id='word_1_517' title='bbox 2844 2650 3138 2708; x_wconf 86' lang='lat' dir='ltr'><strong>rursusque</strong></span> <span class='ocrx_word' id='word_1_518' title='bbox 3163 2638 3211 2693; x_wconf 87' lang='lat' dir='ltr'><strong>si</strong></span> <span class='ocrx_word' id='word_1_519' title='bbox 3237 2638 3393 2695; x_wconf 89' lang='lat' dir='ltr'><strong>Patre</strong></span> <span class='ocrx_word' id='word_1_520' title='bbox 3420 2641 3655 2704; x_wconf 65' lang='lat' dir='ltr'><strong>sectum,</strong></span> <span class='ocrx_word' id='word_1_521' title='bbox 3740 2670 3743 2673; x_wconf 64' lang='grc'><strong>»</strong></span> 
     </span>
    </p>
   </div>
   <div class='ocr_carea' id='block_1_81' title="bbox 2064 2723 3655 2800">
    <p class='ocr_par' dir='ltr' id='par_1_81' title="bbox 2064 2723 3655 2800">
     <span class='ocr_line' id='line_1_81' title="bbox 2064 2723 3655 2800; baseline 0.006 -23"><span class='ocrx_word' id='word_1_522' title='bbox 2064 2723 2117 2777; x_wconf 91' lang='lat' dir='ltr'><strong>id</strong></span> <span class='ocrx_word' id='word_1_523' title='bbox 2163 2724 2329 2778; x_wconf 88' lang='lat' dir='ltr'><strong>solius</strong></span> <span class='ocrx_word' id='word_1_524' title='bbox 2378 2725 2733 2796; x_wconf 88' lang='lat' dir='ltr'><strong>redemptoris</strong></span> <span class='ocrx_word' id='word_1_525' title='bbox 2782 2728 2999 2785; x_wconf 90' lang='lat' dir='ltr'><strong>nomine</strong></span> <span class='ocrx_word' id='word_1_526' title='bbox 3030 2731 3381 2800; x_wconf 87' lang='lat' dir='ltr'><strong>acquirimur,</strong></span> <span class='ocrx_word' id='word_1_527' title='bbox 3426 2738 3655 2788; x_wconf 81' lang='lat' dir='ltr'><strong>cessavit</strong></span> 
     </span>
    </p>
   </div>
   <div class='ocr_carea' id='block_1_82' title="bbox 2063 2814 3655 2894">
    <p class='ocr_par' dir='ltr' id='par_1_82' title="bbox 2063 2814 3655 2894">
     <span class='ocr_line' id='line_1_82' title="bbox 2063 2814 3655 2894; baseline 0.006 -23"><span class='ocrx_word' id='word_1_528' title='bbox 2063 2814 2133 2871; x_wconf 85' lang='lat' dir='ltr'><strong>ab</strong></span> <span class='ocrx_word' id='word_1_529' title='bbox 2157 2816 2255 2870; x_wconf 85' lang='lat' dir='ltr'><strong>hac</strong></span> <span class='ocrx_word' id='word_1_530' title='bbox 2278 2816 2650 2886; x_wconf 90' lang='lat' dir='ltr'><strong>redemptione</strong></span> <span class='ocrx_word' id='word_1_531' title='bbox 2672 2818 2851 2886; x_wconf 88' lang='lat' dir='ltr'><strong>Pater,</strong></span> <span class='ocrx_word' id='word_1_532' title='bbox 2874 2820 2943 2876; x_wconf 89' lang='lat' dir='ltr'><strong>de</strong></span> <span class='ocrx_word' id='word_1_533' title='bbox 2971 2836 3077 2892; x_wconf 89' lang='lat' dir='ltr'><strong>quo</strong></span> <span class='ocrx_word' id='word_1_534' title='bbox 3103 2821 3365 2892; x_wconf 85' lang='lat' dir='ltr'><strong>scriptum</strong></span> <span class='ocrx_word' id='word_1_535' title='bbox 3388 2832 3491 2890; x_wconf 85' lang='lat' dir='ltr'><strong>est,</strong></span> <span class='ocrx_word' id='word_1_536' title='bbox 3514 2826 3655 2894; x_wconf 88' lang='lat' dir='ltr'><strong>quod</strong></span> 
     </span>
    </p>
   </div>
   <div class='ocr_carea' id='block_1_83' title="bbox 2064 2909 3653 2987">
    <p class='ocr_par' dir='ltr' id='par_1_83' title="bbox 2064 2909 3653 2987">
     <span class='ocr_line' id='line_1_83' title="bbox 2064 2909 3653 2987; baseline 0.004 -26"><span class='ocrx_word' id='word_1_537' title='bbox 2064 2909 2463 2975; x_wconf 75' lang='lat' dir='ltr'><strong>redemptionem</strong></span> <span class='ocrx_word' id='word_1_538' title='bbox 2492 2910 2685 2965; x_wconf 85' lang='lat' dir='ltr'><strong>miserit</strong></span> <span class='ocrx_word' id='word_1_539' title='bbox 2710 2912 2902 2980; x_wconf 80' lang='lat' dir='ltr'><strong>populo</strong></span> <span class='ocrx_word' id='word_1_540' title='bbox 2934 2929 3029 2967; x_wconf 83' lang='lat' dir='ltr'><strong>suo</strong></span> <span class='ocrx_word' id='word_1_541' title='bbox 3060 2912 3245 2983; x_wconf 87' lang='lat' dir='ltr'><strong>(Psal.</strong></span> <span class='ocrx_word' id='word_1_542' title='bbox 3278 2930 3367 2981; x_wconf 80' lang='lat' dir='ltr'><strong>cx,</strong></span> <span class='ocrx_word' id='word_1_543' title='bbox 3398 2915 3465 2987; x_wconf 90' lang='lat'><strong>9)</strong></span> <span class='ocrx_word' id='word_1_544' title='bbox 3488 2932 3503 2981; x_wconf 91' lang='lat'><strong>;</strong></span> <span class='ocrx_word' id='word_1_545' title='bbox 3530 2934 3653 2970; x_wconf 78' lang='lat' dir='ltr'><strong>cum</strong></span> 
     </span>
    </p>
   </div>
   <div class='ocr_carea' id='block_1_84' title="bbox 2064 3000 3655 3080">
    <p class='ocr_par' dir='ltr' id='par_1_84' title="bbox 2064 3000 3655 3080">
     <span class='ocr_line' id='line_1_84' title="bbox 2064 3000 3655 3080; baseline 0.006 -26"><span class='ocrx_word' id='word_1_546' title='bbox 2064 3008 2121 3054; x_wconf 92' lang='lat' dir='ltr'><strong>et</strong></span> <span class='ocrx_word' id='word_1_547' title='bbox 2140 3000 2209 3054; x_wconf 90' lang='lat' dir='ltr'><strong>de</strong></span> <span class='ocrx_word' id='word_1_548' title='bbox 2242 3000 2445 3069; x_wconf 81' lang='lat' dir='ltr'><strong>Spiritu</strong></span> <span class='ocrx_word' id='word_1_549' title='bbox 2493 3011 2680 3057; x_wconf 84' lang='lat' dir='ltr'><strong>sancto</strong></span> <span class='ocrx_word' id='word_1_550' title='bbox 2707 3005 3001 3073; x_wconf 80' lang='lat' dir='ltr'><strong>Apostolus</strong></span> <span class='ocrx_word' id='word_1_551' title='bbox 3023 3004 3202 3060; x_wconf 87' lang='lat' dir='ltr'><strong>dicat:</strong></span> <span class='ocrx_word' id='word_1_552' title='bbox 3246 3004 3313 3060; x_wconf 88' lang='lat' dir='ltr'><strong>In</strong></span> <span class='ocrx_word' id='word_1_553' title='bbox 3342 3022 3442 3077; x_wconf 86' lang='lat' dir='ltr'><strong>quo</strong></span> <span class='ocrx_word' id='word_1_554' title='bbox 3470 3010 3655 3080; x_wconf 82' lang='lat' dir='ltr'><strong>signati</strong></span> 
     </span>
    </p>
   </div>
   <div class='ocr_carea' id='block_1_85' title="bbox 2066 3091 3508 3172">
    <p class='ocr_par' dir='ltr' id='par_1_85' title="bbox 2066 3091 3508 3172">
     <span class='ocr_line' id='line_1_85' title="bbox 2066 3091 3508 3172; baseline 0.008 -27"><span class='ocrx_word' id='word_1_555' title='bbox 2066 3092 2186 3145; x_wconf 83' lang='lat' dir='ltr'><strong>estis</strong></span> <span class='ocrx_word' id='word_1_556' title='bbox 2216 3091 2268 3145; x_wconf 89' lang='lat' dir='ltr'><strong>in</strong></span> <span class='ocrx_word' id='word_1_557' title='bbox 2294 3093 2376 3146; x_wconf 83' lang='lat' dir='ltr'><strong>die</strong></span> <span class='ocrx_word' id='word_1_558' title='bbox 2407 3094 2767 3165; x_wconf 74' lang='lat' dir='ltr'><strong>redemptionis</strong></span> <span class='ocrx_word' id='word_1_559' title='bbox 2803 3107 2980 3152; x_wconf 70' lang='lat' dir='ltr'><strong>restria</strong></span> <span class='ocrx_word' id='word_1_560' title='bbox 3007 3097 3237 3170; x_wconf 80' lang='lat' dir='ltr'><strong>(Ephes.</strong></span> <span class='ocrx_word' id='word_1_561' title='bbox 3265 3115 3342 3170; x_wconf 83' lang='lat' dir='ltr'><strong>tv,</strong></span> <span class='ocrx_word' id='word_1_562' title='bbox 3375 3101 3508 3172; x_wconf 78' lang='lat'><strong>30).</strong></span> 
     </span>
    </p>
   </div>
   <div class='ocr_carea' id='block_1_86' title="bbox 2431 3277 3299 3353">
    <p class='ocr_par' dir='ltr' id='par_1_86' title="bbox 2431 3277 3299 3353">
     <span class='ocr_line' id='line_1_86' title="bbox 2431 3277 3299 3353; baseline 0.008 -22"><span class='ocrx_word' id='word_1_563' title='bbox 2431 3277 2543 3347; x_wconf 83' lang='lat' dir='ltr'><strong>(Es</strong></span> <span class='ocrx_word' id='word_1_564' title='bbox 2576 3277 2729 3337; x_wconf 77' lang='lat' dir='ltr'><strong>libris</strong></span> <span class='ocrx_word' id='word_1_565' title='bbox 2771 3277 2970 3335; x_wconf 87' lang='lat' dir='ltr'><strong>Contra</strong></span> <span class='ocrx_word' id='word_1_566' title='bbox 3006 3281 3299 3353; x_wconf 80' lang='lat' dir='ltr'><strong>Arianos.)</strong></span> 
     </span>
    </p>
   </div>
   <div class='ocr_carea' id='block_1_87' title="bbox 2137 3366 3652 3448">
    <p class='ocr_par' dir='ltr' id='par_1_87' title="bbox 2137 3366 3652 3448">
     <span class='ocr_line' id='line_1_87' title="bbox 2137 3366 3652 3448; baseline 0.005 -25"><span class='ocrx_word' id='word_1_567' title='bbox 2137 3366 2235 3423; x_wconf 87' lang='lat' dir='ltr'><strong>Ubi</strong></span> <span class='ocrx_word' id='word_1_568' title='bbox 2281 3366 2487 3438; x_wconf 88' lang='lat' dir='ltr'><strong>plurale</strong></span> <span class='ocrx_word' id='word_1_569' title='bbox 2514 3369 2714 3440; x_wconf 80' lang='lat' dir='ltr'><strong>aliquid</strong></span> <span class='ocrx_word' id='word_1_570' title='bbox 2745 3370 2799 3425; x_wconf 91' lang='lat' dir='ltr'><strong>in</strong></span> <span class='ocrx_word' id='word_1_571' title='bbox 2839 3371 3119 3429; x_wconf 81' lang='lat' dir='ltr'><strong>divinitate</strong></span> <span class='ocrx_word' id='word_1_572' title='bbox 3164 3376 3503 3448; x_wconf 84' lang='lat' dir='ltr'><strong>subresonat,</strong></span> <span class='ocrx_word' id='word_1_573' title='bbox 3546 3393 3652 3434; x_wconf 87' lang='lat' dir='ltr'><strong>n0n</strong></span> 
     </span>
    </p>
   </div>
   <div class='ocr_carea' id='block_1_88' title="bbox 2065 3459 3656 3535">
    <p class='ocr_par' dir='ltr' id='par_1_88' title="bbox 2065 3459 3656 3535">
     <span class='ocr_line' id='line_1_88' title="bbox 2065 3459 3656 3535; baseline 0.01 -22"><span class='ocrx_word' id='word_1_574' title='bbox 2065 3459 2293 3514; x_wconf 88' lang='lat' dir='ltr'><strong>dnalitas</strong></span> <span class='ocrx_word' id='word_1_575' title='bbox 2332 3459 2543 3515; x_wconf 83' lang='lat' dir='ltr'><strong>videtur</strong></span> <span class='ocrx_word' id='word_1_576' title='bbox 2574 3462 2941 3535; x_wconf 81' lang='lat' dir='ltr'><strong>intelligenda,</strong></span> <span class='ocrx_word' id='word_1_577' title='bbox 2986 3467 3080 3521; x_wconf 79' lang='lat' dir='ltr'><strong>sed</strong></span> <span class='ocrx_word' id='word_1_578' title='bbox 3126 3466 3379 3534; x_wconf 87' lang='lat' dir='ltr'><strong>Trinitas,</strong></span> <span class='ocrx_word' id='word_1_579' title='bbox 3420 3471 3560 3525; x_wconf 88' lang='lat' dir='ltr'><strong>sicut</strong></span> <span class='ocrx_word' id='word_1_580' title='bbox 3602 3473 3656 3529; x_wconf 92' lang='lat' dir='ltr'><strong>in</strong></span> 
     </span>
    </p>
   </div>
   <div class='ocr_carea' id='block_1_89' title="bbox 2066 3548 3657 3628">
    <p class='ocr_par' dir='ltr' id='par_1_89' title="bbox 2066 3548 3657 3628">
     <span class='ocr_line' id='line_1_89' title="bbox 2066 3548 3657 3628; baseline 0.008 -26"><span class='ocrx_word' id='word_1_581' title='bbox 2066 3548 2183 3618; x_wconf 88' lang='lat' dir='ltr'><strong>ipso</strong></span> <span class='ocrx_word' id='word_1_582' title='bbox 2206 3549 2551 3606; x_wconf 69' lang='lat' dir='ltr'><strong>Sodomiticte</strong></span> <span class='ocrx_word' id='word_1_583' title='bbox 2582 3552 2731 3607; x_wconf 81' lang='lat' dir='ltr'><strong>urbis</strong></span> <span class='ocrx_word' id='word_1_584' title='bbox 2774 3554 3005 3609; x_wconf 78' lang='lat' dir='ltr'><strong>refertur</strong></span> <span class='ocrx_word' id='word_1_585' title='bbox 3042 3556 3203 3611; x_wconf 81' lang='lat' dir='ltr'><strong>exitio</strong></span> <span class='ocrx_word' id='word_1_586' title='bbox 3268 3559 3535 3628; x_wconf 76' lang='lat' dir='ltr'><strong>Apparuit,</strong></span> <span class='ocrx_word' id='word_1_587' title='bbox 3579 3560 3657 3616; x_wconf 71' lang='lat' dir='ltr'><strong>in-</strong></span> 
     </span>
    </p>
   </div>
   <div class='ocr_carea' id='block_1_90' title="bbox 2066 3637 3657 3723">
    <p class='ocr_par' dir='ltr' id='par_1_90' title="bbox 2066 3637 3657 3723">
     <span class='ocr_line' id='line_1_90' title="bbox 2066 3637 3657 3723; baseline 0.008 -27"><span class='ocrx_word' id='word_1_588' title='bbox 2066 3642 2203 3723; x_wconf 71' lang='lat' dir='ltr'><strong>quit,</strong></span> <span class='ocrx_word' id='word_1_589' title='bbox 2250 3641 2501 3698; x_wconf 77' lang='lat' dir='ltr'><strong>Dominus</strong></span> <span class='ocrx_word' id='word_1_590' title='bbox 2551 3645 2771 3700; x_wconf 75' lang='lat' dir='ltr'><strong>Abrahar</strong></span> <span class='ocrx_word' id='word_1_591' title='bbox 2796 3645 2993 3702; x_wconf 87' lang='lat' dir='ltr'><strong>sedenti</strong></span> <span class='ocrx_word' id='word_1_592' title='bbox 3033 3637 3089 3701; x_wconf 67' lang='grc' dir='ltr'><strong>τη</strong></span> <span class='ocrx_word' id='word_1_593' title='bbox 3138 3649 3271 3703; x_wconf 89' lang='lat' dir='ltr'><strong>ostio</strong></span> <span class='ocrx_word' id='word_1_594' title='bbox 3322 3649 3657 3719; x_wconf 82' lang='lat' dir='ltr'><strong>tabernaculi,</strong></span> 
     </span>
    </p>
   </div>
   <div class='ocr_carea' id='block_1_91' title="bbox 2066 3734 3658 3813">
    <p class='ocr_par' dir='ltr' id='par_1_91' title="bbox 2066 3734 3658 3813">
     <span class='ocr_line' id='line_1_91' title="bbox 2066 3734 3658 3813; baseline 0.007 -25"><span class='ocrx_word' id='word_1_595' title='bbox 2066 3734 2121 3788; x_wconf 88' lang='lat' dir='ltr'><strong>in</strong></span> <span class='ocrx_word' id='word_1_596' title='bbox 2148 3736 2259 3802; x_wconf 89' lang='lat' dir='ltr'><strong>ipso</strong></span> <span class='ocrx_word' id='word_1_597' title='bbox 2287 3735 2483 3804; x_wconf 75' lang='lat' dir='ltr'><strong>{cruore</strong></span> <span class='ocrx_word' id='word_1_598' title='bbox 2510 3738 2612 3791; x_wconf 88' lang='lat' dir='ltr'><strong>diei</strong></span> <span class='ocrx_word' id='word_1_599' title='bbox 2639 3753 2657 3802; x_wconf 80' lang='lat'><strong>,°</strong></span> <span class='ocrx_word' id='word_1_600' title='bbox 2688 3753 2902 3809; x_wconf 82' lang='lat' dir='ltr'><strong>cumque</strong></span> <span class='ocrx_word' id='word_1_601' title='bbox 2927 3740 3141 3796; x_wconf 79' lang='lat' dir='ltr'><strong>levasset</strong></span> <span class='ocrx_word' id='word_1_602' title='bbox 3167 3740 3364 3811; x_wconf 85' lang='lat' dir='ltr'><strong>oculos,</strong></span> <span class='ocrx_word' id='word_1_603' title='bbox 3395 3759 3658 3813; x_wconf 87' lang='lat' dir='ltr'><strong>apparue-</strong></span> 
     </span>
    </p>
   </div>
   <div class='ocr_carea' id='block_1_92' title="bbox 2066 3826 3660 3898">
    <p class='ocr_par' dir='ltr' id='par_1_92' title="bbox 2066 3826 3660 3898">
     <span class='ocr_line' id='line_1_92' title="bbox 2066 3826 3660 3898; baseline 0.005 -19"><span class='ocrx_word' id='word_1_604' title='bbox 2066 3837 2188 3879; x_wconf 74' lang='lat' dir='ltr'><strong>runt</strong></span> <span class='ocrx_word' id='word_1_605' title='bbox 2216 3826 2259 3879; x_wconf 85' lang='lat' dir='ltr'><strong>ei</strong></span> <span class='ocrx_word' id='word_1_606' title='bbox 2289 3837 2393 3881; x_wconf 86' lang='lat' dir='ltr'><strong>tres</strong></span> <span class='ocrx_word' id='word_1_607' title='bbox 2432 3827 2525 3880; x_wconf 82' lang='lat' dir='ltr'><strong>viri</strong></span> <span class='ocrx_word' id='word_1_608' title='bbox 2542 3843 2559 3888; x_wconf 87' lang='lat'><strong><em>;</em></strong></span> <span class='ocrx_word' id='word_1_609' title='bbox 2587 3843 2714 3898; x_wconf 82' lang='lat' dir='ltr'><strong>quos</strong></span> <span class='ocrx_word' id='word_1_610' title='bbox 2749 3844 2865 3882; x_wconf 83' lang='lat' dir='ltr'><strong>cum</strong></span> <span class='ocrx_word' id='word_1_611' title='bbox 2894 3828 3100 3884; x_wconf 75' lang='lat' dir='ltr'><strong>uidisset</strong></span> <span class='ocrx_word' id='word_1_612' title='bbox 3133 3833 3357 3884; x_wconf 71' lang='lat' dir='ltr'><strong>cudurrit</strong></span> <span class='ocrx_word' id='word_1_613' title='bbox 3386 3833 3440 3886; x_wconf 91' lang='lat' dir='ltr'><strong>in</strong></span> <span class='ocrx_word' id='word_1_614' title='bbox 3480 3849 3660 3887; x_wconf 81' lang='lat' dir='ltr'><strong>occur-</strong></span> 
     </span>
    </p>
   </div>
   <div class='ocr_carea' id='block_1_93' title="bbox 2066 3919 3660 3987">
    <p class='ocr_par' dir='ltr' id='par_1_93' title="bbox 2066 3919 3660 3987">
     <span class='ocr_line' id='line_1_93' title="bbox 2066 3919 3660 3987; baseline 0.003 -14"><span class='ocrx_word' id='word_1_615' title='bbox 2066 3934 2186 3973; x_wconf 82' lang='lat' dir='ltr'><strong>sum</strong></span> <span class='ocrx_word' id='word_1_616' title='bbox 2210 3934 2417 3987; x_wconf 80' lang='lat' dir='ltr'><strong>eorum,</strong></span> <span class='ocrx_word' id='word_1_617' title='bbox 2436 3928 2489 3973; x_wconf 89' lang='lat' dir='ltr'><strong>et</strong></span> <span class='ocrx_word' id='word_1_618' title='bbox 2521 3919 2764 3975; x_wconf 80' lang='lat' dir='ltr'><strong>adoravit</strong></span> <span class='ocrx_word' id='word_1_619' title='bbox 2794 3920 2848 3973; x_wconf 87' lang='lat' dir='ltr'><strong>in</strong></span> <span class='ocrx_word' id='word_1_620' title='bbox 2880 3928 3101 3986; x_wconf 86' lang='lat' dir='ltr'><strong>terram,</strong></span> <span class='ocrx_word' id='word_1_621' title='bbox 3125 3928 3174 3973; x_wconf 90' lang='lat' dir='ltr'><strong>et</strong></span> <span class='ocrx_word' id='word_1_622' title='bbox 3197 3919 3374 3974; x_wconf 73' lang='lat' dir='ltr'><strong>dixit:</strong></span> <span class='ocrx_word' id='word_1_623' title='bbox 3411 3919 3660 3985; x_wconf 85' lang='lat' dir='ltr'><strong>Domine.</strong></span> 
     </span>
    </p>
   </div>
   <div class='ocr_carea' id='block_1_94' title="bbox 2066 4011 3665 4084">
    <p class='ocr_par' dir='ltr' id='par_1_94' title="bbox 2066 4011 3665 4084">
     <span class='ocr_line' id='line_1_94' title="bbox 2066 4011 3665 4084; baseline 0.005 -19"><span class='ocrx_word' id='word_1_624' title='bbox 2066 4011 2115 4065; x_wconf 88' lang='lat' dir='ltr'><strong>si</strong></span> <span class='ocrx_word' id='word_1_625' title='bbox 2135 4011 2309 4066; x_wconf 73' lang='lat' dir='ltr'><strong>inveni</strong></span> <span class='ocrx_word' id='word_1_626' title='bbox 2339 4014 2571 4084; x_wconf 81' lang='lat' dir='ltr'><strong>gratiam</strong></span> <span class='ocrx_word' id='word_1_627' title='bbox 2603 4014 2659 4067; x_wconf 91' lang='lat' dir='ltr'><strong>in</strong></span> <span class='ocrx_word' id='word_1_628' title='bbox 2698 4012 2868 4068; x_wconf 81' lang='lat' dir='ltr'><strong>oculis</strong></span> <span class='ocrx_word' id='word_1_629' title='bbox 2910 4014 3038 4077; x_wconf 69' lang='lat' dir='ltr'><strong>tatis,</strong></span> <span class='ocrx_word' id='word_1_630' title='bbox 3072 4024 3417 4072; x_wconf 72' lang='lat' dir='ltr'><strong>ne‘transeas</strong></span> <span class='ocrx_word' id='word_1_631' title='bbox 3453 4034 3665 4074; x_wconf 67' lang='lat' dir='ltr'><strong>serram</strong></span> 
     </span>
    </p>
   </div>
   <div class='ocr_carea' id='block_1_95' title="bbox 2063 4100 3657 4174">
    <p class='ocr_par' dir='ltr' id='par_1_95' title="bbox 2063 4100 3657 4174">
     <span class='ocr_line' id='line_1_95' title="bbox 2063 4100 3657 4174; baseline 0.004 -18"><span class='ocrx_word' id='word_1_632' title='bbox 2063 4110 2209 4156; x_wconf 74' lang='lat' dir='ltr'><strong>tuum</strong></span> <span class='ocrx_word' id='word_1_633' title='bbox 2236 4100 2400 4174; x_wconf 82' lang='lat' dir='ltr'><strong>(Gen.</strong></span> <span class='ocrx_word' id='word_1_634' title='bbox 2441 4116 2598 4169; x_wconf 79' lang='lat' dir='ltr'><strong>xvut,</strong></span> <span class='ocrx_word' id='word_1_635' title='bbox 2624 4102 2676 4170; x_wconf 79' lang='lat' dir='ltr'><strong>i,</strong></span> <span class='ocrx_word' id='word_1_636' title='bbox 2703 4101 2795 4169; x_wconf 79' lang='lat'><strong>3).</strong></span> <span class='ocrx_word' id='word_1_637' title='bbox 2831 4102 2993 4159; x_wconf 88' lang='lat' dir='ltr'><strong>Certe</strong></span> <span class='ocrx_word' id='word_1_638' title='bbox 3037 4119 3142 4159; x_wconf 91' lang='lat' dir='ltr'><strong>non</strong></span> <span class='ocrx_word' id='word_1_639' title='bbox 3172 4104 3225 4159; x_wconf 91' lang='lat' dir='ltr'><strong>in</strong></span> <span class='ocrx_word' id='word_1_640' title='bbox 3256 4106 3434 4173; x_wconf 78' lang='lat' dir='ltr'><strong>aliquo</strong></span> <span class='ocrx_word' id='word_1_641' title='bbox 3463 4105 3657 4163; x_wconf 85' lang='lat' dir='ltr'><strong>horum</strong></span> 
     </span>
    </p>
   </div>
   <div class='ocr_carea' id='block_1_96' title="bbox 2065 4193 3658 4263">
    <p class='ocr_par' dir='ltr' id='par_1_96' title="bbox 2065 4193 3658 4263">
     <span class='ocr_line' id='line_1_96' title="bbox 2065 4193 3658 4263; baseline 0.004 -13"><span class='ocrx_word' id='word_1_642' title='bbox 2065 4194 2263 4263; x_wconf 88' lang='lat' dir='ltr'><strong>trium,</strong></span> <span class='ocrx_word' id='word_1_643' title='bbox 2311 4201 2403 4249; x_wconf 89' lang='lat' dir='ltr'><strong>aut</strong></span> <span class='ocrx_word' id='word_1_644' title='bbox 2456 4195 2650 4249; x_wconf 91' lang='lat' dir='ltr'><strong>cultior</strong></span> <span class='ocrx_word' id='word_1_645' title='bbox 2699 4193 2931 4261; x_wconf 85' lang='lat' dir='ltr'><strong>habitus,</strong></span> <span class='ocrx_word' id='word_1_646' title='bbox 2984 4204 3077 4251; x_wconf 89' lang='lat' dir='ltr'><strong>aut</strong></span> <span class='ocrx_word' id='word_1_647' title='bbox 3126 4197 3448 4255; x_wconf 87' lang='lat' dir='ltr'><strong>eminentior</strong></span> <span class='ocrx_word' id='word_1_648' title='bbox 3482 4198 3658 4257; x_wconf 79' lang='lat' dir='ltr'><strong>forma</strong></span> 
     </span>
    </p>
   </div>
   <div class='ocr_carea' id='block_1_97' title="bbox 2062 4285 3659 4357">
    <p class='ocr_par' dir='ltr' id='par_1_97' title="bbox 2062 4285 3659 4357">
     <span class='ocr_line' id='line_1_97' title="bbox 2062 4285 3659 4357; baseline 0.003 -15"><span class='ocrx_word' id='word_1_649' title='bbox 2062 4288 2372 4357; x_wconf 64' lang='lat' dir='ltr'><strong>praestabat.</strong></span> <span class='ocrx_word' id='word_1_650' title='bbox 2427 4285 2494 4340; x_wconf 87' lang='lat' dir='ltr'><strong>Et</strong></span> <span class='ocrx_word' id='word_1_651' title='bbox 2541 4294 2719 4341; x_wconf 82' lang='lat' dir='ltr'><strong>tamen</strong></span> <span class='ocrx_word' id='word_1_652' title='bbox 2768 4286 3080 4353; x_wconf 80' lang='lat' dir='ltr'><strong>Abraham,</strong></span> <span class='ocrx_word' id='word_1_653' title='bbox 3127 4298 3525 4346; x_wconf 86' lang='lat' dir='ltr'><strong>sacramentum</strong></span> <span class='ocrx_word' id='word_1_654' title='bbox 3580 4292 3659 4345; x_wconf 87' lang='lat' dir='ltr'><strong>iu-</strong></span> 
     </span>
    </p>
   </div>
   <div class='ocr_carea' id='block_1_98' title="bbox 2062 4374 3659 4452">
    <p class='ocr_par' dir='ltr' id='par_1_98' title="bbox 2062 4374 3659 4452">
     <span class='ocr_line' id='line_1_98' title="bbox 2062 4374 3659 4452; baseline 0.005 -21"><span class='ocrx_word' id='word_1_655' title='bbox 2062 4376 2251 4433; x_wconf 62' lang='lat' dir='ltr'><strong>divisa</strong></span> <span class='ocrx_word' id='word_1_656' title='bbox 2294 4374 2571 4432; x_wconf 83' lang='lat' dir='ltr'><strong>Trinitatis</strong></span> <span class='ocrx_word' id='word_1_657' title='bbox 2604 4375 2939 4446; x_wconf 88' lang='lat' dir='ltr'><strong>intelligens,</strong></span> <span class='ocrx_word' id='word_1_658' title='bbox 2979 4392 3085 4432; x_wconf 87' lang='lat' dir='ltr'><strong>uno</strong></span> <span class='ocrx_word' id='word_1_659' title='bbox 3129 4379 3348 4437; x_wconf 88' lang='lat' dir='ltr'><strong>nomine</strong></span> <span class='ocrx_word' id='word_1_660' title='bbox 3396 4389 3506 4437; x_wconf 89' lang='lat' dir='ltr'><strong>tres</strong></span> <span class='ocrx_word' id='word_1_661' title='bbox 3537 4398 3659 4452; x_wconf 66' lang='lat' dir='ltr'><strong>pre~</strong></span> 
     </span>
    </p>
   </div>
   <div class='ocr_carea' id='block_1_99' title="bbox 2064 4468 3660 4540">
    <p class='ocr_par' dir='ltr' id='par_1_99' title="bbox 2064 4468 3660 4540">
     <span class='ocr_line' id='line_1_99' title="bbox 2064 4468 3660 4540; baseline 0.006 -16"><span class='ocrx_word' id='word_1_662' title='bbox 2064 4478 2252 4533; x_wconf 88' lang='lat' dir='ltr'><strong>catur,</strong></span> <span class='ocrx_word' id='word_1_663' title='bbox 2301 4468 2426 4537; x_wconf 85' lang='lat' dir='ltr'><strong>quia</strong></span> <span class='ocrx_word' id='word_1_664' title='bbox 2482 4468 2619 4523; x_wconf 89' lang='lat' dir='ltr'><strong>trina</strong></span> <span class='ocrx_word' id='word_1_665' title='bbox 2671 4468 2724 4524; x_wconf 92' lang='lat' dir='ltr'><strong>in</strong></span> <span class='ocrx_word' id='word_1_666' title='bbox 2778 4469 2980 4523; x_wconf 89' lang='lat' dir='ltr'><strong>unitate</strong></span> <span class='ocrx_word' id='word_1_667' title='bbox 3029 4485 3300 4540; x_wconf 84' lang='lat' dir='ltr'><strong>persona,</strong></span> <span class='ocrx_word' id='word_1_668' title='bbox 3341 4481 3398 4529; x_wconf 90' lang='lat' dir='ltr'><strong>et</strong></span> <span class='ocrx_word' id='word_1_669' title='bbox 3436 4490 3538 4529; x_wconf 88' lang='lat' dir='ltr'><strong>una</strong></span> <span class='ocrx_word' id='word_1_670' title='bbox 3579 4485 3660 4534; x_wconf 88' lang='lat' dir='ltr'><strong>est</strong></span> 
     </span>
    </p>
   </div>
   <div class='ocr_carea' id='block_1_100' title="bbox 2071 4558 3658 4632">
    <p class='ocr_par' dir='ltr' id='par_1_100' title="bbox 2071 4558 3658 4632">
     <span class='ocr_line' id='line_1_100' title="bbox 2071 4558 3658 4632; baseline 0.004 -19"><span class='ocrx_word' id='word_1_671' title='bbox 2071 4561 2124 4615; x_wconf 90' lang='lat' dir='ltr'><strong>in</strong></span> <span class='ocrx_word' id='word_1_672' title='bbox 2162 4558 2427 4614; x_wconf 81' lang='lat' dir='ltr'><strong>Trinitate</strong></span> <span class='ocrx_word' id='word_1_673' title='bbox 2467 4559 2798 4625; x_wconf 85' lang='lat' dir='ltr'><strong>substantia;</strong></span> <span class='ocrx_word' id='word_1_674' title='bbox 2841 4559 2912 4615; x_wconf 90' lang='lat' dir='ltr'><strong>de</strong></span> <span class='ocrx_word' id='word_1_675' title='bbox 2945 4574 3047 4629; x_wconf 86' lang='lat' dir='ltr'><strong>qua</strong></span> <span class='ocrx_word' id='word_1_676' title='bbox 3082 4570 3137 4615; x_wconf 92' lang='lat' dir='ltr'><strong>et</strong></span> <span class='ocrx_word' id='word_1_677' title='bbox 3163 4564 3455 4632; x_wconf 83' lang='lat' dir='ltr'><strong>Apostolus</strong></span> <span class='ocrx_word' id='word_1_678' title='bbox 3488 4564 3658 4620; x_wconf 82' lang='lat' dir='ltr'><strong>dit-it:</strong></span> 
     </span>
    </p>
   </div>
   <div class='ocr_carea' id='block_1_101' title="bbox 2078 4650 3660 4727">
    <p class='ocr_par' dir='ltr' id='par_1_101' title="bbox 2078 4650 3660 4727">
     <span class='ocr_line' id='line_1_101' title="bbox 2078 4650 3660 4727; baseline 0.005 -20"><span class='ocrx_word' id='word_1_679' title='bbox 2078 4650 2234 4708; x_wconf 85' lang='lat' dir='ltr'><strong>Unus</strong></span> <span class='ocrx_word' id='word_1_680' title='bbox 2260 4650 2530 4718; x_wconf 85' lang='lat' dir='ltr'><strong>Dominus,</strong></span> <span class='ocrx_word' id='word_1_681' title='bbox 2557 4667 2659 4705; x_wconf 77' lang='lat' dir='ltr'><strong>una</strong></span> <span class='ocrx_word' id='word_1_682' title='bbox 2675 4651 2826 4720; x_wconf 74' lang='lat' dir='ltr'><strong>ﬁdes,</strong></span> <span class='ocrx_word' id='word_1_683' title='bbox 2851 4668 3009 4705; x_wconf 81' lang='lat' dir='ltr'><strong>unum</strong></span> <span class='ocrx_word' id='word_1_684' title='bbox 3039 4653 3291 4726; x_wconf 77' lang='lat' dir='ltr'><strong>baptism</strong></span> <span class='ocrx_word' id='word_1_685' title='bbox 3318 4655 3551 4727; x_wconf 75' lang='lat' dir='ltr'><strong>(Ephes.</strong></span> <span class='ocrx_word' id='word_1_686' title='bbox 3586 4676 3660 4727; x_wconf 78' lang='lat' dir='ltr'><strong>tv,</strong></span> 
     </span>
    </p>
   </div>
   <div class='ocr_carea' id='block_1_102' title="bbox 2074 4742 3662 4813">
    <p class='ocr_par' dir='ltr' id='par_1_102' title="bbox 2074 4742 3662 4813">
     <span class='ocr_line' id='line_1_102' title="bbox 2074 4742 3662 4813; baseline 0.004 -14"><span class='ocrx_word' id='word_1_687' title='bbox 2074 4744 2155 4813; x_wconf 80' lang='lat'><strong>5).</strong></span> <span class='ocrx_word' id='word_1_688' title='bbox 2205 4742 2336 4809; x_wconf 86' lang='lat' dir='ltr'><strong>Quis</strong></span> <span class='ocrx_word' id='word_1_689' title='bbox 2366 4750 2655 4812; x_wconf 77' lang='lat' dir='ltr'><strong>prtesumat</strong></span> <span class='ocrx_word' id='word_1_690' title='bbox 2693 4751 2879 4799; x_wconf 88' lang='lat' dir='ltr'><strong>contra</strong></span> <span class='ocrx_word' id='word_1_691' title='bbox 2922 4757 3019 4798; x_wconf 77' lang='lat' dir='ltr'><strong>vas</strong></span> <span class='ocrx_word' id='word_1_692' title='bbox 3071 4745 3352 4803; x_wconf 77' lang='lat' dir='ltr'><strong>eisetionis</strong></span> <span class='ocrx_word' id='word_1_693' title='bbox 3402 4750 3662 4805; x_wconf 83' lang='lat' dir='ltr'><strong>unitatem</strong></span> 
     </span>
    </p>
   </div>
   <div class='ocr_carea' id='block_1_103' title="bbox 2075 4831 3661 4908">
    <p class='ocr_par' dir='ltr' id='par_1_103' title="bbox 2075 4831 3661 4908">
     <span class='ocr_line' id='line_1_103' title="bbox 2075 4831 3661 4908; baseline 0.003 -20"><span class='ocrx_word' id='word_1_694' title='bbox 2075 4833 2235 4889; x_wconf 89' lang='lat' dir='ltr'><strong>istam</strong></span> <span class='ocrx_word' id='word_1_695' title='bbox 2260 4833 2569 4903; x_wconf 88' lang='lat' dir='ltr'><strong>pluralitate</strong></span> <span class='ocrx_word' id='word_1_696' title='bbox 2591 4831 2962 4888; x_wconf 75' lang='lat' dir='ltr'><strong>confunderet</strong></span> <span class='ocrx_word' id='word_1_697' title='bbox 2992 4834 3220 4890; x_wconf 71' lang='lat' dir='ltr'><strong>Noverat</strong></span> <span class='ocrx_word' id='word_1_698' title='bbox 3262 4853 3494 4908; x_wconf 88' lang='lat' dir='ltr'><strong>namque</strong></span> <span class='ocrx_word' id='word_1_699' title='bbox 3538 4856 3661 4895; x_wconf 89' lang='lat' dir='ltr'><strong>cum</strong></span> 
     </span>
    </p>
   </div>
   <div class='ocr_carea' id='block_1_104' title="bbox 2077 4919 3663 4998">
    <p class='ocr_par' dir='ltr' id='par_1_104' title="bbox 2077 4919 3663 4998">
     <span class='ocr_line' id='line_1_104' title="bbox 2077 4919 3663 4998; baseline 0.004 -19"><span class='ocrx_word' id='word_1_700' title='bbox 2077 4922 2237 4979; x_wconf 77' lang='lat' dir='ltr'><strong>Patre</strong></span> <span class='ocrx_word' id='word_1_701' title='bbox 2266 4922 2345 4977; x_wconf 67' lang='lat' dir='ltr'><strong>vel</strong></span> <span class='ocrx_word' id='word_1_702' title='bbox 2379 4920 2516 4975; x_wconf 82' lang='lat' dir='ltr'><strong>Filio</strong></span> <span class='ocrx_word' id='word_1_703' title='bbox 2544 4919 2807 4975; x_wconf 88' lang='lat' dir='ltr'><strong>dominari</strong></span> <span class='ocrx_word' id='word_1_704' title='bbox 2832 4920 3481 4992; x_wconf 66' lang='lat' dir='ltr'><strong>Spiritum&#39;sanotum,cui</strong></span> <span class='ocrx_word' id='word_1_705' title='bbox 3509 4928 3663 4998; x_wconf 84' lang='lat' dir='ltr'><strong>quasi</strong></span> 
     </span>
    </p>
   </div>
   <div class='ocr_carea' id='block_1_105' title="bbox 2077 5014 3663 5090">
    <p class='ocr_par' dir='ltr' id='par_1_105' title="bbox 2077 5014 3663 5090">
     <span class='ocr_line' id='line_1_105' title="bbox 2077 5014 3663 5090; baseline 0.001 -19"><span class='ocrx_word' id='word_1_706' title='bbox 2077 5015 2294 5071; x_wconf 93' lang='lat' dir='ltr'><strong>domum</strong></span> <span class='ocrx_word' id='word_1_707' title='bbox 2322 5028 2549 5084; x_wconf 80' lang='lat' dir='ltr'><strong>corpora</strong></span> <span class='ocrx_word' id='word_1_708' title='bbox 2581 5022 2759 5069; x_wconf 87' lang='lat' dir='ltr'><strong>nostra</strong></span> <span class='ocrx_word' id='word_1_709' title='bbox 2787 5014 3034 5069; x_wconf 86' lang='lat' dir='ltr'><strong>sacrabat</strong></span> <span class='ocrx_word' id='word_1_710' title='bbox 3053 5016 3240 5072; x_wconf 88' lang='lat' dir='ltr'><strong>dicens</strong></span> <span class='ocrx_word' id='word_1_711' title='bbox 3260 5034 3272 5069; x_wconf 91' lang='lat'><strong>:</strong></span> <span class='ocrx_word' id='word_1_712' title='bbox 3294 5016 3513 5072; x_wconf 80' lang='lat' dir='ltr'><strong>Nescitis</strong></span> <span class='ocrx_word' id='word_1_713' title='bbox 3540 5022 3663 5090; x_wconf 84' lang='lat' dir='ltr'><strong>quia</strong></span> 
     </span>
    </p>
   </div>
   <div class='ocr_carea' id='block_1_106' title="bbox 2075 5103 3660 5181">
    <p class='ocr_par' dir='ltr' id='par_1_106' title="bbox 2075 5103 3660 5181">
     <span class='ocr_line' id='line_1_106' title="bbox 2075 5103 3660 5181; baseline 0.002 -21"><span class='ocrx_word' id='word_1_714' title='bbox 2075 5104 2322 5177; x_wconf 84' lang='lat' dir='ltr'><strong>templum</strong></span> <span class='ocrx_word' id='word_1_715' title='bbox 2346 5104 2441 5159; x_wconf 88' lang='lat' dir='ltr'><strong>Dei</strong></span> <span class='ocrx_word' id='word_1_716' title='bbox 2465 5106 2609 5172; x_wconf 90' lang='lat' dir='ltr'><strong>estis,</strong></span> <span class='ocrx_word' id='word_1_717' title='bbox 2635 5114 2681 5160; x_wconf 87' lang='lat' dir='ltr'><strong>et</strong></span> <span class='ocrx_word' id='word_1_718' title='bbox 2703 5103 2931 5174; x_wconf 87' lang='lat' dir='ltr'><strong>Spiritus</strong></span> <span class='ocrx_word' id='word_1_719' title='bbox 2954 5104 3050 5159; x_wconf 86' lang='lat' dir='ltr'><strong>Dei</strong></span> <span class='ocrx_word' id='word_1_720' title='bbox 3086 5106 3280 5161; x_wconf 77' lang='lat' dir='ltr'><strong>habitat</strong></span> <span class='ocrx_word' id='word_1_721' title='bbox 3316 5108 3370 5162; x_wconf 86' lang='lat' dir='ltr'><strong>in</strong></span> <span class='ocrx_word' id='word_1_722' title='bbox 3410 5108 3547 5164; x_wconf 83' lang='lat' dir='ltr'><strong>uobis</strong></span> <span class='ocrx_word' id='word_1_723' title='bbox 3586 5110 3604 5181; x_wconf 92' lang='lat'><strong>(</strong></span> <span class='ocrx_word' id='word_1_724' title='bbox 3630 5107 3660 5163; x_wconf 85' lang='grc' dir='ltr'><em>ι</em></span> 
     </span>
    </p>
   </div>
   <div class='ocr_carea' id='block_1_107' title="bbox 2072 5195 3664 5270">
    <p class='ocr_par' dir='ltr' id='par_1_107' title="bbox 2072 5195 3664 5270">
     <span class='ocr_line' id='line_1_107' title="bbox 2072 5195 3664 5270; baseline 0.001 -16"><span class='ocrx_word' id='word_1_725' title='bbox 2072 5199 2195 5254; x_wconf 80' lang='lat' dir='ltr'><strong>Cor.</strong></span> <span class='ocrx_word' id='word_1_726' title='bbox 2223 5213 2306 5265; x_wconf 84' lang='lat' dir='ltr'><strong>tu,</strong></span> <span class='ocrx_word' id='word_1_727' title='bbox 2323 5197 2442 5269; x_wconf 76' lang='lat' dir='ltr'><strong>i6)?</strong></span> <span class='ocrx_word' id='word_1_728' title='bbox 2460 5196 2579 5263; x_wconf 84' lang='lat' dir='ltr'><strong>Quo</strong></span> <span class='ocrx_word' id='word_1_729' title='bbox 2603 5211 2837 5265; x_wconf 87' lang='lat' dir='ltr'><strong>unquam</strong></span> <span class='ocrx_word' id='word_1_730' title='bbox 2865 5195 3037 5267; x_wconf 85' lang='lat' dir='ltr'><strong>magis</strong></span> <span class='ocrx_word' id='word_1_731' title='bbox 3057 5199 3364 5254; x_wconf 86' lang='lat' dir='ltr'><strong>testimonio</strong></span> <span class='ocrx_word' id='word_1_732' title='bbox 3386 5200 3525 5256; x_wconf 89' lang='lat' dir='ltr'><strong>Deus</strong></span> <span class='ocrx_word' id='word_1_733' title='bbox 3540 5215 3664 5270; x_wconf 86' lang='lat' dir='ltr'><strong>pro-</strong></span> 
     </span>
    </p>
   </div>
   <div class='ocr_carea' id='block_1_108' title="bbox 2075 5289 3663 5360">
    <p class='ocr_par' dir='ltr' id='par_1_108' title="bbox 2075 5289 3663 5360">
     <span class='ocr_line' id='line_1_108' title="bbox 2075 5289 3663 5360; baseline 0 -13"><span class='ocrx_word' id='word_1_734' title='bbox 2075 5291 2288 5347; x_wconf 83' lang='lat' dir='ltr'><strong>habitur</strong></span> <span class='ocrx_word' id='word_1_735' title='bbox 2317 5289 2552 5360; x_wconf 87' lang='lat' dir='ltr'><strong>Spiritus</strong></span> <span class='ocrx_word' id='word_1_736' title='bbox 2583 5297 2833 5357; x_wconf 84' lang='lat' dir='ltr'><strong>sanctus,</strong></span> <span class='ocrx_word' id='word_1_737' title='bbox 2887 5303 3050 5357; x_wconf 87' lang='lat' dir='ltr'><strong>quam</strong></span> <span class='ocrx_word' id='word_1_738' title='bbox 3107 5290 3247 5359; x_wconf 87' lang='lat' dir='ltr'><strong>quod</strong></span> <span class='ocrx_word' id='word_1_739' title='bbox 3298 5289 3663 5348; x_wconf 83' lang='lat' dir='ltr'><strong>habitaculum</strong></span> 
     </span>
    </p>
   </div>
   <div class='ocr_carea' id='block_1_109' title="bbox 2074 5379 3663 5452">
    <p class='ocr_par' dir='ltr' id='par_1_109' title="bbox 2074 5379 3663 5452">
     <span class='ocr_line' id='line_1_109' title="bbox 2074 5379 3663 5452; baseline 0 -15"><span class='ocrx_word' id='word_1_740' title='bbox 2074 5382 2240 5452; x_wconf 88' lang='lat' dir='ltr'><strong>ipsius</strong></span> <span class='ocrx_word' id='word_1_741' title='bbox 2263 5394 2470 5447; x_wconf 88' lang='lat' dir='ltr'><strong>sumus,</strong></span> <span class='ocrx_word' id='word_1_742' title='bbox 2503 5388 2557 5434; x_wconf 91' lang='lat' dir='ltr'><strong>et</strong></span> <span class='ocrx_word' id='word_1_743' title='bbox 2579 5380 2719 5435; x_wconf 86' lang='lat' dir='ltr'><strong>Deus</strong></span> <span class='ocrx_word' id='word_1_744' title='bbox 2748 5379 2958 5435; x_wconf 87' lang='lat' dir='ltr'><strong>habitat</strong></span> <span class='ocrx_word' id='word_1_745' title='bbox 2985 5382 3037 5435; x_wconf 94' lang='lat' dir='ltr'><strong>in</strong></span> <span class='ocrx_word' id='word_1_746' title='bbox 3065 5382 3252 5436; x_wconf 74' lang='lat' dir='ltr'><strong>nobis?</strong></span> <span class='ocrx_word' id='word_1_747' title='bbox 3281 5382 3386 5437; x_wconf 76' lang='lat' dir='ltr'><strong>Sed</strong></span> <span class='ocrx_word' id='word_1_748' title='bbox 3426 5383 3533 5451; x_wconf 83' lang='lat' dir='ltr'><strong>jam</strong></span> <span class='ocrx_word' id='word_1_749' title='bbox 3565 5383 3663 5437; x_wconf 90' lang='lat' dir='ltr'><strong>du-</strong></span> 
     </span>
    </p>
   </div>
   <div class='ocr_carea' id='block_1_110' title="bbox 2076 5470 3664 5542">
    <p class='ocr_par' dir='ltr' id='par_1_110' title="bbox 2076 5470 3664 5542">
     <span class='ocr_line' id='line_1_110' title="bbox 2076 5470 3664 5542; baseline -0.001 -13"><span class='ocrx_word' id='word_1_750' title='bbox 2076 5474 2204 5529; x_wconf 92' lang='lat' dir='ltr'><strong>dum</strong></span> <span class='ocrx_word' id='word_1_751' title='bbox 2236 5470 2545 5542; x_wconf 87' lang='lat' dir='ltr'><strong>hujnsmcdi</strong></span> <span class='ocrx_word' id='word_1_752' title='bbox 2564 5470 2937 5527; x_wconf 83' lang='lat' dir='ltr'><strong>credulitatem</strong></span> <span class='ocrx_word' id='word_1_753' title='bbox 2965 5472 3158 5526; x_wconf 67' lang='lat' dir='ltr'><strong>divinae</strong></span> <span class='ocrx_word' id='word_1_754' title='bbox 3182 5476 3443 5527; x_wconf 81' lang='lat' dir='ltr'><strong>vocationi</strong></span> <span class='ocrx_word' id='word_1_755' title='bbox 3472 5473 3664 5529; x_wconf 86' lang='lat' dir='ltr'><strong>Paulus</strong></span> 
     </span>
    </p>
   </div>
   <div class='ocr_carea' id='block_1_111' title="bbox 2080 5562 3663 5631">
    <p class='ocr_par' dir='ltr' id='par_1_111' title="bbox 2080 5562 3663 5631">
     <span class='ocr_line' id='line_1_111' title="bbox 2080 5562 3663 5631; baseline -0.004 -12"><span class='ocrx_word' id='word_1_756' title='bbox 2080 5563 2328 5621; x_wconf 87' lang='lat' dir='ltr'><strong>debebat.</strong></span> <span class='ocrx_word' id='word_1_757' title='bbox 2354 5562 2410 5618; x_wconf 87' lang='lat' dir='ltr'><strong>Si</strong></span> <span class='ocrx_word' id='word_1_758' title='bbox 2439 5562 2636 5631; x_wconf 87' lang='lat' dir='ltr'><strong>quippe</strong></span> <span class='ocrx_word' id='word_1_759' title='bbox 2666 5562 2719 5615; x_wconf 90' lang='lat' dir='ltr'><strong>in</strong></span> <span class='ocrx_word' id='word_1_760' title='bbox 2744 5563 3111 5631; x_wconf 89' lang='lat' dir='ltr'><strong>apostolorum</strong></span> <span class='ocrx_word' id='word_1_761' title='bbox 3143 5563 3361 5618; x_wconf 80' lang='lat' dir='ltr'><strong>Actibus</strong></span> <span class='ocrx_word' id='word_1_762' title='bbox 3380 5564 3625 5617; x_wconf 79' lang='lat' dir='ltr'><strong>scribitur</strong></span> <span class='ocrx_word' id='word_1_763' title='bbox 3652 5579 3663 5613; x_wconf 90' lang='lat'><strong>:</strong></span> 
     </span>
    </p>
   </div>
   <div class='ocr_carea' id='block_1_112' title="bbox 2084 5651 3663 5721">
    <p class='ocr_par' dir='ltr' id='par_1_112' title="bbox 2084 5651 3663 5721">
     <span class='ocr_line' id='line_1_112' title="bbox 2084 5651 3663 5721; baseline -0.008 -11"><span class='ocrx_word' id='word_1_764' title='bbox 2084 5652 2487 5711; x_wconf 80' lang='lat' dir='ltr'><strong>Deservientibus</strong></span> <span class='ocrx_word' id='word_1_765' title='bbox 2519 5660 2690 5705; x_wconf 85' lang='lat' dir='ltr'><strong>autem</strong></span> <span class='ocrx_word' id='word_1_766' title='bbox 2716 5651 2823 5706; x_wconf 87' lang='lat' dir='ltr'><strong>illis</strong></span> <span class='ocrx_word' id='word_1_767' title='bbox 2850 5660 2897 5706; x_wconf 84' lang='lat' dir='ltr'><strong>et</strong></span> <span class='ocrx_word' id='word_1_768' title='bbox 2914 5653 3292 5721; x_wconf 82' lang='lat' dir='ltr'><strong>jeiunantibtts,</strong></span> <span class='ocrx_word' id='word_1_769' title='bbox 3327 5652 3461 5703; x_wconf 76' lang='lat' dir='ltr'><strong>dixit</strong></span> <span class='ocrx_word' id='word_1_770' title='bbox 3496 5653 3663 5720; x_wconf 79' lang='lat' dir='ltr'><strong>Spiri.</strong></span> 
     </span>
    </p>
   </div>
   <div class='ocr_carea' id='block_1_113' title="bbox 2084 5739 3661 5813">
    <p class='ocr_par' dir='ltr' id='par_1_113' title="bbox 2084 5739 3661 5813">
     <span class='ocr_line' id='line_1_113' title="bbox 2084 5739 3661 5813; baseline -0.001 -16"><span class='ocrx_word' id='word_1_771' title='bbox 2084 5755 2165 5798; x_wconf 84' lang='lat' dir='ltr'><strong>tus</strong></span> <span class='ocrx_word' id='word_1_772' title='bbox 2194 5753 2418 5809; x_wconf 83' lang='lat' dir='ltr'><strong>sanctus,</strong></span> <span class='ocrx_word' id='word_1_773' title='bbox 2454 5742 2730 5813; x_wconf 87' lang='lat' dir='ltr'><strong>Segregate</strong></span> <span class='ocrx_word' id='word_1_774' title='bbox 2752 5741 2877 5795; x_wconf 82' lang='lat' dir='ltr'><strong>mihi</strong></span> <span class='ocrx_word' id='word_1_775' title='bbox 2926 5739 3152 5794; x_wconf 83' lang='lat' dir='ltr'><strong>Paulum</strong></span> <span class='ocrx_word' id='word_1_776' title='bbox 3191 5752 3236 5795; x_wconf 88' lang='lat' dir='ltr'><strong>et</strong></span> <span class='ocrx_word' id='word_1_777' title='bbox 3283 5742 3569 5795; x_wconf 81' lang='lat' dir='ltr'><strong>Barnabam</strong></span> <span class='ocrx_word' id='word_1_778' title='bbox 3596 5745 3661 5796; x_wconf 84' lang='lat' dir='ltr'><strong>ml</strong></span> 
     </span>
    </p>
   </div>
   <div class='ocr_carea' id='block_1_114' title="bbox 2085 5832 3659 5907">
    <p class='ocr_par' dir='ltr' id='par_1_114' title="bbox 2085 5832 3659 5907">
     <span class='ocr_line' id='line_1_114' title="bbox 2085 5832 3659 5907; baseline 0 -16"><span class='ocrx_word' id='word_1_779' title='bbox 2085 5854 2212 5907; x_wconf 89' lang='lat' dir='ltr'><strong>opus</strong></span> <span class='ocrx_word' id='word_1_780' title='bbox 2242 5836 2308 5890; x_wconf 86' lang='lat' dir='ltr'><strong>ad</strong></span> <span class='ocrx_word' id='word_1_781' title='bbox 2335 5835 2470 5905; x_wconf 85' lang='lat' dir='ltr'><strong>quod</strong></span> <span class='ocrx_word' id='word_1_782' title='bbox 2491 5834 2662 5889; x_wconf 76' lang='lat' dir='ltr'><strong>vocavi</strong></span> <span class='ocrx_word' id='word_1_783' title='bbox 2689 5849 2773 5889; x_wconf 84' lang='lat' dir='ltr'><strong>eos</strong></span> <span class='ocrx_word' id='word_1_784' title='bbox 2803 5833 2939 5901; x_wconf 79' lang='lat' dir='ltr'><strong>(Act.</strong></span> <span class='ocrx_word' id='word_1_785' title='bbox 2975 5847 3087 5901; x_wconf 81' lang='lat' dir='ltr'><strong>xm,</strong></span> <span class='ocrx_word' id='word_1_786' title='bbox 3114 5832 3191 5903; x_wconf 76' lang='lat'><strong>2).</strong></span> <span class='ocrx_word' id='word_1_787' title='bbox 3226 5832 3338 5889; x_wconf 83' lang='lat' dir='ltr'><strong>Non</strong></span> <span class='ocrx_word' id='word_1_788' title='bbox 3385 5849 3450 5888; x_wconf 77' lang='lat' dir='ltr'><strong>ex</strong></span> <span class='ocrx_word' id='word_1_789' title='bbox 3502 5850 3659 5899; x_wconf 79' lang='lat' dir='ltr'><strong>supe-</strong></span> 
     </span>
    </p>
   </div>
  </div>
