4316 6478
3065 9 3202 34 ·.⁴“’⁸’
3255 1 3398 26 ι’
3439 1 3578 32 ":.-“
3653 7 3797 31 θη.
3914 0 4121 33 ξτπ-νπ

2373 79 2378 82 .
2711 83 2718 88 .
2779 49 2796 86 .’
2903 13 4151 110 iisin-ist
4170 32 4243 85 9.—

2319 139 2324 142 .
2541 115 2560 134 ε
2577 139 2586 144 ..
2605 89 2612 142 ζ
2663 131 2676 134 ..
2733 125 2760 142 η.
2793 99 2918 142 -ῖῖκ
2937 101 2976 136 ·-
3003 105 3044 144 at
3444 97 3498 143 ‘..

478 150 667 167 ἡ...

271 576 377 631 515

272 686 419 741 rlesia
444 680 658 752 (Ep/tes.
694 691 747 744 v,
778 671 891 747 52).
916 668 1161 725 Nascitur
1195 679 1383 733 nempe
1433 663 1501 752 ab
1546 650 1845 716 humilitate
1876 664 1928 722 Α

271 750 495 839 exempli
521 765 743 821 altitudo
772 759 1029 833 mysterii.
1054 758 1110 812 Si
1134 771 1203 809 ex
1229 754 1437 807 duobus
1460 750 1658 805 dicitur
1681 764 1849 804 unum

273 862 447 916 facere
476 856 663 925 copula
693 849 986 921 corporalis
1011 888 1028 914 ,
1082 852 1248 913 quare
1304 852 1469 896 totam
1525 839 1849 919 Trinitatem

280 960 377 1003 non
406 944 711 1001 solidaverit
732 957 832 995 una
852 937 1145 993 substantia
1170 936 1193 987 τ
1220 942 1312 987 aut
1350 946 1471 985 cum
1500 930 1765 996 dicamus,
1796 931 1850 984 in

282 1039 500 1092 terrenis
528 1030 767 1103 separari
815 1044 920 1083 non
964 1028 1127 1080 licere
1159 1021 1301 1093 quod
1345 1021 1487 1075 Deus
1532 1019 1713 1087 iunxit
1758 1033 1853 1089 per

279 1126 645 1185 concordiam,
693 1127 891 1188 quanto
938 1114 1179 1184 periculo
1225 1112 1279 1166 in
1326 1108 1571 1177 supernis
1612 1107 1851 1175 separari

281 1211 498 1267 velimus
526 1211 665 1281 quod
721 1210 862 1263 Deus
896 1208 1111 1277 junctus
1150 1214 1229 1257 est
1272 1217 1367 1271 per
1417 1199 1705 1253 naturam?
1734 1198 1853 1253 Jam

282 1309 339 1356 ut
360 1300 488 1353 illud
514 1312 714 1357 taceam
737 1297 876 1367 quod
899 1296 1154 1363 scriptum
1181 1301 1288 1355 est,
1315 1289 1456 1358 quod
1502 1289 1853 1342 multitudinis

280 1390 587 1445 credentium
607 1398 715 1445 erat
744 1388 917 1440 anima
944 1401 1068 1450 una,
1094 1393 1137 1437 et
1166 1398 1253 1436 cor
1276 1396 1432 1433 unum
1458 1379 1596 1445 (Act.
1627 1394 1698 1443 tv,
1718 1375 1809 1446 52)
1832 1391 1847 1429 :

280 1496 502 1550 quorum
534 1477 734 1545 singula
764 1476 924 1540 corda
956 1488 1116 1527 unum
1142 1486 1237 1526 cor
1281 1468 1541 1523 reddebat
1589 1468 1854 1521 unanimi-

283 1580 381 1637 tas,
407 1570 541 1624 sicut
567 1568 807 1637 proprias
837 1568 889 1621 in
936 1564 1198 1620 Trinitate
1244 1573 1506 1630 personas
1556 1558 1749 1614 solidat
1799 1564 1855 1613 et

279 1672 481 1717 erunat
510 1658 803 1729 aqualitas.

746 1790 835 1846 AP
872 1786 1373 1845 PlllLlPPENSES.

348 1907 400 1961 Ι.
445 1906 543 1975 Qui
577 1922 693 1961 cum
721 1906 775 1959 in
805 1904 971 1971 forma
999 1902 1093 1957 Dei
1130 1911 1285 1968 esset,
1314 1898 1638 1970 semetipsum
1677 1897 1854 1951 exina-

278 2003 422 2059 nivit.

350 2094 433 2149 11.
465 2093 655 2147 Factus
685 2092 918 2146 obediens
942 2106 1096 2158 usque
1121 2090 1189 2142 ad
1212 2096 1443 2141 mortem.

348 2185 409 2240 ΙΙ
420 2185 466 2239 1.
499 2184 717 2254 Propter
739 2184 874 2253 quod
903 2180 1039 2235 Deus
1064 2182 1208 2234 illum
1234 2179 1503 2241 exultavit,
1553 2184 1598 2228 et
1646 2173 1852 2226 donavit

278 2280 355 2334 illi
383 2295 561 2332 nomen
581 2277 717 2347 quod
738 2285 810 2329 est
834 2291 989 2344 super
1017 2290 1167 2327 omne
1196 2288 1400 2326 nomen.

346 2368 374 2422 1
390 2369 451 2421 γ.
479 2366 546 2423 Ut
576 2371 628 2420 in
650 2367 853 2420 nomine
871 2364 901 2417 ,Ι
910 2381 995 2419 esu
1016 2379 1163 2417 omne
1187 2379 1319 2435 genu
1347 2364 1604 2429 ﬂectatur.

351 2459 414 2513 V.
451 2458 515 2511 Et
546 2458 707 2512 omnis
738 2457 917 2526 lingua
940 2455 1246 2524 conﬁteatur
1264 2455 1384 2525 quia
1427 2450 1676 2507 Dominus
1705 2449 1853 2507 Iesus

278 2552 327 2606 in
358 2553 522 2623 gloria
551 2560 624 2605 est
659 2550 750 2604 Dei
779 2547 972 2603 Patris.

352 2644 450 2700 VI.
482 2643 616 2699 Item
639 2645 702 2698 de
730 2644 924 2697 eodem.

594 2850 690 2921 (Ex
721 2848 871 2904 libris
900 2846 1101 2903 Contra
1124 2844 1496 2916 Pbantasma.)

345 2980 471 3035 Cum
492 2980 544 3034 in
576 2982 741 3050 [arma
771 2978 863 3033 Dei
903 2988 1048 3047 esset,
1077 2978 1400 3047 semetipsum
1427 2977 1708 3030 eainanivit
1746 2977 1855 3048 for-

272 3088 407 3127 mam
449 3075 573 3125 servi
604 3071 853 3138 accipiens
877 3110 893 3136 ,
924 3080 970 3124 et
1014 3070 1298 3122 humiliauit
1343 3070 1666 3138 semetipsum
1696 3085 1853 3140 usque

277 3163 344 3214 ad
370 3171 602 3227 mortem,
634 3170 841 3215 mortem
867 3170 1033 3213 autem
1061 3161 1225 3213 crucis
1248 3159 1508 3231 (Philipp.
1564 3175 1601 3213 ιι
1629 3200 1644 3225 ,
1694 3160 1849 3228 6-8).

277 3252 448 3307 Verus
481 3254 619 3306 Deus
642 3252 836 3320 estqui
870 3252 1116 3319 dignatur
1156 3251 1444 3314 inclinari;
1488 3265 1649 3306 verus
1693 3251 1855 3307 liomo

276 3351 373 3407 est,
408 3344 495 3413 qui
523 3343 697 3411 potuit
728 3342 883 3396 mori.
918 3340 1134 3412 PrOpter
1154 3342 1309 3410 quod,
1361 3342 1571 3412 inquit,
1614 3352 1664 3397 et
1718 3342 1852 3397 Deus

275 3442 412 3502 pater
441 3433 679 3486 exultavit
704 3433 872 3497 illum,
902 3443 948 3485 et
988 3433 1191 3485 donauit
1235 3433 1316 3486 illi
1370 3449 1550 3487 nomen
1598 3432 1735 3501 quod
1779 3441 1852 3487 est

277 3540 425 3590 super
452 3539 602 3575 omne
630 3538 831 3575 nomen.
863 3522 1010 3575 Inter
1051 3537 1172 3576 eum
1213 3523 1304 3592 qui
1334 3522 1460 3587 dat,
1508 3533 1561 3577 et
1603 3538 1723 3577 eum
1763 3525 1853 3594 qui

275 3615 467 3685 accipit
491 3614 771 3681 honorem,
802 3614 962 3667 trium
991 3622 1073 3667 est
1104 3629 1264 3669 omne
1293 3628 1511 3669 nomen.
1555 3613 1723 3668 imum
1768 3624 1852 3670 est

275 3711 449 3770 homo,
481 3706 714 3761 medium
744 3706 987 3775 angelus,
1020 3720 1289 3760 summum
1320 3705 1485 3760 Deus.
1514 3705 1624 3759 lloc
1656 3721 1852 3761 nomen

274 3796 487 3854 donavit
515 3796 653 3867 quod
676 3811 838 3864 super
863 3810 1021 3850 omne
1053 3810 1247 3851 nomen
1281 3804 1393 3859 est,
1454 3811 1556 3848 non
1604 3796 1652 3849 ei
1693 3812 1851 3865 quem

274 3891 474 3960 genuit,
507 3888 600 3943 sed
632 3888 709 3942 illi
731 3902 889 3956 quem
918 3888 1062 3940 misit
1083 3928 1095 3947 .
1145 3890 1234 3956 qui
1274 3887 1446 3941 factus
1480 3896 1562 3942 est
1596 3887 1854 3943 obediens

274 3994 440 4047 usque
467 3980 532 4031 ad
565 3987 812 4033 mortem.
860 3977 967 4032 Aut
1002 3978 1125 4047 quid
1165 3994 1363 4031 novum
1396 3988 1498 4043 est,
1529 3979 1674 4033 credi
1707 3978 1759 4033 in
1790 3993 1856 4033 eo

276 4071 500 4125 formam
531 4070 693 4135 servi,
725 4070 815 4138 qui
845 4083 943 4123 nec
966 4068 1236 4123 maledicti
1267 4069 1548 4138 opprobria
1591 4070 1732 4124 ferre
1762 4069 1851 4124 de-

275 4164 493 4234 spexit?
522 4164 778 4231 ApOsto'o
810 4170 1176 4229 protestante,
1208 4177 1319 4214 eum
1361 4162 1449 4232 qui
1497 4178 1596 4214 non
1648 4172 1856 4215 noverat

278 4266 557 4325 precatum,
592 4272 685 4321 pro
712 4254 856 4308 nobis
882 4254 1210 4310 maledictum
1238 4256 1354 4325 fecit
1380 4254 1465 4325 (Il
1489 4253 1607 4308 Cor.
1634 4272 1667 4307 v
1695 4296 1709 4319 ,
1737 4256 1855 4323 21).

276 4346 408 4418 Quia
433 4346 690 4416 scriptum
721 4353 823 4413 est,
857 4349 1045 4418 inquit,
1078 4346 1382 4400 Maledictus
1411 4346 1571 4399 omnis
1604 4348 1692 4416 qui
1734 4362 1859 4416 pen-

278 4448 359 4497 det
383 4444 435 4496 in
465 4442 603 4509 ligno
635 4440 780 4514 (Gal.
829 4456 908 4505 ιιι,
961 4439 1073 4508 l5).
1124 4439 1346 4506 Propter
1397 4439 1538 4510 quod
1594 4440 1857 4495 exaltatus

278 4544 379 4600 est,
413 4544 465 4587 ιιι
496 4533 546 4587 in
570 4533 787 4586 nomine
816 4532 966 4593 Jesu,
1000 4546 1179 4598 omne,
1206 4532 1256 4584 id
1289 4539 1372 4585 est
1415 4546 1519 4585 non
1562 4532 1734 4585 solum
1762 4532 1858 4584 lio-

278 4624 456 4686 minis,
489 4638 669 4676 vernm
697 4624 856 4675 etiam
885 4623 1082 4689 angeli,
1107 4636 1244 4689 genu
1272 4622 1514 4677 ﬂectatur
1539 4638 1552 4675 :
1578 4623 1625 4675 ei
1654 4622 1858 4676 scilicet

279 4716 363 4782 qui
387 4716 677 4767 secundum
710 4712 951 4781 ejusdem
980 4714 1222 4781 Apostoli
1248 4714 1447 4767 dictum
1476 4755 1489 4777 ,
1537 4725 1748 4785 propter
1772 4732 1856 4769 vos

280 4820 469 4874 pauper
493 4805 655 4873 factus
684 4813 755 4858 est
779 4820 894 4856 cum
922 4804 1058 4856 dices
1080 4814 1205 4857 esset
1246 4804 1263 4875 (
1274 4802 1333 4856 11
1371 4804 1490 4858 Cor.
1530 4820 1650 4869 vnt,
1777 4805 1857 4873 9),

281 4890 427 4944 dives
457 4891 523 4945 ab
550 4892 866 4949 aternitatc.
904 4905 1103 4960 pauper
1132 4906 1197 4946 ex
1230 4902 1415 4946 ventre
1443 4907 1457 4955 ;
1488 4892 1636 4946 dives
1666 4892 1721 4946 in
1749 4908 1860 4949 cat-

280 4983 367 5050 lis,
402 4997 600 5052 panper
629 4982 681 5037 in
715 4985 925 5053 pannis.

1020 5090 1084 5146 ll.

668 5204 767 5274 (Ex
792 5202 944 5258 libris
969 5200 1168 5258 Contra
1194 5203 1467 5271 Arianos.)

350 5313 464 5366 Non
495 5326 591 5382 per
613 5312 714 5367 hoc
742 5315 935 5367 minuit
977 5313 1333 5381 aequalitatem
1378 5316 1498 5370 Filii
1539 5316 1674 5381 Dei,
1720 5319 1859 5387 quod

285 5403 423 5460 [ilius
456 5404 688 5459 nominis
712 5404 967 5459 obedivit.
1002 5405 1279 5472 Quomodo
1307 5409 1449 5461 enim
1482 5424 1588 5463 non
1615 5410 1862 5465 obediret

285 5495 446 5558 Patri,
478 5494 564 5565 qui
604 5495 846 5549 subditus
888 5504 1003 5550 erat
1044 5498 1239 5549 matri?
1276 5496 1492 5551 dicente
1540 5499 1863 5568 evangelista

288 5585 349 5641 ὀρ
369 5588 676 5654 parentibus
702 5586 815 5654 ejus
841 5605 853 5639 :
877 5586 943 5640 Et
968 5589 1097 5641 venit
1122 5588 1409 5655 Nazareth,
1434 5598 1482 5642 et
1505 5604 1612 5643 erat
1634 5592 1864 5647 subditus

289 5675 560 5743 illis(Luc.
588 5693 647 5742 ιι,
678 5677 791 5746 51).
820 5677 911 5733 Sic
933 5680 1073 5732 enim
1104 5677 1272 5733 factus
1296 5688 1415 5745 est,
1454 5680 1666 5737 dicente
1713 5684 1862 5752 Apo-

273 5767 441 5823 stolo.
466 5766 697 5819 obediens
720 5751 877 5835 usque
903 5769 971 5820 ad
994 5778 1202 5823 mortem
1236 5770 1491 5841 (Philipp.
1524 5786 1582 5837 tt,
1620 5771 1697 5843 8),
1727 5751 1865 5830 sicut

284 5846 398 5919 ipse
417 5850 672 5908 Dominus
701 5855 853 5921 dixit,
881 5856 1066 5911 Tristis
1105 5869 1177 5915 est
1217 5865 1388 5915 anima
1437 5878 1548 5917 mea
1593 5879 1752 5935 usque
1795 5867 1863 5921 ad

287 5953 494 5999 mortem
513 5944 724 6017 (Matth.
758 5963 901 6017 nrt,
935 5947 1045 6020 58).

1203 551 1559 611 VARlORUM
1598 550 2101 609 OPUSCULORUM
2142 550 2583 609 FRAGMENTA.

3438 558 3545 614 5M

2703 664 2785 722 lll.

2338 752 2440 824 (Ex
2471 753 2622 809 libris
2651 752 2851 809 Contra
2880 754 2940 810 At
2959 754 3159 825 ianos.)

2026 845 2103 898 An
2135 840 2272 897 forte
2302 843 2447 898 solus
2500 844 2663 899 Pater
2700 843 2963 900 dicendus
3001 854 3084 899 est
3139 845 3437 899 Dominus?
3488 848 3542 903 ln

1955 933 2245 1003 Evangelio
2268 932 2518 987 Christus
2540 933 2818 1001 discipulis
2848 934 2920 987 ait
2949 952 2963 987 :
3023 933 3229 987 Vocatis
3267 949 3346 987 me
3377 934 3544 1003 Magi-

1952 1032 2114 1077 strum
2134 1032 2182 1076 et
2209 1022 2517 1088 Dominum:
2535 1023 2657 1077 bene
2686 1024 2888 1089 dicitis;
2917 1040 3031 1077 sum
3060 1024 3194 1076 enim
3228 1023 3404 1093 (Joan.
3431 1042 3542 1090 xm,

1958 1114 2069 1183 l3).
2102 1112 2171 1167 Et
2192 1114 2484 1179 Apostolus
2512 1115 2587 1168 ait
2608 1113 2879 1185 (Philipp-
2906 1131 2963 1179 ιι,
2991 1114 3043 1179 8,
3093 1114 3185 1185 9),
3236 1116 3377 1185 quod
3428 1124 3545 1184 post

1949 1192 2182 1260 mortem
2219 1204 2442 1267 Christi,
2476 1216 2704 1261 mortem
2736 1217 2915 1261 autem
2971 1208 3167 1269 crucis,
3224 1208 3546 1262 exaltaverit

1954 1311 2077 1353 eum
2109 1295 2287 1359 Pater,
2314 1304 2369 1351 et
2387 1296 2597 1351 dederit
2626 1298 2674 1352 ei
2702 1312 2917 1363 nomen,
2948 1313 3006 1352 ιιι
3054 1299 3105 1351 in
3157 1299 3375 1353 nomine
3416 1300 3547 1354 Jesu

1954 1404 2115 1445 omne
2141 1404 2280 1459 genu
2304 1388 2574 1455 ﬂectatur,
2598 1390 2923 1456 antestium,
2952 1391 3283 1445 terrestrium
3308 1399 3361 1444 et
3383 1390 3544 1443 inter.

1948 1496 2171 1549 inorum,
2206 1482 2255 1535 id
2282 1491 2367 1537 est
2394 1483 2607 1547 adoret,
2635 1482 2850 1537 dicente
2877 1483 3003 1537 alibi
3037 1484 3151 1551 ipso
3174 1482 3421 1547 Domino,
3442 1481 3544 1536 Do-

1955 1575 2151 1627 minum
2183 1572 2346 1629 Deum
2376 1586 2516 1629 tuum
2543 1574 2804 1639 adorabis,
2830 1583 2877 1629 et
2902 1574 2979 1628 illi
3005 1575 3102 1628 soli
3122 1574 3305 1628 servies
3330 1573 3543 1643 (Matth.

1958 1682 2030 1731 tv,
2062 1666 2176 1737 10).

2693 1758 2785 1815 IV.
2868 1798 2871 1801 ›

2317 1849 2415 1921 (Et
2451 1864 2703 1904 sermone
2724 1848 2793 1904 de
2824 1848 3160 1905 Pentecoste.

2028 1940 2175 1995 Crux
2210 1939 2295 1993 illa
2323 1940 2373 1993 in
2402 1955 2503 2009 qua
2537 1940 2647 1993 vita
2676 1938 2943 2008 pendente
2978 1954 3123 1994 mors
3166 1938 3363 2009 periit,
3408 1938 3544 1995 sicut

1884 2024 1929 2083 B
1958 2032 2007 2087 in
2036 2033 2286 2102 passione
2315 2033 2639 2101 evangelista
2667 2032 2903 2087 Joannes
2929 2039 3149 2085 enarrat
3186 2030 3379 2103 (Joan.
3413 2047 3502 2085 ιιι
3528 2072 3543 2097 ,

1953 2123 2220 2193 20),quia
2246 2122 2603 2191 multiplicem
2641 2136 2835 2191 capere
2883 2137 2991 2177 non
3048 2122 3263 2190 potuit,
3320 2122 3546 2189 triplicis

1956 2216 2154 2283 linguae
2179 2212 2371 2283 pagina
2399 2212 2497 2266 fuit
2528 2229 2543 2267 :
2573 2221 2683 2267 uta
2715 2221 2839 2267 toto
2862 2214 3063 2267 mundo
3114 2212 3547 2266 incunctabilitcr

1956 2306 2292 2373 crederetur,
2324 2304 2466 2374 quod
2501 2303 2778 2359 Hebraicis
2806 2304 3018 2369 litteris,
3054 2318 3154 2359 nec
3194 2320 3300 2358 non
3343 2303 3547 2357 Latinis

1957 2396 2271 2464 Graecisque
2299 2394 2686 2461 conscriptum,
2719 2395 2867 2463 quasi
2896 2394 2949 2447 in
2996 2409 3091 2448 ore
3137 2394 3294 2448 trium
3328 2395 3545 2449 testium

1960 2487 2298 2549 ﬁrmaretur;
2333 2497 2394 2538 ac
2418 2483 2675 2553 deinceps
2704 2486 2871 2537 omnis
2898 2483 3077 2553 lingua
3099 2485 3404 2551 conﬁteatur
3424 2486 3547 2555 quia

1958 2574 2209 2629 Dominus
2239 2573 2391 2628 Jesus
2412 2576 2464 2626 in
2483 2574 2649 2644 gloria
2672 2584 2742 2627 est
2765 2573 2860 2625 Dei
2892 2572 3069 2627 Patris
3124 2574 3143 2644 (
3172 2573 3409 2643 Philipp.
3464 2590 3543 2639 ιι,

1961 2668 2071 2736 Η),
2107 2666 2158 2720 id
2190 2664 2344 2719 estin
2373 2678 2473 2717 una
2520 2678 2640 2717 cum
2685 2662 2867 2719 Patre.
2902 2663 3053 2730 Quod
3103 2664 3396 2734 quamlibet
3443 2666 3547 2717 ali-

1955 2771 2186 2828 quorum
2222 2755 2447 2809 intentio
2477 2768 2676 2823 negare
2706 2754 2982 2823 persistat,
3015 2763 3068 2807 et
3096 2754 3138 2807 si
3173 2770 3278 2809 non
3304 2754 3545 2809 omnium

1958 2860 2158 2913 sermo,
2184 2854 2331 2900 certe
2352 2846 2528 2899 omnis
2560 2846 2734 2913 lingua
2758 2842 3080 2913 proclamat.

2725 2936 2789 2992 ν.

2340 3026 2445 3099 (Ex
2478 3027 2631 3082 libris
2662 3030 2862 3082 Contra
2889 3027 3163 3097 Arianos.)

2032 3115 2151 3170 Dixi
2172 3130 2294 3171 cum
2324 3117 2479 3172 Patre
2497 3118 2629 3174 Filio
2650 3118 2909 3186 mqualem
2928 3118 3151 3188 gloriam
3179 3119 3546 3189 honoremque

1957 3222 2057 3263 nos
2086 3208 2267 3264 dicere
2293 3225 2305 3262 :
2338 3209 2460 3277 quia
2488 3209 2731 3279 legimus,
2753 3210 2820 3265 Ut
2842 3213 3005 3264 onmis
3038 3212 3214 3281 lingua
3244 3213 3547 3275 conﬁteatur

1954 3300 2094 3369 quod
2124 3300 2369 3355 Dominus
2397 3299 2549 3356 Iesus
2580 3300 2813 3357 Christus
2834 3304 2887 3356 in
2919 3303 3086 3373 gloria
3125 3313 3195 3358 est
3228 3304 3323 3359 Dei
3369 3303 3547 3360 Patris

1880 3383 1926 3447 C
1958 3393 2172 3464 (llaid.).
2202 3395 2257 3450 Si
2291 3396 2661 3449 tantummodo
2680 3396 2906 3450 dixisset
2935 3397 2986 3449 in
3018 3396 3135 3461 Dei,
3169 3396 3303 3449 forte
3332 3406 3546 3465 putare-

1959 3498 2065 3555 tur,
2100 3498 2217 3545 esto
2248 3491 2299 3542 in
2343 3488 2462 3555 Dei,
2499 3498 2649 3543 certe
2695 3487 2947 3553 minoris;
2983 3497 3037 3542 at
3085 3504 3206 3543 eum
3267 3490 3318 3543 in
3373 3489 3545 3544 Patris

1956 3581 2146 3648 gloria,
2180 3580 2304 3649 quid
2335 3580 2632 3650 inrequale?
2661 3580 2787 3650 quid
2810 3579 3094 3648 exiguum?
3122 3580 3248 3650 quid
3276 3580 3545 3635 divisum?

1957 3674 2072 3727 Non
2102 3674 2247 3727 enim
2280 3675 2333 3727 in
2365 3673 2605 3742 angelica
2633 3672 2717 3728 vel
2746 3672 2999 3738 humana,
3024 3673 3117 3727 sed
3158 3674 3207 3727 in
3244 3674 3414 3743 gloria
3461 3683 3543 3728 est

1959 3764 2050 3818 Dei
2081 3764 2273 3819 Patris.
2298 3764 2447 3819 Alias
2476 3766 2679 3831 autem,
2710 3763 2811 3819 nisi
2839 3765 3062 3834 aequalis
3092 3764 3261 3834 gloria
3291 3766 3390 3819 ista
3423 3780 3544 3820 cre-

1957 3855 2134 3919 datur,
2167 3865 2353 3908 contra
2379 3854 2544 3922 ipsius
2572 3854 2782 3909 Domini
2804 3854 3099 3924 iussionem
3128 3854 3306 3928 (Joan.
3336 3873 3389 3925 v,
3421 3856 3539 3927 25),

1959 3959 2063 3997 non
2093 3958 2282 3999 omnes
2313 3945 2393 3998 sic
2425 3944 2857 4000 bonorilicabunt
2884 3946 3099 4013 Filium,
3150 3947 3288 4002 sicut
3326 3949 3545 4004 honori-

1958 4033 2113 4088 ﬁcant
2143 4034 2375 4099 Patrem.
2402 4033 2555 4088 Nulla
2582 4036 2727 4089 enim
2760 4037 2969 4092 ratione
2996 4038 3073 4091 sic
3106 4038 3359 4092 lieuorari
3389 4050 3537 4109 pote-

1956 4123 2025 4177 rit
2062 4123 2232 4192 major
2263 4132 2320 4177 ut
2351 4125 2547 4179 minor.
2573 4125 2679 4180 Sed
2712 4127 3019 4195 quicunque
3043 4144 3148 4181 non
3177 4128 3254 4182 sic
3288 4129 3541 4183 honoriﬁ-

1956 4217 2160 4271 caverit
2188 4215 2381 4270 Filium
2422 4217 2558 4271 sicut
2610 4216 2930 4273 honoriﬁcat
2968 4218 3178 4274 Patrem
3214 4259 3228 4287 ,
3286 4222 3544 4292 quidquid

1954 4308 2139 4378 gloriae
2170 4308 2486 4378 dempserit,
2510 4309 2850 4366 contumelia:
2880 4310 3183 4381 deputavit.

2708 4422 2793 4478 VI.

1957 4511 2060 4581 (Ex
2085 4527 2333 4567 sermone
2364 4511 2417 4567 in
2456 4511 2794 4637 dedicatgonp.
2817 4510 3057 4653 egclesia:
3087 4513 3398 4586 archangeli
3446 4515 3544 4570 Mi-

2622 4598 2651 4637 c
2675 4599 2755 4637 tae
2783 4599 2845 4637 ts.

2622 4598 2845 4637 cnaetts.

2035 4673 2140 4729 Iste
2180 4673 2247 4727 sit
2278 4673 2402 4739 ille,
2448 4688 2606 4743 quam
2634 4673 2828 4739 dulcis,
2862 4682 2967 4727 tam
3003 4675 3261 4729 terribilis
3292 4676 3460 4740 locus,
3494 4677 3547 4730 in

1886 4741 1940 4801 Π
1963 4778 2069 4834 quo
2097 4764 2260 4818 Jacob
2288 4762 2442 4833 (Gen.
2465 4741 2660 4831 smn,
2690 4762 2784 4835 t7)
2811 4780 3037 4820 cernens
3081 4766 3360 4821 Dominum
3392 4769 3550 4825 scalis

1965 4858 2241 4922 innixum,
2291 4871 2491 4926 perque
2537 4871 2630 4912 eas
2659 4857 3015 4913 ascendentes
3055 4858 3552 4928 descendentesque

1962 4948 2181 5019 angelos
2226 4948 2452 5013 videns,
2502 4948 2723 5003 domum
2774 4949 3074 5004 Dirinitatis
3130 4952 3424 5021 intelligit:
3463 4956 3553 5009 ubi

1962 5051 2151 5111 parato
2198 5042 2467 5112 mysteriis
2520 5042 2695 5112 lapide
2741 5052 2898 5113 caput
2948 5043 3200 5109 en‘ultus,
3252 5043 3553 5101 latinorum

1962 5135 2138 5187 causis
2166 5133 2368 5202 aptavit
2413 5140 2744 5201 unguentum
2772 5151 2784 5185 :
2811 5135 2923 5187 sive
2953 5149 3073 5188 cum
3108 5136 3312 5202 passuri
3346 5136 3553 5191 Media-

1968 5225 2097 5280 toris
2129 5223 2419 5293 pendulum
2445 5225 2646 5279 crinem
2672 5266 2686 5292 ,
2716 5224 3023 5293 justitieatae
3056 5226 3368 5293 peccatricis
3399 5226 3554 5282 obse-

1970 5314 2140 5386 quio,
2184 5314 2471 5385 fragrantis
2516 5315 2769 5369 alabastri
2816 5316 2956 5369 unda
3007 5316 3239 5385 perfudit
3267 5335 3280 5371 :
3313 5327 3370 5372 ut
3414 5318 3556 5385 quod

1965 5407 2233 5478 lapidibus
2261 5408 2396 5459 vivis
2426 5408 2480 5461 in
2523 5407 2857 5476 spirituatem
2903 5406 3158 5462 fabricam
3198 5418 3556 5478 congruenter

1968 5501 2329 5555 necessarium
2354 5500 2646 5565 ﬂueret,ex
2676 5500 2877 5570 irriguo
2903 5500 3173 5570 angularis
3200 5502 3391 5572 lapidis
3415 5501 3557 5557 tenta

1970 5598 2211 5644 manaret
2239 5629 2252 5653 ,
2301 5589 2485 5659 sicque
2511 5589 2744 5645 Abrahae
2771 5590 2862 5643 lilii
2901 5606 2998 5661 per
3027 5592 3292 5645 lavacrum
3323 5606 3390 5647 ex
3423 5592 3559 5660 lapi-

1970 5681 2127 5736 dibus
2156 5681 2421 5746 suscitati,
2454 5691 2509 5737 ut
2538 5680 2842 5736 ariditatein
2880 5682 3113 5751 contagii
3145 5683 3403 5737 naturalis
3432 5698 3558 5737 eva-

1970 5770 2120 5837 dant,
2151 5768 2405 5824 odorileri
2433 5769 2743 5826 chrismatis
2770 5786 2991 5826 munere
3026 5772 3195 5842 gratia
3242 5771 3565 5826 fecundante

1970 5862 2399 5931 pinguescerent.
2452 5861 2598 5918 Istud
2642 5861 2807 5919 Jacob
2857 5864 3065 5931 sopitus
3093 5862 3223 5919 vidit
3255 5863 3305 5917 in
3337 5864 3557 5931 spiritu,

1972 5950 2379 6025 expergefactus
2408 5955 2571 6025 gessit
2602 5955 2655 6011 in
2687 5954 2860 6024 signo.
2892 5953 3027 6011 Cum
3054 5954 3205 6010 nobis
3237 5952 3359 6011 inde
3390 5952 3561 6009 oratio
