4516 6470
923 422 1028 480 515

919 528 1277 586 consecrantis
1300 526 1568 591 inclamat,
1593 521 1744 578 nobis
1775 521 1849 577 ibi
1878 519 2146 577 somnium
2173 515 2488 574 dormientis
2519 514 2577 577 Α

919 620 1176 690 invigilat.
1209 618 1384 674 Scalae
1412 630 1539 672 vero
1567 607 1698 680 quas
1727 611 1881 679 vidit,
1911 611 2107 683 gradus
2134 619 2260 666 sunt
2290 608 2496 679 suppli-

919 707 1145 763 cationis
1193 707 1478 769 humanus,
1525 702 1718 773 quibus
1761 703 1992 772 quisque
2040 714 2138 771 pro
2185 700 2395 755 viribus
2440 698 2496 752 in

920 801 1127 856 divinas
1164 813 1320 854 aures
1346 811 1561 866 precum
1593 795 1850 865 qualitate
1891 794 2152 848 mittatur.
2185 791 2498 848 Ascendunt

921 904 1098 948 autem
1144 905 1240 961 per
1285 904 1377 945 eas
1418 888 1621 959 angeli,
1663 902 1787 942 cum
1837 893 1958 942 vota
2005 892 2187 940 nostra
2217 885 2270 938 in
2298 883 2494 943 calum

924 985 1196 1054 porrigunt
1219 999 1233 1034 :
1255 981 1623 1046 descendunt,
1652 994 1772 1036 cum
1804 977 1870 1032 de
1897 975 2050 1033 cmlis
2077 975 2294 1031 obtenta
2324 983 2499 1029 trans-

922 1077 1156 1129 mittunt.
1189 1073 1457 1128 Assistunt
1481 1071 1535 1126 hi
1559 1070 1804 1141 precibus
1824 1067 2045 1132 nostris,
2070 1081 2176 1121 non
2204 1077 2495 1134 pennarum

921 1164 1071 1232 flatu,
1101 1161 1194 1217 sed
1221 1161 1484 1216 donorum
1513 1160 1721 1231 spiritu,
1762 1158 1987 1226 quorum
2019 1156 2228 1212 volasse
2266 1151 2498 1209 voluisse

921 1263 1023 1310 est.
1056 1256 1304 1322 Interque
1331 1254 1427 1309 hos
1451 1253 1553 1308 sibi
1575 1251 1803 1306 vindicat
1825 1245 2052 1306 Michael
2081 1249 2326 1319 princeps
2354 1245 2499 1316 prin-

921 1346 1098 1415 cipem
1131 1345 1328 1411 locum,
1363 1353 1521 1414 quem
1550 1341 1740 1396 Daniel
1778 1341 1855 1412 (x,
1888 1339 1976 1412 15)
2022 1339 2110 1394 ille
2147 1337 2390 1392 sublimis
2418 1335 2498 1391 vir

923 1433 1333 1496 desideriorum,
1367 1431 1632 1487 visionum
1679 1437 1897 1501 potens,
1927 1429 2218 1484 dissolutor
2239 1427 2498 1502 aenigma-

925 1532 1066 1588 tum,
1087 1522 1361 1591 expositor
1391 1521 1704 1592 figurarum,
1751 1520 2102 1576 hebdomadm
2133 1519 2359 1588 triplicis
2385 1518 2496 1573 fer-

923 1620 1081 1668 vente
1122 1611 1328 1682 jejunio
1349 1651 1364 1676 ,
1396 1626 1582 1680 parum
1612 1610 1715 1666 fult
1742 1621 1798 1664 ut
1828 1610 2053 1666 haberet
2078 1609 2366 1675 visibilem,
2395 1608 2497 1664 nisi

921 1702 1191 1770 acciperet
1236 1700 1555 1770 adjutorem.
1608 1699 1868 1767 Quocirca
1926 1698 2087 1754 etiam
2140 1699 2226 1754 hic
2270 1697 2496 1753 Michael

923 1799 1131 1860 noster,
1181 1790 1489 1846 sinceritate
1516 1790 1662 1857 voti,
1685 1789 2020 1860 jocunditate
2045 1789 2184 1857 loci,
2213 1788 2496 1843 devotione

2185 406 2243 464 S.
2285 403 2468 464 AVITI
2508 399 2911 465 VIENNENSIS

3466 34 3520 39 w
3636 12 3729 41 -.
3737 0 4384 49 T—m'
4405 0 4421 26 f|

4076 415 4182 471 3l6

2842 521 2932 576 AD
2970 520 3658 582 TllESSALONICENSES
3694 525 3944 582 PRIMA‘I.

2673 610 2725 666 1.
2772 610 3022 677 Quoniam
3067 612 3180 681 ipse
3221 611 3468 669 Dominus
3508 618 3561 669 in
3588 619 3736 687 iussu
3771 626 3819 672 et
3853 619 3911 672 in
3943 634 4063 672 uoce
4079 622 4182 671 ἢν-

2601 701 2861 772 cltangeli,
2886 711 2930 755 ct
2957 703 3012 756 in
3037 702 3160 757 tuba
3184 702 3301 768 Dei,
3333 714 3437 762 etc.

2673 791 2701 845 I
2711 793 2760 848 1.
2793 793 3066 863 Rapiemur
3090 793 3144 854 in
3169 795 3382 849 nubibus
3407 790 3602 854 obuiam
3631 795 3830 855 Christo
3853 797 3908 853 in
3930 813 4072 854 aera.

2671 880 2790 936 111.
2832 880 2962 940 Item
2997 882 3063 936 de
3090 883 3288 945 eodem.

2819 1063 2932 1134 (Ex
2963 1077 3215 1119 sermone
3241 1064 3308 1120 de
3335 1065 3667 1125 Ascensione
3693 1066 3968 1133 Domini.)

2674 1154 2780 1210 Vas
2807 1154 3087 1212 electionis
3116 1156 3356 1226 gentium
3390 1154 3600 1223 doctor,
3624 1156 3677 1212 in
3707 1172 3813 1227 quo
3839 1157 4009 1211 adhuc
4035 1167 4180 1209 mor-

2603 1245 2694 1300 tali
2736 1245 2956 1300 homine
3003 1247 3276 1315 angelicus
3318 1260 3498 1306 sermo
3525 1247 3760 1317 vivebat,
3791 1261 3908 1303 cum
3937 1258 4177 1300 resurre-

2601 1337 2836 1392 ctionem
2886 1344 3221 1392 mortuorum
3273 1351 3383 1392 non
3429 1346 3641 1393 mortuo
3684 1349 3929 1399 sermone
3975 1333 4176 1392 descri-

2600 1429 2776 1493 beret,
2811 1427 3202 1498 Dominumque
3247 1436 3490 1484 nostrum
3533 1430 3589 1483 in
3620 1431 3810 1501 jussit,
3858 1425 3910 1481 id
3947 1433 4033 1481 est
4059 1439 4178 1482 cum

2598 1521 2848 1591 imperio.
2877 1527 2924 1575 et
2947 1522 3000 1574 in
3030 1536 3150 1575 uoce
3174 1521 3471 1591 archangeli
3497 1522 3698 1588 adfore,
3715 1520 3864 1590 quasi
3894 1533 4017 1574 cum
4046 1533 4182 1589 prae:

2599 1611 2751 1666 conis
2781 1619 3039 1666 terrorem
3067 1619 3412 1680 monstraret,
3446 1621 3555 1668 tum
3587 1610 3790 1676 deinde,
3817 1609 4007 1676 inquit,
4030 1610 4184 1664 etiam

2599 1717 2692 1756 nas
2719 1703 2982 1770 rapientur
3012 1703 3067 1756 in
3088 1702 3244 1758 nubes
3263 1704 3461 1757 obviam
3481 1700 3685 1758 Christo
3707 1702 3762 1755 in
3782 1716 3903 1754 uera
3925 1699 3977 1773 (Ι
4003 1698 4184 1754 Thess.

2600 1807 2674 1861 tv,
2723 1794 2835 1862 15).
2890 1788 3039 1848 Tunc
3081 1793 3184 1848 erit
3231 1793 3486 1863 possibile
3530 1792 3671 1864 quod
3723 1790 3884 1847 modo
3937 1789 4183 1850 arduum.

919 1884 1142 1954 pepuli,
1174 1890 1490 1952 provocatus
1519 1881 1694 1936 adstat
1722 1922 1738 1946 ,
1769 1880 2096 1938 conferendo
2122 1895 2310 1951 magna
2335 1919 2350 1946 ,
2381 1894 2496 1934 ma-
2529 1877 2577 1937 Β
2605 1884 2756 1950 Quod
2799 1898 2943 1938 nunc
2993 1884 3046 1938 in
3092 1883 3308 1939 Christo
3357 1884 3558 1940 veritas
3598 1881 3924 1948 divinitatis,
3966 1889 4093 1936 tunc
4131 1880 4186 1935 in

923 1976 1069 2032 xima
1111 1974 1424 2042 obtinendo,
1453 1981 1799 2043 conspectum
1828 1973 2129 2029 Divinitatis
2155 1987 2261 2042 quo
2289 1986 2501 2042 semper

922 2065 1243 2132 illustratur,
1275 2065 1380 2120 huc
1408 2063 1658 2119 attrahat.
1688 2063 1768 2120 Ad
1798 2078 1975 2134 quem,
2000 2063 2128 2132 quia
2154 2062 2335 2117 multis
2357 2062 2504 2118 Scri-

923 2166 1202 2228 pturarum
1250 2156 1380 2211 locis
1428 2155 1758 2225 agnovimus,
1807 2152 2230 2210 subvehentibus
2273 2151 2498 2222 angelis,

923 2247 1039 2303 sive
1081 2245 1220 2316 quod
1271 2245 1415 2314 pium
1445 2246 1705 2314 poscitur,
1737 2244 1850 2301 sive
1877 2242 2020 2315 quod
2063 2251 2269 2299 rectum
2298 2243 2502 2312 geritur

923 2339 1229 2410 pervenire,
1257 2339 1662 2408 acceptabilium
1691 2352 1916 2408 operum
1957 2336 2358 2406 salubriumque
2399 2350 2502 2391 vo-

922 2438 1097 2485 torum
1129 2429 1512 2500 prospiciamus
1539 2429 1594 2484 in‘
1619 2428 1797 2486 studio
1822 2429 2229 2496 beatitudinem,
2260 2428 2350 2499 qui
2379 2442 2504 2498 pro-

925 2520 1153 2576 vidimus
1181 2522 1233 2576 in
1261 2520 1581 2592 arcltangelo
1610 2521 1944 2591 portitorem.

1411 2651 1504 2708 AD
1540 2652 2032 2711 COLOSSENSES.

1025 2766 1071 2822 1.
1113 2766 1214 2834 Qui
1237 2775 1309 2822 est
1338 2767 1646 2838 principium
1675 2769 2041 2841 primogenitus
2069 2787 2132 2826 ea:
2160 2772 2397 2827 mortuis.

1210 2965 1321 3038 (Ex
1346 2976 1597 3025 sermone
1621 2880 1910 3041 dieLprimo
1937 2971 2176 3028 Paschae.
2198 2986 2218 3044 ι

1003 3073 1094 3132 Fit
1111 3073 1354 3133 Christus
1384 3078 1436 3132 in
1460 3077 1716 3135 hodierna
1744 3079 2034 3137 festivitate
2053 3097 2159 3138 non
2186 3083 2507 3154 unigenilus,

928 3164 1023 3224 sed
1048 3208 1064 3234 ,
1092 3168 1230 3223 sicut
1259 3167 1547 3239 Apostolus
1591 3170 1721 3226 dicit
1745 3211 1760 3237 ,
1791 3172 2159 3244 primogenitae
2188 3191 2253 3230 ex
2299 3176 2511 3231 mortuis

928 3257 1171 3330 (Coloss.
1204 3274 1242 3328 t,
1277 3260 1344 3314 18
1365 3259 1405 3330 ).
1436 3259 1604 3317 Video
1631 3267 1809 3317 tamen
1845 3276 2004 3332 posse
2028 3263 2236 3332 aliquos
2275 3263 2362 3320 hic
2391 3279 2507 3318 mo-

927 3346 1042 3404 veri
1087 3362 1186 3403 cur
1228 3346 1472 3406 Christus
1514 3351 1901 3422 primogenitae
1942 3367 2012 3408 ex
2057 3355 2283 3411 mortuis
2334 3357 2509 3412 nomi-

929 3449 1107 3503 netur,
1155 3454 1276 3496 cum
1324 3439 1520 3497 factum
1571 3441 1670 3511 sit,
1715 3442 1853 3501 sicut
1888 3443 2199 3517 plerumque
2228 3462 2327 3502 nos
2353 3463 2509 3505 sacer

931 3530 1232 3588 cwlcstinm
1278 3531 1566 3589 lectionum
1614 3548 1805 3592 cursus
1851 3535 2141 3605 instruxit,
2197 3549 2256 3594 ut
2301 3539 2510 3610 aliquos

932 3630 1264 3680 mortuorum
1289 3662 1306 3691 ,
1352 3629 1514 3679 etiam
1556 3634 1862 3682 sanctorum
1905 3625 2288 3683 intercessione
2315 3629 2511 3686 redivi-

931 3725 1049 3777 vos,
1081 3711 1270 3767 laxatis
1295 3723 1503 3769 natura
1527 3714 1752 3771 vinculis
1768 3755 1783 3769 .
1813 3716 1903 3772 lux
1932 3718 2168 3774 secunda
2191 3719 2507 3790 susciperet.

931 3800 1082 3869 Quod
1131 3801 1520 3860 admirabiliter
1584 3819 1795 3876 quoque
1842 3823 1906 3864 ac
1953 3807 2344 3879 triumphaliter
2395 3810 2510 3880 ipse

930 3892 1190 3949 Dominus
1217 3892 1416 3952 fecerat
1444 3895 1657 3966 (Matth.
1688 3913 1763 3966 ts,
1789 3896 1889 3964 εις
1930 3899 2056 3956 Luc.
2084 3914 2182 3970 vu,
2212 3902 2311 3966 ης
2349 3899 2506 3959 loeti.

933 3997 1013 4046 xt,
1040 3983 1111 4039 ιδ
1132 3989 1177 4054 ),
1222 3998 1345 4038 cum
1388 3985 1673 4054 prohibitis
1716 3988 1861 4057 prius
1890 3987 2098 4044 duobus
2141 3990 2417 4059 spiritibus
2443 3991 2511 4046 de

934 4071 1167 4137 inferno,
1197 4072 1512 4142 corporibus
1536 4073 1605 4129 de
1632 4075 1902 4144 sepulcro,
1930 4075 2189 4132 Lazarum
2220 4077 2512 4135 novissime

932 4161 1199 4218 suscitans
1222 4201 1240 4227 ,
1273 4159 1518 4231 iussione
1547 4164 1724 4233 tertia,
1753 4164 1842 4222 die
1866 4174 2073 4237 quarta,
2103 4181 2210 4223 non
2239 4168 2306 4224 de
2333 4168 2509 4238 fauce,

929 4251 1028 4308 sed
1055 4251 1450 4317 quodammodo
1476 4251 1544 4309 de
1573 4262 1764 4310 ventre
1803 4256 2023 4322 mortis,
2061 4255 2267 4314 vinctas
2296 4256 2509 4327 funere,

933 4338 1218 4404 putredine
1282 4339 1550 4398 relaxatae
1571 4383 1587 4408 ,
1638 4342 1865 4402 fetentes
1928 4354 2168 4416 tempore
2188 4388 2205 4416 ,
2266 4347 2512 4418 iussione

931 4430 1175 4486 viventes
1217 4435 1440 4490 retraxit
1466 4436 1769 4505 exsequias.
1800 4436 1907 4494 Sed
1937 4439 2240 4512 quicunque
2269 4443 2350 4499 sic
2375 4453 2511 4501 tem-

934 4519 1190 4590 poraliter
1234 4532 1685 4592 resurrexerunt,
1730 4535 1793 4582 ut
1845 4525 2103 4598 deinceps
2146 4542 2506 4599 morerentur,

935 4609 1034 4668 bos
1074 4623 1405 4670 mortuorum
1455 4615 1716 4686 primitias
1741 4659 1758 4686 ,
1809 4617 1862 4687 id
1908 4627 1994 4676 est
2035 4594 2413 4690 primogenitos
2440 4594 2505 4680 ex
2534 4594 2589 4656 θ

934 4701 1180 4770 mortuis,
1209 4704 1350 4773 quod
1378 4703 1446 4760 de
1474 4706 1592 4761 solo
1619 4705 1834 4764 Christo
1863 4707 2061 4764 dictum
2090 4720 2174 4766 est
2195 4752 2210 4779 ,
2240 4713 2512 4784 appellare

935 4806 1040 4848 non
1070 4807 1374 4862 possumus.
1405 4794 1678 4865 Siquidem
1707 4797 1800 4854 isti
1847 4798 1916 4857 de
1961 4809 2134 4857 morte
2171 4816 2293 4858 cum
2325 4805 2514 4862 mortis

935 4881 1159 4939 vinculis
1205 4891 1572 4963 revertentes,
1624 4901 1725 4942 nec
1762 4887 1865 4944 sub
1910 4889 2186 4955 remedio,
2215 4891 2310 4953 scd
2340 4893 2513 4950 adhuc

931 4971 1036 5028 sub
1064 4972 1422 5046 chirographo
1447 5015 1464 5042 ,
1499 4991 1605 5033 non
1631 4988 1752 5034 sunt
1784 4994 1812 5032 a
1844 4980 2156 5038 conditione
2187 4982 2342 5039 liberi
2363 5025 2377 5049 ,
2417 4984 2514 5041 sed

935 5075 1032 5131 pro
1079 5065 1474 5131 opportunitate
1520 5066 1703 5122 laxati.
1736 5065 1970 5126 Christus
2016 5081 2196 5128 autem
2224 5089 2510 5146 resurgens,

2606 1977 2762 2031 nobis
2810 1977 3011 2045 poterit
3055 1976 3368 2032 similitudo.
3419 1977 3572 2034 Tunc
3615 1977 3779 2032 etiam
3825 1975 4026 2030 nostris
4061 1988 4187 2030 sero

2605 2068 2827 2137 pedibus
2875 2067 3180 2136 subjugato,
3225 2067 3436 2122 levibus
3477 2066 3764 2124 elementis
3807 2064 4188 2122 defaeatorum

2604 2171 2889 2229 corporum
2921 2158 3159 2214 m‘embra
3191 2173 3455 2228 ponemus
3490 2174 3507 2214 :
3537 2159 3583 2213 si
3610 2168 3788 2214 tamen
3819 2157 4072 2213 veniente
4099 2170 4190 2211 eo-

2603 2248 2726 2304 dem
2756 2262 2881 2317 rege
2924 2257 3131 2312 nostro,
3181 2262 3285 2303 non
3336 2250 3390 2304 in
3443 2248 3775 2320 praeteritum
3823 2246 4009 2303 timida
4038 2245 4190 2301 dim:-

2605 2339 2757 2395 rendi
2805 2338 3130 2392 conscientia
3179 2339 3459 2406 retrahat,
3508 2339 3605 2395 sed
3655 2337 3762 2394 tida
3811 2338 4079 2394 securitas
4125 2337 4191 2396 ad

2606 2434 3008 2504 percipiendam
3038 2437 3197 2492 citius
3238 2437 3554 2510 dignitatem
3601 2435 3790 2508 gloria:
3839 2435 4192 2492 cmlestisoc-

2608 2539 2809 2585 currat.

2823 2712 2942 2780 (Ex
2968 2728 3224 2772 sermone
3248 2715 3336 2771 die
3362 2715 3536 2786 primo
3565 2714 3982 2786 Rogationum.)

2685 2800 2994 2868 Prieparare
3023 2804 3075 2857 in
3119 2820 3389 2859 occursum
3434 2804 3532 2860 Dei
3575 2802 3863 2870 tui,Israet
3889 2805 4086 2876 (Amos.
4117 2818 4193 2873 tv,

2611 2891 2681 2948 12
2702 2892 2745 2964 ).
2776 2893 2914 2948 Dicit
2943 2894 3391 2963 quidem‘Paulus
3416 2898 3713 2968 apostolus,
3745 2896 3834 2953 ubi
3872 2896 4196 2967 Redempto-

2611 2981 2687 3036 ris
2728 2981 2802 3050 (1
2836 2983 3008 3040 Thess.
3041 3000 3114 3050 tv,
3143 2983 3253 3057 15)
3299 2985 3562 3043 describit
3604 2987 3922 3053 adventum,
3969 2987 4206 3057 qualiter

2613 3073 2884 3141 rapiemur
2927 3075 2994 3129 ad
3042 3077 3213 3132 nubes
3238 3077 3450 3133 obviam
3484 3078 3699 3134 Christo
3729 3080 3781 3133 in
3819 3093 3962 3134 aera.
3996 3078 4094 3134 ilic
4121 3087 4198 3134 ta-

2615 3175 2738 3216 men
2769 3171 2897 3231 puto
2936 3179 3219 3220 occursum
3253 3165 3412 3222 istum
3442 3167 3510 3223 ad
3535 3168 3701 3224 alium
3744 3169 4040 3240 pertinere.
4065 3168 4198 3226 Nam

2611 3262 2664 3307 et
2693 3252 2781 3307 hic
2810 3254 3051 3310 viventes
3076 3258 3227 3326 quasi
3259 3259 3596 3314 occurrimus
3622 3259 3754 3326 Deo,
3783 3259 3830 3314 si
3861 3269 4196 3330 preceptnm

2608 3343 2751 3411 quod
2798 3344 3092 3414 porrigitur
3131 3346 3510 3417 amplectimur
3552 3367 3566 3403 :
3608 3357 3660 3406 et
3709 3349 3832 3419 quia
3875 3360 4090 3420 paratus
4119 3359 4199 3409 est

2608 3434 2697 3490 ille
2725 3433 2792 3489 ad
2823 3435 3213 3505 ignoscendum
3241 3478 3259 3505 ,
3287 3450 3538 3496 occurrat
3562 3440 3612 3496 ei
3641 3442 3909 3497 correctio
3933 3441 4002 3497 ad
4031 3442 4200 3512 pinni-

2610 3524 2852 3580 tendum.
2883 3526 2993 3582 Sed
3027 3535 3084 3582 et
3127 3529 3436 3599 quicunque
3467 3541 3686 3601 propter
3709 3547 3952 3590 amorem
3981 3542 4202 3590 aeterna

2616 3614 2742 3669 vita:
2765 3655 2781 3680 ,
2833 3631 2939 3671 non
2971 3617 3144 3673 solum
3175 3619 3244 3674 ab
3290 3620 3491 3677 illicitis
3534 3622 3792 3690 abstinet,
3823 3637 4007 3678 verum
4037 3623 4202 3682 etiam

2611 3718 2640 3758 a
2670 3704 2830 3761 licitis
2852 3721 2912 3762 se
2938 3717 3171 3777 coercet,
3195 3720 3390 3780 sponte
3421 3713 3723 3768 occurrisse
3747 3712 4068 3783 iudicandus
4097 3724 4200 3773 est.

2608 3793 2769 3861 Nam,
2798 3804 2856 3851 ut
2882 3798 3113 3868 exempli
3143 3802 3313 3871 gratia
3344 3817 3510 3857 unum
3538 3803 3895 3875 quodcunque
3936 3804 4202 3871 dicamus,

2610 3886 2875 3945 adulterio
2911 3892 3236 3961 generaliter
3264 3893 3589 3963 interdicto,
3619 3895 3849 3966 simplex
3891 3896 4203 3966 coniugium

2611 3977 2730 4047 lege
2773 3982 3132 4050 permittitur;
3173 3984 3261 4040 cui
3309 3990 3492 4041 tamen
3522 3984 3847 4056 virginitatis
3892 3985 4040 4042 nitor
4087 3988 4206 4044 sine

2612 4071 3018 4136 comparatione
3061 4073 3345 4142 praefertur
3369 4092 3385 4130 :
3410 4075 3555 4131 unde
3582 4075 3674 4145 qui
3719 4075 3809 4131 dat
3839 4085 4062 4146 nuptum
4089 4079 4206 4137 vir-

2612 4155 2791 4227 ginem
2818 4171 2971 4214 suam
3001 4159 3139 4218 bene
3168 4161 3336 4230 facit,
3367 4171 3423 4220 et
3465 4164 3556 4234 qui
3587 4180 3694 4220 non
3739 4165 3826 4220 dat
3858 4165 4052 4220 melius
4079 4165 4206 4222 facit

2612 4242 2687 4316 (Ι
2714 4242 2835 4300 Cor.
2860 4261 2953 4314 vit,
2985 4247 3119 4320 58).
3147 4249 3263 4308 Hoc
3289 4266 3418 4324 ergo
3458 4253 3529 4310 de
3557 4254 3702 4310 omni
3729 4255 3987 4311 debemus
4016 4256 4206 4312 obser-

2611 4335 2826 4392 vatione
2850 4337 3071 4396 sentire.
3101 4339 3205 4408 Qui
3230 4343 3370 4399 male
3397 4343 3552 4413 facit,
3576 4343 3743 4417 fugit;
3786 4347 3877 4416 qui
3904 4346 4061 4414 bene,
4093 4360 4194 4402 ex-

2613 4435 2850 4498 spectat;
2889 4430 2978 4500 qul
3007 4432 3220 4504 melius,
3248 4437 3509 4496 occurrit.

2991 4612 3011 4684 (
3029 4612 3111 4669 Ex
3142 4615 3298 4672 libris
3325 4628 3513 4674 contra
3543 4617 3825 4697 Arianos.)

2687 4699 3101 4776 Intelligendum
3128 4715 3234 4775 est,
3271 4709 3415 4780 quod
3441 4709 3656 4768 dicente
3682 4713 3811 4780 lilio,
3842 4712 4009 4769 Nemo
4032 4731 4205 4774 ascen.

2616 4801 2702 4854 det
2722 4800 2776 4853 in
2796 4797 3002 4865 calum,
3025 4799 3124 4854 nisi
3147 4800 3235 4868 qui
3262 4799 3328 4854 de
3347 4802 3472 4857 coelo
3493 4801 3746 4858 descendit
3774 4802 3955 4877 (Joan.
3981 4822 4060 4873 ιιι,
4089 4810 4203 4880 i3),

2616 4891 2910 4947 divinitatis
2961 4897 3168 4945 tantum
3213 4899 3454 4960 potestas
3482 4892 3626 4950 unde
3654 4907 3874 4952 venerat
3919 4912 4207 4955 ascensura

2615 4985 2849 5048 dicatur,
2893 4997 3001 5038 non
3031 4996 3099 5039 eo
3125 4982 3290 5039 modo
3332 4999 3439 5054 quo
3463 4999 3746 5042 ascensum
3777 4990 3978 5047 sanctis
4001 4991 4084 5047 vel
4115 4992 4208 5046 tri-

2627 5077 2743 5132 buit
2788 5076 2931 5132 idem
2963 5075 3243 5144 Dominus,
3273 5077 3358 5132 vel
3385 5078 3652 5146 promisit.
3684 5081 3760 5135 Ex
3790 5081 3982 5151 quibus
4021 5083 4206 5140 Enoch

933 5160 993 5207 ut
1022 5153 1307 5222 Apostolus
1347 5155 1450 5222 ait,
1496 5157 1611 5226 jam
1651 5173 1754 5213 non
1799 5161 2032 5228 moritur,
2098 5179 2234 5218 mors
2281 5163 2329 5219 ei
2379 5165 2518 5220 ultra
2630 5165 2834 5242 (Hebr.
2869 5182 2946 5233 ιι,
2977 5167 3055 5236 5)
3083 5174 3305 5236 pr0|.ter
3338 5168 3586 5224 meritum
3631 5171 3918 5227 translatus
3947 5187 3977 5227 a
4005 5175 4203 5242 terris,

934 5258 1035 5296 non
1088 5243 1439 5299 dominabitur
1487 5245 1508 5320 (
1533 5247 1681 5302 Rom.
1706 5264 1779 5313 vr,
1809 5249 1842 5305 9
1866 5248 1908 5321 ).
1951 5251 2088 5322 Ergo
2116 5252 2372 5309 hactenus
2401 5257 2515 5324 ipse

936 5334 1082 5390 solus
1103 5345 1205 5402 est,
1230 5338 1318 5405 qui
1350 5354 1457 5394 non
1480 5343 1768 5400 moriturus
1798 5347 2194 5414 resurrexerit;
2229 5347 2330 5405 hoc
2353 5351 2514 5406 etiam

936 5425 1048 5480 suis
1092 5430 1429 5496 postmodum
1480 5430 1764 5501 largiturus
1788 5475 1804 5499 ,
1849 5451 1970 5490 cum
2015 5451 2111 5493 eos
2137 5452 2164 5491 a
2195 5450 2367 5496 morte
2395 5457 2516 5509 per-

937 5524 1096 5584 petuo
1124 5517 1358 5576 victuros
1378 5523 1736 5579 resuscitabit.
1759 5524 2015 5592 Quocirca
2042 5527 2128 5581 illa
2149 5527 2258 5597 jam
2281 5531 2514 5588 secunda

941 5603 1116 5659 laetitia
1141 5609 1275 5674 erit,
1317 5623 1420 5680 qua
1448 5610 1634 5668 ﬁdeles
1663 5624 1962 5684 resurgant.
1989 5614 2255 5672 Caeterum
2284 5620 2508 5688 primum

937 5703 1245 5770 resurgendi
1292 5705 1538 5776 gaudium
1592 5705 1944 5781 primogenito
1991 5725 2056 5768 ex
2121 5714 2349 5771 mortuis
2393 5715 2512 5787 jure

937 5789 1178 5847 debetur.

2622 5257 2807 5314 Helias
2841 5255 2947 5329 (IV
2971 5258 3103 5329 Reg.
3131 5273 3190 5326 lt,
3219 5257 3310 5330 ii)
3341 5274 3501 5315 curru
3527 5261 3700 5318 elatus
3724 5273 3807 5317 est
3831 5263 4006 5320 cmlis.
4034 5266 4206 5323 Taceo

2623 5347 2774 5404 illum
2805 5349 2894 5419 qui
2924 5350 2943 5419 (
2969 5346 3030 5402 II
3064 5349 3182 5405 Cor.
3212 5365 3308 5419 xit,
3337 5351 3404 5418 2,
3445 5353 3594 5422 etc.)
3627 5353 3680 5409 in
3701 5369 3929 5424 corpore
3959 5372 4028 5412 an
4057 5368 4205 5414 extra

2621 5451 2816 5508 corpus
2864 5439 3047 5493 nescio
3076 5440 3218 5496 Deus
3247 5441 3352 5496 scit
3376 5485 3392 5510 ,
3424 5441 3476 5498 in
3529 5443 3826 5513 triplicibus
3853 5462 4204 5516 supernorum

2621 5535 2847 5590 secretis
2893 5535 3092 5590 audivit
3124 5536 3290 5592 verba
3338 5553 3456 5606 quat
3503 5554 3611 5595 non
3662 5541 3854 5597 licebat
3902 5542 4205 5602 hominibus

2621 5625 2824 5696 eloqui,
2866 5627 2988 5693 quia
3016 5626 3230 5681 videbat
3260 5642 3452 5684 arcana
3480 5644 3596 5699 qua:
3623 5646 3728 5686 non
3759 5632 3982 5690 licuerat
4006 5647 4205 5693 morta-

2617 5717 2756 5773 libus
2807 5719 3019 5772 intueri.
3053 5719 3156 5774 Sed
3205 5721 3344 5775 forte
3393 5735 3580 5791 parum
3613 5723 3824 5780 videtur
3868 5726 3936 5782 de
3978 5742 4203 5784 ascensu

2621 5809 2854 5866 fidelium
2885 5813 3184 5881 personalia
3217 5812 3487 5884 replicati.
3521 5814 3753 5873 Noverat
3788 5816 4032 5874 videlicet
4066 5821 4204 5887 Apoc
