4516 6452
606 464 711 521 517

1521 447 1884 510 ἾΑῐυυιίυΜ
1924 440 2445 504 OPUSCULORUM
2484 445 2935 506 FRAGMENTA.

3814 451 3921 510 318

605 576 777 631 stolas
823 568 1044 643 praemia
1090 567 1389 624 futurorum
1417 602 1432 630 ,
1486 576 1609 617 cum
1654 558 1952 630 sponderet
1984 556 2091 612 illis
2132 554 2201 609 ad
2232 555 2281 614 A
2310 558 2498 615 ciliare
2528 559 2838 631 praevaleat.
2884 558 3057 630 lunge
3104 574 3267 631 porro
3295 568 3353 617 ut
3379 561 3449 617 sit
3476 560 3566 632 (II
3593 562 3714 619 Cor.
3738 580 3791 633 v,
3830 568 3921 637 19)

606 680 741 739 quos
780 662 1052 720 scribebat
1084 657 1343 730 (Philipp.
1377 667 1460 723 ιιι,
1484 651 1600 722 20),
1648 650 1792 720 quod
1843 658 1993 705 recte
2020 648 2207 702 viven-

606 760 741 813 tium
773 752 1114 812 conversatio
1138 750 1249 820 jam
1292 761 1437 803 nunc
1467 754 1613 801 esset
1644 746 1697 798 in
1728 743 1886 799 cmlis
1912 783 1928 810 ,
1961 756 2068 811 quo
2097 740 2205 795 uti-

605 864 711 919 que
757 856 877 917 post
928 840 1377 899 resurrectionem
1425 835 1668 905 corporis
1706 843 1761 890 et
1794 830 2055 887 habitatio
2085 846 2207 887 ser-

605 948 823 991 varetur
850 951 865 987 :
890 940 1027 987 sicut
1071 938 1129 985 et
1171 930 1427 984 Dominus
1458 935 1643 981 noster
1683 924 1961 993 discipulis
1995 923 2111 978 suis
2145 921 2200 977 in

604 1026 899 1097 Evangelio
927 1024 1147 1080 Joannis
1177 1020 1411 1076 insinuat
1436 1018 1650 1073 dicens:
1670 1017 1823 1072 Vada
1849 1031 2033 1085 parare
2061 1014 2200 1069 vobis

604 1122 794 1174 locum.
839 1116 907 1170 Et
931 1118 973 1169 si
999 1113 1170 1167 abiero
1194 1151 1211 1177 ,
1251 1119 1297 1166 et
1338 1124 1580 1181 parat-ero
1605 1108 1749 1162 vobis
1774 1110 1965 1173 locum,
2006 1107 2195 1161 iterum

604 1209 770 1272 uenio,
794 1217 841 1261 et
870 1220 1068 1259 accerso
1099 1218 1185 1257 vos
1219 1200 1289 1254 ad
1315 1216 1416 1267 me,
1442 1208 1498 1253 ut
1529 1198 1615 1252 ubi
1646 1215 1738 1269 ego
1760 1214 1871 1251 sum
1896 1208 1944 1252 et
1978 1212 2063 1250 vos
2087 1196 2198 1249 sitis

604 1299 812 1372 (Joan.
857 1314 963 1364 xtv,
994 1296 1094 1368 2).
1139 1294 1299 1349 Juxta
1350 1307 1508 1363 quam
1561 1290 1978 1360 promissionem
2025 1287 2199 1344 sancti

603 1396 658 1449 in
690 1392 828 1448 cmlo
855 1389 1019 1444 futuri
1049 1395 1196 1442 sunt.
1224 1384 1471 1453 Nunquid
1502 1384 1622 1439 sine
1657 1396 1887 1436 ascensu
1921 1379 2203 1435 celsitudi-

603 1500 728 1541 nem
778 1483 927 1553 regni
968 1481 1204 1541 cmlestis
1244 1477 1558 1533 intrabunt?
1597 1476 1663 1530 Et
1704 1472 1979 1545 quomodo
2024 1472 2196 1527 Nemo

602 1577 839 1630 ascendet
870 1575 923 1628 in
951 1574 1151 1636 malum,
1197 1571 1299 1624 nisi
1334 1570 1422 1638 qui
1466 1567 1529 1622 de
1564 1567 1690 1622 calo
1719 1563 1980 1619 descendit
2012 1562 2194 1635 (Joan.

603 1683 682 1735 ιιι,
715 1667 845 1738 15)τ
876 1665 982 1722 Sed
1009 1664 1133 1736 quia
1166 1658 1617 1717 incommutabilis
1647 1657 1869 1722 veritas,
1902 1664 2010 1710 tam
2042 1655 2113 1711 de
2141 1668 2200 1710 se

602 1758 717 1814 falli
762 1772 885 1813 cum
930 1762 1285 1826 protestetur,
1330 1766 1489 1823 quam
1539 1749 1608 1803 de
1658 1748 1814 1803 nobis
1863 1746 2050 1802 fallere
2091 1761 2198 1800 non

602 1856 781 1922 potest
827 1863 951 1904 eum
997 1845 1315 1917 pollicetur;
1356 1842 1653 1913 quamlibet
1702 1839 1811 1895 illic
1840 1854 1961 1894 cum
1995 1837 2087 1893 illo
2116 1836 2199 1891 fu-

606 1917 711 2004 turi
742 1944 851 1998 sint
876 1942 965 2012 qui
1011 1940 1213 1996 fuerint
1251 1936 1610 2008 gloriﬁcandi,
1644 1935 1734 1991 ille
1761 1933 1910 1988 solus
1955 1930 2199 1987 ascendit
2231 1917 2281 1978 Β

601 2034 696 2105 qui
740 2032 907 2088 levari
952 2031 1173 2087 alterius
1202 2044 1306 2099 ope
1337 2043 1442 2083 non
1490 2026 1714 2096 indiget.
1747 2025 1843 2080 Cui
1880 2038 2002 2079 cum
2032 2022 2202 2077 voluit

600 2124 779 2182 solide
808 2124 1112 2179 substratus
1157 2131 1241 2175 est
1268 2120 1409 2176 aeris
1439 2120 1657 2191 gradus.
1692 2116 1858 2186 Cujus
1902 2131 2010 2187 quo
2040 2129 2197 2170 vene-

601 2225 689 2272 rat
714 2214 1063 2278 revertentis,
1096 2211 1163 2267 de
1188 2225 1423 2281 superno
1454 2210 1635 2279 vigore
1663 2208 1928 2263 vibratum
1950 2247 1966 2273 ,
1995 2206 2065 2263 de
2096 2218 2203 2262 ter-

602 2307 765 2366 restri
809 2305 1111 2361 substantia
1160 2303 1534 2374 corpulentum
1563 2342 1578 2367 ,
1628 2302 1729 2356 vim
1776 2300 2030 2356 famulata
2064 2316 2201 2370 pcn-

602 2398 753 2453 denti
797 2395 1055 2453 sustinuit
1104 2410 1232 2450 aura
1275 2391 1578 2463 vestigium.
1626 2391 1833 2446 Praeter
1886 2391 2030 2445 hunc
2071 2405 2200 2460 ergo

602 2489 803 2553 solum,
834 2488 941 2553 cui,
973 2496 1035 2542 ut
1062 2500 1206 2556 saepe
1227 2484 1338 2554 jam
1384 2484 1517 2551 disi,
1552 2499 1648 2552 per
1676 2482 1944 2553 duplicem
1975 2497 2201 2553 genera-

602 2581 806 2635 tionem
857 2578 1112 2648 suppetiit
1143 2576 1258 2631 bzec
1290 2584 1532 2647 potestas
1556 2614 1571 2641 ,
1603 2574 1754 2628 multi
1784 2574 1836 2628 in
1865 2573 2004 2629 ctelo
2038 2572 2199 2628 futuri

602 2680 752 2737 sunt,
776 2670 872 2726 sed
896 2669 1073 2725 nullus
1092 2666 1368 2723 ascendet.
1392 2668 1526 2733 Quia
1554 2675 1612 2721 ut
1635 2665 1919 2736 impleatur
1949 2664 2199 2719 ﬁdelibus

601 2763 784 2819 divina
808 2762 1114 2833 promissio,
1141 2775 1248 2815 non
1272 2760 1599 2825 ascensuris,
1619 2759 1715 2817 sed
1736 2758 2080 2814 assumendis
2100 2756 2197 2813 da-

602 2852 751 2909 bitur
776 2852 1022 2907 altitudo.
1058 2851 1211 2918 Quod
1245 2848 1577 2920 praevidebat
1606 2849 1899 2918 Apostolus
1926 2846 1981 2915 (1
2013 2846 2190 2902 Thess.

600 2960 676 3014 tv,
714 2944 827 3016 l5),
859 2959 979 3001 cum
1008 2941 1297 2999 sociandos
1328 2956 1426 2995 nos
1473 2941 1724 3007 Domino,
1773 2947 1829 2995 et
1855 2939 1993 3009 apud
2022 2939 2197 3009 ipsum

600 3054 821 3110 semper
851 3038 1061 3093 futurus
1084 3076 1102 3105 ,
1156 3050 1252 3105 per
1280 3034 1477 3089 nubem
1506 3031 1794 3102 rapiendos
1825 3032 1877 3086 in
1904 3046 2029 3086 aera
2059 3047 2199 3100 pm:-

600 3138 873 3186 moneret.
906 3128 1077 3183 Porro
1106 3123 1331 3194 intelligi
1378 3133 1685 3193 promptum
1710 3130 1813 3186 est,
1840 3121 1982 3191 quod
2020 3121 2198 3175 alieno

600 3222 890 3277 subvectus
936 3216 1163 3272 arbitrio
1212 3230 1318 3269 non
1371 3213 1615 3282 graditur
1663 3213 1879 3283 propria
1927 3211 2195 3268 libertatis

600 3319 796 3382 sponte
820 3308 909 3380 qui
936 3306 1165 3377 rapitur.
1203 3304 1314 3359 Nec
1344 3279 1560 3374 semper
1605 3279 1803 3356 invitos
1840 3302 1954 3370 rapi
1984 3302 2192 3357 rearis:

599 3404 914 3472 frequenter
940 3406 1125 3468 raptos
1153 3409 1282 3450 suos
1308 3401 1576 3449 monstrat
1604 3402 1656 3448 et
1687 3392 1882 3461 gratia.
1918 3390 2197 3461 Siquidem

600 3502 740 3549 teste
771 3489 1061 3561 Evangelia
1089 3486 1272 3558 (Joan.
1306 3502 1383 3553 vt,
1406 3485 1526 3556 44),
1552 3493 1607 3541 ει
1634 3485 1793 3540 Pater
1820 3483 1986 3539 trahit
2012 3485 2103 3553 qui
2130 3484 2196 3538 ad

599 3582 794 3638 Filium
823 3581 1064 3643 veniunt,
1083 3588 1134 3634 et
1164 3593 1193 3631 a
1214 3576 1461 3632 violentis
1490 3576 1696 3645 rapitur
1723 3590 1947 3645 regnum
1976 3575 2200 3631 caeleste

599 3674 619 3740 (
646 3670 833 3725 Matth.
877 3686 953 3737 tu,
987 3670 1053 3725 12
1070 3670 1114 3740 ).
1145 3668 1275 3738 Qtne
1304 3669 1383 3723 sic
1410 3668 1599 3739 rapina
1628 3668 1883 3723 desiderii
1915 3668 2000 3723 sui
2024 3668 2199 3723 sancti

599 3761 769 3819 efﬁcit
798 3770 1100 3833 compotem
1125 3802 1143 3829 ,
1186 3770 1244 3816 ut
1269 3760 1366 3816 Dei
1406 3760 1495 3819 cui
1524 3760 1627 3816 hoc
1658 3761 1925 3818 violenter
1951 3761 2197 3832 eripitur,

599 3855 770 3926 magis
799 3862 1056 3926 provocet
1087 3852 1412 3924 largitatem.

982 4006 1074 4063 AD
1112 4004 1521 4062 TIMOTHEUM
1558 4003 1825 4061 PRIME.

684 4142 736 4197 1.
785 4141 929 4198 Unus
958 4140 1211 4195 mediator
1250 4137 1349 4195 Dei
1376 4149 1424 4196 et
1444 4138 1735 4209 hominum,
1783 4138 1938 4195 homo
1966 4138 2199 4195 Christus

596 4234 632 4291 Ι
639 4251 774 4290 esus.

670 4324 757 4381 II.
799 4324 862 4383 Si
889 4326 1002 4395 quis
1023 4327 1375 4397 epierpatum
1408 4324 1690 4394 desiderat,
1726 4322 1917 4381 bonum
1946 4341 2078 4398 Opus
2106 4326 2200 4380 ds-

596 4416 816 4479 s’derat,
841 4424 948 4470 etc.

668 4507 791 4561 111.
834 4505 961 4562 Cum
988 4508 1124 4561 enim
1148 4508 1426 4563 luxuriata
1450 4508 1641 4579 fuerint
1667 4508 1721 4563 in
1753 4506 1983 4579 Christo,
2010 4508 2198 4564 nubere

599 4604 796 4664 velunt,
825 4607 935 4653 etc.

675 4691 698 4744 Ι
714 4690 777 4743 γ.
819 4688 975 4745 Nihil
996 4688 1267 4745 intulimus
1290 4691 1344 4745 in
1374 4689 1513 4745 hunc
1542 4693 1810 4760 mundum,
1843 4702 1950 4749 etc.

980 4874 1000 4943 (
1023 4872 1100 4928 Ex
1132 4873 1285 4929 libris
1314 4882 1501 4927 contra
1526 4873 1817 4947 Ariauos.)

670 4966 729 5021 lu
752 4966 963 5024 Christo
997 4967 1138 5021 Deus
1166 4977 1221 5022 et
1246 4966 1431 5033 homo,
1456 4982 1563 5021 non
1594 4968 1756 5034 alter,
1778 4968 1874 5023 sed
1902 4969 2057 5036 ipse:
2088 4984 2196 5025 non

598 5058 710 5114 duo
738 5073 805 5114 ex
832 5058 1083 5126 diversis,
1115 5057 1210 5114 sed
1242 5071 1379 5113 unus
1418 5073 1487 5113 ex
1519 5068 1747 5129 utroque
1777 5059 2063 5115 mediator.
2088 5060 2195 5116 Ge-

598 5154 745 5209 mina
777 5150 992 5221 quidem
1023 5150 1341 5213 substantia,
1368 5150 1463 5203 sed
1496 5164 1599 5204 una
1633 5164 1861 5219 persona
1894 5162 1996 5207 est.
2026 5151 2196 5220 Quam

597 5240 927 5298 soliditatem
993 5240 1036 5293 si
1086 5240 1207 5309 quis
1262 5236 1511 5294 scindere
1558 5239 1814 5295 dualitate
1857 5254 2197 5309 praesumat,

600 5334 836 5402 primum
886 5340 969 5385 est
1015 5331 1155 5401 quod
1206 5330 1421 5399 publice
1466 5340 1654 5385 contra
1688 5332 1931 5400 Apostoli
1981 5344 2201 5390 senten-

601 5424 734 5479 tiam
764 5423 1064 5492 proﬁtetur,
1094 5423 1362 5477 dicentem
1388 5440 1401 5476 :
1436 5422 1581 5477 Unus
1612 5424 1861 5476 mediator
1903 5423 2000 5478 Dei
2031 5436 2079 5480 et
2107 5427 2198 5480 ho-

601 5516 803 5571 minum
842 5515 1069 5569 Christus
1107 5512 1261 5568 Iesus
1303 5514 1381 5585 (Ι
1406 5514 1536 5569 Tim.
1573 5531 1630 5585 ll,
1665 5516 1759 5582 5).
1792 5516 1997 5573 Deinde
2040 5519 2201 5589 eligat

603 5622 829 5663 necesse
875 5615 959 5661 est
1005 5607 1074 5661 de
1122 5606 1369 5672 duobus,
1419 5607 1471 5661 id
1502 5616 1585 5663 est
1615 5607 1794 5661 divina
1832 5608 2199 5678 humanaque,

601 5715 765 5772 quam
799 5710 1042 5755 naturam
1074 5700 1415 5755 mediationis
1442 5701 1602 5769 hujus
1633 5700 1756 5755 velit
1800 5704 2055 5772 mysteria
2083 5718 2203 5758 sus-

603 5794 835 5863 cepisse.
869 5793 926 5849 Si
962 5794 1107 5849 solus
1138 5796 1280 5851 Deus
1312 5794 1590 5861 mediator,
1627 5812 1732 5851 non
1783 5808 1867 5851 est
1896 5797 2036 5851 alius
2060 5797 2199 5867 apud

608 5900 766 5957 quem
796 5886 1093 5943 intercedat
1120 5907 1129 5942 :
1157 5890 1200 5945 si
1246 5889 1389 5945 solus
1419 5886 1601 5959 homo,
1638 5903 1745 5945 non
1778 5899 1859 5946 est
1890 5891 1978 5961 qui
2009 5906 2200 5951 recou-

2312 652 2456 708 Deus
2506 652 2559 707 in
2603 651 2819 708 Christo
2844 694 2858 719 ,
2892 659 2946 708 et
2973 661 3057 709 est
3099 655 3360 709 mundum
3394 658 3756 712 reconcilians
3792 658 3919 715 sibi.

2310 744 2433 813 ipse
2481 743 2731 800 videlicet
2779 759 2945 809 penes
2993 760 3155 815 quem
3201 746 3468 815 agendum
3520 757 3635 813 est,
3667 750 3783 818 ipse
3828 752 3922 821 qui

2309 845 2433 907 agat
2474 854 2487 890 :
2529 837 2610 893 sic
2656 837 2798 893 idem
2846 839 3044 894 missus
3070 880 3085 903 ,
3138 850 3193 895 et
3246 839 3389 894 idem
3421 856 3741 911 regressus;
3782 844 3921 900 sicut

2310 927 2425 998 ipse
2451 927 2745 999 judicatus,
2780 938 2833 984 et
2864 929 2981 1000 ipse
3014 930 3373 999 judicaturus.

3078 1023 3144 1078 ΙΙ.

2524 1113 2628 1180 (Ex
2661 1128 2914 1170 sermone
2944 1114 3013 1169 de
3038 1114 3383 1170 ordinatione
3412 1114 3703 1187 episc0pi.)

2382 1205 2646 1274 Superest
2673 1221 2847 1271 nunc,
2901 1214 2959 1261 ut
2987 1206 3237 1262 lectionis
3271 1208 3429 1274 hujus
3471 1222 3692 1277 samper
3721 1205 3920 1262 memi-

2308 1297 2468 1363 nerit,
2502 1312 2621 1368 qua:
2652 1297 2999 1367 peculiariter
3030 1299 3077 1353 ei
3112 1313 3254 1353 nunc
3284 1299 3423 1353 lecta
3456 1308 3563 1365 est,
3594 1300 3920 1355 inclamante

2306 1390 2568 1459 Apostolo
2590 1430 2605 1455 ,
2642 1392 2976 1446 acclamante
3020 1392 3241 1461 populo,
3276 1391 3650 1446 conclamante
3686 1391 3917 1461 judicio,

2307 1481 2509 1552 Siquis
2554 1482 2907 1553 episc0patum
2950 1483 3244 1550 desiderat,
3272 1484 3459 1538 bonum
3489 1502 3616 1556 Opus
3658 1484 3919 1540 desiderat

2306 1575 2357 1647 (Ι
2398 1574 2531 1631 Tim.
2568 1590 2646 1640 ιιι,
2677 1574 2700 1627 1
2728 1574 2771 1646 ).
2819 1575 3012 1630 Solent
3041 1584 3223 1630 autem
3258 1576 3500 1645 plerique
3539 1576 3769 1647 propriae
3800 1592 3918 1630 am-

2305 1669 2526 1725 bitionis
2566 1669 2874 1725 incendium
2926 1669 3055 1723 dicti
3111 1668 3273 1737 hujus
3309 1668 3591 1739 apostolici
3643 1668 3797 1738 quasi
3830 1683 3919 1723 re-

2305 1760 2525 1830 frigerio
2572 1771 2893 1829 temperare,
2930 1760 3071 1830 quod
3108 1760 3219 1828 jam
3258 1770 3309 1814 et
3352 1760 3603 1815 libertate
3652 1760 3915 1829 permissa

2305 1867 2393 1907 res
2442 1852 2569 1907 boni
2615 1853 2799 1919 operis
2842 1853 3276 1922 concupiscatur.
3326 1852 3435 1907 Sed
3466 1853 3645 1907 statim
3676 1861 3917 1907 cessaret

2309 1944 2415 2000 tale
2439 1944 2764 2001 desiderium
2792 1988 2807 2010 ,
2857 1947 2901 2001 si
2945 1946 3226 2014 sequentia
3259 1953 3639 1999 tractarentur.
3678 1943 3913 2014 Oportet,

2309 2037 2518 2106 inquit,
2573 2035 2873 2107 hujusmodi
2902 2034 3400 2105 irreprehsnsibilcm
3445 2050 3554 2088 esse
3585 2032 3793 2105 (lbid.,
3822 2032 3913 2090 2).

2309 2128 2404 2183 llic
2432 2143 2616 2183 secum
2660 2143 2793 2199 rogo
2820 2142 3072 2183 crescens
3112 2125 3350 2181 ambitus
3373 2134 3429 2181 et
3455 2124 3701 2179 animosa
3740 2123 3915 2190 bono-

2307 2236 2426 2275 rum
2458 2229 2582 2275 vota
2630 2219 2908 2275 decertent
2952 2236 2966 2272 ε
3012 2218 3099 2273 hic
3144 2218 3463 2287 permissam
3510 2217 3615 2272 sibi
3659 2215 3914 2271 desiderii

2305 2311 2653 2366 securitatem
2695 2311 2887 2365 merita
2928 2312 3217 2379 semetipsa
3262 2319 3498 2364 scrutata
3530 2308 3911 2374 considerent;

2306 2402 2349 2456 si
2383 2402 2451 2457 ab
2482 2402 2627 2456 omni
2682 2401 2983 2457 interdictae
3024 2400 3468 2469 reprehensionis
3499 2415 3653 2455 naevo
3681 2399 3912 2454 candida

2306 2492 2504 2547 divinae
2552 2491 2803 2561 imaginis
2846 2490 3129 2561 integritas
3180 2489 3520 2555 custoditur;
3572 2488 3619 2543 si
3668 2492 3913 2558 quando-

2306 2598 2520 2652 cunque
2568 2583 2767 2637 mentis
2813 2583 3047 2652 impetus
3092 2580 3481 2637 moderationis
3528 2581 3751 2636 limitem
3802 2597 3912 2636 non

2305 2678 2569 2739 excessit;
2612 2676 2657 2731 si
2705 2675 3121 2746 quibuscunque
3172 2674 3539 2746 indigentibus
3578 2676 3912 2745 superﬂuum

2305 2767 2573 2838 quispiam
2623 2783 2817 2823 manus
2848 2782 2955 2824 non
3003 2768 3205 2833 tenuit;
3246 2767 3290 2823 si
3319 2780 3592 2837 nunquam
3643 2766 3913 2823 sermonis

2306 2860 2601 2928 petulantia
2633 2859 2976 2914 honestatem
3022 2858 3224 2914 silentii
3255 2858 3575 2914 salubrioris
3605 2849 3832 2927 irrupit;
3866 2858 3912 2912 si

2304 2953 2327 3022 (
2350 2950 2547 3021 Ephes.
2578 2967 2653 3015 tv,
2682 2951 2753 3007 26
2778 2950 2796 3020 )
2832 2952 3105 3006 calentem
3135 2951 3241 3006 diei
3287 2950 3545 3006 ferventis
3575 2949 3912 3005 iracundiam

2304 3043 2459 3097 limes
2490 3042 2701 3097 occidui
2730 3042 2861 3096 solis
2889 3043 3148 3105 absolvit;
3188 3042 3233 3097 si
3284 3055 3559 3111 nunquam
3609 3038 3777 3095 corde
3814 3042 3914 3094 du-

2307 3130 2431 3198 plici
2455 3132 2725 3186 diversum
2743 3133 2987 3187 sonantis
3006 3132 3402 3203 cogitantisque
3420 3130 3565 3186 aliud
3577 3130 3739 3187 verba
3752 3145 3913 3200 quam

2306 3231 2429 3280 vota
2482 3223 2812 3290 moliuntur;
2855 3225 2901 3278 si
2950 3225 3018 3279 ad
3069 3225 3321 3283 ultimum
3350 3223 3510 3295 digna
3552 3223 3915 3279 observantiae

2304 3332 2430 3373 cura
2457 3357 2473 3381 ,
2507 3327 2564 3371 ut
2613 3317 2679 3370 de
2706 3317 3030 3386 juramentis
3064 3326 3297 3382 taceam,
3330 3318 3415 3372 vel
3457 3316 3694 3387 perjuria
3726 3315 3914 3371 formi-

2302 3411 2521 3465 dantur.
2554 3409 2672 3465 Non
2702 3410 2847 3480 quod
2874 3410 2942 3464 ab
2973 3409 3059 3465 his
3089 3410 3343 3464 omnibus
3373 3409 3526 3465 liberi
3570 3422 3693 3464 esse
3723 3422 3915 3463 omnes

2305 3504 2578 3574 possimus
2602 3543 2618 3570 ,
2668 3504 2763 3560 sed
2795 3503 2936 3573 quod
2966 3503 3330 3573 periculosum
3372 3502 3445 3557 sit
3473 3516 3916 3571 unumquemque

2304 3596 2498 3650 merita
2531 3609 2630 3650 sua
2659 3610 2766 3649 non
2798 3594 3066 3659 recolere,
3100 3602 3157 3649 et
3184 3592 3328 3665 quod
3358 3593 3491 3647 solis
3520 3590 3918 3660 irreprebensi-

2303 3687 2504 3742 bilibus
2552 3686 2801 3753 debetur,
2834 3686 3061 3743 ambire.
3113 3685 3234 3740 Jam
3266 3684 3394 3755 quid
3440 3684 3509 3740 de
3540 3684 3647 3739 illis
3676 3682 3910 3747 dicatur.

2303 3794 2440 3850 quos
2483 3780 2875 3849 pretiositatem
2907 3779 3093 3848 gratiae
3125 3778 3283 3849 pretii
3325 3778 3533 3834 vilitate
3582 3786 3912 3839 mereantes,

2305 3885 2475 3941 usque
2500 3870 2566 3926 ad
2595 3870 2858 3940 jacturam
2891 3870 3135 3939 pecunias
3166 3868 3509 3925 verecundiae
3546 3868 3756 3938 jactura
3789 3881 3915 3933 pro-

2303 3960 2494 4017 ducit?
2551 3962 2791 4026 Quorum
2837 3958 3319 4015 acclamationibus
3368 3957 3603 4012 militant
3648 3954 3914 4011 conducta

2304 4054 2619 4118 mendacia,
2637 4066 2867 4121 quorum
2891 4052 3201 4120 prurientes
3230 4048 3598 4118 scalpentibns
3628 4046 3916 4114 praconiis

2306 4160 2471 4201 aures
2518 4144 2892 4201 mercenarius
2938 4140 3147 4196 clamor
3188 4139 3520 4203 inﬂammat;
3562 4138 3763 4208 quique
3804 4150 3912 4190 non

2305 4236 2724 4293 reminitcentes
2752 4232 3032 4288 Simonem
3059 4230 3271 4301 Magum
3304 4229 3446 4301 (Act.
3474 4242 3591 4292 vni,
3626 4226 3718 4296 {8)
3743 4224 3915 4280 divini

2304 4327 2555 4384 muneris
2604 4323 3067 4395 dispensationem
3119 4320 3295 4391 pretio
3356 4320 3597 4375 voluisse
3642 4316 3911 4385 mercari,

2305 4434 2427 4476 cum
2473 4417 2703 4488 pecunia
2732 4432 2829 4473 sua
2862 4430 2971 4471 non
3002 4417 3055 4470 in
3082 4412 3471 4479 sacerdotium,
3508 4413 3604 4469 sed
3637 4412 3690 4467 in
3721 4412 3911 4468 interi.

2304 4523 2418 4567 tum
2465 4510 2815 4581 deputantur.
2869 4507 3068 4563 Libero
3114 4521 3245 4576 ergo
3314 4505 3432 4560 haec
3476 4519 3660 4559 coram
3708 4502 3911 4559 ambitu

2219 4640 2279 4700 Β
2310 4604 2490 4658 electo
2535 4600 2924 4670 compulsoque
2971 4597 3252 4654 detester:
3281 4596 3498 4663 placere
3546 4595 3656 4651 Deo
3699 4594 3914 4665 penitus

2310 4693 2519 4763 nequit,
2549 4692 2641 4763 qui
2672 4706 2842 4762 usque
2873 4691 2939 4745 ad
2962 4691 3045 4747 sui
3073 4689 3400 4746 electionem
3431 4687 3533 4743 sibi
3561 4688 3675 4756 ipse
3696 4686 3915 4757 placue-

2310 4789 2402 4842 i‘il.
2455 4785 2597 4854 Quin
2646 4786 2828 4855 potius
2872 4784 2943 4839 de
2992 4784 3338 4839 innocentum
3386 4780 3685 4837 antistitum
3728 4781 3915 4837 labore

2305 4876 2573 4933 dicamus.
2605 4877 2793 4947 Neque
2833 4875 2977 4932 enim
3008 4874 3145 4931 levis
3184 4883 3269 4930 est
3296 4872 3722 4929 administraturi
3752 4888 3915 4928 causa

2310 4971 2580 5041 pontiﬁcis
2605 5008 2622 5038 ,
2668 4985 2829 5040 quem
2876 4976 3060 5024 manet
3088 4965 3398 5036 dupliciter,
3425 4981 3606 5022 sermo
3635 4975 3696 5021 ut
3730 4965 3915 5036 populi

2305 5062 2654 5133 magistrum,
2686 5068 2840 5115 actus
2864 5069 2923 5115 ut
2948 5057 3153 5115 Christi
3184 5057 3511 5128 discipulum
3538 5074 3552 5111 :
3578 5059 3668 5129 qui
3700 5057 3914 5128 plebem

2307 5169 2417 5207 non
2481 5152 2659 5208 minus
2717 5152 2919 5222 pietate
2966 5165 3128 5221 quam
3173 5153 3466 5207 severitate
3515 5161 3764 5206 recturus
3808 5160 3913 5207 est.

2312 5245 2487 5312 Quem
2540 5245 2735 5299 timere
2773 5245 3029 5299 convenit
3076 5242 3373 5311 dispendiis
3400 5243 3536 5310 suis,
3573 5258 3731 5310 quem
3763 5257 3914 5298 com-

2310 5337 2589 5393 municare
2621 5351 2726 5390 non
2757 5336 3009 5391 convenit
3037 5336 3358 5390 criminibus
3382 5335 3592 5390 alienis.
3618 5333 3719 5401 Qui
3748 5333 3913 5389 alium

2306 5439 2500 5484 onerat
2532 5444 2591 5484 se
2620 5437 2987 5494 contestante,
3023 5428 3114 5497 qui
3138 5428 3395 5481 damnum
3429 5427 3629 5495 patitur
3658 5426 3764 5479 alio
3796 5440 3917 5495 per-

2311 5532 2493 5579 eunte.
2528 5521 2754 5589 Quando
2784 5521 2951 5586 audit,
2984 5537 3084 5575 non
3113 5520 3277 5591 turpis
3326 5521 3460 5574 lucri
3490 5520 3756 5589 cupidum,
3783 5528 3917 5572 tem-

2314 5628 2599 5688 peraturus
2631 5624 2716 5671 est
2744 5626 2802 5670 ut
2833 5617 2900 5671 sit
2935 5613 3197 5686 cupidus,
3240 5625 3294 5669 et
3347 5614 3559 5685 quidem
3592 5612 3725 5667 lucri
3754 5652 3770 5678 ,
3818 5626 3917 5666 nec

2315 5721 2491 5765 tamen
2528 5710 2697 5780 turpis
2742 5727 2755 5763 :
2802 5710 2851 5764 id
2900 5720 3003 5776 est,
3037 5718 3095 5763 ut
3122 5708 3337 5764 studeat
3381 5708 3669 5764 commissa
3703 5705 3802 5759 sibi
3839 5713 3917 5758 ta-

2315 5804 2457 5858 lenta
2502 5802 2732 5858 assiduae
2760 5801 3162 5873 prmdicationis
3190 5799 3533 5857 sermonibus
3562 5797 3830 5866 expolire,
3862 5805 3915 5848 et

2314 5894 2572 5967 acquisita
2607 5895 3062 5967 multiplicantque
3098 5894 3275 5966 gregis
3305 5894 3386 5953 sui
3418 5895 3588 5949 salute
3613 5891 3913 5964 geminare.
