4316 6462
755 399 856 453 ’519

2001 386 2056 442 8.
2103 385 2283 441 AVlTl
2329 382 2723 440 V'IENNENSIS

3874 381 3980 445 520

755 510 974 562 Jubctur
1019 519 1138 560 esse
1187 513 1393 559 ornatus
1412 520 1429 567 ;
1468 516 1564 557 nec
1595 501 1734 556 istud
1776 500 2130 569 corporaliter
2173 497 2312 553 acci-
2345 500 2395 562 Α
2423 495 2670 564 ferimus,
2697 499 2922 553 animam
2952 507 3126 553 tamen
3155 496 3356 552 arbitrii
3386 506 3681 566 compotem
3709 512 3979 568 capacem-

759 598 1004 665 piendum
1034 605 1137 650 εει.
1184 594 1495 664 Episcopum
1527 592 1612 645 cui
1652 589 1886 660 injuncta
1932 590 2125 644 merito
2162 599 2317 642 orna-

759 693 935 739 menta
975 682 1347 752 suppeditent,
1400 693 1503 734 non
1532 679 1693 734 comit
1727 691 1912 747 pompa
1938 717 1954 743 ,
2002 677 2096 731 sed
2125 676 2310 745 gratia.

759 773 848 828 Sic
877 775 1054 841 itaque
1077 769 1414 824 sacerdotalis
1446 769 1596 822 locus
1616 808 1631 833 ,
1684 776 1887 821 arctam
1919 765 2064 819 illam
2097 775 2149 818 et
2193 778 2320 817 con-

764 862 1064 916 tt-ibulatam
1096 857 1363 927 Evangelii
1393 858 1634 912 semitam
1665 867 1849 911 tenens
1872 895 1889 920 ,
1921 869 2121 924 perque
2158 868 2322 922 angu-

766 952 893 1004 stias
921 950 1034 1018 ejus
1066 957 1181 1016 post
1209 962 1267 1002 se
1294 948 1452 1002 etiam
1487 947 1734 1016 pupulum
1783 946 2018 1011 trahens,
2051 946 2318 998 sinistram

767 1039 987 1107 fugiens,
1020 1038 1288 1092 dexteram
1318 1052 1425 1092 non
1468 1051 1794 1107 prmsumens
1814 1075 1829 1102 ,
1874 1037 2226 1105 periculosum
2255 1049 2320 1089 ex

766 1142 989 1200 utraque
1039 1140 1184 1199 parte
1233 1130 1491 1185 lubricum
1539 1129 1908 1197 pertimescat,
1961 1137 2017 1182 et
2059 1125 2323 1181 sermonis

767 1219 1042 1290 apostolici
1090 1219 1279 1273 libram
1308 1219 1610 1289 aequalitate
1640 1217 2082 1272 ronsiderationis
2125 1229 2324 1283 appenc

767 1313 924 1376 dens,
960 1313 1003 1366 si
1033 1311 1304 1366 districtus
1333 1324 1449 1364 esse
1476 1309 1726 1374 voluerit,
1759 1309 1900 1377 legat
1925 1323 2022 1360 non
2063 1321 2327 1373 percusso-

769 1417 914 1465 rem;
952 1402 997 1454 si
1028 1401 1286 1453 humanus
1308 1437 1325 1465 ,
1357 1413 1457 1452 non
1495 1398 1842 1461 vinolentum;
1879 1398 1920 1452 si
1962 1396 2190 1459 sobrius,
2223 1409 2326 1446 non

770 1503 1011 1553 auarum;
1049 1489 1093 1542 si
1124 1489 1397 1552 subditus,
1434 1504 1535 1542 non
1569 1489 1854 1560 abjcctum;
1891 1488 1934 1542 si
1966 1501 2187 1549 servus,
2227 1501 2328 1538 non

769 1580 988 1643 elatum;
1025 1579 1070 1632 si
1113 1580 1446 1640 misericors,
1480 1594 1578 1631 non
1622 1579 1927 1641 remissum;
1965 1579 2008 1632 si
2054 1577 2328 1639 terribilis,

772 1683 872 1720 non
898 1677 1194 1728 cruentum;
1231 1667 1274 1719 si
1305 1667 1508 1720 domum
1535 1682 1678 1718 suam
1702 1666 1822 1720 bene
1844 1676 2116 1736 regentem,
2149 1666 2331 1734 utique

771 1756 1104 1810 ordinantem
1133 1756 1337 1818 omnia,
1382 1755 1736 1824 negligentem
1768 1755 1930 1822 nulla,
1969 1757 2328 1826 acquireutem

2419 603 2524 658 que
2547 590 2790 655 rationis,
2814 588 2878 643 ad
2910 589 3210 656 eligendum
3242 588 3436 643 bonum
3456 627 3472 653 ,
3507 587 3551 640 si
3585 589 3720 642 lteus
3757 589 3981 656 inspira-

2420 682 2578 745 verit,
2608 680 2936 735 exhibemus.
2968 679 3208 748 Cumque
3239 694 3486 748 processu
3518 679 3772 747 temporis
3796 679 3982 732 Volun-

2420 770 2544 824 tatis
2597 780 2790 824 nostra:
2829 769 3056 838 qualitas
3085 768 3448 831 conﬁrmatur,
3497 768 3587 823 Dei
3631 769 3875 821 voluntas
3901 776 3984 821 est

2421 868 2481 913 ut
2517 859 2650 914 bene
2680 859 2965 924 faciamus,
3001 857 3094 912 sed
3133 865 3371 911 nostrum
3403 857 3646 926 estquod
3681 855 3980 911 fecerimus.

2421 947 2504 1001 An
2543 948 2678 1003 forte
2703 949 2828 1002 dicit
2853 948 3043 1014 aliquis
3069 987 3083 1012 ,
3119 957 3173 1001 et
3205 947 3338 1000 hanc
3373 947 3541 1016 ipsam
3574 947 3695 1001 boni
3721 947 3981 1002 actionem

2426 1048 2600 1108 potest
2626 1041 2786 1094 homo
2812 1038 3095 1092 insidiante
3117 1037 3328 1092 diabolo
3357 1037 3596 1105 perdere.
3632 1038 3824 1091 Verum
3866 1045 3982 1103 est,

2425 1129 2564 1198 quod
2593 1129 2835 1182 amittere
2864 1128 3021 1181 homo
3050 1126 3245 1181 bonum
3278 1126 3544 1195 proprium
3573 1124 3780 1179 iurante
3798 1127 3983 1178 adver-

2426 1219 2567 1272 sario
2589 1226 2786 1286 potest.
2817 1216 2920 1272 Sed
2953 1217 3076 1270 hinc
3105 1217 3269 1286 magis
3301 1225 3538 1270 nostrum
3567 1215 3754 1283 conjici
3792 1215 3983 1282 debet,

2427 1311 2548 1378 quia
2573 1324 2678 1364 non
2705 1309 2964 1364 violenter
2992 1308 3247 1363 aufertur.
3289 1307 3402 1361 Non
3445 1308 3586 1362 enim
3622 1307 3792 1360 taliter
3817 1305 3985 1374 ρει-ὧι

2429 1414 2546 1453 mus
2578 1399 2906 1463 mercedem,
2939 1398 3168 1466 qualiter
3199 1390 3522 1451 facultatém.
3547 1395 3694 1462 Quod
3727 1396 3867 1449 enim
3893 1410 3988 1450 ex-

2432 1497 2510 1542 tra
2539 1503 2635 1544 nos
2665 1498 2778 1555 est,
2810 1489 3040 1542 carnalis
3080 1487 3326 1542 inimicus
3368 1486 3622 1554 rapiendo
3648 1484 3857 1540 auferre
3895 1498 3988 1552 po-

2431 1584 2531 1631 test
2561 1596 2576 1633 :
2608 1580 2746 1647 quod
2775 1591 2896 1631 vero
2919 1578 3052 1631 intra
3076 1592 3172 1631 nos
3191 1619 3206 1644 ,
3239 1591 3344 1630 non
3376 1583 3548 1643 potest
3571 1574 3857 1643 spiritualis
3887 1574 3988 1628 nisi

2433 1667 2731 1722 insidiando
2757 1667 2938 1722 furari.
2973 1666 3036 1720 Et
3065 1666 3213 1732 ideo,
3257 1665 3301 1718 si
3335 1665 3485 1719 sciret
3503 1663 3868 1734 paterfamilias
3893 1679 3991 1730 qua

2433 1759 2559 1812 hora
2588 1759 2673 1826 fur
2705 1759 2861 1824 venit,
2898 1756 3126 1828 vigilaret
3157 1757 3348 1826 utique,
3384 1766 3555 1809 etnon
3592 1755 3771 1809 sinent
3797 1754 3991 1825 perfodi

771 1844 932 1899 multa
957 1887 972 1913 ,
1029 1845 1252 1913 plurima
1297 1845 1714 1915 dispensantem.
1750 1845 1888 1916 Ergo
1917 1855 1972 1901 et
1999 1846 2121 1902 huic
2149 1860 2215 1901 ex
2239 1846 2330 1901 ad-
2361 1843 2404 1902 Β
2433 1849 2641 1901 domum
2685 1865 2829 1902 suam
2875 1846 3034 1919 (an.
3091 1862 3196 1914 xn,
3240 1846 3362 1916 59).
3409 1846 3503 1899 illa
3542 1859 3670 1914 ergo
3702 1844 3994 1899 estdomus

772 1935 1083 1989 ministrata:
1133 1937 1320 1990 domus
1349 1938 1569 2007 probato
1614 1946 1866 2007 rectoque
1902 1937 2101 2008 judicio
2127 1982 2142 2008 ,
2174 1953 2333 2008 super

773 2026 1060 2094 evangelici
1101 2026 1240 2079 illius
1289 2027 1626 2082 nummularii
1655 2042 1890 2082 mensam
1923 2032 2142 2098 pecunia
2171 2030 2334 2083 multa

775 2116 1135 2182 committitur,
1169 2131 1287 2185 quae.
1334 2118 1681 2186 multiplicato
1710 2117 1977 2173 reddenda
2019 2120 2335 2188 compendio

777 2221 875 2262 vos
901 2208 1067 2263 eritis‘.

1512 2301 1596 2355 Ill.

1100 2391 1116 2460 (
1145 2390 1217 2443 Ex
1249 2390 1466 2458 epistola
1491 2399 1672 2446 contra
1701 2391 2009 2460 Faustum.)

846 2477 1034 2532 Fateor
1062 2479 1112 2532 in
1154 2483 1465 2535 necessitate
1498 2483 1702 2550 positis,
1739 2494 1870 2537 etc..
1900 2493 1952 2536 ut
1983 2485 2033 2537 in
2062 2485 2274 2554 epistola
2303 2487 2336 2541 ι

782 2569 884 2637 (col
893 2567 1009 2622 .221
1024 2611 1037 2633 ,
1053 2569 1132 2640 a),
1157 2573 1386 2638 usquead
1409 2573 1459 2625 iu
1481 2587 1639 2626 carne
1663 2588 1765 2628 non
1787 2575 1982 2630 vicerat
2003 2576 2332 2646 conjugatos.

1512 2661 1596 2715 IV.

1058 2749 1172 2817 (Ex
1201 2764 1445 2806 sermone
1474 2753 1558 2808 die
1588 2753 1621 2805 2
1653 2753 2055 2827 Rogatinnum.)

847 2837 957 2906 Age
987 2852 1145 2902 nunc,
1179 2840 1231 2892 in
1255 2853 1504 2910 quantum
1537 2853 1704 2912 potest
1731 2844 1842 2899 fieri
1864 2887 1877 2908 ,
1902 2847 2178 2903 videamus
2216 2865 2336 2919 qua:

778 2934 958 2978 nostra
1012 2941 1196 2994 quaeve
1239 2931 1408 2982 aliena
1458 2934 1582 2984 sint.
1633 2933 1721 2986 Ait
1767 2934 1960 2988 Paulus
2003 2938 2273 3005 apostolus
2319 2955 2332 2992 :

781 3015 928 3070 Nihil
955 3018 1221 3072 intulimus
1243 3021 1294 3072 in
1324 3022 1453 3073 hunc
1475 3023 1739 3089 mundum,
1769 3025 1855 3078 sed
1885 3042 1972 3078 nec
2001 3028 2201 3096 auferre
2220 3045 2339 3098 pos-

779 3122 951 3159 sumus
993 3106 1053 3177 (I
1082 3107 1210 3162 Tim.
1252 3125 1333 3174 v1,
1367 3110 1452 3181 7).
1487 3112 1550 3165 Et
1575 3113 1700 3181 quid
1733 3124 1967 3168 nostrum
1993 3117 2098 3172 dici
2129 3125 2334 3186 potest,

2438 1947 2639 2004 nostra,
2669 1953 2806 2008 qum,
2835 1939 2876 1992 si
2909 1937 3184 2007 vigilamus
3209 1980 3223 2003 ,
3255 1953 3358 1992 non
3390 1943 3562 2007 potest
3587 1933 3721 1991 dirui
3756 1951 3767 1987 :
3801 1934 3885 1987 illa
3909 1947 3994 1987 ve-

2437 2043 2497 2083 ro
2524 2043 2742 2097 prorsus
2780 2029 2947 2083 aliena
2975 2036 3057 2082 est
3077 2066 3093 2094 ,
3133 2041 3249 2098 qum
3280 2037 3451 2097 potest
3481 2027 3818 2096 vigilantibus
3846 2022 3995 2079 nobis

2437 2118 2709 2187 occuparL

2757 2209 2796 2262 Α
2809 2209 2847 2262 D
2882 2205 3284 2263 TIMOTIIEUM
3324 2206 3684 2264 SECUNDJE.

2439 2298 2492 2355 1.
2534 2297 2600 2353 In
2641 2314 2824 2369 magna
2863 2309 3033 2351 autem
3063 2300 3209 2352 domo
3235 2315 3336 2352 non
3361 2299 3527 2352 solum
3555 2306 3672 2352 sunt
3698 2313 3818 2351 casa
3843 2310 3995 2350 aurea

2723 2400 2769 2445 et
2796 2399 3051 2461 argentea,
3081 2390 3169 2445 sed
3189 2402 3232 2445 et
3260 2391 3424 2461 lignea
3454 2400 3498 2445 et
3526 2391 3723 2460 ﬁctilia.

2733 2570 2840 2642 (Ex
2871 2584 3117 2625 sermone
3143 2569 3229 2624 die
3255 2569 3287 2622 3
3319 2569 3714 2638 Rogationum.)

2513 2661 2793 2728 Quomodo
2820 2661 2862 2714 si
2884 2700 2899 2724 ,
2933 2660 3102 2730 inquit
3129 2659 3290 2730 (lsai.
3324 2674 3480 2727 ιιι-ι,
3505 2659 3628 2728 ΞΟ),
3662 2658 3890 2712 inferant
3912 2657 4000 2711 lilii

2440 2753 2599 2808 lsrael
2647 2768 2838 2807 mimus
2869 2754 2921 2805 in
2951 2766 3075 2807 vase
3105 2753 3301 2806 mundo
3330 2751 3382 2805 in
3415 2750 3629 2804 domum
3661 2749 3900 2811 Domini;
3931 2749 4002 2801 le.

2438 2843 2610 2913 giwus
2643 2844 2694 2897 in
2725 2841 2998 2910 Apostolo,
3033 2843 3084 2895 in
3111 2841 3259 2894 domo
3294 2857 3477 2912 magna
3507 2855 3606 2892 non
3632 2839 3794 2893 solum
3824 2853 4005 2908 argen-

2438 2944 2516 2986 tea
2537 2935 2612 2986 t‘el
2632 2948 2820 2998 aurea,
2849 2933 2938 2985 sed
2963 2933 3114 2986 etiam
3140 2932 3308 3002 lignea
3334 2946 3453 2983 uasa
3473 2940 3517 2983 et
3541 2929 3718 2997 ﬁctilia
3747 2926 3841 2999 (11
3867 2927 4002 2984 Tim.

2439 3035 2518 3090 ιι,
2568 3023 2686 3091 90)
2718 3021 2958 3090 reperiri.
2998 3021 3124 3088 Qum
3167 3021 3221 3074 in
3258 3021 3371 3089 ipsa
3411 3020 3667 3089 graduum
3697 3020 4004 3074 diversitate

2440 3113 2616 3166 omnia
2653 3122 2872 3180 possunt
2896 3128 3014 3166 esse
3045 3111 3191 3177 usui,
3235 3111 3446 3165 etiamsi
3489 3126 3589 3163 non
3619 3117 3743 3163 sunt
3782 3109 4002 3178 mqualia

779 3195 918 3263 quod
946 3205 1049 3249 non
1082 3199 1386 3266 intulimus,
1429 3201 1673 3271 quodque
1714 3220 1819 3258 non
1859 3205 2075 3260 relaturi
2117 3208 2338 3263 sumus?
2364 3195 2409 3257 C
2441 3202 2704 3270 dignitati.
2737 3201 2966 3256 Cuilibet
2987 3201 3251 3256 distantias
3297 3200 3438 3254 nitor
3465 3213 3595 3266 opus
3615 3208 3714 3253 est.
3745 3199 3920 3253 POtest
3951 3199 4003 3252 in

781 3282 989 3352 Nudus,
1021 3286 1186 3355 inquit
1215 3287 1332 3350 Job,
1365 3290 1492 3342 exivi
1529 3291 1592 3344 de
1623 3302 1761 3344 utero
1790 3295 1963 3348 matris
1989 3311 2139 3362 mete,
2171 3297 2336 3349 nudus

780 3387 997 3429 revertar
1037 3378 1088 3430 in
1122 3390 1303 3431 terram
1330 3379 1456 3450 (Job
1490 3395 1534 3448 ι,
1577 3383 1637 3436 2i
1661 3380 1705 3453 ).
1739 3384 1888 3439 Patet
1925 3401 2081 3454 quam
2114 3387 2336 3442 iuiidelis

781 3466 848 3519 sit
878 3480 1004 3519 usus
1025 3467 1344 3534 divitiarum,
1380 3470 1470 3538 qui
1501 3486 1597 3525 nos
1627 3489 1720 3528 nec
1749 3473 1799 3526 in
1831 3475 2088 3543 principio
2118 3484 2299 3531 nostro
2318 3515 2334 3541 ,

782 3572 880 3612 nec
901 3557 953 3610 in
985 3559 1087 3612 fine
1112 3561 1411 3615 comitatur.
1438 3560 1570 3629 Quid
1599 3578 1782 3618 aurum
1807 3573 1860 3620 et
1884 3577 2156 3635 argentum
2181 3582 2338 3622 avare

781 3645 1136 3714 nntltiplicas?
1161 3649 1285 3717 quid
1314 3660 1456 3705 tuum
1487 3651 1640 3717 dicis,
1672 3654 1735 3707 ad
1757 3655 1896 3722 quod
1921 3658 2090 3712 nudus
2111 3659 2340 3713 venisti?

781 3737 956 3792 Mundi
979 3749 1060 3794 est
1092 3739 1308 3794 facultas
1337 3756 1490 3809 quam
1523 3753 1662 3796 tuam
1684 3786 1700 3812 ,
1741 3749 2037 3800 communis
2075 3756 2156 3803 est
2181 3764 2337 3819 quam

781 3830 1047 3897 propri-tn
1074 3839 1244 3897 putas.
1281 3831 1370 3884 Via
1399 3833 1600 3886 itineris
1628 3837 1987 3906 cujuscunque
2017 3853 2170 3906 quam
2216 3855 2338 3908 gra-

783 3918 975 3982 dimur,
1011 3919 1243 3975 breviter
1273 3921 1376 3973 dici
1405 3930 1579 3976 nostra
1610 3933 1808 3991 potest,
1832 3925 1954 3980 dum
1987 3941 2015 3980 a
2047 3929 2200 3983 nobis
2228 3944 2344 3984 am-

785 4008 992 4062 bulatur
1039 4025 1053 4060 :
1104 4009 1254 4062 nobis
1281 4025 1405 4064 vero
1445 4016 1867 4081 praetergressis,
1912 4017 2116 4069 illorum
2145 4026 2225 4070 cst
2252 4019 2340 4085 qui

785 4107 1096 4164 sequuntur.
1130 4099 1401 4164 Quomodo
1433 4109 1604 4168 potest
1632 4111 1810 4156 nostra
1851 4118 1969 4159 esse
2010 4105 2226 4159 facultas
2256 4121 2344 4160 ca-

781 4188 913 4242 duca
939 4199 1092 4256 atque
1115 4195 1349 4252 terrena,
1372 4189 1412 4241 si
1443 4204 1545 4242 non
1567 4204 1744 4256 pascat
1765 4208 2010 4262 egenum,
2037 4209 2154 4248 cum
2179 4195 2341 4263 possit

783 4291 999 4347 pascere
1028 4277 1349 4331 violentum?
1391 4277 1666 4344 Quomodo
1696 4295 1934 4337 nostrum
1976 4296 2091 4349 est,
2136 4285 2188 4338 in
2238 4299 2345 4354 quo

782 4383 880 4423 nec
908 4367 1162 4436 capiendo
1184 4367 1402 4434 innoxii,
1430 4384 1528 4423 nec
1549 4371 1871 4428 continendo
1891 4373 2058 4442 justi,
2087 4389 2186 4431 nec
2215 4390 2342 4445 pos-

783 4459 1003 4514 sidendo
1048 4460 1211 4524 certi,
1261 4476 1357 4514 nec
1401 4464 1765 4517 conservando
1809 4465 1984 4519 securi
2026 4469 2245 4521 sumus?
2275 4467 2344 4522 Et

784 4564 940 4615 quam
973 4565 1067 4615 pro
1095 4560 1240 4602 certo
1269 4559 1505 4604 tenemus
1527 4591 1542 4616 ,
1594 4567 1690 4606 nos
1734 4555 1902 4608 nudos
1948 4555 2001 4610 in
2030 4565 2224 4611 terram
2253 4574 2341 4613 ve-
2371 4541 2422 4601 Ῐ)

786 4641 946 4702 uisse,
982 4649 1084 4690 tarn
1109 4652 1254 4693 certo
1277 4641 1524 4706 sciamus,
1555 4641 1621 4696 de
1644 4645 1980 4700 terrestribus
2009 4661 2106 4700 nos
2134 4649 2342 4704 auferre

785 4728 914 4782 nihil
944 4742 1116 4796 pose.
1145 4730 1429 4810 Apostolus
1449 4746 1508 4785 se
1536 4734 1722 4787 recolit
1750 4735 1881 4789 nihil
1911 4737 2148 4793 intulisse
2168 4779 2180 4801 ,
2211 4740 2343 4794 nihil

786 4821 1078 4874 ablaturum
1109 4836 1245 4875 esse.
1281 4820 1380 4877 Joh
1428 4823 1618 4878 fatetur
1647 4825 1844 4879 nudum
1886 4842 1946 4882 se
1991 4839 2198 4894 natum,
2251 4846 2347 4884 nus

787 4913 1016 4980 dumque
1039 4911 1368 4966 moriturum.
1395 4914 1645 4970 Salomon
1673 4919 1917 4972 omnibus
1941 4934 2119 4986 parem
2150 4920 2342 4976 clamat

788 5003 1055 5055 interitum
1107 5011 1160 5054 et
1210 5003 1435 5056 smilem
1480 5007 1701 5058 exitum.
1739 5008 2137 5073 Quantuntlibet
2180 5012 2349 5066 ambi-

786 5092 928 5146 tione
959 5093 1084 5146 velit
1110 5108 1180 5161 qu
1203 5109 1328 5160 sque
1349 5093 1576 5148 discerni
1599 5136 1613 5158 ,
1643 5099 1898 5166 principio
1921 5109 1973 5152 et
2004 5103 2104 5155 line
2125 5103 2349 5170 conjun-

786 5183 938 5247 igitur.
975 5183 1102 5237 Nar:
1127 5183 1266 5253 quod
1293 5185 1449 5246 dixit,
1485 5185 1563 5239 Un
1604 5204 1626 5238 ε
1666 5188 1899 5243 ἑιιγοῗιιιε
1922 5192 2150 5246 omnibus
2176 5195 2244 5245 ad
2268 5195 2344 5245 vi-

788 5283 921 5334 tam.
954 5283 998 5325 et
1025 5289 1118 5341 par
1145 5289 1370 5343 egressus
1401 5277 1467 5326 uti
1505 5287 1713 5329 mortem
1756 5277 1924 5347 (Sap.
1959 5297 2069 5344 vn,
2103 5282 2191 5350 6),
2240 5299 2345 5337 non

790 5363 1094 5415 meritorum
1125 5364 1472 5431 aequalitatem
1491 5403 1508 5428 ,
1544 5366 1638 5420 sed
1668 5371 1922 5436 aequalem
1952 5369 2134 5424 docuit
2163 5373 2342 5426 eondi~

792 5453 1005 5504 tionem.
1036 5452 1182 5506 Unde
1223 5454 1267 5505 si
1306 5465 1549 5522 apparet,
1578 5465 1634 5510 ut
1657 5457 1863 5523 Opinor,
1896 5474 1994 5513 nec
2029 5460 2182 5514 iniida
2214 5461 2348 5516 lide-

795 5544 919 5595 lium
942 5585 956 5605 ,
988 5556 1082 5595 nec
1113 5544 1341 5610 peritura
1369 5560 1484 5600 esse
1513 5547 1803 5612 salvorum,
1847 5565 1965 5619 qua:
2009 5553 2115 5605 sint
2166 5565 2342 5607 nostra

797 5635 1060 5702 paululum
1089 5637 1470 5690 discernamus.
1504 5638 1665 5704 Ecce,
1698 5650 1752 5692 ut
1780 5619 2105 5709 supra‘dixi,
2138 5658 2253 5698 cum
2290 5644 2341 5700 in

796 5725 933 5779 huiic
976 5727 1222 5783 mundum
1256 5732 1528 5786 venientes
1553 5731 1677 5786 nihil
1709 5744 1928 5790 terrenae
1965 5733 2225 5794 facultatis
2253 5736 2337 5791 iu-

2440 3291 2688 3345 tictilibus
2741 3292 3001 3355 vasculis,
3057 3290 3344 3345 dummodo
3390 3289 3646 3344 munditia
3689 3304 3791 3343 non
3834 3290 3999 3352 desit,

2437 3382 2629 3436 divina:
2664 3381 2842 3435 domui
2875 3396 3064 3435 munus
3087 3380 3298 3444 offerri,
3329 3381 3373 3435 si
3406 3394 3497 3434 vas
3522 3396 3584 3433 ex
3615 3380 3798 3434 eadem
3831 3393 4002 3433 massa

2441 3474 2653 3539 tictum,
2697 3474 2820 3542 quia
2864 3472 3135 3541 peccando
3183 3473 3448 3527 ceciderat
3493 3473 3544 3526 in
3591 3473 4003 3534 contumeliam,

2440 3563 2747 3634 pmnilendn
2778 3562 2961 3617 redeat
2989 3563 3052 3616 ad
3097 3562 3373 3617 honorem.
3416 3563 3676 3616 Habemus
3706 3560 3845 3617 enim
3889 3561 4005 3614 the-

2442 3666 2657 3706 saurum
2693 3652 2849 3707 istum
2880 3653 2932 3706 in
2960 3653 3100 3706 vasis
3131 3651 3377 3707 ﬁctilibus
3408 3650 3500 3720 (Il
3526 3651 3640 3705 Cor.
3672 3668 3744 3716 tv,
3773 3652 3858 3720 7).
3885 3651 4005 3704 llrc

2441 3760 2569 3814 ergo
2601 3746 2812 3800 vascula
2832 3789 2847 3815 ,
2878 3754 2936 3799 ut
2963 3744 3100 3810 dixi,
3129 3743 3492 3810 paenitentiam
3518 3753 3728 3798 teneant
3750 3755 4006 3811 compun-

2439 3835 2693 3890 mionem.
2717 3834 2885 3889 Porro
2917 3835 3089 3903 lignea
3122 3833 3406 3902 legitimam
3439 3834 3837 3902 conjugatorum
3872 3849 4004 3901 pra:-

2444 3928 2618 3982 ierant
2639 3927 3034 3996 simplicitatem
3062 3944 3076 3979 :
3097 3940 3286 3981 cruore
3308 3929 3554 3998 martyris
3574 3943 3731 3982 aurea
3753 3929 4004 3992 rubeant;

2445 4017 2767 4084 virginitatis
2808 4017 2954 4069 radio
3007 4027 3259 4084 argentea
3311 4017 3695 4085 perlucescant.
3748 4018 4007 4072 V'asoruta

2447 4105 2628 4161 talium
2661 4105 2924 4176 capacitas
2951 4116 3065 4174 est,
3100 4106 3238 4176 quod
3279 4109 3606 4162 rationabilis
3650 4118 3851 4162 natura:
3874 4123 4008 4163 cun-

2446 4195 2540 4248 diti
2570 4211 2776 4249 sumus.
2809 4196 2861 4250 In
2905 4196 3016 4250 hinc
3045 4196 3204 4250 modo
3237 4199 3511 4264 provideat
3550 4197 3619 4252 de
3661 4213 3758 4252 suo
3786 4200 4004 4267 quisque

2446 4286 2587 4355 quod
2614 4286 2803 4342 offerat
2837 4303 2850 4339 :
2883 4301 2980 4354 pro
3017 4286 3272 4354 qualitate
3301 4302 3576 4340 munerum
3623 4285 3677 4340 lit
3711 4289 4009 4355 pretiositas

2444 4360 2806 4433 vasculorum.
2847 4377 2965 4431 Istis
3009 4376 3168 4430 credo
3205 4378 3428 4430 vnsculis
3467 4377 3704 4432 Heliseus
3737 4375 3849 4445 (IV
3882 4379 4004 4446 Reg.

2447 4468 2537 4539 tv)
2563 4469 2829 4538 quondam
2862 4469 3120 4538 liquorem
3144 4469 3244 4520 olei
3269 4468 3464 4521 vivacis
3495 4467 3700 4532 infudit,
3725 4467 3862 4539 quod
3886 4481 4008 4522 cum

2449 4559 2638 4614 ﬂueret
2666 4560 2939 4628 irriguum,
2973 4574 3077 4612 non
3107 4573 3136 4611 e
3162 4557 3312 4611 [luxit
3341 4557 3636 4626 impletum.

2982 4689 3073 4743 AD
3113 4687 3473 4742 HEBRIEOS.

2520 4822 2570 4875 Ι.
2614 4820 2783 4874 Filius
2811 4835 2950 4873 meus
2971 4836 3024 4873 es
3053 4829 3105 4872 tu
3125 4860 3139 4885 ,
3170 4835 3261 4890 ego
3287 4821 3435 4873 hodie
3457 4820 3606 4890 genui
3631 4829 3695 4877 te.

2525 4909 2607 4965 ll.
2648 4909 2914 4965 Minorasti
2941 4926 3056 4963 eum
3079 4909 3236 4976 paulo
3262 4911 3425 4962 minus
3452 4911 3514 4962 ab
3541 4908 3734 4979 angeli:

2523 4998 2642 5054 III.
2687 5000 2783 5054 Ubi
2819 5001 2950 5053 enim
2980 5009 3324 5053 testamentum
3343 5042 3358 5068 ,
3387 5016 3522 5055 mors
3549 5014 3748 5053 necesse
3767 5005 3837 5052 est
3861 4998 4018 5052 inter-

2453 5093 2596 5146 cedat
2627 5093 2898 5145 testatoris.

2523 5183 2551 5238 Ι
2567 5185 2628 5238 ν.
2670 5183 2800 5237 Fide
2829 5184 3007 5236 obtulit
3037 5182 3288 5236 Abraham
3318 5181 3486 5248 Isaac,
3518 5199 3631 5236 cum
3664 5190 3958 5237 tentaretur.

2537 5273 2594 5327 ν.
2635 5273 2873 5344 Lapidati
2900 5283 3040 5338 sunt,
3071 5274 3191 5325 secti
3219 5283 3356 5326 sunt.

2758 5473 2866 5544 (Et
2903 5475 3038 5528 libro
3065 5475 3131 5527 de
3160 5472 3351 5528 Christi
3383 5474 3677 5531 divinitate.
3705 5477 3723 5543 )

2527 5565 2692 5620 Filius
2721 5583 2858 5619 meus
2890 5582 2938 5620 es
2969 5575 3020 5618 tu
3039 5608 3053 5632 ,
3080 5582 3170 5636 ego
3197 5567 3344 5619 hodie
3377 5569 3527 5638 genui
3559 5579 3603 5620 te
3629 5566 3800 5638 (Psal.
3835 5582 3869 5620 It
3890 5609 3904 5628 ,
3932 5567 3962 5620 7
3983 5571 4016 5632 l.

2454 5659 2619 5713 llodie
2637 5657 2720 5711 hic
2740 5659 3027 5720 aeternitas,
3045 5665 3171 5718 etc.,
3187 5666 3238 5708 nt
3263 5657 3313 5709 in
3339 5656 3554 5722 epistola
3576 5657 3642 5711 28
3669 5657 3789 5726 (col.
3805 5656 4021 5726 ‘246,a),

2452 5765 2606 5819 usque
2624 5749 2692 5802 ad
2713 5762 2903 5804 nomen
2935 5747 3025 5802 lilii
3056 5746 3191 5816 ejus,
3214 5747 3257 5802 si
3287 5748 3450 5802 nosti.
