4316 6482
2961 21 3022 46 -,~
3061 13 3206 48 3“:
3231 15 3284 42 ιλ
3317 5 3374 44 ,ε’
3397 1 3584 46 hie-ri
3609 1 3670 28 ’ν’
3711 13 3740 40 ’ν
3778 0 3941 51 ξ’έὲῖιῖ
4208 10 4211 11 ⁷

2507 91 2514 94 .
2543 89 2548 94 .
2821 79 2854 88 .-
2945 19 3588 94 -θδολῖειιὟῖίὲπσ-ςξδάδ
3605 25 4117 97 «krauss»
4134 46 4203 91 «:5
4230 62 4279 77 ι-

2363 137 2366 140 ,
2525 133 2532 138 ,
2563 133 2570 138 ,
2625 131 2652 138 ,,
2683 91 3701 149 ,ηηέ-ῖῖτέρψθιξτ-κ,
3721 101 3764 135 γρ
3810 100 3901 139 ,ai
4174 102 4219 137 ςτ-
4264 104 4269 105 ν

2793 139 2800 142 .
2977 137 3005 145 ,
3073 141 3084 144 _
3185 139 3188 142 ~
3317 141 3338 144 —-
3372 139 3410 147 κ
3464 146 3477 149 ἢ
3582 138 3833 151 ago—Luna,
3882 148 3889 149 κ
3986 138 4117 155 -.ἠμί-ν

1100 637 1165 694 ΙΙ.

739 751 847 824 (Ex
871 752 1022 809 libris
1046 760 1229 808 contra
1256 752 1535 822 Arianos.)

420 862 467 915 ill
480 863 692 916 iuorastt'
711 879 825 916 eum
850 862 1001 929 paulo
1022 862 1190 917 minus
1210 862 1272 915 ab
1294 861 1488 933 angelis
1513 860 1685 928 (Psal.
1710 874 1821 922 vttt,
1848 858 1923 929 6).

343 954 491 1021 Quod
525 954 812 1022 Apostolus
842 954 908 1007 de
939 952 1151 1008 Christo
1181 954 1403 1022 exponit
1448 953 1648 1006 dictum
1673 994 1687 1017 ,
1720 969 1841 1007 cum
1876 953 1927 1007 in

344 1054 530 1097 natura
572 1043 867 1099 divinitatis
912 1059 1021 1097 sua:
1068 1044 1241 1112 major
1268 1058 1387 1097 esse
1420 1044 1623 1111 angelis
1653 1058 1681 1096 a
1715 1045 1929 1099 nemine

344 1133 635 1186 dubitctur.
668 1132 743 1186 De
767 1146 873 1202 quo
902 1132 1030 1186 dicit
1056 1132 1343 1202 Apostolus
1370 1132 1435 1185 ad
1464 1133 1639 1186 'l‘itum
1661 1133 1923 1201 scribens,

344 1240 397 1282 ut
419 1230 723 1299 abnegantes
757 1228 1093 1298 impietatem,
1126 1238 1170 1281 et
1199 1226 1468 1281 sa'culariu
1497 1227 1779 1293 desideria,
1807 1244 1928 1298 pru-

346 1321 518 1374 den'er
542 1332 587 1373 et
609 1322 749 1391 juste
779 1330 825 1372 et
856 1322 937 1387 pie
964 1320 1183 1372 vivamus
1206 1320 1256 1371 in
1284 1319 1376 1371 hoc
1402 1318 1609 1381 saculo,
1634 1328 1929 1387 cxspvctan-

346 1423 417 1463 tes
460 1412 659 1463 beatam
697 1426 874 1478 spem,
921 1418 966 1462 et
996 1410 1266 1461 adventum
1306 1409 1483 1478 gloria:
1530 1409 1701 1477 magni
1748 1407 1843 1460 Dei
1882 1418 1928 1461 et

346 1506 631 1560 Saluatoris
660 1505 819 1557 nastri
841 1503 967 1557 Iesu
992 1502 1215 1565 Christi,
1259 1503 1347 1570 qui
1386 1501 1524 1555 dedit
1562 1516 1656 1570 pro
1680 1502 1822 1554 nobis
1851 1518 1929 1555 se-

344 1599 609 1667 metipsum
642 1595 784 1664 (Tit.
830 1612 894 1661 ll,
938 1594 1059 1663 η).
1108 1594 1181 1647 De
1214 1608 1318 1662 quo
1358 1594 1463 1646 alio
1505 1592 1623 1647 loco
1652 1593 1925 1660 Scriptura

344 1700 524 1745 nostra
555 1688 685 1742 dicit
719 1704 731 1740 :
770 1686 869 1752 Qui
904 1695 1008 1751 est,
1048 1685 1131 1749 qui
1175 1693 1313 1749 erat,
1358 1684 1543 1752 quique
1586 1694 1823 1736 venturus
1856 1692 1928 1737 est

344 1782 661 1846 omnipotens
690 1778 874 1848 (Apoc.
902 1792 986 1843 xt,
1023 1776 1142 1843 Π).
1170 1774 1222 1828 Si
1258 1774 1627 1843 omnipotens,
1659 1773 1800 1828 unde
1832 1775 1928 1827 mi—

342 1872 479 1927 nor?
523 1870 653 1924 Nam
681 1880 731 1924 et
761 1868 889 1922 illud
931 1868 1276 1933 omnipotens
1306 1865 1433 1919 dicit
1460 1864 1568 1933 jam
1600 1874 1718 1933 post
1750 1878 1926 1919 resur-

344 1962 637 2016 rectionem
662 1974 811 2013 suam
843 1957 1136 2013 secundum
1169 1957 1473 2011 Matthteum
1497 1997 1511 2019 .
1546 1956 1682 2009 Data
1705 1966 1778 2011 est
1801 1958 1926 2011 mihi

341 2054 503 2105 omnis
538 2058 755 2120 potestas
792 2050 845 2102 in
886 2049 1011 2102 calo
1042 2056 1085 2102 et
1120 2048 1172 2100 in
1213 2056 1347 2102 terra
1377 2046 1790 2117 (Mattthvm,
1813 2048 1924 2119 18).

340 2144 491 2212 Quod
523 2145 567 2198 si
598 2145 717 2212 quis
746 2144 1006 2198 minorem
1041 2150 1190 2211 putat
1217 2142 1568 2210 accipientem
1600 2156 1664 2197 co
1693 2141 1783 2211 qui
1814 2144 1923 2209 dat,

342 2239 478 2306 legat
503 2247 558 2291 et
587 2237 654 2291 de
680 2237 895 2291 Christo
932 2250 1028 2305 per
1058 2236 1374 2305 Apostolum
1403 2235 1503 2290 dici
1544 2251 1557 2289 :
1594 2234 1721 2289 Cum
1764 2234 1927 2287 tradi-

339 2329 471 2382 derit
503 2344 713 2400 regnum
742 2328 849 2382 Deo
879 2338 923 2382 et
956 2326 1103 2380 Patri
1137 2328 1193 2399 (ι
1257 2326 1376 2381 Cor.
1411 2344 1502 2393 xv,
1535 2328 1667 2398 2i);
1700 2343 1817 2383 cum
1849 2329 1927 2383 sic

338 2435 444 2473 non
469 2418 638 2488 possit
664 2434 785 2474 esse
813 2429 964 2488 pater
1004 2419 1121 2472 sine
1154 2434 1318 2487 regno
1338 2460 1351 2481 ,
1382 2418 1521 2487 quod
1554 2419 1602 2472 ei
1636 2419 1771 2471 ﬁlius
1794 2418 1927 2471 dici-

338 2519 427 2564 tur
456 2525 578 2566 esse
610 2511 930 2577 traditurus,
963 2512 1102 2566 sicut
1130 2525 1228 2565 nec
1267 2510 1405 2565 ﬁlius
1440 2512 1555 2565 sine
1584 2512 1729 2565 otnni
1774 2523 1922 2579 pote-

335 2610 472 2658 state
501 2618 660 2673 quam
695 2604 793 2658 sibi
820 2604 949 2658 dicit
990 2603 1166 2657 datam
1214 2604 1264 2657 in
1310 2604 1448 2659 cmlo
1480 2613 1532 2657 et
1562 2604 1613 2657 in
1650 2613 1811 2657 terra.
1848 2604 1923 2658 De

335 2706 441 2759 quo
470 2692 528 2748 S.
562 2693 755 2747 Paulus
792 2692 858 2747 ad
890 2694 1265 2757 (Dolosscnses,
1315 2693 1607 2762 prohibens
1638 2708 1704 2747 ne
1733 2694 1921 2748 creda-

335 2797 457 2836 mus
515 2783 808 2837 secundum
861 2784 1199 2838 traditionem
1251 2784 1527 2837 hominum
1626 2784 1919 2839 secundum

335 2874 595 2928 elementa
629 2874 786 2942 hujus
811 2876 1027 2942 mundi,
1058 2887 1111 2929 et
1144 2891 1247 2930 non
1280 2876 1573 2930 secundum
1603 2876 1868 2930 Christum
1904 2892 1918 2929 :

338 2963 609 3030 Quoniam,
648 2966 849 3033 inquit,
880 2967 933 3018 in
965 2966 1073 3033 ipso
1099 2967 1290 3019 habitat
1317 2967 1481 3019 omnis
1508 2968 1771 3035 plenitudo
1792 2968 1921 3020 diei-

333 3056 503 3108 nitatia
532 3058 863 3126 corporaliter
895 3057 1126 3128 (Coloss.
1165 3074 1229 3124 ll,
1261 3058 1348 3129 9).

1076 3191 1163 3244 Ill.

643 3281 757 3350 (Ex
789 3295 1043 3336 sermone
1072 3281 1138 3337 de
1173 3282 1341 3335 Natali
1373 3282 1603 3353 calicis.)

400 3393 718 3464 lniplcturus
749 3392 1075 3461 Redemptor
1099 3402 1281 3446 noster
1312 3403 1703 3448 sacramentum
1736 3393 1911 3446 carnis

328 3498 634 3554 assumpta‘,
667 3488 804 3540 sicut
831 3495 1065 3540 (cturnus
1092 3496 1143 3540 et
1187 3487 1456 3555 piissimus
1501 3497 1673 3555 pater,
1720 3490 1914 3541 creath

328 3594 355 3632 a
396 3593 454 3633 se
502 3577 903 3646 redemptisque
958 3578 1081 3630 ﬁliis
1138 3592 1287 3645 spem
1340 3578 1558 3631 indulta:
1610 3578 1911 3647 ad0ptionis

326 3668 604 3737 aperiens,
638 3667 1098 3737 substantiamque
1131 3667 1283 3720 nobis
1314 3667 1587 3722 caelestem
1618 3677 1741 3721 ante
1771 3669 1910 3723 diem

326 3776 437 3814 suae
483 3760 672 3813 mortis
704 3760 1015 3827 assignans,
1050 3768 1426 3814 testamentum
1477 3760 1627 3827 fecit,
1662 3776 1768 3829 quo
1813 3777 1912 3816 nos

326 3850 568 3904 haeredes
616 3850 683 3904 ab
722 3850 804 3905 his
832 3865 950 3919 qua:
980 3850 1307 3919 largiebatur
1358 3852 1619 3916 inStituit,
1676 3852 1911 3907 humana

326 3941 537 4010 quidem
570 3945 969 4010 comparatione
992 3984 1007 4007 ,
1042 3942 1133 3995 sed
1160 3958 1263 3995 non
1295 3942 1523 3996 humana
1556 3944 1907 4009 necessitate,

325 4047 428 4085 non
461 4034 761 4087 amissurus
791 4034 929 4102 quod
965 4033 1087 4089 ﬁliis
1132 4034 1453 4102 deputabat,
1494 4035 1585 4089 sed
1632 4034 1912 4089 habiturus

324 4123 490 4193 magis
532 4122 668 4178 ﬁlios
693 4138 815 4178 cum
846 4124 1162 4179 haereditate
1192 4141 1348 4195 quam
1381 4127 1691 4193 scripserat.
1724 4127 1909 4181 Testa-

324 4224 561 4269 mentum
589 4214 689 4269 hoc
717 4216 1051 4285 appellamus
1076 4224 1448 4271 testamentum
1483 4232 1697 4271 novum.
1726 4218 1780 4271 In
1804 4232 1909 4287 quo

324 4305 676 4360 ethredatis
709 4306 989 4371 omnibus,
1020 4308 1168 4361 solus
1200 4308 1371 4361 haeres
1415 4309 1712 4362 instituitur
1743 4324 1911 4377 popu-

323 4398 407 4451 lus
444 4395 797 4451 Christianus.
843 4398 955 4452 Non
989 4411 1168 4455 autem
1197 4400 1347 4469 juxta
1382 4412 1651 4455 terrenum
1702 4416 1907 4455 morem

324 4487 607 4543 hceredilas
658 4490 757 4543 ista
806 4489 1084 4557 dividitur,
1131 4506 1230 4544 nec
1275 4492 1608 4560 corruptibili
1658 4492 1907 4547 distribu-

323 4582 467 4636 tione
513 4582 564 4635 in
605 4582 783 4650 plures
830 4583 1069 4651 dispersa
1124 4593 1390 4637 tenuatur.
1425 4584 1624 4639 Omnes
1676 4586 1905 4654 recepit,

1273 523 1628 580 VARIOHUM
1669 522 2180 581 OPUSCULORUM
2223 525 2667 581 FRAGMENTA.

1940 3346 1987 3409 C

3526 537 3632 593 52%

1963 638 2014 697 Α
2044 638 2168 693 bitis
2202 640 2360 695 valde
2390 640 2601 695 idoneis
2633 638 2886 704 testibus,
2915 638 3192 711 discipulis
3221 643 3364 708 suls,
3398 650 3633 702 conscri-

2032 734 2140 803 psit
2173 732 2434 797 traditus,
2467 732 2699 802 signavit
2726 746 2915 801 passus
2938 773 2953 798 ,
2988 734 3197 802 aperuit
3220 737 3525 792 suscitatus.
3563 738 3633 794 Et

2031 825 2155 893 quia
2183 832 2377 879 cuncta
2409 824 2511 878 rite
2544 835 2759 893 peracta
2790 834 2939 891 sunt,
2970 826 3165 880 merito
3189 827 3465 893 apostolus
3496 830 3631 884 Pau-

2032 919 2114 971 lus
2154 915 2284 971 dicit
2335 934 2346 967 :
2401 917 2553 983 Quod
2596 916 2820 970 hominis
2861 917 3223 985 conﬁrmatum
3276 929 3629 973 testamentum

2032 1024 2178 1061 nemo
2202 1008 2406 1061 irritum
2435 1011 2591 1077 facit,
2617 1016 2707 1060 aut
2731 1008 3098 1074 superordinat
3125 1005 3295 1076 (Gal.
3315 1024 3391 1073 ιιι,
3423 1008 3544 1079 15),
3578 1010 3629 1063 id

2030 1108 2114 1153 est
2141 1106 2330 1152 mutat.
2366 1100 2737 1167 Agnoscamus
2770 1114 2911 1152 nunc
2948 1098 3181 1152 ﬁdeliter
3222 1114 3484 1152 summam
3521 1099 3631 1153 lite-

2030 1191 2277 1246 reditatis
2300 1190 2552 1259 indepta.
2581 1190 2715 1243 lllud
2736 1198 2821 1244 est
2846 1190 3095 1244 videlicet
3119 1189 3260 1258 quod
3290 1190 3632 1244 coenantibus

2030 1284 2293 1352 apostolis
2325 1281 2512 1337 :rterni
2556 1281 2829 1336 libaminis
2859 1281 3102 1337 ordinem
3134 1283 3490 1335 consecravit.
3527 1281 3629 1334 lta-

2030 1390 2135 1443 que
2160 1374 2439 1437 videmus,
2469 1373 2609 1443 quod
2641 1374 2773 1427 nihil
2812 1373 2966 1427 nobis
3003 1374 3071 1427 de
3100 1374 3415 1427 substantia:
3448 1373 3627 1440 pleni-

2031 1465 2217 1520 tudine
2243 1463 2457 1528 minuit,
2490 1465 2581 1534 qui
2610 1463 2753 1533 quod
2786 1479 2883 1531 pro
2916 1464 3072 1518 nobis
3103 1465 3423 1532 assumpsit,
3458 1474 3628 1517 totum

2030 1558 2186 1613 nobis
2215 1557 2455 1625 reliquit.
2488 1556 2591 1609 Alii
2626 1554 2931 1610 lueredibus
2959 1556 3070 1610 suis
3098 1570 3191 1609 sua
3226 1556 3496 1620 tribuunt,
3542 1556 3631 1609 ille

2030 1651 2415 1721 semetipsum,
2456 1648 2509 1703 id
2544 1658 2627 1704 est
2662 1663 2881 1704 carnem
2912 1648 2999 1703 vel
3029 1649 3345 1718 sanguinem
3383 1649 3630 1717 corporis

2031 1744 2135 1797 sui.

2787 1831 2875 1887 IV.

2423 1924 2535 1995 (Ex
2566 1937 2817 1978 sermone
2845 1924 2934 1979 die
2966 1922 3232 1985 Pascha.)

1957 1992 2004 2050 Β
2101 2015 2381 2071 Universis
2418 1992 2579 2085 igitur
2622 2014 2758 2069 ferte
2802 2030 2925 2085 qua:
2969 2016 3199 2068 sumitis.
3234 2012 3385 2079 Quod
3429 2026 3631 2067 mensae

2028 2110 2287 2178 apposui,
2326 2110 2525 2163 mundo
2550 2108 2821 2163 transmisi
2853 2123 2866 2160 :
2897 2108 3035 2160 calix
3071 2123 3228 2175 quem
3262 2122 3358 2160 vos
3383 2104 3629 2175 gaudetis

2026 2211 2309 2272 gustasse,
2343 2211 2661 2257 cunctorum
2692 2211 2794 2257 est.
2830 2201 2962 2257 Novi
3003 2209 3057 2255 et
3083 2200 3268 2254 aeterni
3317 2197 3630 2251 testamenti

2026 2309 2227 2364 paucos
2251 2303 2414 2349 testes
2445 2292 2704 2358 adhibuit,
2736 2294 2936 2347 multos
2974 2292 3239 2346 hmredes.
3264 2290 3417 2344 Nulla
3448 2299 3630 2343 tamen

2027 2385 2191 2438 sortis
2212 2385 2451 2440 conditio
2482 2385 2713 2438 admittit
2743 2385 3004 2437 alienum.
3040 2384 3229 2437 Certos
3261 2398 3505 2449 quosque
3542 2396 3627 2433 re-

2028 2476 2154 2545 cipit
2181 2478 2416 2531 cmlestis
2438 2476 2675 2545 cognitio
2707 2492 2720 2528 :
2756 2476 2985 2545 populus
3016 2484 3099 2529 est
3127 2476 3344 2544 quidein
3380 2472 3626 2541 adoptio-

2027 2582 2095 2621 ne
2120 2608 2134 2633 ,
2167 2568 2260 2622 sed
2293 2568 2502 2621 unicus.

2790 2659 2853 2712 ν.

2332 2753 2443 2823 (Ex
2474 2766 2724 2807 sermone
2751 2752 2819 2806 de
2854 2751 3081 2805 Ezechia
3115 2753 3297 2819 rege.)

2098 2843 2189 2899 Ille
2222 2845 2489 2912 quondam
2523 2844 2951 2912 patriarcharum
2983 2846 3247 2897 maximus
3285 2854 3432 2909 pater
3458 2842 3619 2912 (Gen.

2027 2937 2199 3005 xxtt),
2232 2938 2320 3005 qui
2351 2936 2738 2990 immolandum
2771 2936 2936 2990 lilium
2965 2938 3146 3005 jussus
3180 2936 3375 2991 ollerre
3400 2979 3412 2999 ,
3446 2936 3622 2989 virili-

2026 3034 2109 3081 ter
2140 3028 2514 3095 praasumpsit,
2560 3042 2659 3083 nec
2690 3028 2955 3096 majestali
2992 3028 3263 3081 hominem
3297 3042 3455 3097 posse
3486 3030 3622 3080 resi-

2024 3127 2203 3184 stere,
2247 3130 2348 3171 nec
2392 3117 2579 3187 pietati
2629 3128 2953 3189 prmceptum
3004 3118 3273 3188 parricidii
3307 3120 3617 3173 convenire.

2026 3210 2091 3262 Et
2127 3219 2340 3275 tamen,
2380 3226 2501 3265 cum
2550 3210 2795 3281 mysterii
2847 3212 3115 3281 ignoraret
3148 3223 3431 3275 eventum,
3465 3210 3619 3264 altari

2024 3301 2191 3355 lilium
2221 3303 2372 3371 quasi
2399 3303 2737 3371 jngulaturus
2769 3304 3023 3371 imposuit
3061 3320 3074 3355 :
3108 3318 3271 3356 unum
3316 3302 3580 3356 certissim

2022 3401 2238 3457 tenens,
2275 3394 2319 3446 si
2362 3392 2517 3460 hujus
2560 3393 2749 3447 hoSIi:e
2790 3393 2900 3447 Deo
2934 3393 3335 3447 irrevocabilem
3371 3392 3618 3446 libui~sct

2019 3491 2206 3537 tenere
2238 3484 2579 3549 sententiam,
2617 3498 2721 3537 non
2754 3483 3100 3537 homicidium
3121 3527 3134 3551 ,
3169 3481 3261 3537 sed
3295 3482 3615 3536 sacriﬁcium

2020 3574 2132 3629 fore
2158 3574 2300 3644 quod
2330 3574 2633 3629 obcdientia
2666 3576 3047 3629 commisisset.

2778 3666 2863 3721 Vl.

2318 3756 2427 3826 (Ex
2460 3771 2713 3811 sermone
2743 3756 2829 3811 die
2855 3757 2891 3810 ‘2
2917 3755 3320 3827 Rogationum.)

2087 3849 2194 3903 Nos
2224 3850 2395 3919 magis
2420 3851 2686 3903 instruunt
2716 3849 2801 3902 isti
2830 3851 3127 3917 prophetae,
3162 3859 3215 3903 et
3247 3849 3619 3903 inﬁrmitatem

2016 3952 2254 3997 nostram
2287 3944 2437 4011 quasi
2464 3942 2564 3995 sub
2592 3957 2701 3997 suae
2735 3943 3083 4011 impatientia)
3113 3942 3456 3996 sermonibus
3487 3954 3621 3995 con-

2015 4034 2277 4088 solantur.
2314 4033 2529 4087 lllorum
2565 4048 2725 4102 porro
2756 4033 3068 4101 patientiam
3122 4041 3389 4086 testantur
3432 4030 3621 4085 multi-

2016 4126 2181 4196 plices
2213 4128 2266 4180 in
2298 4128 2606 4181 inﬁrmitate
2637 4128 2885 4181 virtutes.
2936 4128 3173 4194 Quorum
3200 4135 3254 4181 ut
3284 4126 3367 4181 vel
3398 4126 3613 4190 paucis-

2015 4218 2201 4281 simos,
2237 4227 2456 4286 propter
2493 4217 2651 4270 iStum
2680 4218 2769 4286 qui
2803 4219 2945 4273 do'et
2972 4219 3177 4287 justum
3223 4219 3290 4272 ab
3320 4218 3483 4287 impio
3516 4218 3615 4282 de-

2014 4308 2229 4370 vorari.
2276 4308 2507 4375 exempli
2536 4308 2700 4376 gratia
2743 4306 3082 4377 proferamus
3108 4350 3120 4372 ,
3170 4308 3505 4375 probat-hoc
3545 4310 3617 4362 de

2013 4399 2243 4455 Jerem'a
2270 4400 2556 4469 gloriosior
2587 4402 2637 4453 in
2670 4401 2982 4468 captivitate
3022 4400 3241 4453 libertas
3262 4442 3275 4464 ,
3312 4413 3487 4467 neque
3519 4410 3618 4467 p‘es'

2014 4491 2242 4560 ligameu
2284 4492 2528 4559 corporis
2577 4490 2791 4545 licentia
2842 4493 3021 4544 vincta
3073 4489 3358 4544 sermonis.
3415 4489 3613 4542 Probat

2017 4584 2235 4651 Esaias,
2280 4600 2438 4654 quem
2471 4585 2539 4639 ob
2588 4587 2915 4653 prmeonium
2960 4586 3232 4649 veritatis,
3285 4584 3614 4638 divaricanto

323 4687 508 4727 omnes
548 4673 733 4727 invitat
768 4690 779 4724 :
821 4688 921 4728 nec
960 4674 1028 4729 de
1073 4676 1319 4741 portione
1371 4683 1643 4731 tenentum
1697 4677 1907 4731 tollitur
1936 4716 1985 4777 Β
2017 4694 2164 4733 serra
2197 4678 2403 4732 obtunsis
2427 4679 2676 4734 dentibus
2698 4720 2711 4743 ,
2744 4679 3021 4733 doloribus
3053 4680 3252 4744 aeutis,
3285 4682 3513 4732 saeviens
3540 4678 3614 4731 ci-

322 4766 461 4835 quod
488 4766 607 4820 aliis
638 4768 981 4821 nascentibus
1020 4768 1324 4838 deputetur.
1378 4770 1597 4825 Crescat
1644 4782 1900 4840 quantum

320 4858 468 4922 vult,
516 4865 569 4911 et
619 4857 1003 4926 multiplicetur
1056 4860 1372 4915 renascendi
1420 4860 1614 4929 cupida
1667 4864 1901 4916 ﬁliorum

320 4948 587 5014 voluntas,
618 4949 864 5003 omnibus
885 4964 941 5004 se
964 4951 1436 5007 incontaminatam
1465 4964 1703 5009 reservat
1729 4956 1901 5009 haere-

322 5039 479 5092 ditas.
512 5040 617 5095 Sed
649 5041 788 5095 istud
820 5048 1196 5097 testamentum
1230 5059 1423 5099 novum
1448 5057 1632 5102 vetere
1652 5049 1901 5117 suppleto

321 5134 507 5185 ordine
543 5147 639 5187 suo
668 5133 859 5202 agitur,
893 5144 946 5188 et
977 5138 1137 5190 totius
1167 5134 1433 5192 ﬁrmitatis
1465 5140 1737 5208 mysteriis
1764 5140 1905 5195 cele-

323 5224 523 5280 bratur.
553 5222 702 5289 Q'Iod
735 5224 847 5293 ipse
876 5223 1159 5282 inell‘abilis
1180 5228 1490 5299 redemptor
1514 5239 1725 5296 noster,
1748 5229 1903 5285 adhi-

2016 4771 2163 4824 vicus
2215 4769 2384 4835 furor,
2416 4781 2673 4838 quantum
2716 4770 2782 4822 ad
2826 4782 3038 4837 pmnam
3094 4768 3394 4821 mortaliter
3423 4768 3607 4827 torsit.

2010 4870 2211 4917 tantum
2242 4863 2308 4915 ad
2341 4864 2563 4930 gloriam
2597 4862 2827 4917 vitaliter
2858 4862 3077 4915 occidit.
3121 4861 3363 4926 (Iamque
3400 4860 3612 4914 victore

2008 4955 2262 5011 defuncto
2285 4998 2298 5020 ,
2324 4956 2496 5009 victus
2514 4964 2789 5023 superstes
2816 4954 3054 5019 doleret,
3088 4969 3181 5021 per
3210 4953 3463 5007 laniatum
3496 4966 3613 5004 car-

2010 5062 2131 5102 nem
2164 5057 2397 5101 mentem
2425 5046 2729 5115 nequivisse
2768 5046 3024 5109 lacerari,
3058 5060 3178 5099 cum
3216 5043 3409 5098 multus
3440 5057 3614 5094 memv

2010 5138 2231 5194 brorum
2285 5148 2463 5207 partes
2525 5152 2659 5207 quas
2704 5137 3043 5207 disjunxerat
3098 5143 3442 5202 numeraret,
3492 5133 3614 5203 plus

2009 5245 2168 5300 quam
2196 5246 2357 5285 uuam
2388 5230 2548 5285 ﬁdem
2580 5229 2822 5284 invenire
2855 5244 2959 5283 non
2999 5230 3188 5298 potuit.

1652 5479 1762 5549 (Ex
1794 5477 1963 5534 veteri
1996 5480 2241 5551 codice.)

751 5602 830 5657 ΕΙ
860 5606 1002 5659 dictis
1038 5606 1245 5662 Patrum
1272 5610 1480 5666 diversis
1500 5612 1887 5667 catholicorum.
1927 5614 2055 5668 Παῖς
2088 5614 2443 5687 Lugdunensis
2479 5618 2665 5675 Florus
2696 5622 2898 5693 collegit
2926 5622 2979 5676 in
3008 5639 3186 5677 unum.

1702 5858 2250 5872 —-——————.

1688 5874 2239 5899 η
