4516 6450
917 425 1028 481 325

2185 399 2243 454 S.
2284 395 2464 451 AVITI
2510 390 2910 448 VIENNENSlS
4079 370 4184 428 5‘21

1561 609 2203 729 ALCIMI
2252 604 2932 717 ECDIGII
2994 598 3552 712 AVITI

2241 799 2267 826 ⁸
2287 800 2849 879 POEMATUM

1399 988 1576 1101 DE
1660 977 2314 1098 MOSAIC/E
2402 975 3119 1090 HISTORIZE
3207 971 3700 1089 GESTIS

2269 1172 2451 1228 LIBRI
2491 1171 2820 1240 QUINQUE.

1511 1420 1891 1480 PROLOGUS.

969 1587 1182 1644 Domino
1199 1589 1372 1637 sancto
1397 1581 1449 1633 in
1472 1579 1673 1633 Christo
1695 1576 1926 1647 piissimo
1945 1590 2003 1627 ac
2025 1573 2314 1647 beatissimo
2342 1572 2377 1624 Α
2387 1571 2501 1638 pol-

1031 1656 1185 1711 linari
1209 1654 1442 1724 episcopo
1471 1643 1703 1702 Alcimus
1730 1646 1966 1698 Ecdirius
2007 1643 2182 1695 Avitus
2211 1646 2390 1710 frater.

995 1808 1172 1875 Nuper
1223 1804 1478 1874 quidem,
1525 1800 1713 1870 paucis
1763 1798 2098 1851 homiliarum
2147 1811 2385 1850 mearum
2445 1796 2496 1849 in

930 1913 1092 1950 unum
1126 1909 1320 1963 corpus
1349 1892 1600 1956 redactis,
1633 1891 1845 1942 hortatu
1885 1888 2176 1940 amicorum
2211 1887 2496 1940 discrimen

929 1986 1176 2040 editionis
1205 1983 1420 2036 intravi.
1452 1981 1557 2035 Sed
1604 1979 1779 2032 adhuc
1807 1987 1856 2032 te
1902 1976 2103 2044 majora
2133 1977 2412 2040 suadente,
2445 1976 2499 2029 in

929 2079 1246 2132 cothurnum
1273 2071 1640 2140 petulantioris
1671 2069 1902 2122 audacia:
1932 2067 2152 2120 ednrata
2179 2066 2352 2120 fronte
2380 2081 2500 2131 pro-

930 2167 1084 2220 cedo.
1118 2163 1348 2230 lnjungis
1387 2175 1633 2227 namque,
1672 2166 1726 2210 ut
1769 2156 1811 2209 si
1842 2156 2127 2224 quidquam
2177 2155 2244 2208 de
2273 2155 2501 2223 quibus-

929 2268 1138 2322 euuque
1166 2253 1340 2306 causis
1386 2249 1539 2302 metri
1583 2248 1695 2316 lege
1724 2246 2080 2314 conscriptum
2112 2255 2213 2311 est,
2243 2246 2342 2298 sub
2373 2260 2497 2313 pro-

929 2346 1160 2399 fessitne
1203 2341 1446 2409 opusculi
1488 2347 1669 2394 vestro
1709 2337 1910 2390 nomini
1960 2336 2256 2390 dedicetur.
2297 2336 2498 2390 Recolo

929 2435 1174 2500 equidem
1208 2430 1460 2486 nonnulla
1495 2446 1579 2482 me
1624 2443 1781 2482 vorsu
1813 2427 2012 2481 dixisse
2044 2444 2060 2482 ε
2093 2429 2224 2481 adeo
2253 2436 2310 2479 ut
2337 2427 2381 2480 si
2408 2443 2496 2482 or-

933 2523 1269 2586 dinarentur,
1325 2533 1430 2572 non
1472 2517 1690 2571 minimo
1730 2517 1997 2571 volumine
2038 2517 2222 2586 stringi
2269 2518 2499 2585 potuerit

930 2611 1368 2678 epigrammatum
1399 2607 1695 2662 multitudo.
1732 2606 1882 2673 Quod
1914 2605 2038 2660 dum
2067 2606 2244 2661 facere
2285 2617 2498 2662 servato

929 2714 1206 2752 causarum
1259 2699 1344 2751 vel
1388 2707 1686 2762 temporum
1733 2697 1921 2749 ordine
1957 2697 2263 2762 meditarer,
2314 2698 2494 2751 omnia

2522 1423 2576 1480 Α
2603 1420 2647 1474 si
2681 1421 2922 1490 religiosi
2973 1423 3235 1491 pr0positi
3281 1423 3480 1495 stylum
3516 1439 3618 1478 non
3661 1425 3833 1480 minus
3863 1424 3984 1479 ﬂdti
4019 1441 4178 1495 quam

2600 1509 2725 1576 styli
2774 1510 2886 1578 lege
2931 1513 3244 1574 servaverit,
3282 1512 3368 1566 vix
3399 1520 3553 1579 aptus
3591 1528 3711 1568 esse
3740 1514 3964 1582 poemati
3995 1526 4175 1582 queat.

2599 1597 2804 1670 Quippe
2848 1616 2968 1656 cum
3015 1603 3227 1656 licentia
3282 1603 3596 1667 mentiendi,
3623 1619 3740 1672 qua:
3783 1605 4074 1673 pictoribus
4113 1620 4176 1659 ac

2603 1696 2774 1762 poetis
2804 1709 2951 1762 teque
2973 1695 3314 1758 conceditur,
3345 1696 3475 1750 satis
3508 1695 3688 1764 procul
3717 1710 3745 1748 a
3776 1699 4055 1750 causarum
4087 1710 4175 1751 se-

2601 1783 2791 1839 rietate
2827 1783 3068 1853 pellenda
3120 1785 3210 1838 sit.
3265 1786 3321 1839 In
3365 1786 3606 1840 strculari
3646 1801 3873 1856 namque
3922 1802 4170 1841 versuum

2601 1889 2764 1942 Opere
2821 1875 3141 1935 condendo,
3199 1883 3349 1928 tanto
3394 1877 3512 1944 quis
3566 1877 3791 1945 peritior
3831 1881 4170 1947 appellatur,

2602 1978 2803 2035 quanto
2844 1966 3160 2033 elegantius,
3210 1969 3336 2034 imo,
3379 1976 3435 2022 ut
3464 1983 3591 2022 vere
3637 1969 3894 2034 dicamus,
3944 1972 4173 2040 ineptius

2602 2057 2728 2109 falsa
2761 2057 3010 2110 texuerit.
3040 2055 3340 2124 Taceojam
3374 2057 3535 2111 verba
3569 2057 3658 2112 illa
3683 2059 3767 2112 vel
3798 2059 4031 2124 nomina,
4054 2077 4172 2130 qure

2604 2147 2756 2201 nobis
2801 2161 2898 2200 nec
2933 2146 2984 2199 in
3029 2145 3220 2200 alienis
3255 2146 3468 2215 quidem
3516 2147 3766 2212 oneribus
3804 2147 4164 2216 frequentare,

2599 2252 2668 2292 ne
2695 2237 2866 2290 dicam
2895 2238 2946 2289 in
2989 2236 3189 2290 nostris
3211 2236 3556 2290 conscribere
3587 2237 3710 2292 licet
3737 2256 3748 2290 :
3778 2253 3895 2306 qua:
3926 2239 3990 2291 ad
4018 2253 4168 2293 cont-

2599 2329 2790 2396 pendia
2806 2338 3105 2395 poetarum,
3129 2327 3273 2381 aliud
3299 2343 3362 2381 ex
3386 2328 3489 2382 alio
3511 2328 3864 2397 significantia
3889 2330 4171 2397 plurimum

2600 2419 2794 2473 valent.
2824 2419 3082 2484 Quocirca
3125 2419 3467 2473 smcularium
3508 2417 3730 2488 judicio,
3760 2422 3849 2487 qui
3877 2429 3966 2473 aut
4009 2423 4172 2486 impe-

2602 2510 2740 2565 ritiae
2767 2519 2858 2564 aut
2885 2511 3108 2579 ignavim
3137 2511 3357 2577 dabunt,
3392 2527 3494 2566 non
3525 2514 3598 2566 uti
3634 2527 3728 2567 no:
3757 2513 3966 2568 licentia
3993 2527 4172 2583 poeta-

2601 2618 2740 2665 rum,
2767 2604 2884 2669 plus
2925 2603 3149 2657 arduum
3181 2620 3338 2674 quam
3376 2603 3706 2658 fructuosum
3752 2620 3884 2674 opus
3915 2622 4042 2675 aggr
4075 2610 4166 2674 ssi,

2601 2693 2834 2746 divinam
2865 2693 3020 2759 longe
3049 2694 3398 2748 discrevimus
3428 2695 3490 2748 ab
3524 2693 3750 2748 humana
3780 2696 4170 2751 existimatone

929 2805 1066 2854 pene
1097 2789 1150 2842 in
1183 2789 1265 2842 illa
1293 2789 1584 2842 notissima:
1622 2788 2031 2856 perturbationis
2062 2790 2384 2843 necessitate
2414 2791 2492 2842 di—
2525 2776 2573 2835 Β
2599 2799 2899 2838 censuram.
2933 2785 3196 2851 Q'toniam
3231 2787 3281 2838 in
3314 2786 3618 2840 assorendis
3657 2787 3950 2857 quibusque
3979 2789 4164 2848 rebus.

929 2893 1109 2944 spersa
1160 2887 1304 2932 sunt.
1353 2879 1480 2944 Qum
1515 2877 1762 2946 quoniam
1807 2877 2113 2946 singillatim
2155 2889 2240 2931 aut
2293 2880 2494 2948 requiri

929 2969 1169 3033 difficile,
1204 2978 1293 3021 aut
1321 2967 1544 3020 inveniri
1589 2967 1916 3032 impossibile
1948 2966 2104 3033 foret,
2137 2967 2306 3036 abjeci
2337 2984 2398 3024 ea
2431 2969 2495 3022 de

930 3060 1107 3112 animo
1130 3071 1271 3122 meo,
1293 3071 1518 3126 quorum
1546 3055 1671 3108 mihi
1701 3056 1780 3109 vel
1806 3055 2071 3110 ordinatio
2092 3057 2383 3120 salvorum,
2413 3059 2496 3112 vel

929 3149 1291 3215 dispersorum
1333 3144 1599 3212 reparatio
1631 3144 1761 3197 dura
1793 3143 2080 3198 videretur.
2114 3145 2339 3214 Aliquos
2369 3162 2498 3201 sane

930 3237 1136 3290 libellos
1163 3233 1298 3302 apud
1321 3233 1601 3302 quemdam
1637 3232 1952 3286 familiarem
1987 3247 2163 3287 meum
2194 3245 2378 3301 postea
2411 3250 2494 3290 re-

929 3327 1040 3395 peti
1067 3342 1081 3380 :
1113 3325 1199 3394 qui
1225 3325 1348 3379 licet
1380 3323 1685 3378 nominibus
1719 3323 1948 3393 propriis
1979 3325 2247 3392 titulisque
2275 3342 2498 3394 respon-

931 3417 1112 3478 deant,
1143 3422 1200 3470 et
1235 3415 1364 3468 alias
1387 3424 1562 3468 tamen
1584 3428 1773 3467 musas
1802 3414 2018 3467 inventa
2043 3415 2280 3469 materia:
2305 3431 2497 3485 oppor-

936 3509 1159 3562 tunitate
1201 3508 1580 3576 perstringunt.
1627 3505 1687 3560 lli
1727 3521 1876 3572 ergo,
1919 3509 2042 3575 quia
2066 3509 2239 3576 jubcs,
2272 3510 2369 3563 etsi
2404 3511 2499 3565 ob.

934 3601 1073 3651 scnri
1108 3607 1233 3651 sunt
1271 3611 1433 3663 Opere
1474 3611 1612 3662 meo,
1646 3604 1736 3648 tuo
1781 3597 1968 3651 Saltem
2001 3600 2216 3652 nomine
2263 3600 2499 3654 illustra-

933 3692 1146 3744 buntur.
1193 3687 1501 3756 Quanquam
1531 3686 1751 3755 quilibet
1794 3701 1918 3741 acer
1961 3688 2049 3743 ille
2077 3689 2372 3759 doctuSque
2407 3691 2497 3755 sit,

1007 3833 1031 3859 ιι
1055 3824 1130 3878 De
1159 3822 1242 3875 his
1269 3821 1417 3875 libris
1443 3820 1626 3875 Avitus
1657 3821 1770 3889 ipse
1800 3822 1864 3876 ad
1901 3824 2262 3890 Apollinarem
2289 3825 2490 3881 Sidonii

935 3895 1098 3947 lilium
1136 3893 1376 3946 scribens
1410 3891 1563 3961 epist.
1597 3892 1666 3945 ιδ
1700 3909 1714 3944 :
1751 3892 2142 3961 Magniﬁcentia:
2170 3907 2363 3956 vestrm,
2413 3899 2492 3948 in-

934 3965 1066 4028 qui',
1096 3964 1293 4030 litteras
1308 3961 1428 4018 vidi,
1461 3960 1646 4030 quibus
1665 3960 1954 4015 scribebam
1980 3964 2230 4030 placuisse
2259 3966 2393 4017 vobis
2427 3967 2494 4017 li-

2602 2876 2680 2928 vel
2713 2874 2869 2928 etiam
2906 2884 3060 2942 prout
3108 2877 3341 2943 suppetit
3380 2877 3731 2946 explicandi=,
3764 2878 3806 2930 si
3854 2893 4168 2946 quarumque

2600 2982 2664 3020 ex
2699 2976 2846 3034 parte
2889 2967 3211 3034 peccandum
3255 2979 3359 3035 est,
3411 2968 3675 3022 salubrius
3715 2969 3922 3025 dicente
3973 2972 4168 3027 clerico

2602 3071 2706 3109 non
2730 3056 2977 3125 impletur
3000 3072 3186 3126 pompa
3211 3073 3368 3125 quam
3388 3059 3588 3128 regula,
3616 3067 3670 3114 et
3695 3062 3855 3114 tutius
3877 3060 4006 3115 artis
4034 3063 4167 3131 pede

2602 3161 2758 3215 quam
2801 3148 3044 3202 veritatis
3082 3147 3303 3216 vestigio
3351 3148 3700 3203 claudicatur.
3742 3150 3856 3204 Non
3899 3153 4040 3206 enim
4090 3164 4169 3207 est

2603 3245 2850 3288 excusata
2875 3237 3270 3303 perpetratione
3299 3239 3501 3304 peccati
3534 3237 3752 3293 libertas
3785 3240 4002 3309 eloquii.
4040 3242 4169 3295 Nam

2599 3331 2642 3384 si
2687 3344 2782 3398 pro
2817 3331 2959 3384 omni
2991 3331 3154 3383 verbo
3186 3331 3356 3385 otioso
3383 3332 3523 3400 quod
3551 3333 3711 3386 locuti
3761 3333 3955 3387 fuerint
3995 3332 4171 3387 homi-

2600 3435 2718 3484 nes,
2757 3422 3018 3475 rationem
3061 3421 3341 3476 redhibere
3388 3430 3644 3490 cogentur
3674 3421 3882 3490 (Matth.
3931 3439 4022 3485 xu,
4056 3424 4168 3493 56),

2607 3511 2824 3580 agnosci
2864 3511 2914 3564 in
2956 3519 3202 3579 promptu
3247 3521 3352 3575 est,
3390 3512 3520 3565 illud
3567 3512 3918 3580 periculosius
3950 3513 4169 3578 laedere,

2607 3599 2747 3669 quod
2773 3607 3053 3653 tractatum
3087 3611 3248 3667 atque
3276 3601 3582 3655 meditatum
3610 3611 3663 3655 et
3702 3605 4056 3671 antepositum
4089 3606 4170 3658 vi-

2606 3689 2762 3744 vendi
2787 3689 3016 3759 legibus,
3047 3689 3299 3759 loquendi
3331 3691 3448 3762 lege
3471 3693 3828 3761 pra-sumitur.

2604 3829 2740 3883 1536
2767 3836 2946 3883 secuta
2974 3839 3075 3892 est,
3107 3829 3473 3899 Lugdunensis
3495 3828 3714 3884 Joannis
3741 3829 3978 3898 Gagneii.
4017 3831 4170 3885 lnnuo

2603 3901 2762 3950 meris
2788 3900 2981 3964 quippe
3014 3901 3165 3957 locis,
3210 3910 3259 3949 ut
3292 3899 3496 3965 prrefati
3529 3914 3734 3966 sumus,
3775 3901 4084 3966 depravata,
4117 3911 4170 3956 et

2602 3968 2902 4034 quingentis
2932 3983 3093 4034 prope
3130 3969 3393 4032 ver-ibus,
3439 3969 3694 4030 inaudito,
3747 3986 3807 4023 ac
3852 3971 3950 4022 nisi
3985 3985 4168 4024 auctor

935 4033 1087 4113 bellas
1107 4044 1233 4113 quos
1251 4029 1325 4113 ές
1349 4029 1854 4113 εΡὶνὶξτξιξξηΙιὶριοτὶω
1873 4029 2023 4113 gestis
2057 4033 2209 4085 etiam
2249 4037 2354 4113 lege
2369 4050 2502 4113 ’ροσε
2528 4037 2572 4096 C
2609 4029 2721 4113 ipse
2735 4029 3641 4113 'proderet,'.incredibili;facinore
3673 4029 4009 4113 interpolata.
4043 4041 4172 4106 Qure

937 4101 1082 4154 matis
1110 4100 1229 4152 lusi.
1251 4099 1454 4150 Titulus
1476 4097 1561 4150 hic
1582 4097 1728 4150 libris
1756 4097 2000 4152 omnibus
2025 4097 2343 4154 communis.
2369 4103 2498 4156 Nam

934 4169 1122 4238 singuli
1156 4166 1448 4238 peculiares
1489 4179 1613 4220 suos
1659 4167 1873 4238 habent.
1921 4170 2022 4222 Pro
2059 4170 2284 4235 spiritali
2319 4182 2491 4224 autem

936 4236 1151 4292 historia
1174 4251 1289 4304 qum
1315 4236 1467 4288 latius
1492 4245 1655 4305 patet,
1676 4237 1916 4290 Mosaicae
1942 4253 2132 4294 nomen
2151 4255 2176 4289 a
2203 4243 2356 4294 nobis
2377 4243 2500 4297 sub.

935 4310 1198 4368 stitutum,
1241 4320 1333 4359 nec
1373 4307 1554 4360 Avitus
1599 4307 1788 4373 opinor
1826 4307 1942 4374 ipse
1991 4310 2335 4376 improbaret.
2368 4313 2496 4374 Quae

935 4378 1110 4444 operis
1133 4377 1286 4441 hujus
1310 4375 1490 4444 prima:
1515 4376 1725 4428 fuerunt
1753 4377 2034 4440 editiones,
2071 4375 2316 4444 princeps
2346 4381 2496 4444 vide.-

936 4442 1058 4500 licet
1086 4447 1318 4518 omnium
1350 4442 1810 4518 Argentoratensis
1828 4463 1979 4518 anno
1999 4448 2167 4518 71507.
2196 4442 2394 4518 ct‘qure
2424 4442 2500 4503 al-

938 4526 1053 4568 tero
1083 4528 1145 4566 ac
1174 4515 1469 4586 tertio_po_st
1493 4529 1631 4566 anno
1651 4515 1887 4568 Coloniae
1914 4529 1964 4570 et
1997 4517 2214 4572 Parisiis
2233 4515 2495 4586 prodiere,

937 4600 1056 4638 cum
1086 4583 1457 4649 manuscriptis
1485 4586 1900 4648 consentientes,
1946 4586 2038 4639 nili
2064 4587 2076 4639 l
2108 4583 2391 4642 admodum
2420 4583 2499 4642 in-L

937 4664 1016 4707 ter
1041 4667 1100 4708 se
1125 4655 1448 4719 discrepant,
1496 4652 1594 4705 nisi
1632 4663 1883 4720 quantum
1917 4657 2126 4709 variare
2153 4658 2362 4711 diversa
2407 4673 2496 4712 so-

939 4726 1046 4778 lent
1071 4721 1414 4790 exemplaria.
1464 4721 1533 4776 At
1569 4721 1726 4791 longe
1755 4724 2033 4778 dissimilis
2075 4741 2192 4794 qua:
2222 4726 2317 4780 has
2361 4743 2501 4782 anno

1011 4840 1026 4868 ί
1060 4837 1201 4888 llanc
1229 4833 1502 4903 epistolam
1541 4834 1714 4890 minus
1748 4836 2086 4892 emendatam
2127 4846 2287 4893 antea
2322 4838 2506 4894 edide-

935 4917 1019 4959 rat.
1043 4905 1354 4960 Sirmondus
1384 4906 1519 4958 inter
1548 4915 1699 4959 notas
1727 4905 1792 4959 ad
1827 4905 2054 4961 Ennodii
2091 4909 2403 4978 opusculum
2432 4912 2499 4962 de

2606 4115 2657 4158 et
2681 4105 2730 4157 iu
2763 4114 2984 4158 cmteras
3031 4107 3280 4172 deinceps
3309 4106 3572 4160 editiones
3598 4110 3790 4174 passim
3821 4105 4172 4173 recepta,’sic

2602 4189 2693 4228 eas
2725 4174 2926 4238 infecit,
2951 4183 3007 4228 ut
3036 4175 3210 4229 fucum
3242 4181 3344 4239 pati
3370 4191 3590 4230 necesse
3621 4177 3777 4231 fuerit
3803 4180 3943 4232 viros
3974 4181 4171 4234 littera~

2605 4252 2709 4304 tos,
2733 4255 2787 4298 et
2819 4258 2914 4310 pro
2950 4246 3085 4299 Aviti
3119 4246 3361 4299 versibus
3398 4247 3730 4312 Gagneianns
3773 4249 3908 4300 hand
3943 4265 4063 4302 raro
4095 4251 4171 4302 le-

2601 4327 2728 4384 gcre
2777 4323 2828 4367 et
2874 4328 3148 4382 usurpare.
3203 4315 3311 4368 lloc
3358 4313 3518 4384 igitur
3563 4319 3807 4384 contagio
3849 4328 3905 4369 ut
3946 4320 4078 4374 liber
4106 4323 4172 4376 sit

2603 4383 2788 4454 Avitus
2834 4385 2885 4435 in
2910 4397 3217 4454 posterum,
3265 4383 3397 4437 sua!
3427 4386 3576 4438 illum
3616 4383 3805 4451 origini
3838 4391 4172 4454 genuinnque

2605 4453 2763 4505 nitori
2796 4453 3018 4506 reddere
3060 4457 3232 4507 conati
3280 4470 3484 4514 sumus,
3529 4471 3629 4519 ope
3669 4458 3775 4508 nixi
3809 4467 4044 4509 veterum
4076 4459 4174 4512 ali-

2609 4531 2736 4588 quot
2764 4523 3171 4590 exemplarium.
3216 4525 3555 4591 Cum-quilnts
3600 4525 3698 4577 ltos
3729 4526 3892 4579 lihros
3927 4529 4175 4588 religioso.

2605 4592 2948 4662 contulimus,
2979 4597 3150 4646 varias
3185 4594 3437 4646 lectiones
3468 4594 3635 4646 nullas
3664 4596 3952 4661 aspernati,
3984 4611 4176 4662 prauo-r

2607 4661 2844 4782 inutiles.
2873 4671 2963 4714 aut
2988 4677 3120 4729 quas
3154 4663 3379 4715 alzorutn
3415 4663 3657 4716 codicum
3695 4661 3991 4718 consensus
4022 4668 4175 4722 refel-

2629 4740 2760 4782 eret.

2629 4740 2760 4784 eret.

2613 4840 2719 4896 vita
2753 4843 2812 4898 Β.
2843 4842 3122 4913 Epiphanii
3155 4842 3389 4911 episcopi
3420 4841 3736 4897 Ticinensis.

963 5025 4177 5054 Ἢ

1945 5107 2436 5212 LIBER
2526 5109 3160 5219 PRIMUS.

2277 5268 2364 5321 DE
2400 5266 2604 5324 INITIO
2641 5269 2874 5324 MUNDI.

1010 5376 1271 5445 Quidquid
1299 5376 1406 5443 agit
1431 5378 1607 5431 varios
1637 5377 1861 5430 humana
1894 5377 1943 5431 in
1966 5386 2125 5446 gente
2156 5378 2390 5441 labores.

947 5469 1092 5524 Unde
1120 5469 1330 5522 brevem
1362 5479 1583 5534 carpunt
1626 5469 1868 5522 mortalia
1903 5478 2142 5538 tcmpora
2177 5472 2360 5539 \itam,

947 5560 1036 5612 Vel
1064 5561 1199 5628 quod
1225 5560 1403 5628 polluti
1435 5559 1685 5614 vitiantur
1712 5560 1917 5629 origine
1948 5576 2148 5625 mores,

944 5651 1088 5715 Quos
1116 5649 1284 5704 aliena
1311 5659 1555 5720 premunt
1585 5653 1874 5720 priscorum
1903 5652 2036 5707 facta
2066 5663 2371 5720 parentum,

946 5736 1182 5794 Addatur
1205 5755 1500 5813 quanquam
1523 5752 1703 5799 nostra
1727 5745 1792 5800 de
1819 5753 1966 5814 parte
1997 5754 2200 5814 reatus,

2615 5380 2764 5446 Quod
2795 5392 2968 5436 tamen
2993 5384 3192 5436 amisso
3221 5383 3418 5440 dudum
3446 5400 3694 5458 peccatur
3714 5392 3942 5455 honore.

2615 5473 2889 5527 Ascribam
2923 5477 3039 5540 tibi,
3076 5476 3243 5544 prime
3272 5485 3441 5544 pater,
3467 5483 3554 5549 qui
3587 5482 3797 5538 seniue
3822 5485 4008 5540 martis

2614 5565 2780 5618 Tollis
2810 5568 3072 5623 succidua:
3101 5569 3277 5623 vitalia
3312 5573 3550 5638 germina
3573 5573 3729 5640 proli.

2615 5656 2676 5710 Et
2706 5657 2828 5712 licet
2859 5657 2957 5712 hoc
2988 5667 3156 5714 totum
3183 5661 3425 5715 Christus
3458 5662 3778 5731 persolverit
3802 5664 3853 5716 in
3886 5679 3966 5728 so,

2612 5746 2892 5805 Contraxit
2920 5758 3173 5820 quantunt
3199 5764 3452 5821 percussa
3481 5752 3534 5807 in
3563 5753 3731 5824 stirpe
3756 5769 4036 5828 propago:
