4516 6440
1870 454 2251 512 PUEMATUM
2296 453 2496 510 LIbER
2539 457 2575 509 l.
3781 463 3886 517 39-6

561 582 810 634 Attamen
837 571 1071 628 auctoris
1102 570 1254 636 vitio,
1283 567 1375 640 qui
1405 566 1586 624 debita
1610 566 1742 622 lethi

563 668 814 732 Instituit,
847 663 1173 732 morbosque
1201 661 1315 716 suis
1337 673 1401 715 ac
1431 657 1618 714 funera
1642 657 1812 722 misit,

564 759 704 814 Vivit
727 758 931 827 peccati
956 752 1274 810 moribunda
1309 751 1363 806 in
1395 765 1558 806 carne
1584 749 1826 804 cicatrix.

630 850 747 904 Jam
783 847 939 902 Pater
967 846 1312 912 omnipotens
1339 842 1589 896 librantis
1624 839 1865 909 pondere
1901 837 2047 892 verbi

561 941 809 1005 Undique
839 936 1079 991 collectis
1109 935 1448 990 discreverat
1479 933 1629 987 arida
1662 931 1916 1002 lymphis,

562 1031 857 1086 littoribus
890 1036 1112 1097 pontum
1142 1027 1540 1094 constringens,
1574 1023 1798 1078 flumina
1831 1021 1999 1087 ripis:

561 1123 674 1176 Jam
711 1120 954 1190 proprias
984 1117 1208 1187 pulchro
1239 1115 1576 1169 monstrabat
1606 1113 1812 1168 lumine
1844 1112 2064 1176 formas,

560 1217 803 1268 Ubscuro
832 1213 1053 1267 sedente
1083 1209 1191 1276 die,
1225 1210 1483 1279 varioque
1514 1209 1698 1263 colore

563 1301 800 1356 Plurima
835 1300 1148 1354 distinctum
1183 1299 1435 1368 pingebat
1457 1300 1628 1368 gratia
1663 1299 1946 1352 mundum.

561 1392 921 1461 Temporibus
949 1393 1137 1446 sortita
1168 1390 1313 1445 vices
1341 1399 1451 1443 tum
1483 1389 1682 1443 lumina
1714 1389 1852 1444 ccelo

562 1486 790 1540 liulsere
811 1485 1024 1538 alterno
1054 1484 1183 1538 solis
1208 1483 1458 1552 lunasque
1490 1495 1693 1537 meatu.

561 1578 696 1644 Quin
729 1586 784 1630 et
811 1576 1053 1630 sidereus
1079 1583 1345 1628 nocturno
1376 1583 1623 1642 tempore
1654 1573 1860 1627 candor

559 1671 852 1736 Temperat
881 1668 1166 1722 horrentes
1195 1673 1462 1719 astrorum
1500 1667 1618 1720 luce
1647 1667 1897 1722 tenebras

559 1767 813 1816 Actutum
837 1759 989 1814 suavi
1019 1758 1320 1826 producens
1349 1759 1530 1810 omnia
1556 1757 1696 1824 fetu,

558 1853 790 1909 l'ulchra
819 1849 1104 1920 repentino
1126 1851 1316 1904 vestita
1342 1859 1425 1904 est
1453 1852 1696 1920 gramine
1730 1851 1906 1905 tellus.

559 1947 837 2013 Accepere
865 1956 1032 2012 genus
1058 1944 1176 1998 sine
1197 1943 1440 2012 germine
1462 1942 1609 2011 jussa
1636 1945 1832 2008 creari,

559 2036 626 2090 lit
646 2050 831 2089 semen
865 2034 1122 2097 voluisse,
1148 2033 1260 2086 fuit.
1293 2033 1380 2087 Sic
1399 2033 1563 2087 ubere
1586 2034 1733 2088 verbi

559 2126 933 2180 l’rondescunt
964 2124 1144 2186 silvae;
1178 2125 1379 2178 teneris
1409 2123 1679 2178 radicibus
1711 2125 1873 2179 arbor

557 2220 785 2273 Duravit
819 2226 1001 2270 vastos
1027 2231 1192 2285 parvo
1219 2217 1318 2270 sub
1348 2225 1590 2282 tempore
1621 2233 1822 2272 ramos.

633 2311 886 2364 Protinus
917 2311 968 2363 in
983 2311 1161 2361 varias
1191 2307 1442 2362 animalia
1471 2308 1639 2362 multa
1674 2309 1871 2376 figuras

561 2403 823 2470 Surgunt,
856 2409 908 2453 et
934 2413 1160 2454 vacuum
1191 2397 1500 2452 discurrunt
1528 2398 1684 2453 bruta
1712 2414 1805 2468 per
1824 2400 2008 2454 orbem
2034 2418 2046 2463 ;

559 2492 729 2545 Elata:
754 2491 804 2543 in
829 2489 995 2542 altum
1026 2489 1296 2555 volucres,
1331 2495 1478 2541 motu
1502 2503 1589 2555 lue
1617 2488 1782 2542 citato

557 2580 864 2636 Pendentes
893 2592 1113 2632 secuere
1146 2577 1282 2642 vias,
1306 2577 1433 2631 etin
1465 2591 1592 2632 aere
1621 2579 1760 2632 sudo

557 2660 889 2741 Pratpetibits
915 2669 1075 2725 librat
1097 2669 1459 2724 membrorum
1497 2670 1734 2739 pondere
1768 2675 1981 2739 pennis.

557 2762 688 2816 Post
718 2761 877 2814 etiam
903 2761 1071 2815 clausi
1097 2769 1251 2815 vasto
1277 2759 1378 2814 sub
1397 2760 1609 2831 gurgite
1635 2762 1809 2830 pisces

558 2853 853 2922 Respirant
886 2852 1138 2922 lymphis,
1172 2851 1437 2922 flatusque
1463 2853 1562 2907 sub
1587 2868 1803 2921 aequore
1835 2853 2057 2907 ducunt.

557 2945 795 3014 Quaeque
824 2954 1022 3013 negant
1052 2942 1228 3014 nobis,
1253 2944 1360 2999 illis
1389 2945 1521 2999 adut
1552 2945 1769 3000 humida
1799 2948 1981 3001 vitam.

556 3036 668 3090 Nec
700 3037 876 3089 minus
897 3037 948 3090 in
984 3037 1170 3106 pelago
1194 3036 1454 3092 viviscunt
1481 3039 1699 3108 grandia
1725 3048 1862 3107 cete,

555 3127 946 3197 Accipiuntqne
979 3129 1125 3182 cavis
1157 3127 1458 3182 habitacula
1484 3129 1641 3200 digna
1667 3131 1886 3186 latebris
1919 3150 1930 3183 :

555 3217 624 3272 Et
651 3233 769 3288 qua:
801 3229 1038 3272 monstra
1070 3219 1208 3273 solet
1239 3235 1391 3272 rarus
1424 3233 1566 3274 nunc
1600 3221 1830 3286 prodi-re
1854 3233 2073 3291 pontus,

553 3315 719 3379 Aptat
749 3311 813 3364 ad
848 3311 1104 3364 informes
1131 3311 1369 3367 condens
1402 3309 1620 3367 solertia
1650 3313 1874 3368 formas.

554 3403 814 3471 Quodque
847 3401 1122 3454 hominum
1150 3402 1282 3456 falso
1313 3402 1484 3458 credit
1517 3420 1670 3458 mens
1703 3406 1884 3459 nescia
1922 3405 2148 3472 fmdum,

553 3496 658 3549 fer
690 3494 957 3564 prepriam
991 3494 1226 3561 speciem
1252 3505 1439 3548 natura
1464 3494 1645 3563 judice
1669 3495 1953 3564 pulchrum
1988 3506 2095 3552 est.

627 3587 767 3656 Ergo
800 3587 886 3639 ubi
914 3586 1197 3654 completis
1229 3585 1493 3640 fulserunt
1524 3587 1702 3640 omnia
1735 3587 1916 3652 rebus,

551 3680 866 3748 Ornatuqne
894 3693 994 3732 suo
1027 3677 1294 3746 perfectus
1326 3679 1568 3732 consutit
1595 3680 1768 3745 orhis,

552 3765 690 3824 Tum
720 3769 876 3824 Pater
907 3769 1253 3838 omnipotens
1287 3782 1490 3824 aeterno
1518 3771 1721 3826 lumine
1753 3774 1932 3828 lmtum

553 3859 792 3916 Contulit
821 3861 887 3915 ad
916 3871 1086 3915 terras
1116 3860 1332 3914 sublimi
1363 3877 1428 3916 ex
1459 3863 1663 3918 aethere
1694 3864 1927 3933 vultum,

552 3954 833 4008 lllustrans
856 3952 1214 4022 quodcunque
1243 3953 1386 4008 videt
1415 3971 1426 4005 :
1465 3956 1639 4022 placet
1663 3957 1774 4026 ipsi
1807 3959 1974 4011 tuenti

552 4045 758 4101 Artifici
788 4045 988 4099 factura
1011 4060 1128 4110 suo,
1163 4043 1454 4114 laudatque
1481 4045 1708 4102 Creator

553 4137 884 4204 Dispositum
911 4136 1139 4206 pulchro
1166 4152 1324 4206 quem
1359 4136 1599 4192 condidit
1643 4138 1834 4194 ordine
1866 4139 2145 4194 mundum.

549 4230 689 4284 Tum
717 4229 931 4284 demum
959 4228 1046 4282 tali
1074 4228 1335 4297 sapientia
1362 4244 1495 4287 voce
1520 4231 1694 4286 locuta
1728 4244 1810 4287 est
1837 4249 1851 4286 ε

550 4321 634 4374 En
662 4321 920 4389 prmclara
955 4321 1088 4374 nitet
1117 4321 1389 4375 mundano
1417 4323 1665 4377 machina
1691 4326 1869 4388 cultu;

549 4412 618 4466 Et
648 4420 824 4465 tamen
851 4413 1128 4478 impletum
1164 4411 1414 4481 perfectis
1436 4413 1687 4468 omnibus
1709 4416 1896 4471 orbem

548 4502 687 4568 Quid
709 4502 859 4571 juvat
885 4501 1112 4557 ulterius
1143 4503 1290 4558 nullo
1317 4503 1525 4558 cultore
1559 4506 1764 4560 teneri?

548 4591 657 4649 Sed
687 4607 754 4645 ne
783 4592 939 4661 longa
968 4606 1157 4646 novam
1183 4596 1504 4648 contristent
1533 4595 1640 4648 otia
1675 4605 1898 4662 terram,

546 4685 702 4740 Nunc
731 4683 892 4738 homo
924 4683 1205 4751 formetur,
1239 4685 1436 4738 summi
1473 4700 1631 4754 quem
1665 4696 1845 4756 tangat
1873 4687 2055 4755 imago

545 4777 813 4841 Numinis,
846 4787 900 4830 et
927 4783 1186 4841 nostram,
1221 4777 1368 4830 celso
1398 4775 1629 4831 donatus
1658 4777 1886 4844 honore,

547 4869 738 4924 Induat
769 4867 993 4922 interius
1023 4866 1260 4922 formosa
1301 4867 1353 4921 in
1385 4876 1567 4923 mente
1599 4869 1846 4938 figuram.

547 4959 702 5015 llunc
741 4958 870 5014 libet
908 4958 1148 5014 erectum
1180 4958 1327 5012 vultu
1357 4973 1677 5029 prmpouere
1714 4959 1921 5030 pronis,

543 5051 648 5118 Qui
673 5059 821 5120 regat
845 5060 1050 5105 aeterno
1072 5048 1372 5118 subjectum
1406 5049 1612 5106 findere
1636 5054 1918 5115 mundum,

544 5143 709 5199 Bruta
736 5140 938 5208 domet,
968 5141 1138 5209 legem
1163 5141 1371 5194 cunctis
1393 5155 1457 5196 ac
1479 5142 1695 5197 nomina
1732 5156 1917 5211 ponat,

550 5234 704 5287 Astra
731 5239 900 5299 notet,
929 5232 1159 5300 ccelique
1187 5229 1300 5284 vias
1326 5239 1379 5285 et
1408 5231 1584 5287 sidera
1614 5235 1751 5287 norit
1777 5251 1791 5298 ;

545 5317 730 5380 Discat
749 5334 802 5380 et
827 5325 1082 5393 inspectis
1113 5323 1425 5380 discernere
1453 5333 1696 5395 tempora
1725 5327 1889 5398 signis
1918 5345 1931 5381 :

544 5418 807 5488 Subjiciat
839 5416 1058 5487 pelagus
1078 5429 1301 5484 savum,
1333 5415 1658 5488 ingenioque
1691 5419 1866 5475 tenaci

541 5509 824 5567 Possideat
848 5521 1180 5578 quaecunque
1205 5509 1384 5574 videt;
1409 5511 1492 5564 cui
1524 5510 1694 5565 bestia
1718 5511 1971 5567 frendens

540 5604 779 5670 Serviat,
807 5611 862 5657 et
891 5601 1067 5669 posito
1098 5599 1308 5654 discant
1334 5612 1611 5657 mansueta
1643 5604 1828 5662 furore

539 5695 826 5763 Imperium
853 5692 1096 5762 jnmenta
1121 5690 1250 5760 pati,
1281 5691 1518 5761 iussique
1543 5695 1697 5762 ligari

541 5787 820 5843 Festinant
852 5784 1041 5856 trepidi
1065 5791 1321 5839 consueta
1351 5784 1402 5838 in
1432 5785 1604 5840 vincla
1630 5787 1873 5857 juvenci.

537 5880 766 5951 Quoque
789 5879 958 5949 magis
986 5884 1178 5932 natura
1201 5873 1433 5932 hominis
1463 5875 1743 5936 sublimior
1770 5887 1970 5947 exstet,

2196 566 2248 626 Λ
2280 564 2524 632 Accipiat
2545 573 2727 620 rectos
2757 565 2807 619 in
2836 570 3036 622 coelum
3072 569 3265 626 tollere
3295 570 3483 626 vultus
3509 587 3523 624 :

2274 656 2558 711 Factorem
2591 666 2798 727 quaerat
2827 661 3125 729 proprium,
3153 662 3242 716 cui
3274 671 3457 717 mente
3491 660 3632 715 fldell

2275 748 2554 825 lmpendat
2584 748 2839 804 famulam
2866 751 3116 821 longaevo
3147 754 3201 808 in
3233 764 3479 823 tempore
3509 754 3700 808 vitam.

2347 839 2472 894 Haec
2501 840 2593 904 ait,
2627 848 2681 893 et
2706 839 2946 910 fragilem
2974 842 3226 913 dignatus
3258 852 3478 913 tangere
3510 852 3732 906 terram,

2273 929 2562 1000 Temperat
2587 932 2896 987 humentem
2929 950 3228 1005 consperso
3256 935 3311 990 in
3343 938 3568 1006 pulvere
3599 938 3810 1003 limtnn,

2275 1023 2606 1092 Moliturque
2637 1039 2833 1078 novum
2856 1025 3010 1079 dives
3042 1027 3306 1094 sapientia
3331 1041 3550 1096 corpus.

2271 1114 2388 1168 Non
2415 1114 2576 1168 aliter
2602 1130 2765 1184 quam
2790 1130 2933 1170 nunc
2962 1115 3140 1185 opifex
3171 1120 3258 1171 cui
3284 1119 3414 1172 artis
3449 1119 3503 1172 in
3535 1134 3630 1173 usu
3673 1129 3755 1173 est

2275 1204 2526 1259 Flectere
2568 1205 2774 1260 laxatas
2804 1221 2899 1274 per
2939 1217 3131 1261 cuncta
3171 1208 3426 1276 sequacia
3456 1223 3635 1272 ceras,

2274 1293 2341 1347 Et
2369 1295 2545 1350 vultus
2569 1295 2798 1366 implere
2827 1313 3011 1366 mauu,
3047 1313 3145 1352 seu
3177 1313 3405 1368 corpora
3440 1315 3613 1370 gypso

2273 1386 2527 1456 Fingere,
2562 1388 2645 1443 vel
2672 1389 2822 1458 segni
2850 1390 3086 1459 speciem
3114 1404 3444 1460 componere
3477 1406 3677 1446 massa.

2272 1479 2364 1532 Sic
2399 1478 2562 1533 Pater
2594 1479 2935 1548 omnipotens
2958 1481 3223 1535 victurum
3253 1485 3496 1551 protinus
3530 1499 3720 1537 arvum

2271 1570 2509 1634 Tractat,
2540 1578 2595 1624 et
2628 1570 2677 1623 in
2709 1571 2854 1624 lento
2888 1571 3179 1625 meditatur
3202 1572 3411 1626 viscera
3442 1588 3621 1627 coeno.

2271 1660 2407 1714 liinc
2439 1675 2619 1715 arcem
2650 1661 2844 1730 capitis
2873 1661 3094 1715 sublimi
3115 1663 3167 1714 in
3192 1663 3402 1716 vertice
3429 1666 3630 1731 signat,

2273 1752 2600 1822 Septiforent
2635 1755 2841 1807 vultum
2871 1754 3099 1807 rationis
3139 1753 3389 1808 sensibus
3422 1764 3637 1822 aptans,

2269 1844 2502 1908 Olfactu,
2537 1844 2744 1910 auditu,
2777 1845 2918 1910 visu,
2949 1853 3217 1913 gustuque
3249 1854 3546 1913 potentem.

2195 1921 2242 1981 Β
2272 1937 2466 1992 Tactus
2491 1939 2594 1991 erit
2617 1937 2784 2000 solus,
2813 1947 2925 1990 toto
2958 1937 3049 2005 qui
3090 1951 3320 2005 corpore
3347 1937 3510 2006 judex

2267 2030 2497 2094 Sentiat,
2541 2037 2594 2082 cl
2623 2029 2899 2097 proprium
2946 2038 3164 2098 spargat
3197 2045 3292 2098 per
3326 2030 3570 2083 memlna
3607 2029 3866 2100 vigorem.

2269 2121 2490 2174 Flexilis
2515 2129 2753 2174 arctatur
2783 2135 2975 2173 recavo
3009 2121 3088 2173 sic
3122 2120 3300 2189 lingua
3329 2122 3534 2190 palato,

2269 2213 2495 2265 I‘rvssus
2523 2222 2578 2265 ut
2610 2213 2660 2264 in
2687 2225 2899 2266 camera
2930 2211 3193 2279 pulsantis
3224 2211 3450 2265 verbere
3477 2212 3668 2280 plectri

2269 2305 2537 2358 l‘ercnsso
2567 2313 2784 2358 resonet
2826 2303 3136 2356 modulatus
3176 2303 3226 2356 in
3259 2318 3386 2357 aere
3419 2317 3622 2357 sermo.

2268 2397 2401 2450 Exin
2433 2395 2751 2449 succiduunt
2787 2404 3038 2462 porrecto
3063 2395 3112 2445 in
3139 2408 3370 2462 corpore
3397 2403 3585 2460 pectus

2266 2487 2482 2556 Spargit
2507 2499 2752 2539 ramosas
2783 2494 2903 2553 post
2934 2484 3158 2539 brachia
3189 2483 3348 2537 fortia
3380 2485 3605 2551 palmas.

2265 2578 2516 2633 Succedit
2546 2576 2826 2630 stomacho
2858 2575 3092 2641 medius,
3118 2575 3208 2644 qui
3240 2576 3480 2644 tegmine
3510 2573 3656 2628 molli

2267 2674 2408 2727 lntcr
2439 2682 2728 2740 utrumque
2762 2671 2900 2724 latus
2929 2669 3110 2724 foveat
3139 2668 3344 2732 vitalia,
3381 2678 3590 2722 venter.

2267 2765 2546 2818 Dividuam
2579 2773 2781 2833 partem
2815 2764 2991 2818 femur
3023 2763 3242 2830 excipit,
3277 2763 3452 2832 aptius
3485 2773 3542 2815 ut
3575 2777 3635 2815 se

2262 2857 2517 2911 Alternus
2546 2866 2758 2911 moveat
2786 2856 3062 2922 duplicato
3097 2855 3299 2923 poplite
3328 2869 3571 2922 gressus.

2262 2951 2333 3004 At
2364 2957 2516 3017 parte
2546 2965 2613 3002 ex
2647 2951 2774 3013 alta,
2803 2947 2955 3016 ﬁngit
2983 2961 3142 3016 quam
3175 2945 3423 3000 conditor
3453 2961 3613 3009 unus,

2261 3041 2488 3106 Uccipiti
2520 3039 2786 3093 submissa
2815 3053 2914 3092 suo
2943 3037 3280 3091 descendere
3309 3035 3493 3090 cervix

2265 3131 2474 3200 Incipit,
2510 3139 2566 3184 et
2594 3138 2778 3183 vastos
2805 3128 3162 3197 compagibus
3184 3127 3385 3181 addere
3418 3139 3637 3179 nervos.

2261 3224 2428 3292 Spina
2461 3223 2642 3287 rigens
2670 3222 2878 3276 crebris
2907 3223 3046 3274 inter
3067 3220 3394 3274 commercia
3427 3217 3584 3272 nodis
3619 3207 3622 3212 ’

2183 3291 2231 3354 C
2265 3291 2522 3370 Diffundit
2551 3315 2818 3383 duplicem
2843 3323 3118 3368 costarum
3152 3328 3216 3364 ex
3245 3312 3432 3366 ordine
3461 3321 3683 3364 cratem.

2260 3407 2392 3461 Pars
2425 3407 2631 3460 interna
2663 3419 2834 3459 novos
2865 3406 2987 3458 vitzc
3017 3403 3188 3456 forma
3218 3419 3280 3456 ur
3311 3401 3376 3455 ad
3411 3417 3564 3468 usus,

2258 3497 2516 3552 Naturale
2549 3506 2742 3567 parant
2772 3505 2986 3565 tegmen
3017 3496 3198 3549 vitalia
3229 3494 3400 3556 cordi,

2256 3591 2536 3660 Massaqne
2567 3590 2840 3658 congestis
2870 3588 3112 3657 pendens
3143 3588 3492 3642 absconditur
3520 3588 3677 3640 extis.

2259 3683 2396 3736 Addi
2426 3698 2488 3735 ur
2519 3681 2598 3734 his
2634 3681 2778 3735 tenui
2817 3679 3117 3748 pascendus
3151 3679 3219 3732 ab
3249 3694 3375 3732 aere
3406 3679 3608 3746 pulmo,

2259 3774 2356 3840 Qui
2386 3783 2644 3842 concepta
2673 3772 2893 3825 trahens
2922 3773 3050 3825 lenti
3081 3771 3373 3839 spiramina
3406 3768 3586 3833 flatus,

2260 3866 2502 3935 Accipiat
2532 3865 2791 3931 reddens,
2819 3864 3006 3918 reddat
3039 3880 3170 3934 quas
3203 3879 3453 3927 sumpsrr
3479 3874 3498 3916 t
3523 3876 3703 3927 auras,

2258 3957 2422 4026 lnqne
2454 3958 2624 4011 vicem
2655 3955 2849 4010 crebro
2883 3956 3110 4023 pellatur
3138 3955 3410 4007 anhelitus
3436 3955 3679 4007 haustus.

2259 4048 2369 4101 Dex
2402 4063 2455 4102 ra
2489 4057 2629 4102 tenet
2657 4044 2857 4116 jecoris
2889 4045 3244 4115 vegetandum
3275 4045 3536 4114 sanguine
3563 4044 3786 4111 fontem,

2257 4141 2374 4204 Quo
2405 4141 2647 4192 clausum
2678 4152 2831 4192 venre
2861 4149 3117 4206 spargunt
3148 4151 3242 4205 per
3273 4137 3478 4191 viscera
3508 4137 3730 4192 ﬂumen.

2258 4231 2437 4285 Lienis
2468 4232 2662 4284 Irevum
2693 4231 2918 4283 sortitur
2951 4228 3132 4297 regula
3166 4237 3398 4297 partem,

2257 4324 2368 4388 Qua
2399 4322 2574 4376 crines
2605 4319 2890 4389 perhibent
2916 4333 3230 4388 unguesque
3261 4333 3568 4374 recrescere
3604 4327 3804 4387 sectos,

2256 4413 2366 4466 Nec
2389 4412 2600 4465 concisa
2633 4410 2818 4465 dolent
2848 4427 2860 4463 :
2891 4409 3014 4464 hinc
3041 4425 3184 4463 nunc
3213 4419 3498 4479 augmenta
3527 4420 3810 4464 resunmut

2255 4506 2387 4570 Quae
2416 4505 2601 4556 vivunt
2629 4515 2899 4566 sensuque
2928 4508 3116 4554 carent
3148 4502 3198 4554 in
3231 4503 3480 4569 corporis
3504 4515 3624 4555 usu.

2330 4593 2618 4663 Postquam
2655 4592 2905 4662 perfecta:
2931 4592 3100 4661 jacuit
3131 4593 3385 4646 novitatis
3419 4593 3615 4662 imago,

2171 4661 2226 4723 Β
2253 4688 2675 4756 Fonnatumque
2706 4684 2876 4739 lutum
2907 4687 3146 4752 Speciem
3181 4686 3428 4753 pervenit
3458 4684 3510 4738 in
3540 4661 3754 4739 omnem
3780 4702 3796 4740 :

2252 4779 2491 4835 Vertitur
2516 4777 2568 4832 in
2599 4792 2819 4832 carnem
2851 4777 3034 4842 limus,
3058 4777 3354 4847 durataque
3386 4778 3577 4832 molles

2249 4870 2564 4926 Visceribus
2593 4869 2784 4924 mediis
2816 4877 3099 4924 traxerunt
3127 4883 3248 4923 ossa
3287 4869 3573 4924 medullas.

2248 4963 2510 5016 inseritur
2539 4959 2693 5016 venis
2721 4961 2963 5030 sanguis,
3000 4961 3234 5028 vivoque
3259 4961 3444 5016 colore

2247 5053 2423 5108 inﬁcit
2449 5067 2544 5108 ora
2571 5052 2737 5108 rubor
2765 5070 2778 5106 :
2808 5060 2922 5107 toto
2956 5061 3068 5106 tum
3101 5067 3332 5121 corpore
3359 5054 3532 5122 pallor

2249 5147 2493 5211 Pellitur,
2525 5154 2580 5200 et
2605 5144 2793 5200 niveos
2821 5145 3063 5214 depingit
3094 5159 3329 5215 purpura
3359 5146 3557 5199 vultus.

2248 5239 2378 5293 Inde
2408 5237 2495 5292 ubi
2528 5235 2783 5307 perfectis
2811 5237 3125 5291 consuescit
3154 5237 3336 5292 vivere
3361 5237 3621 5291 membris

2246 5331 2416 5385 Totus
2445 5330 2630 5393 homo,
2665 5337 2720 5384 et
2748 5337 2967 5383 sumant
2995 5327 3258 5384 calefacta
3287 5337 3345 5382 ut
3366 5327 3576 5382 viscera
3605 5328 3776 5384 solam

2248 5421 2579 5489 Exspectant
2607 5419 2867 5482 animam,
2894 5433 3028 5490 puro
3058 5434 3218 5487 quam
3255 5419 3403 5474 fonte
3431 5430 3646 5474 creator

2247 5514 2487 5578 Promat,
2517 5520 2570 5568 et
2597 5519 2809 5568 erectos
2841 5523 3108 5568 rccturam
3141 5514 3316 5566 mittat
3344 5514 3394 5566 in
3427 5524 3594 5567 artus.

2241 5604 2442 5662 Lenem
2477 5609 2737 5675 perpetuo
2764 5606 2949 5660 ﬂatum
2981 5605 3256 5675 profundit
3283 5605 3349 5659 ab
3379 5620 3495 5673 ore,

2240 5695 2577 5766 lnspiratque
2608 5695 2853 5751 homini:
2880 5710 3040 5764 quem
3071 5695 3317 5765 protinus
3350 5695 3435 5750 ille
3468 5705 3745 5788 receptum

2235 5788 2493 5855 Attrahit,
2522 5799 2577 5844 et
2605 5788 2782 5846 crebri
2812 5788 2976 5844 discit
2997 5790 3311 5860 spiraminis
3336 5805 3517 5844 auras.

2309 5881 2597 5952 Postquam
2622 5892 2935 5942 nascentem
2964 5883 3140 5942 solers
3163 5883 3446 5952 prudentia
3476 5896 3696 5939 sensum
