4316 6470
844 478 947 536 ὖΞἹ

842 591 1050 653 lmbuit,
1076 596 1129 643 et
1160 603 1289 658 puro
1311 587 1529 642 rationis
1559 586 1761 655 lumine
1782 583 1948 647 fulsit,

841 678 1041 747 Surgit,
1069 686 1124 732 et
1151 678 1342 733 erectis
1370 678 1539 729 firmat
1562 674 1778 743 vestigia
1812 672 2022 741 plantis.

840 769 975 823 Tum
1003 770 1174 823 varias
1201 767 1380 823 mundi
1406 767 1629 834 species,
1661 766 1888 834 emtique
1914 760 2107 834 figuras
2194 762 2195 769 “

841 858 1139 924 Mirantem,
1175 857 1260 911 tali
1287 856 1573 923 compellat
1603 868 1729 909 voce
1758 855 2017 910 Creator:

843 946 967 1000 litec
990 961 1105 1014 qum
1132 944 1409 999 mundanis
1430 944 1605 999 cernis
1637 944 1984 1011 pulcherrima
2022 944 2179 999 rebus

839 1038 1163 1090 incrementa
1190 1037 1359 1103 novis,
1391 1046 1633 1090 ornatum
1665 1044 1814 1089 tensa
1847 1050 1940 1105 per
1963 1035 2173 1100 orbem,

837 1125 993 1179 Solus
1024 1124 1173 1189 habe,
1206 1125 1434 1191 totisque
1460 1124 1602 1192 prior
1631 1123 1905 1179 dominare
1939 1124 2184 1178 fruendo.

836 1213 911 1267 Tu
942 1214 1090 1279 mihi,
1122 1223 1308 1268 cuncta
1342 1212 1435 1267 tibi
1464 1214 1817 1267 famulentur:
1842 1212 2101 1266 maximus
2131 1214 2265 1267 ordo
2291 1221 2394 1279 est,

835 1304 911 1358 Te
938 1319 1122 1373 parere
1146 1306 1229 1373 pio
1257 1308 1345 1373 qui
1372 1305 1605 1360 subdidit
1631 1304 1804 1358 omnia
1836 1304 2000 1373 patri.

834 1392 953 1447 Non
973 1394 1177 1463 species
1208 1396 1346 1460 ullae,
1387 1409 1486 1451 nec
1516 1395 1726 1448 numina
1757 1408 1890 1448 vana
1917 1394 2183 1462 colantur,

834 1485 951 1540 Non
981 1486 1027 1540 si
1056 1486 1179 1556 quid
1206 1487 1341 1542 creto
1370 1486 1593 1540 sublime
1614 1499 1917 1555 novumque
1943 1494 2212 1551 coruscat,

834 1576 950 1631 Non
972 1593 1089 1646 qua:
1112 1578 1192 1631 vel
1223 1576 1375 1630 terris
1404 1576 1587 1631 vivunt
1616 1576 1861 1641 formata,
1892 1576 1974 1631 vel
2007 1578 2184 1641 undis,

834 1666 941 1720 Nec
970 1666 1108 1735 quod
1139 1666 1274 1721 forte
1295 1680 1542 1734 premens
1572 1666 1819 1736 prohibet
1846 1677 2033 1722 natura
2065 1668 2251 1722 videri.

833 1753 1029 1809 Usibus
1057 1754 1155 1808 ista
1184 1755 1307 1821 tuis,
1343 1769 1444 1808 non
1474 1754 1721 1821 cultibus,
1755 1769 1875 1810 esse
1898 1766 2200 1812 memento:

833 1844 1156 1899 Prmcellens
1183 1844 1332 1899 factis
1361 1845 1611 1900 factorem
1639 1860 1831 1913 pronus
1856 1846 2041 1902 adora.

905 1935 1107 1988 Interea
1139 1946 1318 1988 sextus
1348 1936 1517 1988 noctis
1548 1935 1833 2003 primordia
1863 1950 2052 2005 vesper

830 2023 1073 2087 ltettulit,
1107 2024 1316 2080 alterno
1338 2023 1609 2093 depellens
1641 2034 1877 2093 tempore
1905 2026 2111 2091 lucem;

830 2120 1069 2189 Dumque
1099 2129 1281 2189 petunt
1303 2119 1515 2174 dulcem
1541 2119 1794 2188 spirantia
1822 2131 2011 2174 cuncta
2035 2121 2290 2189 quietem,

829 2211 1063 2267 Solvitur
1085 2219 1139 2265 et
1167 2224 1353 2265 somno
1385 2210 1541 2263 laxati
1562 2209 1801 2278 corporis
1829 2210 2021 2278 Adam,

828 2302 925 2356 Cui
951 2301 1107 2355 Pater
1134 2302 1471 2367 omnipotens
1503 2313 1741 2369 pressum
1772 2314 1865 2368 per
1894 2303 2054 2356 corda
2082 2316 2325 2371 soporem

826 2392 983 2455 Jecit,
1007 2400 1061 2447 et
1084 2392 1342 2447 immenso
1373 2392 1599 2446 tardavit
1624 2391 1856 2459 pondere
1882 2406 2093 2459 sensus,

826 2480 920 2534 Vis
953 2486 1011 2533 ut
1038 2481 1181 2535 nulla
1220 2488 1379 2547 queat
1404 2480 1628 2550 sopitam
1657 2481 1864 2536 solvere
1894 2492 2149 2537 mentem.

824 2572 939 2627 Non
970 2574 1013 2627 si
1036 2573 1170 2629 forte
1200 2574 1375 2645 fragor
1400 2588 1617 2629 securas
1644 2578 1889 2629 verberet
1918 2590 2093 2641 aures,

828 2666 938 2718 Nec
968 2665 1011 2717 si
1042 2675 1307 2719 commoto
1333 2667 1524 2721 caelum
1557 2675 1681 2721 tunc
1710 2668 1911 2722 intonet
1934 2682 2055 2733 axe,

822 2755 930 2809 Sed
981 2771 1079 2810 nec
1122 2772 1300 2824 pressa
1344 2772 1499 2811 manu
1547 2758 1811 2826 rupissent
1854 2759 2088 2812 membra
2127 2758 2377 2827 quietem.

826 2848 959 2899 'l'um
994 2861 1123 2902 vero
1146 2847 1350 2901 cunctis
1379 2857 1641 2901 cestarutn
1673 2864 1741 2903 ex
1775 2848 1981 2903 ossibus
2013 2863 2167 2903 unam

820 2936 1076 2991 Subducit
1108 2938 1241 2992 bcvo
1268 2938 1440 3001 lateri,
1470 2952 1789 3007 carnemque
1815 2941 2044 3005 reponit.

824 3029 1050 3095 Erigitur
1080 3028 1296 3098 pnlcbro
1324 3029 1547 3098 genialis
1574 3029 1737 3082 forma
1770 3030 1982 3093 decore,

820 3118 981 3185 inque
1010 3133 1204 3172 novum
1228 3118 1402 3172 subito
1434 3119 1667 3187 pTOCCdll
1692 3118 1885 3173 femina
1915 3120 2136 3173 vultum.

818 3208 983 3274 Quam
1018 3208 1155 3262 Deus
1189 3218 1386 3262 mterua
1411 3208 1738 3278 conjungens
1770 3210 1882 3278 lege
1911 3211 2122 3276 marito,

817 3299 1057 3367 COltjtlgll
1091 3300 1260 3353 fructu
1288 3308 1472 3369 pensat
1502 3299 1773 3367 dispendia
1802 3300 2046 3359 membri.

886 3389 1039 3442 Istius
1071 3390 1316 3443 indicium
1349 3390 1521 3442 somni
1552 3404 1694 3443 mors
1718 3390 1803 3444 illa
1836 3400 2017 3445 secuta
2045 3400 2146 3455 est,

816 3476 1013 3545 Sponte
1038 3494 1130 3531 sua
1156 3478 1315 3533 subiit
1339 3490 1548 3547 sumpto
1579 3494 1734 3547 quam
1766 3495 1991 3547 corpore
2018 3482 2274 3538 Christus.

818 3568 1053 3631 Quicum
1086 3581 1332 3635 passurus
1362 3568 1500 3636 ligno
1527 3568 1770 3622 sublimis
1798 3570 1849 3621 in
1880 3570 1984 3622 alto

816 3660 1081 3714 i‘endcret
1109 3674 1294 3724 nexus,
1321 3660 1505 3727 culpas
1531 3660 1654 3714 dunt
1690 3661 1941 3728 penderet
1972 3662 2135 3726 orbis,

814 3752 867 3803 in
903 3752 1036 3804 latus
1063 3751 1263 3804 extensi
1290 3751 1468 3805 deﬁxit
1496 3751 1693 3805 missile
1725 3754 1898 3804 lirtor.

812 3838 1057 3892 l‘rotinus
1087 3840 1337 3893 easiliens
1368 3841 1597 3892 manavit
1628 3840 1845 3894 vulnere
1891 3840 2124 3910 lympha,

814 3934 920 3995 Qua
954 3932 1125 3985 vivum
1154 3933 1488 4001 papulisjam
1517 3942 1624 3986 tum
1656 3933 1950 4001 spondente
1988 3936 2276 4001 lavarrum,

814 4022 988 4077 Fluxit
1019 4027 1323 4094 martyrium
1355 4027 1567 4093 signans
1594 4035 1647 4079 et
1676 4029 1945 4096 sanguinis
1975 4030 2133 4082 unda.

817 4114 939 4167 lude
963 4115 1254 4182 quiescenti
1283 4115 1489 4183 gemina
1519 4116 1642 4168 dum
1674 4128 1826 4170 nocte
1852 4118 2075 4184 iaceret,

815 4205 885 4257 De
918 4206 1094 4257 lateris
1121 4206 1359 4257 membro
1384 4218 1604 4271 surgens
1629 4206 1783 4259 Ecclc
1817 4208 1862 4259 ia
1895 4209 2090 4275 nupsit.

882 4294 1143 4361 Principio
1173 4306 1346 4348 rector
1378 4294 1509 4348 tanti
1538 4310 1751 4350 sacrare
1780 4299 1997 4364 liguram

812 4384 1107 4453 iliSponens
1131 4385 1309 4448 vincli,
1338 4387 1497 4440 nectit
1525 4386 1783 4440 connubia
1812 4389 1970 4460 verba
2005 4406 2015 4439 :

814 4474 983 4526 ‘it’ivte
1009 4474 1257 4527 concordi
1290 4474 1486 4540 studio,
1518 4477 1874 4546 mundumque
1900 4480 2121 4547 replete,

813 4565 1028 4617 Crescat
1054 4563 1344 4632 longaevum
1372 4564 1508 4619 felici
1541 4568 1743 4621 semine
1769 4584 1985 4637 germen
2011 4586 2024 4623 ε

813 4653 925 4708 Non
958 4656 1111 4708 annis
1142 4672 1412 4723 numerus,
1444 4657 1567 4710 vita:
1599 4674 1693 4713 nec
1724 4662 1980 4716 terminus
2009 4673 2144 4718 esto.

812 4744 1124 4813 Progeniem
1154 4748 1269 4800 sine
1294 4746 1397 4802 fine
1424 4747 1566 4814 dedi,
1590 4764 1744 4817 quam
1780 4762 2017 4821 tempere
2057 4768 2165 4811 toto

813 4834 1071 4897 Asniciet,
1102 4838 1278 4904 generi
1311 4837 1508 4906 primus
1536 4840 1619 4907 qui
1654 4844 1865 4908 potieris
1894 4854 2096 4899 auctor.

813 4923 1081 4991 Pronepos
1108 4928 1322 4980 eductus
1350 4942 1602 4997 spargens
1626 4946 1719 4998 per
1746 4934 1903 4987 swcla
1935 4946 2155 5005 nepotes

812 5013 1063 5067 Viventes
1091 5025 1329 5070 numeret
1360 5032 1603 5085 proavos,
1638 5022 1795 5091 ittq‘te
1824 5038 1914 5077 ora
1947 5038 2220 5095 parentum

812 5102 1013 5155 Ducunt
1043 5106 1227 5158 annosi
1261 5117 1499 5161 natorum
1533 5111 1749 5179 pignora
1780 5116 1905 5169 nati.

880 5192 1010 5245 Tum
1044 5192 1124 5246 lex
1156 5196 1405 5265 coniugii,
1439 5206 1545 5251 toto
1577 5204 1889 5257 venerabilis
1918 5220 2053 5271 aevo,

809 5285 1123 5339 lntetnerata
1147 5302 1242 5340 suo
1272 5290 1567 5344 serrultitur
1601 5294 1786 5347 ordine
1812 5298 2035 5351 eunetis.

810 5374 1023 5429 Femina
1054 5386 1299 5443 persistat
1321 5378 1384 5431 de
1411 5380 1609 5433 viscere
1639 5394 1842 5450 sumptu
1873 5388 2029 5451 virili,

805 5465 1062 5533 Coojugio
1088 5479 1299 5520 servare
1324 5468 1507 5532 fidem;
1540 5486 1635 5525 nec
1661 5484 1870 5541 separet
1902 5477 2033 5531 alter

809 5555 955 5617 Quod
982 5554 1152 5621 jungit
1173 5562 1440 5626 sociatque
1472 5558 1641 5628 Deus;
1676 5575 1980 5635 patremque
2010 5568 2273 5639 relinquat

810 5643 870 5694 Et
904 5654 1119 5698 matrem
1145 5646 1288 5713 jttSlO
1308 5651 1624 5706 constrictus
1650 5670 1831 5710 amore
1859 5660 2093 5714 maritus.

808 5730 907 5783 ista
942 5736 1232 5797 parentales
1263 5752 1364 5792 non
1396 5752 1640 5809 rumpant
1678 5748 1883 5800 vincula
1915 5748 2075 5809 cura,

812 5817 927 5871 \‘ita
956 5819 1049 5875 sed
1076 5827 1348 5882 amborum
1373 5833 1584 5887 carnem
1614 5842 1853 5893 teneatur
1876 5839 1939 5894 ad
1969 5857 2145 5897 unam.

2113 474 2170 530 S.
2214 472 2389 529 AVITI
2431 471 2827 531 VlE-NNENSIS

2430 585 2480 642 Α
2511 580 2709 638 Taliter
2734 593 2933 638 aeterno
2955 584 3282 655 coniungens
3308 585 3509 643 foedere
3532 596 3670 651 vota,

3974 482 4071 541 5'25

2503 671 2773 726 Festivum
2799 672 3008 728 dicebat
3038 674 3259 743 hymen,
3286 687 3538 745 castoque
3569 677 3754 747 pudori

2500 760 2750 816 Concinit
2778 760 3070 833 angelicum
3094 763 3283 834 iuncto
3313 767 3676 822 modulamine
3702 781 3941 822 carmen.

2500 851 2605 907 Pro
2632 854 2862 909 thalamo
2887 856 3164 923 paradisus
3185 865 3321 922 erat,
3350 861 3688 928 mundusque
3708 859 3934 914 dabatur

2498 941 2555 996 In
2586 944 2788 1012 dotem,
2820 954 2874 1001 et
2901 946 3036 1000 lanis
3061 947 3360 1017 gaudebant
3387 951 3562 1004 sidera
3588 952 3835 1006 ﬂammis.

2573 1032 2670 1089 Est
2693 1034 2838 1089 locus
2864 1049 2963 1089 eoo
2988 1036 3169 1090 mundi
3197 1048 3437 1092 servatus
3465 1041 3515 1092 in
3545 1054 3644 1094 axe

2499 1121 2760 1189 Secretis,
2791 1131 3000 1190 natura,
3033 1125 3157 1193 tuis,
3191 1125 3279 1180 ubi
3307 1127 3437 1180 solis
3465 1127 3531 1179 ab
3558 1138 3679 1181 ortu

2501 1212 2719 1269 Vicinos
2750 1228 2974 1269 nascens
2998 1229 3187 1269 aurora
3212 1219 3501 1285 repercutit
3527 1218 3702 1271 ludos.

2500 1301 2597 1357 llic
2622 1301 3051 1373 gens’ardentem
3076 1306 3197 1360 creti
3226 1306 3545 1375 subterjaeet
3574 1322 3748 1372 axem,

2497 1392 2665 1457 Quam
2692 1392 2890 1446 candor
2916 1393 3126 1447 fervens
3154 1394 3356 1449 albenti
3380 1410 3444 1451 ex
3472 1397 3671 1451 aethere
3698 1395 3884 1450 fuscat.

2496 1482 2591 1536 llis
2621 1498 2834 1553 seraper
2863 1484 2951 1538 lux
2977 1499 3107 1553 pura
3131 1485 3292 1550 venit,
3322 1485 3567 1555 cmloque
3596 1487 3887 1556 propinquo

2495 1572 2738 1627 Nativam
2769 1584 2983 1628 servant
3012 1574 3271 1644 nigrantia
3300 1589 3526 1644 corpora
3556 1588 3790 1631 noctem.

2496 1662 2743 1717 Attamen
2770 1664 2821 1717 in
2854 1664 3005 1719 tetris
3025 1664 3362 1734 splendentia
3390 1664 3584 1720 lumina
3615 1668 3867 1721 membris

2495 1750 2715 1821 Captivo
2741 1751 2944 1822 fulgore
2972 1754 3189 1820 micant,
3218 1754 3438 1823 visuque
3466 1756 3667 1809 nitente

2495 1840 2704 1897 Certior
2727 1845 2987 1898 accrescit
3016 1844 3226 1913 pullatis
3256 1845 3488 1899 vultibus
3517 1845 3706 1899 horror
3730 1860 3745 1898 :

2427 1922 2469 1980 Β
2498 1931 2758 1988 Caesaries
2784 1934 3049 2003 incompta
3071 1934 3228 2004 riget,
3255 1949 3373 2004 qua:
3399 1934 3545 1989 crine
3566 1936 3755 2004 supino

2491 2023 2799 2093 Stringitur,
2824 2033 2883 2078 ut
2906 2023 3088 2094 refugo
3116 2033 3297 2079 careat
3323 2024 3472 2080 frons
3500 2026 3635 2080 nuda
3664 2022 3877 2095 capillo.

2490 2112 2594 2167 Sed
2626 2128 2871 2182 magnum
2901 2125 3112 2168 nostros
3142 2114 3396 2184 quidquid
3426 2116 3663 2170 defertur
3686 2116 3750 2170 ad
3782 2131 3930 2184 usus,

2490 2204 2582 2257 llis
2613 2213 2777 2258 totum
2808 2213 2994 2258 natura
3022 2202 3169 2260 dedit
3197 2204 3398 2260 telluris
3422 2206 3633 2274 opima.

2487 2292 2751 2362 Quidquid
2780 2292 3058 2348 odoratum
3091 2295 3477 2363 pulchrumque
3506 2295 3771 2364 allabitur,
3804 2296 3927 2352 inde
3950 2306 4032 2353 est

2484 2381 2748 2439 Concolor
2778 2386 2862 2439 bis
2887 2386 3040 2442 ebeni
3073 2387 3222 2457 piceo
3248 2388 3318 2442 de
3347 2386 3531 2443 fomite
3562 2402 3740 2443 ramus

2486 2473 2684 2545 Surgit,
2713 2485 2765 2531 et
2789 2475 2893 2541 hic,
2924 2476 3102 2531 eboris
3132 2491 3326 2531 munus
3352 2491 3471 2547 quae
3498 2476 3717 2546 porrigit
3738 2478 3875 2545 orbi,

2486 2563 2729 2620 informis
2757 2566 3003 2635 pulcbros
3029 2566 3247 2637 deponit
3269 2568 3440 2622 bellua
3467 2568 3675 2623 dentes.

2488 2655 2623 2725 Ergo
2655 2658 2740 2710 ubi
2771 2657 3095 2712 transmissis
3122 2660 3303 2713 mundi
3329 2670 3487 2729 caput
3513 2661 3692 2730 incipit
3716 2660 3878 2728 ludis,

2484 2748 2599 2813 Quo
2628 2748 2905 2816 perhibent
2930 2761 3124 2803 terram
3152 2751 3376 2804 confinia
3399 2752 3623 2821 jungere
3650 2757 3808 2821 cm'o,

2482 2837 2656 2890 Lucus
2686 2839 2952 2893 inaccessa
2984 2840 3189 2894 cunctis
3220 2842 3529 2896 mortalibus
3555 2858 3681 2899 arte

2484 2928 2783 2994 Permanet,
2812 2938 3014 2986 azterno
3043 2931 3325 2986 conclusus
3356 2932 3546 2999 limite,
3581 2945 3853 3005 postquam

2484 3019 2690 3074 Decidit
2716 3022 2966 3088 expulsus
2993 3023 3226 3090 primaevi
3254 3023 3490 3077 criminis
3517 3034 3713 3090 auctor,

2484 3114 2656 3179 Atque
2681 3112 2785 3165 reis
2811 3114 2969 3183 digne
2996 3112 3136 3168 felici
3165 3129 3191 3165 a
3220 3115 3346 3170 sede
3368 3117 3613 3183 revulsis,

2482 3200 2739 3259 lecstes
2765 3203 2879 3257 lucc
2905 3215 3084 3259 sancta
3115 3207 3257 3274 capit
3286 3221 3425 3261 nunc
3451 3212 3568 3260 au'a
3601 3208 3888 3264 ministros.

2428 3303 2447 3323 λ
2480 3294 2593 3348 Non
2626 3295 2712 3349 hic
2740 3296 2929 3351 alterni
2962 3297 3198 3352 succedit
3227 3301 3478 3365 temporis
3507 3314 3735 3369 unquam
3790 3300 3801 3308 “

2478 3389 2693 3453 Bruma,
2725 3403 2822 3443 nec
2850 3389 3019 3443 aestivi
3047 3390 3271 3445 redeunt
3305 3400 3424 3460 post
3450 3389 3645 3461 [εἰδυῖα
3673 3392 3832 3458 soles,

2478 3479 2737 3534 Excelsus
2767 3480 2997 3534 calidum
3025 3494 3144 3534 cum
3179 3481 3355 3535 reddit
3384 3484 3614 3536 circuitis
3638 3498 3852 3549 annum,

2478 3569 2572 3623 Vel
2600 3571 2858 3625 dettsante
2883 3570 3001 3639 gelu
3024 3580 3459 3626 canescunt-arva
3489 3573 3710 3641 pruinis.

2476 3658 2571 3713 llic
2601 3675 2691 3713 ver
2716 3659 2985 3714 assiduum
3013 3662 3131 3715 caeli
3162 3662 3438 3717 clementia
3467 3673 3677 3717 servat:

2475 3749 2735 3803 Turbidus
2768 3752 2966 3806 Auster
3012 3751 3184 3819 abest,
3225 3767 3541 3823 semperque
3588 3754 3686 3808 sub
3732 3770 3854 3809 :-ere
3904 3758 4039 3815 sudo
4130 3806 4131 3809 η

2474 3840 2664 3893 Nubila
2692 3839 2974 3910 diffugiunt
2994 3841 3104 3911 jugi
3136 3856 3347 3897 cessura
3378 3859 3590 3899 sereno.

2472 3929 2583 3985 Nec
2616 3931 2785 3999 poscit
2814 3943 2997 3985 natura
3030 3934 3129 3987 loci
3158 3948 3291 4004 quos
3322 3950 3426 3989 non
3456 3935 3615 3990 habet
3639 3936 3856 4004 imbres,

2478 4020 2584 4074 Sed
2618 4029 2864 4074 contenta
2894 4036 2991 4076 suo
3019 4023 3269 4086 dotautttr
3296 4025 3532 4093 germina
3565 4043 3703 4081 rore.

2475 4111 2737 4176 Perpetuo
2768 4111 2905 4165 viret
2934 4124 3094 4166 omne
3123 4114 3314 4179 solum,
3344 4123 3602 4183 terraeque
3626 4119 3852 4186 tepentis

2475 4198 2674 4253 Blanda
2700 4200 2831 4253 nitet
2854 4200 3050 4265 facies;
3077 4210 3221 4255 stant
3246 4218 3455 4272 semper
3481 4206 3705 4263 collibus
3737 4208 3936 4276 herbae,

2474 4290 2873 4360 Arboribusque
2901 4304 3098 4357 comae;
3126 4307 3245 4361 qua:
3272 4307 3394 4347 cum
3424 4308 3481 4350 se
3512 4294 3640 4352 flore
3668 4296 3927 4368 frequenti

2479 4381 2807 4447 Ditfundunt,
2836 4383 2999 4437 celeri
3029 4384 3331 4439 confertam
3360 4388 3595 4457 germina
3624 4404 3805 4445 succo.

2472 4471 2603 4527 Nam
2632 4473 2884 4542 quidquid
2919 4474 3070 4528 nobis
3100 4483 3211 4529 toto
3242 4491 3381 4531 nunc
3407 4480 3643 4534 nascitur
3668 4495 3827 4547 anno,

2472 4562 2737 4616 Menstrua
2769 4571 2975 4617 maturo
3003 4563 3131 4618 dant
3159 4565 3268 4619 illic
3295 4574 3533 4635 tempora
3557 4568 3750 4623 fructu.

2470 4654 2601 4707 Lilia
2634 4653 2904 4721 perlucent
2930 4653 3070 4707 nullo
3098 4654 3367 4711 flaccentia
3397 4658 3529 4724 sule,

2468 4745 2574 4800 Nec
2606 4756 2773 4800 tactus
2804 4748 2964 4801 violat
2992 4746 3177 4815 violas,
3202 4762 3518 4820 roseumque
3545 4751 3792 4807 ruborem

2469 4840 2701 4894 Servans
2728 4848 2981 4909 perpetuo
3003 4838 3255 4893 suffundit
3277 4842 3442 4911 gratia
3472 4843 3636 4897 vul.u.

2468 4932 2557 4988 Sic
2586 4947 2706 4986 eum
2729 4933 2864 4987 desit
2894 4933 3083 4995 hiems,
3116 4946 3215 4987 nec
3241 4932 3437 4987 torrida
3466 4933 3665 4989 ferveat
3693 4945 3870 5004 astas,

2469 5027 2750 5083 Fructibus
2771 5036 3073 5091 autumnus,
3107 5041 3201 5081 ver
3228 5025 3445 5082 floribus
3474 5038 3694 5100 occupat
3717 5046 3935 5086 annum.

2472 5117 2565 5173 liic
2592 5132 2711 5187 quae
2737 5117 2924 5173 donari
2954 5118 3207 5172 mentitur
3236 5116 3371 5171 fama
3403 5116 3605 5174 Sabmis

2468 5208 2719 5264 Cinnama
2749 5216 3057 5275 nascuntur,
3077 5204 3238 5261 'vivax
3267 5222 3384 5277 qua:
3408 5209 3611 5281 colligit
3637 5211 3770 5279 ales,

2469 5299 2638 5354 Natali
2666 5313 2785 5353 cum
2815 5298 2918 5352 fine
2946 5297 3107 5367 perit,
3141 5296 3369 5367 nidoque
3397 5311 3609 5368 perusta

2470 5391 2770 5446 Succedens
2796 5390 3011 5446 sibimet
3037 5389 3258 5458 quaesita
3284 5399 3454 5446 morte
3484 5393 3711 5462 resurgit
3736 5410 3748 5446 :

2468 5483 2573 5537 Nec
2600 5491 2847 5538 contenta
2877 5498 2974 5537 suo
2999 5491 3202 5536 tantum
3230 5484 3393 5537 semel
3414 5485 3600 5539 ordine
3622 5488 3794 5554 nasci;

2470 5574 2642 5643 Longa
2667 5573 2931 5629 veternosi
2960 5581 3245 5628 renovatur
3272 5576 3509 5643 corporis
3532 5590 3685 5643 asas,

2467 5663 2653 5717 lucens
2672 5679 2847 5733 «mque
2883 5667 3052 5718 levant
3079 5663 3296 5718 exordia
3322 5665 3506 5721 crebra
3536 5668 3827 5725 senectam.

2466 5755 2576 5809 lllic
2604 5754 2867 5808 desudans
2898 5754 3182 5824 fragrantia
3215 5756 3446 5812 balsama
3477 5773 3656 5813 ramus

2464 5846 2777 5912 I’erpetuum
2807 5847 3004 5915 promit
3032 5844 3210 5917 pingui
3239 5846 3305 5904 de
3328 5846 3503 5919 Stipite
3530 5849 3751 5906 fluxum.
