4316 6468
3033 79 3036 82 .
3115 79 3118 84 Ι
3167 53 3194 82 ,τ
3225 51 3302 80 ᾼΛητ
3357 59 3372 66 ,ι
3435 57 3456 66 .~
3477 59 3508 72 ο..
3529 59 3536 66 ρ
3563 51 3732 82 ηδ““τί
3773 59 3832 76 ...ρ
3902 52 3907 65 t

3037 101 3044 104 .
3099 99 3148 106 _..
3181 99 3192 104 -
3247 103 3252 106 .
3275 95 3312 106 ε·
3347 93 3526 106 ..ι’-..κ-
3563 93 3584 100 -
3619 101 3644 106 -
3665 99 3694 106 η.
3788 108 3791 109 ν
3822 102 3827 105 ,

2883 131 2910 136 ,.
2963 129 2986 134 ..
3129 123 3208 134 ,μ-
3235 117 3382 136 ’.υ-..ξ
3433 117 3440 120 ·
3499 109 3666 136 νῗ
3690 118 3707 137 :1
3730 120 3803 137 ειν

497 583 599 642 ses
986 546 989 547 '
1805 563 2183 626 rosumm
2224 562 2429 620 LlllEft
2471 561 2537 618 ιι.
3685 561 3789 619 53a

496 698 633 754 Tum
661 694 706 750 si
737 693 875 749 forte
900 689 1033 748 leris
1063 688 1230 746 movit
1258 684 1553 758 spiramina
1581 694 1800 751 ventus,
2116 684 2164 743 Α
2198 678 2433 749 Despicit
2457 676 2674 735 excelso
2700 677 2789 746 qui
2822 675 3041 731 ﬂumina
3067 683 3259 730 cuncta
3284 684 3488 740 meatu,

496 788 735 844 Flatibus
764 781 996 855 exiguis,
1028 780 1243 850 lenique
1265 777 1495 848 impulsa
1526 789 1773 840 susurro,
2193 771 2368 839 Ipsius
2394 778 2451 826 at
2470 786 2557 841 lue
2587 779 2741 841 pater
2773 769 2944 839 pelagi
2975 768 3347 839 supereminet
3369 780 3583 834 omnes,

402 918 403 921 η
498 876 655 931 Dives
683 874 817 930 silva
851 872 1033 928 tremit
1054 868 1219 936 foliis,
1248 883 1315 926 ae
1338 866 1476 924 ﬂore
1499 866 1729 932 salubri,
2193 864 2339 932 Quas
2370 870 2603 929 montes,
2632 875 2767 937 quas
2794 859 2952 931 plana
2987 871 3233 926 vomunt,
3261 872 3398 930 quas
3426 859 3629 922 nubila,
3660 861 3784 931 lym.

499 968 602 1034 Qui
629 979 850 1037 sparsus
876 965 982 1019 late
1010 975 1208 1019 suaves
1236 960 1515 1031 dispensat
1551 957 1771 1013 odores.
2441 1010 2445 1015 ,
3540 950 3717 1023 [ριιπε.

493 1057 594 1115 llic
623 1058 741 1113 fons
764 1052 1045 1126 perspicuo
1073 1052 1428 1123 resplendens
1456 1048 1670 1120 gurgite
1698 1046 1892 1119 surgit.
2191 1043 2424 1111 Quartus
2453 1042 2669 1115 Pbyson
2692 1042 2814 1106 erit,
2846 1056 3007 1113 quem
3039 1042 3280 1119 possidet
3309 1041 3460 1103 ludia
3488 1042 3763 1114 Gangem,

492 1152 637 1207 Talis
666 1150 719 1205 itt
747 1159 975 1220 argento
1001 1163 1107 1203 non
1139 1146 1302 1217 fulget
1333 1143 1526 1216 gratia,
1562 1152 1767 1197 lautam
2191 1134 2196 1187 l

2191 1133 2364 1189 Motus
2384 1132 2663 1190 odorifero
2688 1134 2904 1204 quoties
2932 1133 3024 1204 qui
3054 1134 3261 1191 vertice
3282 1135 3475 1203 crevit,

490 1241 601 1299 Nec
625 1241 879 1312 crystalla
902 1239 1121 1295 trahunt
1150 1235 1321 1293 nitido
1344 1234 1411 1291 de
1443 1234 1643 1304 frigore
1670 1232 1868 1289 lucem.
2192 1223 2457 1281 Deciduns
2484 1227 2711 1294 pulchro
2736 1238 2872 1294 quas
2902 1236 3163 1295 spargunt
3188 1224 3410 1280 ﬂumina
3440 1226 3564 1284 luco

491 1332 732 1402 Margine
760 1332 997 1402 riparum
1030 1327 1229 1383 virides
1252 1330 1494 1382 micuere
1519 1324 1709 1396 lapilli,
2190 1314 2195 1369 1

2190 1313 2551 1371 Pmlambens
2578 1314 2785 1369 furatur
2811 1328 2967 1387 opes,
2999 1325 3053 1371 et
3082 1316 3292 1387 gurgite
3318 1325 3563 1373 nostrum

490 1422 556 1478 Et
583 1437 718 1492 quas
746 1422 973 1478 miratur
1001 1418 1188 1475 mundi
1216 1417 1481 1488 iactantia
1509 1428 1772 1487 gemmas,
2193 1405 2194 1409 “

2193 1403 2347 1459 Ducit
2372 1404 2719 1467 inessilium.
2752 1406 2885 1460 Nam
2917 1406 3031 1476 ripa
3062 1407 3244 1478 largus
3272 1417 3524 1479 utraque,

489 1512 604 1569 Illic
624 1526 751 1567 saxa
776 1510 960 1580 jnccnt
984 1526 1000 1567 :
1023 1509 1201 1564 varios
1231 1508 1367 1562 dant
1392 1521 1520 1561 arva
1542 1505 1775 1570 colores,
2190 1538 2193 1546 ι

1740 1518 1775 1570 ι,
2190 1494 2454 1563 Atnnibus
2485 1503 2542 1549 ut
2562 1495 2765 1551 nostris
2792 1495 2998 1551 enodes
3021 1495 3165 1573 ferre
3188 1512 3444 1570 papyros,

488 1604 552 1657 Et
586 1601 816 1657 naturali
840 1614 1063 1671 campos
1092 1599 1395 1655 diademate
1422 1598 1670 1668 pingunt.
2190 1630 2192 1635 ι

2190 1588 2295 1638 Aut
2324 1586 2533 1655 scirpos
2558 1585 2819 1655 algasque
2850 1586 3001 1642 leves
3028 1586 3301 1645 deducere
3331 1603 3449 1645 mos
3475 1599 3580 1657 est,

488 1693 749 1749 [domum
782 1693 887 1747 ιεηί
923 1690 1085 1747 fontis
1109 1689 1179 1745 de
1208 1690 1409 1746 vertice,
1440 1689 1641 1744 numen
2191 1673 2544 1730 Excrementa
2582 1675 2808 1730 trabens
2830 1690 3059 1748 magnus
3084 1678 3162 1733 sic
3190 1678 3321 1734 ditia
3344 1678 3559 1750 Ganges

488 1784 751 1852 Quattuor
776 1785 829 1838 in
856 1784 1035 1852 largos
1061 1780 1347 1837 confestim
1374 1779 1639 1835 scinditur
1666 1794 1876 1835 amnes.
2188 1764 2192 1817 ¹

1862 1819 1876 1834 ,
2188 1764 2301 1819 lioc
2327 1767 2490 1821 etiam
2516 1766 2677 1822 donat
2714 1768 2938 1836 mundo,
2970 1769 3115 1839 quoii
3144 1770 3359 1840 proj-cit
3379 1770 3560 1827 alveo.

487 1873 839 1943 Euphratem,
868 1872 1180 1944 Tigrimque
1205 1880 1421 1937 vocant,
1452 1871 1543 1941 qui
1575 1871 1746 1928 limite
1771 1883 1923 1927 certo

2264 1857 2472 1912 Interea
2503 1859 2682 1927 primi,
2713 1872 2959 1914 summus
2982 1875 3116 1927 quos
3142 1862 3396 1931 junxerut
3423 1873 3636 1929 auctor.

485 1964 665 2036 Longa
694 1962 1011 2035 sagittiferis
1036 1962 1239 2018 faciunt
1264 1962 1494 2018 confinia
1529 1962 1764 2020 Parthis.

1668 1964 1764 2020 πίε,
2188 1948 2244 2002 In
2270 1949 2602 2018 paradisiaca
2635 1963 2910 2021 ponuntur
2940 1953 3072 2009 sede
3100 1964 3372 2025 parentes.

484 2056 699 2111 'l'crtius
729 2056 853 2111 inde
885 2053 1057 2121 Geon,
1091 2053 1241 2109 Latio
1265 2053 1354 2123 qui
1387 2053 1606 2109 nomine
1634 2053 1785 2109 Nilus
2115 2058 2158 2117 Β
2188 2041 2320 2098 Tum
2350 2053 2529 2099 rector
2557 2044 2649 2099 tali
2682 2048 2938 2116 proponit
2965 2050 3184 2115 prannia
3216 2048 3370 2118 lt-ge:

483 2145 693 2202 Dicitur
718 2146 903 2218 ignoto
931 2149 1141 2202 cunctis
1170 2146 1292 2216 plus
1322 2145 1518 2202 nobilis
1546 2156 1702 2210 ortu;
2184 2149 2187 2171 ‘

2184 2135 2228 2186 υ
2254 2147 2523 2188 summum
2553 2134 2781 2193 factoris
2804 2151 2961 2207 upus,
2995 2152 3132 2207 quos
3161 2140 3279 2193 sula
3308 2142 3513 2197 creavit

482 2237 652 2309 Cujus
675 2241 729 2295 in
757 2239 1049 2312 Egyptnm
1080 2239 1221 2296 lenis
1252 2239 1548 2308 perlabitur
1579 2240 1742 2305 unda,
2183 2225 2186 2276 ὲ

2183 2222 2376 2279 Nostra
2406 2239 2621 2290 manus,
2653 2228 2799 2282 nasci
2836 2241 2960 2282 cum
2987 2238 3185 2284 caetera
3214 2244 3347 2286 voce
3369 2230 3469 2301 jub
3505 2249 3642 2297 rem,

485 2328 725 2385 Ditatura
754 2343 905 2385 suam
932 2337 1085 2385 certo
1107 2329 1208 2383 sub
1231 2338 1475 2397 tempore
1505 2337 1729 2384 terram.
2182 2355 2189 2369 α

2182 2313 2436 2383 Aspicitis
2465 2325 2669 2386 quanto
2700 2317 3096 2387 pulcherrimus
3130 2319 3296 2375 ubere
3325 2320 3480 2377 lucus

480 2418 616 2475 Nam
643 2421 856 2491 quoties
883 2420 1091 2477 tumido
1123 2421 1421 2493 perrumpit
1444 2418 1667 2474 flumine
1698 2422 1844 2489 ripas
2186 2407 2289 2461 Per
2318 2406 2515 2462 multas
2545 2408 2837 2463 famulatur
2867 2411 3035 2477 Opes?
3065 2411 3181 2493 burc
3209 2428 3406 2471 Cuncta
3434 2415 3707 2474 dabuntur

480 2508 702 2575 Alveus,
732 2519 787 2565 et
814 2498 978 2580 nigris
1000 2491 1233 2579 campo;
1251 2509 1573 2579 perinundat
1595 2512 1797 2576 arenis,
2183 2543 2184 2548 η

2183 2497 2263 2551 Ad
2295 2507 2507 2553 vestros
2530 2499 2649 2554 sine
2675 2500 2783 2555 line
2809 2500 2983 2569 cibos,
3016 2501 3144 2558 hinc
3170 2517 3296 2558 esca
3327 2514 3578 2573 petatur:

480 2599 709 2657 υδει-ιω
741 2611 955 2657 matur
978 2615 1136 2671 aqua,
1166 2599 1415 2671 ςωιοεμιθ
1443 2610 1667 2655 vacante
2179 2588 2386 2643 Sumite
2411 2603 2701 2644 ςοηεθρεεε
2726 2589 2928 2660 fruges,
2953 2600 3009 2644 et
3036 2592 3245 2660 carpite
3273 2609 3455 2662 poma.

480 2687 818 2746 Terrestrem
851 2677 1084 2759 pluviam
1112 2687 1343 2745 diﬂ'usus
1366 2687 1591 2759 porrigit
1619 2691 1817 2746 amnis.
2185 2680 2278 2733 “i0
2307 2680 2487 2748 οΡθτίῑ
2517 2678 2665 2734 dulei
2711 2680 2893 2735 studio
2940 2695 3131 2737 secura
3172 2682 3433 2753 quiescat'

481 2780 635 2838 Tunc
665 2782 869 2837 inclusa
900 2782 1031 2837 latet
1061 2782 1171 2836 lato
1196 2770 1298 2836 sub
1323 2779 1535 2851 gurgite
1562 2779 1845 2851 Memphis,

1796 2796 1845 2845 ε,
2185 2770 2503 2839 ltcliciisque
2527 2770 2714 2826 fruens
2744 2772 2985 2842 longaevo
3015 2772 3069 2827 in
3102 2781 3344 2846 tempore
3370 2778 3497 2833 vita.

481 2872 553 2929 Et
581 2887 746 2944 super
767 2873 1021 2928 absentes
1049 2885 1330 2942 possessor
1360 2871 1572 2940 navigat
1602 2878 1781 2941 agros.
2184 2865 2281 2919 Est
2308 2877 2486 2921 tamen
2517 2865 2570 2919 iu
2603 2865 2782 2921 medio
2814 2866 3052 2923 nemoris
3082 2883 3243 2937 quam
3274 2870 3498 2928 cernitis
3526 2872 3689 2930 arbor

480 2963 770 3020 Terminus
805 2965 981 3020 omnis
1007 2964 1181 3031 abest,
1219 2972 1466 3032 sequatur
1486 2961 1667 3031 judice
1696 2960 1856 3018 ﬂuctu
2180 2954 2435 3011 Notitiam
2468 2957 2599 3013 recti
2632 2957 2891 3029 pravique
2915 2959 2970 3014 in
2998 2962 3243 3029 germine
3270 2972 3528 3032 portans:

462 3054 671 3109 Annua
700 3054 1041 3123 suspendens
1070 3062 1365 3109 contectus
1374 3053 1551 3122 iurgia
1582 3051 1762 3107 limes.
2184 3045 2352 3117 Hujus
2380 3048 2449 3103 ab
2474 3063 2697 3105 accessu
2722 3052 2946 3106 vetitum
2977 3051 3290 3123 restringite
3319 3064 3544 3113 tactum.

480 3142 735 3200 Gramina
766 3153 889 3200 nota
922 3143 1066 3200 videt
1092 3143 1554 3201 laetus'subsidere
1584 3152 1787 3215 pastor,
2179 3137 2291 3195 Nec
2319 3152 2417 3194 vos
2444 3140 2584 3195 forte
2616 3150 2827 3207 premat
2856 3152 2891 3195 tt
2911 3142 3141 3198 meraria
3170 3143 3382 3201 discere
3409 3161 3541 3204 cura

479 3234 645 3307 inque
669 3235 845 3291 locum
871 3249 1128 3307 pecorum
1156 3234 1439 3290 viridantis
1453 3232 1648 3305 jngere
1669 3236 1844 3303 campi
2179 3232 2333 3300 Quod
2361 3233 2555 3288 doctor
2583 3232 2835 3299 prohibet
2860 3251 2873 3286 :
2906 3234 3103 3290 melius
3131 3235 3345 3293 nescire
3373 3237 3549 3301 beatis

474 3325 783 3385 Succedunt
809 3338 1003 3397 nantes
1030 3326 1204 3381 aliena
1237 3340 1335 3395 per
1356 3340 1572 3395 aquora
1603 3325 1801 3395 pisces.
2179 3324 2332 3394 Quod
2365 3328 2627 3396 quaesisse
2656 3333 2850 3391 nocet;
2885 3336 3055 3382 testor
3084 3342 3244 3397 quem
3278 3327 3506 3386 fecimus
3534 3330 3747 3401 orbem,

474 3418 575 3473 Ast
602 3426 884 3488 postquam
913 3418 1060 3488 largo
1090 3416 1384 3481 fecundans
1413 3416 1659 3487 germina
1693 3427 1818 3483 potu
2096 3426 2144 3489 ε
2180 3416 2334 3484 Quod
2363 3416 2407 3471 si
2436 3416 2557 3485 quis
2588 3420 2810 3472 vetitum
2844 3417 3251 3487 prmsumpserit
3278 3418 3475 3492 arbore
3499 3436 3745 3494 pomum.

475 3506 719 3578 Lympba
749 3507 1021 3563 maritavit
1050 3506 1283 3563 sitientis
1304 3506 1511 3563 viscera
1544 3518 1728 3573 terras,
2177 3505 2367 3562 Audax
2398 3507 2753 3562 commissum
2785 3508 2978 3563 mortis
3001 3507 3317 3565 discrimine
3345 3512 3565 3581 pendet.

474 3598 796 3670 Regreditur
824 3598 998 3664 Nilus,
1032 3612 1358 3670 sparsasque
1386 3599 1654 3670 recolligit
1684 3599 1854 3657 undas
1882 3617 1897 3654 :
2176 3597 2295 3653 Non
2325 3598 2588 3655 immensa
2615 3598 2843 3668 loquor;
2873 3597 3046 3655 facilis
3074 3602 3321 3658 custodia
3354 3606 3488 3661 recti
3516 3615 3636 3663 est:

474 3690 561 3745 Fit
593 3688 785 3745 ﬂuvius
817 3698 1075 3767 pereunte
1096 3690 1213 3745 lacu
1239 3706 1253 3743 :
1279 3698 1391 3744 tum
1422 3689 1666 3746 redditur
1693 3691 1846 3747 alveo
2176 3687 2437 3746 Servatur
2465 3688 2654 3756 vitam,
2686 3688 2846 3744 ﬂnem
2873 3699 3171 3746 temerator
3196 3692 3434 3750 habebit.

474 3778 703 3837 Pristina
732 3784 971 3851 riparum
998 3780 1268 3836 conclusis
1297 3780 1554 3837 ﬂuctibus
1585 3782 1749 3857 obes,
2176 3779 2465 3851 Accipiunt
2489 3781 2720 3851 juvenes
2746 3780 2974 3845 dictum,
3008 3782 3226 3854 letique
3255 3798 3579 3856 sequuntur,

472 3868 659 3926 Donec
686 3871 960 3927 dividuum
987 3886 1247 3943 spargens
1271 3887 1367 3941 per
1394 3872 1549 3927 devia
1575 3871 1735 3929 finem
2174 3870 2517 3942 Spondentes
2538 3884 2739 3930 cuncto
2764 3872 3086 3930 servandam
3120 3884 3366 3947 tempore
3398 3877 3598 3949 legem.

473 3959 697 4032 Gurgite
716 3970 943 4031 septeno
970 3962 1209 4029 patulum
1244 3971 1523 4031 percurrat
1549 3963 1601 4017 in
1630 3978 1835 4033 sequor.
2176 3964 2267 4021 Sic
2296 3964 2479 4034 ignara
2510 3964 2633 4019 mali
2662 3964 2897 4034 novitas,
2928 3979 3028 4021 nec
3057 3952 3281 4025 conscia
3310 3968 3534 4037 fraudis,

471 4052 578 4117 Sed
600 4067 699 4107 cur
724 4050 933 4120 dicatur
963 4059 1170 4106 tantum
1198 4053 1468 4107 mundana
1500 4054 1668 4110 latere
2174 4054 2423 4112 lncautas
2453 4055 2597 4109 nulla
2628 4055 2797 4125 tetigit
2833 4055 3123 4113 formidine
3151 4068 3389 4123 mentes.

481 4144 669 4198 Verte:
698 4144 819 4200 Nile
850 4144 1006 4200 tuus?
1033 4161 1154 4201 nam
1185 4146 1275 4220 qui
1306 4148 1534 4203 nescit-is
1560 4149 1628 4203 ab
1655 4156 1806 4216 ortu,’
2174 4149 2243 4205 At
2274 4158 2428 4219 pater
2449 4148 2740 4203 instructos
2769 4158 2979 4203 sacrata
3007 4149 3061 4204 in
3091 4150 3224 4205 sede
3244 4150 3582 4222 relinquens,

468 4230 585 4287 Non
608 4231 781 4301 solus,
808 4236 903 4291 sed
929 4246 1153 4307 quartus
1182 4252 1325 4299 eras.
1353 4236 1577 4293 dimisus
1602 4238 1671 4293 ab
1699 4237 1813 4306 illo',
2176 4240 2353 4295 Lzetus
2380 4242 2431 4295 in
2458 4239 2775 4310 astrigeram
2803 4240 2927 4295 cteli
2955 4254 3014 4294 se
3044 4241 3264 4298 sustulit
3289 4243 3492 4301 aulam.

504 4381 2092 4413 mm—

1400 4494 1867 4602 LIBER
1959 4495 2795 4607 SECUNDUS.

1700 4656 1791 4711 DE
1828 4656 2178 4715 ORlGlNALl
2216 4655 2549 4715 PECCATO.

540 4798 717 4854 Utitur
746 4798 971 4861 interea,
1004 4797 1214 4851 venturi
1242 4795 1420 4851 nescia
1452 4810 1629 4859 casus,
2172 4792 2463 4865 Compellit
2484 4794 2627 4865 quod
2653 4794 2797 4850 nulla
2820 4793 3010 4860 fames,
3041 4810 3142 4853 nec
3172 4795 3312 4853 lassa
3334 4796 3573 4856 fovendo

466 4887 714 4945 Libertas
744 4901 930 4941 secura
956 4888 1136 4951 bonis,
1169 4884 1476 4957 fruiturque
1506 4885 1661 4941 beata
2169 4882 2654 4956 ludigus'librtatur
2679 4886 2943 4956 compleri
2970 4889 3174 4950 viscera
3208 4900 3417 4946 venter.

472 4977 726 5034 Ubertate
755 4979 878 5033 loci.
906 4978 1102 5047 Largus
1135 4979 1259 5032 iiinc
1279 4978 1500 5047 porrigit
1530 4978 1635 5032 illis
2168 4978 2233 5033 Et
2260 4978 2357 5032 n'si
2390 4991 2711 5033 concessum
2744 4979 2991 5034 libuisSet
3022 4996 3250 5038 noscere
3284 4990 3519 5052 pastum,

468 5069 656 5126 Tclius
688 5081 935 5139 prompta
965 5070 1114 5124 cibos
1146 5085 1161 5121 :
1195 5069 1400 5123 fruticis
1427 5069 1556 5138 quin
1584 5069 1724 5122 altor
1748 5068 1916 5139 opimi
2095 5105 2145 5166 Β
2173 5068 2427 5125 Esuriens
2455 5070 2632 5139 ignota
2655 5070 2805 5124 cibus
2828 5085 2935 5125 non
2958 5080 3211 5141 posceret
3232 5074 3392 5141 ullos,

466 5162 711 5219 Sumitttr
738 5162 989 5217 assiduus
1016 5162 1163 5217 tenui
1197 5162 1263 5217 de
1284 5161 1489 5232 cespite
1521 5164 1748 5217 fructus.
2095 5158 2136 5166 ⁷
2167 5160 2431 5230 Nullaque
2458 5167 2795 5229 constantem
2822 5158 3078 5216 fulcirent
3107 5162 3302 5233 pabula
3330 5165 3521 5219 vitam.

468 5256 536 5309 At
557 5254 600 5307 si
627 5254 837 5307 curvati
866 5251 1103 5307 fecundo
1134 5252 1376 5321 pondere
1404 5255 1539 5307 rami
2168 5249 2409 5320 Corpora
2440 5251 2579 5305 nuda
2613 5250 2819 5316 vident,
2846 5260 2900 5306 et
2930 5262 3114 5307 mutua
3142 5267 3371 5310 cernere
3395 5257 3639 5314 uembra

465 5344 613 5401 ltitia
646 5346 966 5399 submittunt
990 5343 1207 5398 sublimi
1235 5360 1297 5397 ex
1329 5345 1522 5401 arbore
1555 5361 1733 5413 poma,
2167 5344 2283 5400 Non
2309 5346 2505 5413 pudet,
2530 5354 2693 5414 atque
2716 5343 2867 5401 rudis
2890 5345 3091 5401 foedum
3116 5346 3190 5401 nil
3222 5348 3390 5404 sentit
3419 5348 3697 5411 honestas.

466 5437 722 5493 Protinus
750 5436 804 5489 in
833 5433 1017 5488 ﬂorem
1050 5449 1251 5489 vacuus
1280 5445 1590 5505 turgescere
1618 5437 1822 5506 palmes
2168 5436 2283 5490 Non
2306 5444 2497 5491 natura
2527 5434 2785 5502 hominis,
2817 5435 3009 5491 vitium
3040 5436 3137 5492 sed
3160 5452 3324 5494 causa
3353 5439 3545 5509 pudori
3570 5452 3653 5499 est
3677 5460 3693 5509 ς

464 5530 675 5600 Incipit,
710 5529 871 5599 inque
898 5528 1052 5583 novis
1085 5528 1250 5584 fetum
1286 5531 1601 5595 pmmirtere
1631 5534 1879 5600 gen-.mis.
2168 5528 2300 5583 Num
2326 5541 2663 5597 qumcunque
2691 5526 2870 5583 bonus
2903 5528 3152 5583 formavit
3176 5532 3419 5585 membra
3448 5531 3692 5599 Greater,

465 5622 585 5678 Jam
615 5624 659 5675 si
692 5620 988 5690 praedulces
1016 5619 1250 5675 delrctat
1276 5636 1503 5687 carpere
1532 5637 1752 5675 somnos
1770 5668 1784 5689 ,
2166 5618 2238 5673 Ut
2269 5620 2573 5688 pudibunda
2603 5619 2805 5688 forent,
2828 5622 3012 5676 carnis
3039 5630 3159 5688 post
3188 5624 3449 5692 compulit
3472 5640 3621 5683 usus.

466 5712 713 5768 Mollil-us
746 5710 1016 5779 in‘tpratis,
1048 5710 1294 5778 pictaque
1326 5710 1662 5767 recumbitur
1686 5713 1872 5765 herba.
2165 5713 2316 5767 Tunc
2348 5727 2502 5768 mens
2531 5712 2767 5769 intactos
2786 5712 3041 5769 servabat
3063 5705 3296 5770 candida
3318 5718 3490 5785 visus,

464 5803 708 5873 Cumque
738 5802 998 5856 vnltmtall
1022 5817 1232 5857 sitarum
1264 5817 1456 5858 nemus
1483 5801 1679 5860 oﬂ‘erat
1700 5820 1889 5861 omnes
2166 5804 2437 5875 Angelicaa
2458 5805 2630 5874 qualis
2660 5816 2907 5862 narratur
2939 5797 3110 5876 gloria
3136 5808 3261 5861 vita;

466 5893 717 5956 lic-licius,
752 5892 1052 5961 onibnsque
1085 5892 1241 5947 novis
1263 5908 1323 5948 se
1351 5892 1592 5963 praebeat
1620 5898 1859 5965 amplum
1897 5916 1909 5949 ι
2164 5898 2414 5954 Sidereas
2441 5898 2682 5953 habitare
2715 5897 2940 5963 domos;
2974 5898 3299 5969 qualemque
3329 5898 3625 5969 redemptis

464 5985 555 6043 Sic
585 5985 766 6058 epulas
790 5993 967 6037 tamen
997 5984 1048 6036 iii
1078 5983 1317 6055 capiunt,
1345 6000 1633 6058 escamque
1662 5990 1978 6063 requirunt,
2165 5986 2407 6060 Spondet
2428 5986 2759 6047 reddendam
2790 5988 2982 6049 mortis
3011 5997 3135 6059 poet
3164 5999 3411 6061 tempora
3433 5988 3677 6049 Christus
3697 6008 3720 6046 τ

708 6076 985 6139 Panos.
1029 6076 1196 6139 LIX.

3331 6079 3404 6141 11
