4316 6478
786 493 876 546 ἵει
2081 487 2137 543 S.
2180 485 2358 540 AVITI
2402 485 2802 542 VIENNENSIS

2386 604 2438 659 Λ
2466 599 2613 655 Tunc
2642 603 2838 654 mixtus
2868 617 2985 654 cum
3017 601 3137 655 felle
3167 601 3336 671 pudor
3367 602 3444 655 sic
3479 614 3692 670 pectore
3727 611 3946 671 questus

785 603 944 668 Queis
977 617 1150 674 neque
1176 601 1478 675 conjugium
1509 616 1650 655 cura:
1678 615 1776 656 nec
1806 600 2004 656 findere
2034 601 2173 669 turpi
2215 636 2220 638 -

784 692 1025 749 Blisccbit
1047 697 1245 752 calidos
1275 697 1498 753 carnalis
1527 693 1715 760 copula
1745 707 1926 746 sexus.

783 787 1025 845 (lassabit
1052 789 1297 857 gemitus,
1321 786 1494 844 luxus,
1529 793 1723 846 metus,
1755 784 1854 847 ira,
1891 783 2156 849 voluptas,

787 881 976 947 Fraus,
1003 881 1171 944 dolor,
1204 888 1360 946 atque
1392 877 1568 940 dolus,
1603 889 1821 936 tnmror,
1869 873 2160 935 discordia,
2203 872 2358 926 livor.

785 971 970 1024 Nullus
993 983 1174 1037 egens,
1204 968 1382 1020 nullus
1412 966 1655 1029 cupiens,
1686 962 1777 1016 sed
1809 977 1942 1030 pace
1971 964 2072 1015 sub
2104 977 2206 1015 una

783 1058 1024 1113 Sufficiet
1052 1058 1259 1112 cunctis
1284 1067 1589 1111 sanctorum
1620 1053 1793 1123 gloria
1823 1053 2093 1107 Christus.

861 1151 956 1204 llis
985 1151 1436 1218 protoplastorum
1466 1160 1679 1201 sensum
1711 1145 2002 1213 primordia
2034 1159 2182 1199 sacra

782 1238 1110 1295 Cootinuere
1135 1239 1314 1303 bonis;
1332 1237 1497 1290 donec
1521 1237 1813 1290 certamine
1840 1236 2013 1303 primo

787 1331 1037 1385 Vinceret
1067 1343 1353 1400 oppressos
1379 1327 1617 1381 fallacem
1650 1327 1801 1394 culpa
1830 1342 1925 1394 per
1949 1327 2181 1379 hostem.

789 1422 1018 1491 Angulus
1047 1422 1128 1475 hic
1154 1421 1354 1474 dudum
1385 1421 1576 1483 fuerat,
1604 1417 1698 1473 sed
1731 1419 1958 1472 crimine
1990 1427 2267 1485 postquam

785 1512 1087 1565 Succensus
1116 1511 1354 1580 propriu,
1387 1509 1617 1562 tumidos
1647 1509 1848 1562 exarsit
1873 1507 1922 1561 in
1950 1522 2128 1569 ausus,

784 1603 857 1654 Se
892 1613 1062 1654 semet
1088 1587 1288 1655 l'eciSse
1313 1608 1519 1668 putans,
1544 1613 1668 1652 suus
1702 1597 1816 1666 ipse
1838 1597 2067 1668 iCreator

789 1691 938 1756 Quod
972 1691 1151 1755 fuerit,
1185 1680 1370 1742 rabido
1398 1689 1645 1757 cnicepit
1671 1667 2113 1747 corde‘furot'cm,

781 1784 1177 1847 Auctoremque
1207 1790 1426 1844 negans,
1461 1777 1708 1829 Divinum
1739 1789 2062 1844 consequar,
2094 1774 2286 1843 inquit,

780 1869 1006 1934 Nomen,
1031 1879 1084 1922 et
1111 1878 1366 1922 aeternam
1398 1882 1588 1936 ponam
1611 1881 1772 1935 super
1794 1865 1992 1920 anthera
2015 1866 2218 1930 sedem,

780 1963 1008 2018 Excelso
1035 1960 1245 2024 similis,
1272 1959 1497 2014 summis
1529 1973 1627 2012 nec
1658 1957 1862 2012 viribus
1885 1956 2074 2026 impar.

780 2056 926 2110 Talia
948 2053 1237 2122 jactantem
1272 2052 1523 2120 prmcelsa
1546 2065 1615 2119 po
1644 2051 1792 2104 entia
1823 2050 1962 2104 coelo

782 2147 938 2213 iecit,
972 2156 1025 2200 et
1047 2145 1274 2213 ejectum
1300 2143 1476 2212 prisco
1503 2143 1750 2210 spoliavit
1783 2143 2009 2195 honore.

781 2238 985 2306 Quique
1017 2245 1274 2289 creatum
1298 2232 1559 2301 praefulsit
1583 2233 1632 2284 in
1666 2230 1854 2284 ordine
1882 2232 2110 2300 primus,

783 2328 990 2380 Primas
1014 2337 1241 2379 venturo
1271 2324 1468 2393 pendet
1496 2322 1596 2375 sub
1620 2322 1801 2389 judice
1835 2335 2041 2389 prunas.

778 2414 1225 2484 Quandoquidem
1255 2413 1470 2485 gravidr
1498 2412 1652 2466 talem
1676 2411 1942 2466 sententia
1974 2410 2145 2480 punit,

780 2507 949 2574 Quem
981 2505 1173 2561 mirum
1194 2503 1456 2559 cecidisse
1476 2502 1666 2571 putes?
1691 2517 1810 2555 nam
1837 2502 2040 2555 crimen
2071 2501 2288 2555 acerbat

781 2600 1002 2662 Auctor,
1033 2597 1086 2652 in
1113 2597 1300 2666 ignaro
1339 2593 1510 2648 minor
1531 2605 1610 2654 est
1638 2602 1890 2662 peccante
1915 2603 2116 2657 reatus,

780 2690 979 2744 Durius
1001 2696 1161 2757 atque
1189 2669 1385 2741 malum
1408 2684 1550 2754 quod
1573 2685 1743 2752 major
1772 2682 1896 2738 fecit
1920 2683 2160 2742 habetur.

778 2779 882 2834 Sed
903 2780 1044 2847 quod
1068 2779 1282 2831 vivaces
1313 2773 1597 2844 praetendit
1621 2774 1671 2826 in
1699 2773 1875 2826 abdita
1899 2787 2117 2838 sensus,

780 2867 1038 2936 Quodque
1060 2867 1234 2920 futura
1263 2866 1431 2929 videt,
1455 2878 1745 2932 rerumque
1770 2877 1968 2917 arcana
1994 2864 2249 2932 resignat,

781 2957 1019 3027 Angelici
1043 2959 1251 3011 fervens
1282 2964 1525 3023 superest
1556 2964 1743 3007 natura
1783 2954 1999 3020 vigoris.

781 3047 1114 3104 Horrendum
1140 3047 1304 3105 dictu,
1340 3045 1612 3115 signisque
1642 3045 1878 3101 notabile
1904 3056 2225 3102 monstrum.

780 3137 914 3192 Nam
945 3137 1200 3207 quidquid
1229 3147 1342 3190 tcto
1371 3131 1546 3190 dirum
1576 3136 1924 3191 committitur
1944 3138 2096 3204 orbe,

782 3229 889 3284 Iste
912 3226 1091 3294 docet,
1125 3227 1496 3296 scelerumque
1520 3241 1712 3281 manus
1733 3242 1796 3282 ac
1821 3229 1922 3281 tela
1946 3227 2227 3297 gubernat,

784 3316 985 3387 Pugnat
1015 3327 1067 3371 et
1096 3319 1338 3371 occultus
1365 3332 1455 3384 per
1485 3316 1695 3386 publica
1723 3316 1946 3371 crimina
1979 3317 2136 3372 latro.

782 3406 847 3463 Et
877 3421 1018 3460 nunc
1046 3419 1193 3476 sape
1224 3406 1526 3468 hominum,
1554 3420 1695 3462 nunc
1724 3406 1814 3462 ille
1836 3408 1889 3464 in
1915 3423 2054 3462 saeva
2077 3408 2310 3464 ferarum

784 3499 1020 3554 Vertitur
1047 3514 1166 3564 ora,
1198 3513 1369 3554 novos
1396 3499 1609 3555 varians
1642 3498 1883 3556 fallentia
1911 3504 2108 3556 vultus.

783 3587 941 3643 Alitis
970 3587 1239 3644 interdum
1274 3589 1452 3643 subito
1482 3588 1708 3643 mentita
1739 3591 1967 3645 volantis

783 3676 869 3732 Fit
891 3677 1116 3746 species,
1151 3676 1471 3747 habitusque
1494 3677 1687 3735 iterum
1713 3679 1977 3750 contingit
2007 3681 2284 3745 honestos,

781 3771 1060 3835 Apparens
1090 3780 1192 3820 nec
1220 3768 1324 3820 n'on
1349 3766 1574 3835 pulchro
1603 3780 1702 3821 ceu
1731 3781 1961 3839 corpore
1995 3770 2162 3840 virgo,

783 3855 1047 3911 Pet-trahit
1074 3855 1325 3910 ardente;
1356 3856 1586 3910 obscena
1614 3858 1665 3908 in
1686 3851 1878 3926 gaudia
1911 3860 2074 3912 visus.

781 3949 936 4016 Saepe
956 3947 1116 4000 etiam
1146 3946 1350 4015 cupidis
1379 3955 1658 4016 argentum
1692 3945 1925 4002 immane
1946 3960 2213 4020 coruscat,

781 4034 1145 4103 Accenditque
1173 4035 1386 4088 animus
1411 4037 1528 4088 auri
1561 4037 1791 4090 fallentis
1821 4051 2007 4091 amove
2026 4080 2040 4102 ,

787 4125 1006 4179 Delusos
1035 4123 1241 4194 fugiens
1271 4138 1409 4177 vano
1439 4123 1811 4192 phantasmate
1834 4136 2026 4195 tactus.

782 4211 920 4268 Nulli
941 4224 1086 4275 certa
1117 4205 1248 4266 fides
1276 4221 1481 4266 constat
1502 4200 1592 4265 vel
1615 4214 1785 4281 gratia
1812 4214 1998 4270 forma:

780 4301 884 4358 Sed
907 4317 1010 4371 quo
1031 4310 1296 4372 quemque
1319 4301 1479 4356 modo
1499 4300 1707 4371 capiat,
1724 4311 2008 4371 teneatque
2032 4308 2277 4361 nocendo

780 4394 1088 4462 Opportuna
1108 4391 1266 4455 dolis,
1290 4391 1592 4460 clausasque
1622 4393 1964 4448 accommoda
1990 4393 2186 4463 fraudi,

781 4484 1021 4539 Sumitur
1043 4483 1280 4539 exterior
1306 4483 1554 4537 simulata
1585 4481 1763 4538 fronte
1789 4485 1982 4556 figura.

783 4573 950 4643 Major
970 4572 1144 4629 adhuc
1164 4575 1322 4628 etiam
1352 4588 1496 4628 saevo
1527 4575 1784 4642 permissa
1810 4584 2066 4644 potestas,

783 4666 853 4720 Ut
878 4673 1118 4720 sanctum
1147 4665 1353 4731 vincat;
1375 4662 1573 4719 dudum
1601 4662 1792 4719 collata
1809 4667 1997 4719 creato

777 4755 866 4812 Sic
894 4765 1083 4811 natura
1110 4755 1272 4820 valet,
1301 4765 1500 4811 rectam
1528 4769 1682 4824 quam
1714 4757 1950 4811 condidit
1969 4766 2174 4822 auctor,

783 4845 888 4901 Sed
911 4855 1031 4916 post
1051 4846 1118 4900 ad
1146 4860 1341 4917 pravos
1365 4846 1657 4904 subversor
1689 4847 1956 4904 transtulit
1976 4861 2127 4904 usus.

855 4935 998 4991 Vidit
1020 4947 1078 4991 ut
1101 4937 1201 4993 iste
1223 4951 1391 4992 novos
1418 4937 1659 4992 homines
1688 4939 1744 4992 in
1765 4938 1894 4994 sede
1913 4939 2092 5010 quieta

782 5026 986 5082 Ducere
1004 5025 1210 5082 felicem
1243 5027 1388 5082 nullo
1411 5027 1718 5084 discrimine
1740 5028 1925 5097 vitam,

781 5116 923 5188 Lege
941 5117 1043 5172 sub
1068 5127 1281 5187 accepta
1312 5117 1544 5173 Domino
1566 5119 1874 5175 famularier
1898 5120 2071 5187 orbis,

776 5206 1155 5277 Subjectisque
1184 5210 1282 5262 frui
1315 5208 1520 5278 placida
1551 5209 1689 5264 inter
1710 5211 1898 5280 gaudia
1925 5213 2086 5268 rebus
2113 5227 2131 5266 :

774 5296 1076 5352 Commovit
1101 5298 1333 5360 subitum
1358 5299 1457 5353 seli
1486 5299 1717 5354 scintilla
1743 5311 2020 5370 vaporem,

779 5386 1131 5456 Escrevitque
1152 5386 1333 5442 calens
1353 5388 1404 5441 iu
1427 5402 1566 5442 saeva
1593 5383 1838 5444 incendia
1866 5389 2024 5450 livor.

776 5462 992 5530 Vicinus
1019 5487 1145 5531 tunc
1175 5475 1311 5532 forte
1339 5477 1457 5542 fuit,
1487 5494 1595 5549 quo
1624 5480 1858 5536 concidit
1885 5483 2015 5550 alto,

775 5563 995 5634 Lapsus,
1021 5575 1075 5622 et
1094 5568 1342 5624 innesam
1375 5571 1534 5625 traxit
1555 5585 1650 5640 per
1675 5587 1844 5643 prona
1865 5587 2164 5633 catervam.

773 5655 884 5711 [loc
912 5668 1171 5718 recolens.
1209 5670 1501 5728 casumque
1545 5675 1795 5730 premens
1838 5664 1890 5718 in
1935 5666 2100 5722 corde
2151 5685 2343 5726 recen-

773 5830 899 5889 Ptus
922 5834 1089 5893 doluit
1112 5837 1334 5908 periisse
1354 5841 1458 5899 sibi
1477 5842 1620 5912 quod
1653 5844 1888 5914 possidet
1907 5846 2064 5903 alter.
2118 5756 2268 5823 “em.

3947 487 4044 540 539

2471 689 2738 758 Explicat,
2763 703 2812 744 ct
2843 691 2929 745 tali
2959 693 3188 760 suspiria
3214 708 3346 746 voce
3373 693 3615 746 relaxat:

2542 781 2680 834 Proh
2711 781 2882 846 dolor,
2910 783 3010 835 hoc
3035 781 3188 835 nobis
3219 781 3451 835 subitum
3478 794 3803 852 consurgere
3828 782 4038 851 plasma,

2470 872 2807 941 lnv'sumque
2832 886 3000 940 genus
3026 881 3209 925 nostra
3237 874 3478 927 crevisse
3503 873 3653 926 ruina
3680 875 3692 925 !

2470 961 2553 1015 Me
2573 962 2776 1015 celsum
2802 963 2972 1016 virtus
2995 961 3200 1026 habuit,
3236 973 3391 1018 nunc.
3409 977 3534 1017 ecce
3558 963 3793 1031 rejectus

2469 1051 2665 1121 Pellor,
2695 1054 3008 1123 etangelico
3037 1053 3195 1108 limus
3221 1053 3461 1107 succedit
3485 1055 3698 1108 honori.

2467 1142 2673 1199 leum
2705 1153 2844 1200 terra
2870 1155 3051 1211 tenet,
3086 1147 3177 1200 vili
3208 1160 3463 1215 compage
3492 1145 3664 1199 levata

2472 1237 2670 1302 liegnat
2697 1234 2912 1300 humus,
2945 1236 3207 1304 nobisque
3234 1236 3371 1306 perit
3395 1237 3650 1290 translata
3686 1245 3920 1304 potestas

2467 1326 2580 1378 Non
2607 1327 2865 1388 tamen.in
2898 1335 3065 1379 totum
3090 1327 3248 1394 periit
3274 1343 3287 1378 :
3316 1341 3438 1394 pars
3470 1341 3654 1395 magna
3681 1337 3913 1394 retentat

2468 1413 2585 1467 Vim
2619 1415 2910 1482 propriam,
2939 1431 3256 1485 summaque
3288 1415 3420 1469 cluit
3444 1419 3642 1470 virtute
3670 1417 3917 1470 nocendi.

2467 1508 2577 1562 Nec
2605 1505 2819 1562 differre
2843 1507 3026 1576 juvat;
3049 1508 3160 1576 jam
3193 1523 3334 1563 nunc
3362 1509 3657 1563 certamine
3685 1508 3881 1562 b'audo

2465 1599 2816 1666 Congrediar,
2844 1599 2969 1653 dum
2999 1599 3166 1668 prima
3191 1598 3360 1666 salus,
3390 1609 3612 1670 experta
3645 1615 3743 1654 nec
3769 1599 3906 1654 ullus

2467 1688 2791 1756 Simplicitas
2817 1689 3000 1758 ignara
3026 1689 3199 1756 dolos,
3232 1689 3298 1743 ad
3330 1689 3430 1744 tela
3464 1689 3684 1756 patebit.

2467 1780 2532 1832 Et
2559 1779 2750 1836 melius
2775 1782 2874 1835 soli
2905 1781 3186 1850 capientur
3219 1780 3424 1847 fraude,
3456 1782 3764 1851 priusquam

2471 1869 2772 1923 Fecundam
2796 1871 3011 1924 mittant
3032 1880 3232 1926 aeterna
3263 1871 3314 1924 in
3337 1871 3531 1925 saecula
3555 1873 3780 1940 prolem.

2391 1956 2440 2015 B
2469 1960 2775 2016 ltnmortale
2801 1961 2937 2016 nihil
2964 1971 3103 2017 terra
3136 1963 3358 2034 prodire
3378 1964 3670 2018 'sinendum
3711 1972 3794 2018 est
3821 1981 3838 2018 :
3911 2001 3926 2014 ~.

2471 2050 2612 2105 Fons
2635 2044 2850 2121 generis
2875 2063 3080 2121 pereat,
3107 2053 3299 2124 capitis
3329 2051 3558 2122 dejectio
3585 2053 3707 2106 victi

2470 2141 2666 2215 Semen
2694 2142 2880 2196 mortis
2909 2143 3010 2197 erit
3033 2159 3046 2208 ;
3073 2144 3242 2214 pariat
3273 2142 3582 2196 discrimina
3616 2143 3746 2197 lethi

2470 2231 2604 2286 Vitae
2634 2233 2982 2302 principium;
3011 2233 3187 2288 cuncti
3218 2232 3479 2287 feriantur
3507 2233 3559 2286 in
3593 2247 3734 2294 uno;

2466 2325 2582 2381 Non
2613 2324 2771 2381 faciet
2800 2326 2980 2379 vivunt
3010 2324 3163 2379 radis
3193 2323 3369 2378 occisa
3397 2337 3681 2378 cacumen.

2469 2416 2593 2472 Hac
2615 2414 2743 2470 mihi
2765 2416 2976 2484 dejecto
3004 2414 3218 2469 tandem
3245 2414 3436 2468 solatia
3465 2423 3690 2469 restant.

2464 2506 2522 2561 Si
2548 2522 2756 2577 nequeo
2781 2509 2994 2562 clausos
3022 2506 3217 2561 iterum
3248 2506 3614 2562 conscendere
3635 2505 3803 2561 cmlos
3820 2549 3833 2568 .

2468 2597 2560 2652 liis
2591 2613 2803 2668 quoque
2833 2597 3146 2652 claudentur
3175 2616 3187 2649 :
3229 2597 3407 2653 levius
3452 2596 3712 2653 cecidisse
3755 2598 4042 2667 putandum

3844 2687 3976 2759 [εει.

2465 2779 2522 2834 Si
2551 2793 2683 2833 nova
2716 2767 2966 2848 perdatur
2989 2779 3153 2834 simili
3183 2777 3481 2834 substantia
3503 2791 3652 2842 casu,

2463 2866 2520 2924 Si
2543 2883 2727 2924 comes
2753 2866 2949 2923 excidii
2973 2867 3164 2922 subeat
3188 2867 3460 2922 consortia“
3487 2882 3660 2937 pmnte

2466 2958 2535 3014 Et
2569 2974 2704 3030 quos
2727 2959 2999 3028 praevideo
3030 2960 3311 3015 nobiscum
3335 2958 3540 3015 diVidal
3566 2961 3734 3029 ignes.

2461 3052 2568 3107 Sed
2599 3066 2667 3106 ne
2689 3049 2928 3106 difficilis
2960 3050 3182 3106 fallendi
3211 3067 3373 3107 causa
3407 3061 3656 3120 putetur;

2465 3145 2590 3202 llzcc
2632 3145 2978 3202 monstranda
3033 3145 3117 3200 via
3165 3153 3269 3212 est,
3315 3145 3517 3200 dudum
3548 3160 3705 3215 quam
3743 3157 3932 3214 sponte
3959 3159 4040 3200 cu»

3810 3234 3980 3308 [curri

2381 3310 2430 3371 (ἶ
2462 3329 2520 3384 ln
2545 3343 2769 3397 pronum
2789 3327 2999 3399 lapsus;
3033 3341 3152 3398 qua
3175 3342 3260 3383 me
3280 3313 3534 3396 iactantia
3566 3336 3736 3396 regno

2465 3419 2844 3490 Depttlit,.haec
2869 3418 3139 3473 hominem
3165 3417 3397 3488 paradisi
3429 3417 3613 3472 limine
3640 3416 3822 3486 pellet.

2461 3511 2553 3567 Sic
2574 3512 2668 3575 ait,
2692 3519 2747 3566 et
2772 3511 3007 3580 gemitus
3035 3524 3222 3563 vocem
3251 3507 3496 3562 clausere
3518 3506 3772 3561 dolentis.

2538 3601 2697 3658 Fo‘rte
2718 3602 2814 3657 fuit
2842 3601 3050 3658 cunctis
3069 3601 3433 3656 animantibus
3459 3599 3617 3653 altior
3639 3607 3754 3652 astu
3773 3641 3788 3664 ,

2465 3693 2714 3760 Egmulus
2738 3701 2927 3762 arguto
2954 3690 3112 3746 callet
3135 3693 3222 3760 qui
3253 3697 3466 3759 pectore
3487 3673 3710 3756 serpens
3739 3705 3750 3739 :

2464 3785 2634 3853 llujus
2660 3793 3024 3852 transgressor
3050 3783 3116 3834 de
3143 3781 3350 3835 cunctis
3379 3793 3593 3833 sumere
3614 3779 3838 3831 formam

2465 3875 2646 3943 Eligit,
2675 3873 2880 3927 aerium
2906 3871 3249 3926 circumdatis
3272 3870 3509 3940 tegmine
3531 3881 3745 3937 corpus,

2464 3966 2628 4033 Inque
2654 3962 2988 4032 repentinum
3013 3969 3249 4017 mutatus
3279 3959 3512 4016 tenditur
3534 3970 3755 4028 anguem
3781 3973 3795 4010 :

2465 4053 2551 4107 Fit
2580 4051 2735 4120 longa
2760 4050 2966 4105 cervice
2993 4051 3175 4115 draco,
3202 4049 3542 4120 splendentia
3569 4049 3706 4104 colla

2467 4141 2712 4212 Depingit
2737 4143 2980 4207 maeulis,
3009 4143 3300 4210 teretisque
3328 4141 3600 4196 volumina
3634 4139 3778 4194 dorsi

2465 4233 2797 4301 Asperat,-et
2824 4234 3060 4300 squamis
3091 4248 3184 4301 per
3207 4243 3352 4302 terga
3385 4232 3679 4302 rigentibus
3701 4241 3897 4286 armat.

2463 4323 2645 4389 Qualis
2673 4337 2803 4377 vere
2828 4336 2988 4386 novo,
3013 4321 3200 4391 primis
3229 4337 3351 4378 cum
3370 4323 3642 4395 mensibus
3664 4333 3821 4378 cstas

2467 4413 2747 4469 Prcmitit
2769 4413 2919 4468 ltetos
2947 4424 3065 4482 post
3086 4412 3282 4483 frigora
3312 4413 3456 4484 pigra
3483 4425 3718 4484 tepores,

2463 4501 2710 4557 Evadens
2741 4511 2976 4558 veterem
3003 4503 3263 4571 reparatis
3293 4504 3524 4557 motibus
3552 4519 3772 4569 annum,

2463 4592 2530 4647 Et
2556 4591 2757 4647 siccum
2781 4591 2951 4648 nitido
2974 4591 3282 4662 discingens
3305 4606 3532 4663 corpore
3562 4604 3793 4664 tegmen.

2386 4667 2432 4723 ο
2462 4665 2710 4736 Procedit
2728 4680 2970 4747 coluber,
2996 4693 3372 4751 terrarumque
3401 4681 3585 4736 abdita
3617 4681 3884 4753 linquens,

2468 4770 2698 4830 Praefer’t
2721 4774 2980 4830 terribilis
3001 4774 3348 4831 metuendum
3375 4776 3544 4829 forma
3574 4774 3844 4832 decorem.
3864 4771 3867 4773 ’

2463 4866 2583 4922 Dira
2606 4854 2806 4922 micant
2827 4865 2965 4921 oculi
2992 4883 3005 4919 ε
3037 4875 3147 4920 tum
3179 4865 3382 4922 lumine
3402 4867 3550 4920 visus
3577 4873 3736 4921 acuto

2459 4957 2660 5014 Latior
2681 4967 2923 5030 optatum
2952 4956 3114 5013 discit
3134 4971 3492 5012 consuescere
3517 4956 3711 5016 solum.

2456 5048 2608 5104 Nunc
2634 5047 2852 5104 simulat
2874 5047 3150 5117 blandum.
3175 5037 3372 5124 crebro
3391 5046 3753 5124 ceucarmine
3783 5043 3970 5105 fauces

2457 5137 2695 5204 Ludunt,
2721 5145 2778 5193 et
2803 5124 3037 5192 triﬁdam
3059 5123 3373 5206 dispergunt
3395 5146 3617 5207 guttura
3633 5123 3886 5208 linguam.

2527 5227 2667 5298 Ergo
2687 5237 2745 5282 ut
2773 5227 3046 5297 vipeream
3070 5225 3375 5281 malesuada
3398 5225 3584 5282 fraude
3609 5226 3848 5299 figuram-

2454 5317 2650 5387 lnduit,
2673 5327 2728 5376 et
2751 5327 2921 5376 totum
2949 5316 3112 5373 fallas
3145 5319 3410 5388 processit
3437 5321 3490 5374 in
3517 5335 3764 5390 anguem,

2455 5406 2699 5464 Pervolat
2718 5409 2785 5463 ad
2817 5409 3021 5474 lucem;
3047 5423 3170 5463 nam
3195 5407 3332 5465 forte
3358 5409 3604 5465 rubentia
3633 5410 3745 5465 lati

2451 5499 2758 5570 Carpebant
2774 5497 2999 5570 juvenes
3026 5499 3185 5555 viridi
3205 5499 3273 5557 de
3293 5501 3513 5571 palmite
3533 5501 3694 5556 mala.

2451 5589 2588 5646 Tum
2610 5591 2813 5647 veritus
2840 5605 3086 5660 serpens,
3119 5591 3270 5646 firma
3299 5606 3366 5648 ne
3389 5601 3570 5648 mente
3600 5591 3741 5648 virili

2429 5668 2563 5736 Non
2588 5689 2750 5751 queat
2773 5682 2968 5749 injecto
2993 5681 3312 5738 subvertere
3341 5684 3501 5738 corda
3534 5698 3740 5740 veneno
3757 5726 3774 5753 ,

2447 5768 2667 5824 Arboris
2691 5780 2885 5826 erecta:
2919 5768 3082 5840 spiris
3106 5775 3441 5840 reptantibus
3469 5774 3579 5856 alto

2449 5857 2760 5931 f‘orrigitur,
2783 5866 3117 5930 tractumque
3138 5876 3292 5918 suum
3321 5863 3635 5920 sublimibus
3654 5879 3897 5938 aquam,
