4316 6490
3581 0 3596 4 ““
3638 2 3665 19 έ,
3714 2 3721 5 “
3839 0 3852 14 1
3885 0 3898 4 ν
3945 0 3954 2 “
4005 1 4040 12 -ι
4145 5 4148 8 -

2818 50 2833 55 ὲ
2906 46 2917 49 ι
2934 44 2945 55 ν
2978 42 2993 47 ν
3018 32 3119 45 *τῇ
3152 24 3217 53 κε
3278 20 3297 45 ι.
3314 18 3372 58 ___
3444 2 3662 64 Ψετδ
3707 29 3714 38 .
3739 25 3783 50 ι...-
3767 0 3862 54 3...,
3877 0 4116 66 κξνρμ,
4161 49 4190 58 _

2408 78 2417 79 ί
2658 104 2671 109 -
2746 74 2837 111 ;.-:..
2878 58 2993 111 “ne?
3066 96 3073 99 -
3105 77 3182 118 ..ε
3205 58 3255 108 .
3281 67 3378 106 μετ
3441 77 3458 82 --
3482 70 3489 73 ‘
3522 92 3531 101 .
3574 104 3579 107 ,
3630 106 3633 107 ν
3677 87 3690 92 -
3797 63 4176 120 .¹-.-⁴ιῖ⁵ἓῗῗ⁵--’ᾙ.;
4151 61 4253 110 ".""'.-

2610 116 2613 123 .
2764 108 2849 143 3%..
2890 126 2917 137 -7
2987 112 3122 142 ’,ε-
3151 129 3194 146 I___
3213 123 3394 146 _._...,;__;'_-_
3429 123 3532 154 ,μὴ
3551 104 3645 146 ..τη-
3713 121 3752 128 .____
3777 111 3826 136 ..ιη
4043 111 4066 120 _-
4091 141 4100 144 Π
4137 127 4158 134 -

2242 158 2253 161 -
2276 156 2315 175 τ
2332 156 2369 177 ,ν
2462 136 2845 175 -μ-ς
2834 172 2855 175 ,,
3089 151 3094 154 -
3117 147 3126 160 τ
3153 147 3156 150 ·
3223 143 3374 175 ττι-η.-
3393 143 3566 174 -σ--ἓὶ---μῖ
3583 157 3754 172 ..ωε-ι.--
3843 149 3874 168 .-
3895 161 3906 164 -
3923 141 4078 170 -.ρμρῖ--ι

218 621 312 677 353

224 733 464 788 Auditum
495 732 703 790 facilem
736 732 843 789 leni
871 731 948 786 sic
975 745 1108 787 voce
1139 728 1452 786 momordit.

220 827 260 880 0
282 826 430 890 felix,
459 826 750 896 mundique
770 825 934 879 decus
957 823 1320 894 pulcherrima
1346 822 1529 890 virgo,

220 915 418 969 Ornant
445 929 605 983 quam
639 928 797 969 roseo
821 913 1144 984 praefulgens
1174 911 1343 967 forma
1372 910 1599 979 pudore,

219 1003 291 1058 Tu
319 1005 502 1074 generi
534 1014 758 1060 ventura
787 1017 1003 1073 parens,
1029 1016 1086 1059 te
1113 1003 1379 1058 maximus
1411 1001 1560 1058 orbis

219 1093 498 1162 Evspectat
522 1104 749 1148 matrem
779 1111 791 1146 :
820 1103 873 1147 tu
903 1094 1073 1163 prima
1101 1103 1156 1148 et
1171 1103 1321 1148 certa
1355 1093 1600 1157 voluptas

215 1183 571 1254 Solamenque
595 1185 718 1248 viri,
753 1185 869 1240 sine
899 1199 1002 1254 qua
1034 1199 1142 1240 non
1174 1185 1383 1240 viveret
1414 1185 1549 1254 ipse,

218 1274 283 1332 Ut
312 1273 503 1344 major,
536 1276 615 1330 sic
643 1276 764 1345 jure
790 1274 882 1330 t'uo
909 1274 1182 1344 subjectus
1213 1276 1387 1330 amori

218 1364 500 1421 Prtedulcis
525 1366 746 1436 conjns,
778 1367 968 1421 reddes
998 1365 1084 1421 cui
1111 1365 1316 1422 fmdere
1347 1365 1580 1436 prolem.

217 1455 376 1513 Vobis
397 1457 560 1528 digna
588 1456 747 1512 datur
776 1457 1010 1526 paradisi
1042 1458 1095 1513 in
1128 1459 1332 1514 vertice
1359 1457 1541 1526 sedes,

216 1543 316 1600 Vos
335 1545 577 1616 subjecta
609 1548 792 1603 tremit
822 1547 1086 1604 famulans
1102 1548 1403 1604 substantia
1421 1549 1606 1605 mundi
1633 1569 1645 1604 :

211 1634 360 1704 Quod
387 1637 609 1702 coelum,
631 1635 773 1708 quod
814 1647 956 1712 terra
987 1649 1159 1704 creat,
1193 1639 1582 1710 quod'gurgite
1608 1655 1801 1712 magno

212 1725 453 1785 Producit
479 1729 720 1800 pelagus,
753 1711 962 1787 vestros
990 1731 1269 1788 confertur
1297 1733 1352 1786 in
1383 1747 1533 1789 usus.

210 1817 292 1874 Nil
317 1827 502 1874 natura
530 1829 710 1891 negat,
739 1820 899 1878 datur
927 1836 1056 1878 ecce
1081 1822 1134 1876 in
1163 1830 1354 1878 cuncta
1377 1831 1635 1894 potestas.

209 1907 321 1964 Non
345 1909 594 1979 equidem
622 1911 856 1978 invideo,
888 1911 1056 1967 miror
1085 1911 1253 1983 magis
1282 1931 1296 1966 :
1341 1923 1401 1968 ut
1426 1921 1606 1970 tamen
1627 1930 1732 1968 una

207 1999 490 2057 Contineat
513 2002 649 2058 liber
673 2001 819 2067 dulci
845 2017 1011 2076 super
1030 1986 1226 2060 arbore
1245 2015 1440 2066 tactus,

159 2079 162 2081 λ
211 2090 357 2147 Scire
384 2091 548 2149 velim
575 2091 696 2162 quis
723 2093 1035 2164 dirajubet,
1058 2095 1177 2164 quis
1209 2095 1335 2150 talia
1360 2095 1502 2151 dona

207 2181 431 2249 Invidet,
465 2192 521 2239 et
540 2183 703 2240 rebus
719 2181 921 2254 jejunia
952 2185 1145 2240 miscet
1170 2185 1388 2256 Opimis.

202 2271 329 2329 Hac
349 2274 488 2330 male
515 2275 808 2330 blanditam
841 2274 1111 2330 finxerunt
1133 2274 1288 2330 sibila
1321 2290 1529 2331 vocem.

203 2365 334 2434 Quis
360 2373 572 2436 stupor,
603 2381 637 2421 o
664 2367 878 2431 mu'ier,
911 2378 1146 2423 mentem
1172 2367 1402 2438 caligine
1432 2367 1627 2422 clausit

201 2458 334 2516 Cum
365 2468 618 2530 serpente
646 2459 828 2531 loqui?
851 2459 1070 2514 verbum
1093 2459 1432 2514 committere
1463 2457 1622 2514 bruto

201 2551 316 2608 Non
342 2551 528 2623 pudet,
552 2561 610 2606 ut
639 2561 872 2606 vestram
897 2559 1189 2622 pnsumat
1219 2549 1396 2605 bellua
1426 2549 1686 2618 linguam,

202 2645 271 2701 Et
299 2651 600 2700 monstrum
632 2643 862 2714 pateris,
892 2655 1326 2711 responsumque
1365 2638 1586 2707 insuper
1611 2637 1797 2693 addis?

270 2734 414 2805 Ergo
440 2734 528 2790 ubi
559 2731 898 2789 mortiferum
929 2731 1212 2786 seductilis
1243 2731 1353 2786 Eva
1380 2744 1648 2784 venenun

199 2827 431 2883 Auribus
458 2827 732 2897 accipiens
759 2824 897 2879 cladi
920 2822 1198 2879 consensit
1227 2820 1444 2892 iuiqnze,

198 2915 349 2972 Tunc
368 2916 435 2971 ad
465 2924 774 2986 serpentem
796 2930 930 2970 vano
957 2913 1036 2968 sic
1065 2927 1164 2968 ore
1187 2912 1364 2968 locuta
1398 2923 1506 2970 est.

199 3006 468 3063 Suavibus
495 3021 530 3064 o
559 3007 773 3078 pollens
793 3005 1018 3060 coluber
1047 3003 1361 3060 dulcisszmc
1387 3001 1577 3067 dictis,

195 3096 336 3166 Non,
370 3105 430 3152 ut
459 3112 603 3162 rere,
629 3097 772 3154 Deus
798 3096 954 3152 nobis
979 3095 1186 3166 jejunia
1214 3096 1408 3158 suasit,

194 3188 304 3245 Nec
323 3188 574 3258 prohibet
593 3189 744 3258 largo
767 3188 945 3243 curari
967 3201 1200 3256 corpora
1229 3195 1405 3253 pastu.

193 3281 334 3338 Ecce
353 3279 504 3336 vides
533 3279 724 3350 epulas
753 3288 898 3334 tutus
925 3293 1063 3347 quas
1087 3275 1322 3348 porrigit
1347 3277 1539 3333 orbis:

192 3370 453 3426 Omnibus
480 3369 565 3426 his
585 3369 736 3425 licito
760 3371 977 3441 genitor
1009 3369 1455 3440 promptissimus
1482 3371 1559 3425 uti

191 3460 476 3532 Prmtitit,
508 3471 565 3518 et
587 3471 728 3518 totas
757 3464 882 3518 vita:
907 3462 1112 3518 laxavit
1139 3463 1400 3519 habenas.

191 3551 319 3609 llaec
343 3552 464 3609 sola
491 3563 575 3608 est
601 3551 839 3608 nemoris
867 3552 1032 3608 medii
1063 3567 1225 3622 quam
1260 3555 1521 3622 perspicis
1549 3555 1710 3613 arbor

190 3644 480 3701 Interdicta
505 3643 664 3711 cibis,
695 3645 813 3698 haec
832 3652 1039 3698 tantum
1064 3653 1285 3712 tangere
1313 3659 1470 3713 poma

189 3735 309 3792 Non
332 3735 535 3792 licitum
555 3777 572 3803 ,
597 3734 750 3790 dives
777 3733 1056 3804 praesumit
1081 3743 1277 3788 caetera
1310 3734 1504 3789 victus.

189 3826 328 3885 Nam
353 3828 401 3884 si
427 3828 650 3884 libertas
670 3825 951 3883 temeravit
982 3826 1142 3901 noxia
1170 3828 1366 3897 legem,

184 3918 389 3975 Iuraus
413 3918 641 3975 terribili
675 3917 926 3986 przedixit
950 3931 1082 3973 voce
1109 3916 1358 3987 Greater,

189 4013 435 4083 Quadam
457 4027 559 4070 nos
585 4012 766 4091 statim
794 4012 1023 4067 luituros
1050 4022 1223 4067 morte
1240 4023 1471 4068 reatum.

187 4107 332 4178 Quid
353 4108 554 4164 vocitet
583 4114 813 4161 mortem
843 4115 898 4159 tu
920 4118 1088 4172 nunc,
1111 4105 1424 4161 doctissime
1452 4121 1679 4178 serpens
1701 4153 1717 4175 ,

185 4199 377 4259 Pande
403 4198 600 4265 libens,
621 4196 882 4270 quoniam
904 4194 1130 4252 rudibus
1151 4211 1258 4252 non
1282 4199 1497 4268 cognita
1522 4215 1608 4256 res
1634 4214 1738 4258 est.

260 4291 504 4350 Callidus
529 4289 655 4347 inde
683 4289 849 4345 draco
870 4331 885 4355 ,
909 4296 966 4344 et
993 4286 1124 4344 lethi
1146 4295 1259 4344 tum
1291 4301 1486 4358 sponte
1512 4298 1792 4363 magister,

188 4383 478 4442 Interitum
499 4382 676 4446 docet,
720 4387 778 4436 et
795 4389 984 4450 captas
1015 4379 1094 4435 sic
1116 4378 1259 4434 fatur
1280 4381 1347 4434 ad
1375 4395 1556 4438 aures.

187 4474 445 4534 Terroris
469 4489 698 4529 vacuum
728 4472 989 4528 formidas
1012 4469 1214 4550 femina
1249 4486 1470 4529 nomen.

186 4567 310 4625 Non
338 4568 522 4624 veniet
551 4565 705 4622 vobis
731 4563 932 4636 rapida:
953 4565 1222 4619 sententia
1252 4567 1446 4622 mortis
1473 4585 1484 4620 :

185 4659 302 4717 Sed
333 4666 489 4729 pater
515 4656 719 4711 invisus
737 4664 938 4710 sortem
963 4668 1069 4709 non
1093 4656 1318 4710 contulit
1344 4670 1578 4727 mquam,

185 4749 308 4806 Nec
339 4762 440 4803 vos
469 4747 611 4802 scire
637 4745 809 4811 dedit,
841 4744 1062 4801 sibimet
1087 4761 1207 4815 quas
1232 4760 1441 4802 summa
1467 4761 1730 4805 reservat.

1501 607 1878 666 POESIATUSI
1919 608 2126 669 LlDEll
2169 616 2233 672 ιι.

1800 607 1878 664 ΗΜ
1919 608 2126 669 LIBER
2169 616 2233 672 ιι.
3403 615 3504 671 554

1833 724 1890 786 Δ
1917 725 2178 796 lnjustum
2203 741 2372 798 recto,
2403 732 2594 786 falsum
2625 730 2939 788 discernere
2966 744 3114 786 vero.

1981 818 2129 874 'I‘alia
2157 820 2330 876 fallaci
2355 824 2717 892 spondentem
2744 823 2886 877 dona
2914 836 3138 877 susurro

1908 908 2137 966 Credula
2174 914 2448 970 submisso
2475 916 2702 969 miratur
2733 915 2930 969 femina
2958 915 3127 968 vultu.

1910 1000 1976 1055 Ει
2000 1000 2110 1070 jam
2133 1003 2351 1074 jamque
2381 1007 2550 1076 magis
2580 1007 2818 1062 cunctari
2848 1021 2922 1062 ac'
2942 1007 3160 1062 flectere
3185 1019 3406 1061 sensum

1908 1090 2121 1162 Incipit,
2143 1105 2197 1149 et
2226 1095 2447 1150 dubiam
2475 1097 2624 1153 letbo
2656 1097 2774 1163 plus
2800 1099 3000 1152 addere
3030 1109 3289 1152 mentem.

1906 1180 2003 1238 Ille
2022 1195 2079 1238 ut
2104 1185 2285 1242 vicino
2311 1189 2504 1244 victam
2534 1189 2853 1245 discrimine
2883 1189 3070 1252 sensit,

1907 1276 2084 1345 Atque
2114 1277 2308 1333 iterum
2334 1295 2532 1336 nomen
2562 1295 2872 1336 memorans
2916 1295 3208 1349 arcemque
3257 1279 3506 1343 deorum,

1907 1363 2085 1421 Unum
2114 1366 2184 1423 de
2207 1370 2418 1425 cunctis
2445 1371 2628 1426 letbali
2655 1385 2719 1427 es
2749 1371 2944 1428 arbore
2971 1371 3172 1424 malum

1909 1448 2176 1526 Detrahit,
2206 1468 2264 1516 et
2292 1463 2440 1516 suavi
2467 1462 2752 1533 pulchrum
2788 1463 3061 1529 rerfundit
3090 1462 3282 1524 odore.

1904 1542 2170 1604 Conciliat
2191 1552 2461 1621 specii-m,"
2483 1554 2800 1623 nutantique
2826 1555 3048 1622 insuper
3075 1554 3252 1609 offert.

1903 1635 2015 1692 Nec
2038 1639 2250 1706 spernit
2273 1642 2529 1698 miserum
2563 1644 2756 1700 mulier
2781 1645 2919 1699 uitale
2953 1645 3171 1699 credula
3215 1657 3432 1698 munus.

1903 1723 2010 1781 Sed
2033 1729 2253 1797 capiens
2281 1731 2532 1787 manibus
2564 1749 2783 1802 pomum
2818 1734 3012 1789 Iethale
3046 1742 3320 1789 retractat.

1906 1814 2134 1872 Naribus
2163 1819 2428 1876 interdum
2459 1823 2718 1893 labiisque
2748 1825 3052 1891 patentibus
3077 1826 3218 1880 ultro

1907 1908 2106 1980 iungit,
2146 1923 2199 1968 et
2225 1913 2481 1982 ignorans
2513 1916 2645 1969 ludit
2674 1917 2742 1971 de
2768 1932 2942 1972 morte
2972 1916 3172 1972 futura.

1976 2001 2022 2055 0
2050 2002 2264 2071 quoties
2290 2005 2375 2058 ori
2412 2006 2691 2061 admotum
2722 2018 3044 2078 compuncta
3076 2009 3321 2073 retraxit,

1824 2086 1871 2144 Β
1903 2091 2243 2161 Audacisque
2269 2094 2396 2149 mali
2437 2096 2676 2152 titubans
2702 2099 2802 2154 sub
2832 2100 3072 2167 pondere
3101 2099 3290 2153 dextra

1901 2176 2098 2246 Cessit,
2131 2189 2188 2237 et
2214 2182 2468 2240 effectum
2497 2187 2722 2242 sceleris
2750 2189 3063 2243 tremefacta
3096 2191 3320 2260 refugit!

1905 2273 2015 2328 Diis
2044 2283 2224 2331 tamen
2247 2292 2368 2332 esse
2393 2281 2542 2348 cupit
2572 2282 2782 2346 similis,
2820 2279 3098 2352 serpitque
3127 2299 3394 2336 venenum

1903 2361 2212 2420 Ambitione
2236 2380 2472 2431 nocens;
2508 2371 2723 2438 rapiunt
2745 2373 3017 2426 contraria
3044 2381 3302 2434 mentem,

1909 2450 2042 2505 llinc
2064 2468 2240 2518 amor,
2275 2456 2398 2512 inde
2430 2469 2638 2522 metus;
2667 2461 2843 2528 pulsat
2862 2462 3119 2529 jactantia
3151 2463 3346 2531 legem,

1902 2544 2283 2616 Interdumque
2309 2549 2473 2602 etiam
2502 2549 2586 2604 lex
2615 2551 2898 2616 subvenit;
2930 2562 3124 2607 aestuat
3150 2566 3347 2622 anceps

1904 2632 2114 2688 Dividui
2143 2635 2324 2691 cordis
2350 2637 2484 2692 dura
2512 2638 2653 2694 inter
2686 2641 2870 2709 prmlia
2900 2640 3113 2694 fluctus.

1901 2721 2013 2778 Nec
2042 2734 2219 2780 tamen
2249 2725 2497 2784 incentor
2521 2729 2736 2784 desistit
2763 2731 2952 2786 fallere
2973 2745 3236 2800 serpens;

1901 2811 2260 2883 Ostentatque
2297 2817 2478 2872 cibum
2511 2818 2712 2888 dubita,
2744 2837 2830 2889 qu.
2853 2822 3096 2893 riturque
3124 2823 3346 2876 morari.

1903 2902 1969 2957 Et
1992 2903 2147 2972 juvat
2179 2909 2230 2960 in
2262 2905 2470 2976 lapsum
2504 2912 2792 2979 pendentis
2822 2927 2991 2982 prona
3025 2914 3217 2967 ruinae.

1974 2994 2043 3052 Ut
2072 2995 2287 3052 tandem
2316 2999 2466 3054 vietae
2487 3002 2704 3070 gravior
2728 3004 3000 3058 sententia
3031 3004 3195 3069 sedit,

1901 3088 2186 3146 Eteruam
2217 3100 2427 3149 tentate
2454 3095 2648 3152 famem
2682 3111 2777 3164 per
2805 3097 3047 3152 criminis
3083 3112 3285 3161 escam,

1897 3181 2219 3250 Serpentem
2251 3183 2451 3238 satiare
2479 3185 2600 3240 cibo
2626 3201 2786 3256 quem
2820 3198 3061 3244 sumeret
3091 3190 3229 3257 ipsa,

1900 3273 2107 3327 Annuit
2129 3273 2363 3342 insidiis,
2397 3290 2727 3346 pontumque
2753 3290 2939 3334 vorata
2973 3282 3285 3334 momordit.

1902 3362 2066 3418 Dulce
2092 3365 2242 3419 subit
2266 3380 2434 3434 vrus,
2455 3354 2682 3436 capitur
2705 3384 2851 3424 mors
2883 3370 3101 3424 horrida
3133 3381 3308 3438 pastu.

1821 3436 1869 3499 ο
1899 3450 2153 3508 Continet
2174 3453 2262 3510 hic
2293 3456 2526 3524 primum
2551 3470 2649 3511 sua
2679 3458 2872 3527 guunia
2896 3461 3122 3513 callidus
3135 3436 3361 3530 anguis,

1901 3540 2320 3615 Dissimulatque
2346 3545 2520 3601 ferum
2552 3548 2776 3603 victoria
2803 3565 2946 3604 steva
2973 3551 3328 3621 triumphum.

1975 3635 2197 3705 Ignarus
2227 3636 2354 3692 facti
2382 3637 2600 3694 diversa
2634 3649 2787 3710 parte
2814 3653 3093 3698 revertens

1899 3722 2071 3778 Adam
2097 3723 2281 3781 diffusi
2311 3725 2466 3781 laetus
2497 3744 2594 3798 per
2619 3733 2865 3800 gramina
2897 3737 3073 3802 campi

1899 3813 2159 3884 Caujngis
2187 3816 2472 3886 amplexus
2507 3829 2670 3891 atque
2699 3824 2880 3877 OSCqu
2909 3837 3056 3880 casta
3086 3831 3320 3897 petebat.

1897 3905 2140 3962 Occurrit
2176 3909 2390 3975 mulier,
2423 3912 2508 3965 cui
2534 3911 2659 3968 ttinc
2681 3915 2905 3970 audacia
2934 3919 3167 3986 primum

1900 3997 2092 4054 Flabat
2123 3999 2385 4059 femineos
2417 4005 2658 4060 animosa
2693 4009 2746 4064 in
2776 3996 2941 4066 corda
2974 4013 3206 4070 furores.

1903 4092 1972 4146 Et
2001 4092 2079 4147 sic
2099 4108 2223 4148 orsa
2257 4095 2425 4164 loqui,
2457 4111 2730 4152 semesum
2762 4116 2994 4170 namque
3022 4105 3246 4174 gerebat

1901 4183 2205 4238 Asservans
2236 4185 2433 4240 misero
2465 4203 2681 4256 pomum
2709 4192 2930 4246 exitiale
2954 4196 3168 4252 marito.

1898 4272 2064 4327 Sume
2093 4271 2273 4327 cibum
2302 4273 2476 4330 dulcis
2507 4279 2552 4329 vi
2581 4278 2650 4330 alt
2680 4295 2745 4334 ex
2769 4283 3012 4351 germine
3041 4288 3260 4355 eonjnx,

1899 4363 2054 4430 Quod
2075 4366 2306 4420 s'milem
2336 4383 2550 4422 summo
2578 4371 2734 4426 faciet
2765 4379 2818 4427 te
2846 4374 2982 4430 forte
3012 4375 3264 4444 Tonanti,

1901 4453 2330 4525 ﬂuminibusque
2357 4471 2570 4526 parem;
2602 4476 2708 4515 non
2741 4462 2842 4518 hoc
2871 4463 2965 4519 tibi
3000 4469 3179 4522 nescia
3207 4470 3408 4527 denunt

1901 4546 2007 4601 Sed
2031 4545 2140 4614 jam
2172 4547 2328 4602 docta
2361 4547 2507 4614 fero;
2542 4550 2748 4619 primus
2779 4569 2896 4609 met
2931 4555 3136 4612 viscera
3165 4571 3355 4628 gustus

1902 4638 2111 4708 Attigit,
2147 4639 2337 4693 audaci
2367 4640 2671 4697 dissolvens
2702 4653 2854 4712 pacta
2886 4647 3113 4716 periclo.

1901 4727 2077 4785 Crede
2103 4729 2300 4796 libens,
2334 4741 2573 4788 mentem
2616 4733 2795 4790 scelus
2841 4745 2918 4792 est
2971 4737 3250 4798 dubitasse
3293 4745 3504 4804 virilem

184 4802 334 4910 Quid
353 4841 503 4911 juvat
524 4850 770 4896 ornatum
791 4802 1121 4906 comprendi
1135 4847 1230 4894 aut
1253 4853 1482 4896 cernere
1507 4802 1790 4911 mundum,
1819 4802 1876 4864 Β

1819 4802 1876 4864 Ῐ)
1901 4819 2055 4889 Quod
2079 4820 2276 4877 mulier
2303 4823 2450 4892 potui
2475 4839 2490 4886 ;
2525 4826 2835 4892 praecedere
2864 4826 3004 4884 forte
3041 4832 3306 4899 timeba..;

186 4934 260 4991 Et
284 4946 460 4989 caecas
488 4931 690 4987 misero
717 4929 964 4985 concludi
994 4944 1214 4986 carcere
1235 4933 1479 4987 mentes?

183 5024 501 5096 Corporeos
519 5023 721 5094 pariter
740 5035 936 5077 sensus
957 5062 971 5088 ,
1003 5021 1303 5091 oculosque
1333 5033 1577 5091 patentes

181 5114 283 5172 Sic
304 5114 479 5172 brutis
499 5122 688 5169 natura
709 5121 878 5176 creat,
909 5112 990 5165 sol
1019 5113 1274 5167 omnibus
1293 5127 1434 5169 unus

183 5207 398 5275 Servit,
423 5215 481 5262 et
503 5204 742 5261 bnmano
764 5217 870 5259 non
892 5202 1053 5259 distat
1073 5203 1252 5260 bellua
1281 5203 1420 5261 visu.

180 5295 495 5355 Consilium
516 5309 673 5366 mage
700 5307 858 5351 sume
889 5307 1068 5348 meum
1093 5333 1108 5358 ,
1131 5303 1480 5364 mentemque
1504 5295 1754 5365 supernis

180 5387 402 5456 Insere,
428 5393 488 5442 et
515 5392 726 5442 erectos
755 5384 812 5439 in
838 5383 1034 5438 cmlum
1057 5385 1273 5453 porrige
1300 5397 1516 5440 sensus.

180 5479 442 5550 Namque
471 5475 574 5533 boc
596 5474 740 5546 quod
772 5475 994 5541 vetitum
1020 5472 1280 5529 formidas
1301 5482 1522 5546 tangere
1546 5489 1787 5546 pomum;

181 5571 350 5629 Scine
377 5567 524 5625 dabit
545 5579 880 5638 quacunque
911 5574 1065 5635 pater
1091 5575 1305 5622 secreta
1330 5567 1564 5636 reponit.

177 5663 274 5720 'I'u
303 5660 466 5719 modo
492 5670 788 5730 suspensos
816 5665 1029 5711 tantum
1058 5670 1125 5712 ne
1145 5654 1366 5713 contine
1391 5665 1589 5726 tactus,

175 5753 267 5812 Ne
297 5753 511 5824 captiva
534 5725 627 5808 diu
657 5725 898 5804 {renetur
927 5745 1046 5817 lege
1068 5748 1336 5818 voluptas.

173 5845 437 5914 Namque
461 5839 550 5896 ubi
575 5839 815 5896 divinum
842 5837 1094 5893 Iibaveris
1113 5852 1209 5894 ore
1229 5854 1256 5894 s
1275 5854 1503 5909 nporem,

174 5936 318 5994 llos
352 5942 578 6006 purgata
605 5945 704 5988 suo
733 5930 934 5987 facient
962 5929 1249 5999 telumina
1274 5931 1392 5987 visu

173 6027 552 6100 Equiparare
575 6024 726 6094 deos,
751 6023 831 6082 sic
858 6031 1048 6082 sancta
1067 6031 1126 6083 ut
1146 6021 1308 6082 noxia
1338 6037 1528 6096 nosse,

1842 4911 2104 4989 Saltem
2136 4928 2490 4984 consequere,
2531 4928 2693 4986 atque
2713 4921 2926 4976 animus
2954 4923 3138 4979 attol'e
3162 4923 3428 4994 jacen'es.

1901 5006 2127 5062 Lumina
2157 5023 2256 5064 cur
2286 5007 2491 5064 flectis?
2517 5025 2616 5065 cur
2647 5026 2907 5082 prospera
2930 5025 3049 5070 vota
3079 5021 3344 5077 moraris?

1902 5097 2250 5170 Venturoque
2275 5100 2369 5155 diu
2399 5109 2612 5172 tempus
2641 5101 2838 5160 furaris
2865 5104 3098 5163 honori?

1972 5187 2100 5244 Ilaec
2124 5189 2281 5244 effata
2307 5189 2472 5245 dabat
2500 5191 2720 5248 victura:
2747 5191 2950 5250 fercula
2983 5199 3193 5267 mortis,

1898 5277 2206 5336 Intereunte
2231 5280 2411 5336 anima
2437 5280 2642 5338 letbum
2671 5283 2803 5339 dum
2823 5286 3050 5344 crimina
3068 5302 3319 5362 pascunt.

1899 5370 2111 5442 Accipit
2139 5371 2330 5428 infelix
2354 5373 2646 5430 malesuadi
2679 5376 2842 5432 verba
2879 5382 3111 5450 susurri,

1897 5464 2240 5536 Inliexosque
2264 5470 2413 5522 retro
2439 5466 2641 5538 dejecjt
2664 5468 2733 5525 ad
2754 5471 2938 5526 ultima
2965 5486 3182 5532 sensus.

1897 5557 2016 5615 Non
2041 5559 2191 5614 illum
2219 5558 2414 5630 trepidi
2443 5562 2722 5618 concussit
2749 5577 2878 5619 cura
2904 5568 3142 5634 pavoris,

1898 5651 2011 5708 Nec
2029 5662 2288 5723 quantum
2319 5661 2479 5724 gustu
2509 5663 2758 5712 cunctata
2790 5669 2872 5712 est
2905 5657 3105 5715 femina
3137 5661 3348 5733 primo;

1896 5743 2005 5801 Sed
2033 5744 2280 5816 sequitur
2307 5745 2487 5810 velox,
2513 5748 2833 5820 miseraque
2861 5765 2929 5806 ex
2951 5753 3200 5826 conjugis
3231 5772 3329 5814 ore

1897 5835 2220 5899 Constanter
2241 5837 2381 5906 rapit
2408 5837 2723 5896 inconstans
2752 5841 2932 5898 dctale
2962 5858 3256 5909 venenum.

1900 5926 2170 5984 Faucibus
2188 5935 2244 5983 et
2273 5928 2470 5997 patulis
2494 5929 2740 5987 inimicas
2769 5934 2995 6005 porrigit
3021 5948 3196 5992 escas.

1903 6019 2009 6077 Vix
2036 6033 2146 6078 uno
2169 6034 2390 6092 pomum
2419 6019 2616 6080 libarat
2645 6024 2862 6082 succida
2891 6039 3077 6082 morsu
