4516 6416
3435 0 4453 36 Wn-UU3il

2327 448 2383 504 s.
2425 441 2605 502 AVlTl
2646 441 3046 498 VIENXENSES
3856 478 3859 481 .
4212 440 4304 496 δκ

2651 554 2699 614 Α
2733 551 2964 623 Spiritus
2983 553 3185 609 erroris
3202 553 3297 608 sed
3325 553 3414 621 qui
3446 551 3732 608 bacchatur
3761 552 3815 606 in
3843 551 3970 613 illis.

1069 472 1173 529 535

1067 576 1343 651 lngluvies,
1367 581 1735 639 summumque
1762 565 1919 620 dabat
1945 561 2027 614 vix
2054 572 2175 617 esca
2197 572 2445 629 saporem
2473 577 2486 612 :

1067 673 1204 726 Ecce
1223 664 1531 737 repentinus
1560 659 1740 733 fulgor.
1756 651 2092 711 clrcnmstitit
2115 665 2230 712 ora,

1067 758 1427 830 Lngcndoque
1464 763 1629 807 novos
1652 745 1903 816 respersit
1936 743 2137 798 lumine
2158 742 2324 795 visus.

1069 853 1184 908 Non
1214 861 1384 903 caecos
1412 852 1594 898 natura
1614 836 1778 904 dedit,
1811 849 1910 890 nec
1939 833 2156 888 luminis
2181 845 2278 884 usu

1073 942 1332 995 Privatam
1362 933 1547 988 faciem
1571 927 1772 998 peperit
1795 926 2049 995 per'ectio
2075 922 2283 977 forma.

1068 1031 1218 1084 Nunc
1246 1041 1396 1095 mage
1425 1036 1596 1078 crocus
1624 1020 1752 1082 eris,
1779 1019 1864 1072 cui
1891 1016 1996 1086 iam
2021 1029 2126 1067 non
2153 1012 2352 1068 suficit
2387 1011 2524 1066 illud

1068 1120 1322 1182 Noscere,
1345 1113 1484 1184 quod
1507 1119 1683 1166 tantus
1714 1109 1878 1162 voluit
1908 1114 1960 1160 te
1990 1117 2152 1158 nosse
2183 1111 2415 1158 creator.

1069 1211 1148 1266 Ad
1182 1213 1342 1262 vitam
1373 1205 1523 1260 vobis
1549 1202 1798 1259 cernendi
1821 1199 1955 1253 facta
1985 1197 2211 1251 facultas
2245 1215 2256 1248 :

1072 1299 1178 1353 Vos
1207 1299 1366 1353 etiam
1397 1295 1595 1350 lethum
1619 1304 1788 1346 vestra
1812 1287 1907 1343 scd
1935 1296 2126 1357 sponte
2147 1285 2355 1340 videtis.

1071 1391 1204 1446 Tum
1227 1389 1462 1460 patuisse
1487 1393 1698 1455 gemunt
1717 1381 1932 1443 oculos;
1963 1393 2086 1432 nam
2117 1377 2269 1446 culpa
2296 1373 2514 1430 rebellis

1072 1481 1266 1544 Fulsit,
1294 1489 1346 1533 et
1372 1478 1632 1532 obscenos
1660 1478 1937 1526 senserunt
1959 1481 2184 1536 corpora
2215 1474 2407 1521 motus.

1071 1571 1219 1626 Tunc
1249 1571 1474 1639 primum
1503 1566 1672 1618 nullos
1695 1559 1936 1634 (dubium
1964 1559 2089 1627 quid
2109 1557 2289 1612 dicere
2311 1556 2509 1624 possim

1074 1660 1378 1715 Exstinctos
1417 1654 1660 1723 natusne)
1707 1651 1875 1722 pudor
1903 1645 2261 1716 circumspicit
2287 1653 2455 1700 artus.

1070 1749 1298 1804 Erubuit
1326 1745 1554 1815 propria:
1577 1744 1686 1812 jam
1719 1753 1869 1795 mens
1897 1739 1998 1795 sibi
2037 1737 2251 1792 conscia
2278 1737 2469 1797 culpa.

1071 1837 1436 1906 Regnavitque
1464 1837 1572 1890 suis
1599 1832 1775 1886 carnis
1805 1833 1886 1884 lex
1917 1829 2081 1884 indita
2116 1825 2390 1880 membris.

1144 1927 1380 1996 Namque
1410 1925 1532 1977 hinc
1561 1924 1840 1991 posteritas
1862 1919 2046 1972 vitiato
2075 1918 2314 1986 genuine
2346 1915 2490 1966 duxi!

1073 2018 1289 2071 Artibus
1319 2013 1512 2069 illicitis
1538 2024 1863 2080 cognoscere
1887 2007 2023 2062 velle
2055 2007 2249 2067 fututa,

1071 2105 1400 2172 Arcanisqtte
1421 2101 1592 2156 sacris
1611 2101 1791 2154 tardus
1820 2098 2104 2152 immittere
2133 2108 2340 2149 sensus.

1075 2196 1227 2251 Edita
1258 2197 1339 2250 vel
1369 2195 1525 2258 uelo,
1553 2193 1634 2244 vel
1665 2200 1804 2245 tetro
1825 2202 1996 2242 mersa
2028 2183 2287 2254 profunda

1075 2285 1293 2348 Bitnari,
1318 2293 1373 2338 et
1401 2291 1581 2337 cautas
1609 2289 1811 2333 natura:
1849 2278 2142 2343 irrumpere
2172 2273 2185 2326 Ι
2221 2286 2334 2339 ges.

1071 2374 1323 2441 Qumrere
1352 2385 1490 2426 nunc
1515 2369 1674 2424 astris
1699 2383 1802 2436 quo
1828 2364 2101 2436 quisqutm
2125 2361 2299 2417 sidere
2331 2368 2506 2420 natus.

1072 2463 1330 2529 Prospera
1358 2473 1515 2530 quam
1543 2459 1700 2512 ducat
1732 2456 1981 2511 restantis
2003 2463 2241 2515 tempora
2272 2452 2426 2511 vitm.

1074 2551 1393 2604 Dissimilem
1425 2548 1640 2618 paribus
1665 2557 1982 2615 proventum
2006 2543 2217 2597 discere
2243 2541 2424 2608 signis.

1071 2643 1178 2696 Nec
1211 2657 1314 2694 ttun
1344 2648 1395 2694 et
1423 2637 1664 2708 geminos
1701 2650 1808 2689 uno
1835 2635 1935 2688 sub
1965 2643 2202 2700 tempore
2231 2630 2402 2689 fusus.

1067 2733 1212 2799 Quos
1237 2732 1549 2785 indiscretus
1574 2730 1674 2782 luci
1705 2724 2013 2794 produxerit
2040 2735 2212 2786 ortus,

1070 2821 1295 2875 Blotibus
1321 2818 1557 2874 adversis
1588 2818 1728 2870 varia
1756 2816 1854 2869 sub
1883 2823 2026 2868 sorte
2056 2822 2261 2868 notare.

1080 2913 1340 2982 Indigetes
1363 2911 1620 2980 quosdam
1650 2909 1820 2962 stellis
1847 2906 2113 2960 ascribere
2139 2905 2310 2965 divus,

1067 3001 1253 3054 .lunior
1277 3001 1506 3070 antiquis
1536 3008 1663 3052 mlas
1691 3012 1825 3068 quos
1851 2997 2083 3066 prmtulit
2113 2995 2270 3048 astris
2297 3011 2310 3056 ;

1069 3091 1238 3157 Atque
1267 3089 1508 3143 inferuali
1527 3087 1637 3156 jam
1667 3086 1864 3140 dudum
1899 3091 2056 3138 nocte
2086 3082 2309 3151 sepulis

1070 3181 1212 3235 Vana
1244 3197 1338 3250 per
1359 3182 1676 3234 immen-um
1706 3177 1990 3246 disponere
2019 3176 2230 3230 umnina
2259 3172 2471 3229 coelum.

1136 3270 1251 3321 .lam
1279 3269 1534 3337 magicam
1561 3266 1720 3335 digne
1744 3267 1913 3320 valeat
1940 3264 2060 3333 quis
2085 3263 2266 3317 dicere
2299 3260 2560 3320 fraudem,

1070 3357 1312 3412 Occultas
1342 3358 1500 3410 tacito
1528 3364 1818 3410 tentantem
1857 3357 2071 3424 pectore
2099 3352 2258 3417 vires,

1069 3447 1267 3500 Divinis
1289 3445 1437 3514 jungi
1469 3445 1751 3498 virtutibus
1775 3453 1829 3499 et
1856 3443 2191 3512 cupientem?

1067 3535 1279 3603 Legifer
1309 3543 1366 3588 ut
1385 3536 1648 3603 quondam
1670 3544 1840 3598 vates,
1867 3532 1966 3586 sub
1991 3546 2113 3601 rege
2140 3529 2390 3598 superbo,

1072 3623 1202 3676 Dum
1228 3637 1359 3675 neva
1384 3637 1503 3676 mor
1541 3634 1697 3674 traret
1732 3621 1864 3688 iussi
1897 3623 2146 3674 miracula
2175 3621 2332 3690 signi,

1071 3713 1369 3766 Cnmmuvit
1396 3712 1562 3766 livore
1585 3725 1765 3781 magos
1796 3721 1847 3764 ut
1882 3712 2003 3765 talia
2037 3721 2258 3774 tentent,

1069 3803 1524 3870 Accumulentque
1548 3814 1666 3853 suas
1701 3801 1817 3854 zelo
1846 3801 2081 3855 fervente
2109 3801 2308 3854 ruinas.

1071 3893 1175 3944 lil's
1204 3901 1509 3960 suppeteret
1538 3903 1676 3944 recta
1703 3892 1746 3944 si
1777 3889 1912 3944 forte
1951 3900 2208 3958 potestas,

1075 3981 1112 4032 D
1132 3995 1312 4043 ’.και-ρ,
1343 3995 1450 4033 non
1474 3980 1631 4033 etiam
1659 3978 1912 4034 festinent
1940 3980 2042 4033 add
2081 3995 2137 4033 re
2165 3991 2423 4032 monstra.

1075 4072 1284 4125 :EmJa
1314 4071 1410 4125 sed
1441 4071 1608 4141 signis
1633 4079 1856 4134 tantum,
1887 4087 1993 4124 nou
2029 4073 2228 4124 viribus
2257 4087 2426 4138 a-qua,

1073 4161 1220 4227 Quod
1249 4175 1523 4214 removere
1551 4160 1752 4229 nequit,
1783 4159 2071 4228 duplicavit
2105 4160 2297 4227 jusaius
2332 4163 2427 4212 ita.

1074 4251 1201 4304 llim-
1228 4243 1543 4305 eSt'lauvlato
1562 4250 1703 4320 quod
1739 4258 1956 4317 possunt
1985 4253 2220 4305 carmine
2250 4253 2359 4304 Mur
2393 4253 2427 4317 i,

1073 4342 1201 4394 Cum
1233 4340 1387 4394 tacita
1418 4353 1587 4393 savos
1617 4339 1911 4409 producunt
1931 4350 2044 4394 arte
2066 4340 2326 4394 dracones

1073 4432 1332 4485 Absencs
1362 4435 1418 4484 et
1440 4444 1580 4497 stepe
1599 4431 1784 4497 jubent
1803 4428 2094 4497 confligere
2117 4444 2318 4484 secum.

1073 4521 1218 4575 Tunc
1244 4530 1300 4574 ut
1338 4523 1559 4588 quisque
1600 4536 1812 4587 «,ravein
1853 4521 1994 4580 bello
2028 4523 2366 4588 pricsenserit
2392 4523 2637 4590 hydrum.

1077 4614 1288 4682 Aspidis
1313 4622 1404 4667 aut
1429 4612 1577 4667 durzc
1607 4613 1814 4667 clausas
1844 4615 2152 4683 cvgttoverit
2175 4628 2357 4680 aures,

1076 4703 1317 4757 Concutit
1350 4703 1571 4757 interius
1602 4706 1790 4758 secreti
1821 4705 2072 4758 carminis
2096 4720 2239 4758 arma
2274 4722 2289 4758 :

1077 4796 1318 4848 Proditus
1339 4803 1394 4847 et
1421 4793 1576 4848 lassis
1599 4794 1758 4848 verba
1789 4794 2020 4848 luctante
2051 4796 2284 4860 venenis,

1077 4883 1193 4936 Mox
1215 4885 1426 4951 impune
1446 4899 1602 4935 manu
1633 4885 1850 4937 coluber
1881 4895 2138 4938 tractatur
2165 4885 2382 4939 inermis

1079 4976 1140 5026 l-‘Lt
1170 4987 1376 5026 morsus
1401 4981 1624 5038 tantum,
1653 4988 1757 5027 non
1785 4975 1952 5040 virus,
1983 4977 2034 5026 iu
2065 4989 2236 5043 angue
2261 4976 2494 5029 timetur.

1079 5070 1345 5123 tuterilum
1372 5071 1506 5138 perit
1533 5068 1829 5131 incantans,
1857 5069 1901 5121 si
1931 5069 2118 5122 callida
2149 5069 2343 5122 surdus

1077 5162 1406 5227 Atljuratoris
1430 5163 1748 5229 contempsit
1779 5176 2050 5216 murmura
2082 5177 2322 5230 serpens.

1080 5252 1186 5304 llac
1218 5251 1466 5320 quoniam
1489 5250 1555 5305 de
1589 5261 1755 5305 matre
1787 5251 2019 5314 trahunt,
2053 5263 2105 5306 et
2133 5252 2336 5319 origine
2367 5255 2556 5320 prima,

1081 5344 1367 5410 Anguiueat
1396 5342 1593 5394 fraudis
1621 5343 1762 5410 quod
1790 5343 1866 5396 sic
1897 5345 2196 5411 linguaque
2226 5344 2400 5410 periti,

1083 5434 1256 5487 illatua
1284 5449 1376 5500 per
1407 5423 1635 5501 speciem
1665 5433 1889 5487 reddunt
1912 5436 2227 5488 commercia
2261 5433 2421 5487 f.in:li.

1084 5529 1186 5582 Nec
1211 5529 1380 5581 minus
1407 5528 1485 5580 bis
1511 5530 1680 5596 pulsat
1703 5528 1966 5582 contraria
1997 5543 2122 5582 cura
2154 5529 2360 5594 salutis,

1085 5619 1238 5685 Angit
1270 5621 1541 5687 prmscitus
1568 5619 1708 5672 ducti
1739 5633 1872 5687 quos
1907 5617 2161 5672 terminus
2190 5620 2318 5682 teri;

1086 5709 1212 5761 Cum
1245 5719 1417 5762 tamen
1445 5713 1659 5764 educms
1691 5709 1907 5763 infernis
1932 5711 2144 5764 sedibus
2172 5711 2392 5764 umbras

1087 5799 1412 5867 Colloquiunt
1446 5802 1666 5855 miscere
1692 5809 1893 5868 putent,
1925 5809 1977 5856 et
2014 5810 2133 5855 nota
2159 5800 2378 5855 referre.

2743 644 2824 700 Ad
2853 645 3092 702 consulta
3124 654 3274 715 parat
3305 645 3460 699 vanis
3491 657 3748 716 respousa
3776 643 3978 714 figuris.

2746 736 2812 791 Et
2841 752 2910 792 ne
2937 746 3180 800 porrecto
3206 735 3456 791 dicantur
3481 735 3688 805 singula
3714 737 3878 788 verbo

2744 827 3000 883 Prmsenti
3031 828 3239 893 illusus,
3269 826 3610 881 damnabitur
3636 826 3726 881 ille
3756 827 3972 893 perenni

2743 919 2974 986 Judirio,
3005 919 3249 989 quisquis
3275 918 3495 973 vetitum
3523 932 3847 986 cognoscere
3877 926 4063 972 tentat.

2819 1011 2926 1067 Nec
2950 1011 3058 1076 iam
3088 1009 3203 1064 sola
3234 1008 3331 1063 fuit
3357 1009 3638 1063 scrutatrix
3673 1007 3777 1063 Eva
3809 1007 4073 1062 malorum
4105 1024 4118 1059 :

2746 1100 2928 1156 Dicam
2959 1113 3100 1155 nunc
3123 1099 3304 1163 aliam,
3337 1098 3428 1153 tali
3457 1112 3573 1166 quc
3601 1107 3750 1168 peste
3775 1096 4044 1160 laborans,

2743 1192 2810 1247 Et
2838 1191 3116 1259 conjuncta
3145 1187 3280 1255 viro,
3305 1190 3579 1258 proprium
3612 1202 3717 1241 non
3741 1185 3927 1240 vicerit
3951 1184 4150 1239 Adam.

2743 1279 3001 1337 Peccandi
3029 1277 3279 1348 quasdam
3312 1277 3489 1332 fervor
3516 1275 3866 1332 succettderat
3890 1271 4072 1334 urbes,

2742 1369 2919 1426 Civica
2945 1370 3263 1438 permittens
3283 1368 3474 1423 laxatis
3499 1367 3720 1421 crimina
3753 1363 3937 1420 frenis.

2741 1465 2975 1519 Incestus
2999 1478 3096 1533 pro
3124 1465 3239 1533 lege
3269 1459 3389 1523 fuit,
3418 1467 3694 1528 totumque
3723 1455 3885 1511 libido

2740 1558 2836 1611 .Ius
2859 1557 3062 1622 habuit,
3090 1555 3236 1622 regni
3263 1552 3446 1609 sedem
3475 1561 3672 1606 metata
3699 1550 3945 1618 voluptas

2742 1646 3024 1716 Indigenas
3051 1647 3273 1717 populos
3300 1643 3516 1698 domina
3541 1641 3643 1697 sub
3667 1654 3829 1698 Carne
3857 1638 4075 1694 tenebat
4105 1652 4122 1690 :

2744 1739 2810 1794 Et
2833 1737 3093 1792 scelerum
3121 1735 3318 1800 studio,
3364 1732 3464 1788 lida
3494 1731 3635 1803 quod
3659 1731 3815 1801 plebe
3841 1729 4000 1785 locati

2748 1830 2954 1882 Dudum
2982 1827 3202 1895 parendi
3235 1825 3494 1896 promptis
3524 1821 3823 1893 respublica
3843 1819 4025 1888 jussit,

2669 1909 2718 1970 Β
2747 1919 3076 1974 Abstinuisse
3100 1917 3270 1980 nefas,
3294 1925 3347 1970 et
3375 1929 3481 1968 non
3506 1925 3758 1982 peccasse
3787 1908 4099 1982 pudendum

2742 2008 2798 2059 (ἶσ
2815 2008 3044 2061 edebant
3067 2021 3275 2067 omnes,
3302 2005 3508 2058 facinus
3527 2017 3658 2073 quos
3679 2002 3931 2072 juttxerst
3956 2013 4145 2052 unum.

2742 2097 2962 2152 Talibus
2991 2095 3224 2150 nﬂ'ensus
3244 2093 3402 2163 judex
3427 2101 3588 2162 atque
3625 2089 3824 2146 arbiter
3843 2087 3988 2143 orbis

2743 2189 2872 2242 Cum
2896 2190 3114 2250 fureret,
3148 2187 3493 2254 flammasque
3518 2185 3634 2238 loco
3665 2169 3929 2250 finemque
3953 2185 4189 2247 pararet,

2742 2279 3032 2348 Quenulam
3064 2277 3378 2332 dissimilem
3402 2276 3630 2340 cunctis,
3665 2283 3912 2342 tectoque
3938 2273 4214 2333 latentem,

2742 2372 2838 2436 Qui
2869 2379 2993 2423 tunc
3017 2369 3151 2421 forte
3184 2368 3274 2421 fuit
3305 2367 3518 2436 prupria
3544 2364 3859 2434 peregrinus
3883 2363 3935 2416 in
3969 2361 4128 2423 urbe.

2748 2463 2915 2530 Atque
2943 2461 3083 2514 inter
3108 2460 3304 2514 multos
3334 2458 3509 2513 solum
3537 2459 3615 2511 sic
3643 2457 3941 2524 alloquitur
3969 2453 4104 2507 Loth
4136 2467 4152 2506 :

2745 2549 2950 2618 Oppida
2979 2550 3178 2603 lascivo
3199 2548 3308 2618 jam
3337 2547 3536 2601 dudum
3565 2547 3722 2616 plena
3746 2544 3928 2598 furore

2751 2643 3090 2710 Respergunt
3110 2641 3306 2696 cmlom
3337 2638 3584 2702 maculis,
3616 2647 3930 2704 nostrasque
3955 2633 4182 2700 fatigant

2741 2732 2996 2796 Quamvis
3023 2731 3326 2784 obstructas
3354 2727 3613 2782 scelerum
3644 2726 3964 2781 clamoribus
3988 2737 4169 2777 aures.

2743 2821 2989 2875 Imminet
3014 2822 3261 2887 exitium,
3290 2819 3448 2876 tellus
3473 2833 3730 2875 succensa
3759 2827 3908 2873 reatu

2747 2910 2962 2980 Ignibus
2985 2910 3214 2976 ardebit,
3244 2911 3540 2979 restinguet
3568 2909 3807 2964 fulminis
3839 2908 4012 2962 imber

2739 3000 2869 3068 ρυλε
2899 3016 3005 3054 non
3033 2999 3289 3055 exstinxit
3318 2998 3575 3054 ferventia
3599 2995 3823 3054 crimina
3853 2997 4033 3052 ﬂetus.

2741 3089 2856 3156 Ipsa
2881 3089 2932 3141 in
2966 3099 3248 3156 perpetuas
3273 3087 3512 3143 solvetur
3542 3098 3683 3142 terra
3716 3087 3944 3150 favillas,
3972 3121 3975 3124 -

2743 3177 2873 3241 Qua:
2898 3177 3046 3232 vivos
3071 3176 3283 3231 cineres
3310 3185 3365 3230 et
3396 3185 3518 3243 post
3545 3175 3788 3230 incendia
3819 3188 4064 3240 servans,

2663 3253 2708 3313 (ἶ
2741 3267 2935 3334 Sicque
2963 3267 3136 3321 solum
3161 3267 3388 3334 fingens,
3423 3266 3615 3320 leviter
3637 3265 3681 3319 si
3704 3265 3854 3318 calce
3883 3275 4117 3327 teretur,

2739 3355 2817 3409 Ad
2850 3353 3127 3408 minimum
3160 3353 3366 3423 fugiens
3394 3353 3630 3408 discedet
3655 3353 3848 3422 pallida
3880 3360 4102 3407 tactum.

2737 3443 2816 3497 Tu
2851 3457 2993 3498 nunc
3020 3443 3200 3512 linque
3228 3444 3467 3504 domum.
3500 3443 3766 3511 perizuras
3790 3443 3980 3496 desere
4014 3452 4192 3497 terras

2738 3533 2804 3590 Et
2835 3549 2923 3588 rea
2949 3548 3072 3588 cum
3096 3532 3270 3603 dignis
3299 3533 3577 3588 subs'dant
3601 3547 3730 3587 arva
3759 3533 3985 3588 colunis.

2740 3625 2847 3680 Nec
2876 3633 2984 3679 tete
3006 3623 3315 3694 impendens
3345 3623 3546 3676 letltum
3574 3621 3913 3691 coniunxerit
3944 3623 4079 3686 illis,

2741 3715 2854 3769 Non
2873 3715 3050 3784 junxit
3075 3729 3210 3782 quos
3237 3714 3363 3767 vita.
3395 3713 3513 3768 'l'ibi
3539 3715 3728 3768 solatia
3755 3714 3948 3781 coniux

2742 3806 3000 3871 Prmteat,
3036 3803 3135 3858 hac
3164 3812 3364 3858 tantum
3396 3803 3540 3858 socia
3569 3812 3849 3857 contentus
3875 3805 4038 3856 abito.

2744 3896 3052 3949 Acrelerate
3081 3893 3281 3962 fugam,
3315 3893 3564 3947 tt-nd..tur
3593 3894 3806 3948 tramite
3837 3903 4008 3957 recte.

2742 3985 2852 4040 Neu
2878 3983 3263 4038 subvertendas
3287 3983 3566 4052 quisquam
3595 3983 3889 4051 respexerit
3920 3999 3970 4034 ut
3988 3983 4104 4036 bes.

2751 4075 2853 4128 \‘os
2883 4076 3083 4128 lti'SClIe
3115 4074 3341 4137 malum;
3372 4087 3407 4141 p
3432 4094 3445 4124 t
3466 4088 3561 4126 nas
3586 4074 3886 4140 quicunque
3920 4071 4126 4126 subibit

2747 4166 3001 4233 Aspiciat,
3034 4165 3326 4233 mortisque
3355 4177 3465 4218 sua:
3484 4164 3786 4231 spectacula
3805 4177 3988 4218 secum

2745 4257 2841 4322 Qui
2871 4268 3113 4308 meruere
3140 4253 3312 4307 ferant
3347 4271 3358 4304 :
3392 4253 3657 4306 salvamlis
3688 4261 3861 4307 terror
3891 4255 4101 4309 abesto.

2746 4346 2868 4398 llznc
2898 4344 3084 4406 Pater;
3114 4353 3196 4396 ast
3225 4343 3524 4411 ills'proper
3543 4355 3618 4396 nt
3647 4345 3936 4400 abscedere
3967 4355 4136 4411 terra,

2748 4435 3099 4502 [nudumque
3127 4446 3324 4497 moras,
3354 4432 3698 4502 crudeliaque
3736 4449 3859 4487 arva
3890 4436 4224 4507 re'inquunt.

2817 4523 3065 4588 Cinga-rat
3091 4521 3280 4574 obtluci
3311 4523 3390 4575 vic
3418 4536 3503 4574 um
3536 4522 3759 4592 caligine
3785 4522 3968 4586 densa,

2669 4598 2720 4658 Ῑ)
2751 4616 2921 4682 Atque
2951 4615 3124 4682 ignota
3151 4613 3297 4680 prius
3329 4612 3613 4666 demittere
3637 4628 3907 4666 murmura
3942 4615 4166 4669 cmlum.

2747 4705 2854 4759 Nec
2886 4706 2961 4758 sic
2990 4716 3046 4758 ιιι
3072 4705 3268 4756 tonitru
3299 4705 3488 4757 crebro
3519 4719 3637 4756 cum
3667 4706 3900 4771 percitus
3931 4707 4098 4761 attbet

2746 4799 2994 4850 Ostentat
3020 4795 3222 4861 pavidis
3253 4794 3470 4848 innoxia
3500 4794 3721 4849 fulmina
3763 4797 3941 4851 terris.

2748 4889 2850 4942 Sed
2881 4903 3096 4955 prorsus
3126 4885 3283 4939 finale
3309 4887 3508 4940 malum
3537 4886 3769 4940 stridore
3799 4887 3991 4940 minaci

2748 4980 2804 5033 Te
2827 4993 2903 5031 tra
2931 4994 3025 5045 per
3051 4976 3227 5030 aerios
3258 4975 3547 5033 mittebant
3575 4975 3722 5046 signa
3750 4976 4029 5032 tumultus.

2749 5072 3061 5125 'l‘eudebant
3106 5068 3292 5122 moniti
3325 5065 3502 5126 simul,
3546 5076 3599 5120 et
3627 5069 3875 5120 mandata
3907 5077 4158 5124 tenentes

2749 5161 2877 5215 Com
2898 5178 3070 5214 (ιδ-ειη]
3097 5162 3257 5214 rectis
3281 5159 3343 5212 ad
3377 5158 3558 5211 sedem
3589 5159 3819 5212 vultibus
3849 5159 4016 5212 ibant.

2750 5253 2878 5305 (ἰηιΙί
2903 5253 2982 5304 lus
3009 5251 3112 5304 alta
3145 5264 3331 5318 petens
3365 5247 3458 5301 sed
3485 5248 3571 5317 qui
3611 5249 3943 5302 subverterat
3972 5249 4136 5302 Evam

2752 5346 3005 5408 Serpens,
3034 5339 3321 5394 femineam
3351 5350 3636 5390 consuetus
3666 5347 3883 5407 tangere
3906 5350 4162 5404 utentem,

2755 5434 2847 5486 llic
2878 5445 3088 5500 quoque
3121 5429 3415 5481 formidans
3443 5428 3678 5480 animum
3715 5437 3922 5481 tentare
3950 5429 4184 5492 virilem,

2754 5526 3001 5592 tinnitus
3034 5524 3134 5586 ius;
3157 5523 3258 5574 itat
3281 5520 3436 5584 votis,
3468 5529 3522 5572 ut
3553 5533 3711 5573 nosse
3742 5523 3924 5572 ruinas

2760 5618 2946 5675 Velle'.
2978 5625 3030 5669 et
3059 5629 3248 5668 evasas
3278 5614 3393 5665 visu
3419 5613 3750 5681 deprendere
3780 5613 3980 5665 clades.

2755 5711 2796 5764 0
2828 5712 3050 5762 demens
3082 5705 3265 5769 animi,
3297 5705 3378 5759 cui
3405 5707 3510 5774 jam
3542 5720 3645 5758 non
3681 5705 3876 5758 suflicit
3909 5720 4063 5756 unum

2755 5799 3110 5854 Succubuisse
3134 5796 3253 5850 dolo
3286 5811 3296 5844 :
3331 5797 3499 5851 caruit
3533 5797 3632 5850 iam
3659 5809 3805 5864 pane
3839 5795 4100 5850 bonorum
