4516 6464
219 455 324 511 537

220 564 350 631 Qua:
380 561 520 616 mala
549 562 803 631 cognovit
834 578 848 614 :
882 561 925 616 si
957 575 1065 615 non
1095 557 1339 628 exempla
1370 557 1606 627 priorum

218 654 470 717 Terrenl,
493 652 795 723 exemplum
829 650 967 717 lies;
1003 661 1292 721 nostroque
1328 650 1507 705 timori

219 744 315 798 γει
349 753 469 813 post
501 756 551 799 te
577 753 761 815 pereat
789 742 983 799 secreti
1012 742 1129 797 dira
1154 740 1369 813 cupido.

218 833 467 890 lllicitum
496 834 637 904 quod
664 835 805 889 scire
831 832 952 901 fuit,
978 834 1309 903 vetitumque
1333 832 1493 896 tueri,

217 928 503 998 Respicio:
530 937 735 982 tantum
762 944 860 985 nec
890 937 1167 984 narratura
1192 926 1421 983 videbis.

295 1018 438 1088 Ergo
459 1018 547 1073 ubi
579 1018 844 1089 majorem
866 1019 1040 1073 vicina
1072 1033 1136 1073 ex
1167 1018 1301 1073 urbe
1338 1018 1625 1072 tumultum

216 1111 443 1181 Accepit
470 1110 684 1178 mulier,
718 1110 922 1164 \ultum
947 1110 1155 1165 deflua
1188 1118 1471 1174 retorzum,

219 1202 326 1258 Vix
360 1203 535 1271 prin-.o
564 1204 617 1257 in
646 1204 760 1256 visu
794 1202 1057 1256 restrictis
1088 1202 1322 1255 motiins
1355 1200 1535 1264 haesit,

215 1294 455 1349 Cernere
480 1293 749 1349 desistens
776 1308 897 1348 cum
929 1303 1163 1361 coeperat
1188 1309 1202 1357 ;
1234 1292 1356 1346 inde
1382 1291 1563 1360 gelato

215 1383 495 1452 Sanguine
526 1397 861 1437 marmoreus
893 1381 1128 1452 perfudit
1158 1383 1361 1436 viscera
1394 1391 1569 1448 tmpur
1597 1399 1611 1446 ;

215 1473 499 1542 Diriguere
520 1488 695 1544 gente,
727 1474 897 1539 pallor
921 1488 1091 1528 novus
1132 1472 1296 1527 inlicit
1325 1488 1439 1526 ora.

218 1561 447 1615 Lumina
475 1576 581 1615 non
607 1562 823 1626 clausit,
857 1576 963 1616 non
995 1561 1186 1616 saltem
1219 1561 1450 1614 concidit
1484 1560 1574 1614 illo

217 1653 468 1709 Pondere
496 1667 603 1722 quo
635 1654 845 1720 pulsant
873 1652 1107 1707 demissa
1136 1650 1393 1706 cadavera
1421 1659 1646 1715 terram;

215 1745 326 1802 Sed
353 1745 503 1800 stetit
530 1746 803 1802 horrendo
832 1745 1119 1816 perlucens
1149 1758 1323 1797 maSsa
1357 1744 1552 1809 nitore,

214 1836 569 1905 Servavitque
601 1850 753 1891 suam
782 1836 994 1906 species
1021 1835 1244 1904 deet-pta
1281 1838 1525 1904 ligurem.

1499 447 1878 505 POEMATUM
1921 448 2122 505 LIBER
2169 450 2253 505 III.

3403 452 3513 511 358

1841 565 1891 623 Α
1922 560 2102 617 Credo
2121 564 2374 632 equidem
2407 564 2623 631 melius,
2647 562 2791 633 quod
2819 578 2924 619 non
2953 565 3249 622 occurrerit
3271 582 3407 625 uxor

1916 657 2185 715 Enarrare
2216 663 2335 715 viro
2366 675 2381 713 :
2410 674 2533 715 nam
2564 659 2611 715 si
2638 671 2911 728 cumperta
2936 660 3183 728 referret,

1917 747 2126 804 Forsan
2157 760 2212 805 et
2242 750 2385 806 hunc
2408 752 2526 805 visu
2556 751 2817 805 suasisset
2848 760 3091 807 temnere
3115 753 3287 822 jussa,

1914 838 2022 894 Ceu
2054 841 2329 910 proprium
2352 849 2506 910 gustu
2535 840 2663 895 fecit
2697 840 2956 909 primaeva
2998 841 3181 912 virago
3212 859 3225 894 ε

1914 930 2044 997 Quae
2078 940 2360 1003 postquam
2388 946 2510 989 sese
2539 932 2741 1002 pariter
2769 932 3135 1002 comitemque
3166 931 3374 997 fefelli',

1919 1022 1985 1076 Et
2019 1023 2254 1077 nondum
2287 1031 2463 1078 natam
2500 1024 2763 1092 percussit
2788 1024 3016 1079 vulnere
3046 1026 3287 1093 prolem;

1916 1112 2052 1166 Tum
2087 1114 2260 1169 victor
2288 1130 2514 1184 serpens
2544 1116 2843 1171 certamine
2872 1116 3028 1171 Iactus
3057 1116 3125 1169 ab
3155 1116 3292 1183 ipso,

1916 1203 2201 1257 Puniccam
2234 1206 2481 1271 crispans
2503 1220 2795 1274 squamoso
2823 1206 2876 1260 in
2905 1206 3109 1262 vertice
3126 1207 3366 1269 cristam,

1913 1294 2030 1348 Jam
2046 1310 2154 1349 non
2170 1295 2521 1351 dissimulans
2538 1312 2698 1364 quem
2721 1306 2993 1366 presserat
3015 1306 3129 1351 arte
3152 1297 3508 1365 triumphum,

1917 1383 2106 1437 Acrior
2137 1385 2357 1438 insultat
2382 1386 2556 1451 victis,
2587 1394 2639 1441 et
2670 1385 2865 1440 talibus
2888 1385 3006 1440 infit
3032 1408 3045 1441 :

1920 1472 1997 1524 En
2020 1471 2197 1527 divina
2234 1482 2415 1528 manet
2453 1474 2732 1541 promissa:
2757 1475 2925 1545 gloiia
2959 1474 3153 1531 laudis.

1915 1564 2184 1634 Quidquid
2208 1566 2348 1619 scire
2371 1580 2549 1619 meum
2573 1566 2765 1635 potuit,
2786 1566 2895 1635 jam
2919 1567 3123 1622 credite
3144 1575 3382 1622 vestrum
3406 1574 3503 1636 est,

1914 1653 2105 1709 Omnia
2138 1655 2453 1720 monstravi,
2482 1668 2809 1725 sensumque
2836 1670 2932 1721 per
2961 1655 3141 1710 abdita
3172 1656 3324 1723 duxi,

1919 1743 1983 1797 Et
2007 1744 2364 1813 quodcunque
2395 1744 2591 1798 malum
2622 1745 2795 1799 sulers
2828 1758 3015 1799 ua'ura
3046 1745 3296 1811 negabat,

1919 1834 2150 1901 Institui,
2184 1836 2497 1904 dextrisque
2523 1836 2645 1891 dedi
2676 1838 3007 1907 conjungere
3036 1838 3245 1891 lteram.

214 1928 331 1984 Nec
361 1927 514 1983 facile
548 1937 607 1981 ut
634 1942 843 1993 nosses,
875 1928 1092 1990 vitrum,
1126 1928 1279 1995 lapis,
1310 1942 1451 1980 anne
1477 1926 1750 1981 metallum
1841 1928 1885 1986 B
1920 1926 2122 1981 lsttiinc
2155 1935 2409 1996 perpetua
2442 1936 2651 1981 vosmet
2684 1928 2816 1981 mibi
2848 1936 2997 1983 sorte
3027 1928 3217 1982 dicavi.

216 2019 529 2075 Succedens
552 2019 776 2084 homini,
809 2019 853 2073 si
883 2034 987 2073 non
1020 2018 1096 2072 sal
1133 2020 1283 2072 l'auce
1314 2027 1549 2073 notetur.

217 2110 298 2165 Ex
330 2121 457 2164 tunc
483 2111 715 2180 insipido
744 2111 934 2165 mulier
957 2120 1231 2179 prmventa
1264 2121 1413 2165 reatu

214 2198 341 2253 Plus
373 2200 575 2254 salsum
608 2200 727 2255 sine
754 2211 936 2255 mente
966 2200 1127 2265 sapit,
1173 2216 1291 2268 qua:
1331 2215 1565 2269 pungere
1594 2215 1801 2265 sensus,

216 2290 572 2363 Exemplique
598 2301 778 2359 potest
803 2291 1011 2346 salibus
1036 2292 1258 2344 contire
1289 2291 1553 2345 videntes.
1715 2283 1722 2293 ’

214 2380 335 2436 11ηο
364 2391 542 2435 tamen
571 2381 658 2437 hic
690 2396 963 2451 magnum,
999 2381 1140 2449 quod
1168 2397 1272 2435 non
1305 2380 1590 2436 inﬂectitur
1616 2382 1737 2447 istc,

213 2471 325 2524 Nec
353 2472 592 2540 sequitur
626 2471 850 2536 sociam,
884 2472 1035 2525 fort‘s
1065 2486 1163 2527 nec
1186 2472 1412 2525 vincitur
1440 2472 1628 2525 Adam.

1916 2016 2025 2071 Nec
2051 2018 2190 2071 Deus
2221 2017 2273 2069 in
2308 2017 2479 2083 vobis,
2512 2030 2815 2085 quanquam
2844 2017 3155 2073 formaverit
3184 2026 3329 2083 ante,

1918 2108 2036 2162 Jam
2070 2108 2189 2176 plus
2215 2107 2353 2175 juris
2383 2107 2571 2171 liabet;
2604 2116 2782 2161 teneat
2811 2108 2954 2176 quod
2978 2109 3221 2163 condidit
3251 2110 3388 2176 ipse.

1920 2197 2073 2263 Quod
2105 2196 2265 2251 docui
2299 2211 2509 2252 mecum
2539 2207 2662 2251 est:
2694 2196 2867 2265 major
2894 2195 3025 2249 milii
3056 2195 3231 2263 portio
3262 2204 3445 2249 I'Calfll.

1919 2289 2077 2341 Multa
2106 2286 2349 2341 Creatori
2380 2286 2610 2348 debetis,
2644 2287 2790 2355 plura
2825 2286 3103 2355 magistro.

1917 2379 2079 2442 Dixit,
2106 2390 2157 2432 et
2198 2380 2249 2433 in
2284 2378 2458 2433 media
2502 2378 2739 2446 trepidos
2768 2378 2999 2445 caligine
3031 2378 3299 2447 linquens,

1917 2469 2217 2523 Cuntlctum
2252 2468 2405 2536 periit
2434 2468 2683 2536 linquens
2713 2482 2809 2536 per
2839 2468 3019 2520 nubila
3047 2482 3263 2534 corpus.

1202 2678 1670 2783 LIBER
1760 2675 2081 2781 TER
2109 2673 2524 2780 TIU'S.

1518 2836 1601 2890 DE
1639 2834 2023 2890 SENTENTIA
2065 2833 2193 2889 DEI.

287 2953 520 3022 Tempus
547 2963 660 3007 erat
692 2968 797 3023 quo
817 2956 898 3009 sol
925 2954 1158 3007 medium
1190 2953 1598 3006 transcenderat
1627 2965 1806 3007 axem.

214 3046 425 3101 Pronus
453 3055 505 3100 et
532 3045 731 3099 excelsi
766 3045 1010 3114 linquens
1039 3046 1243 3112 fastigia
1275 3045 1447 3097 ccnzri
1470 3085 1484 3108 ,

213 3138 296 3193 Vit
314 3137 399 3191 ina
422 3137 527 3206 jam
561 3146 719 3191 nocte
742 3136 887 3191 leves
919 3138 1255 3205 praemiserat
1280 3151 1460 3189 auras.

210 3227 326 3283 Illis
347 3227 439 3282 sed
469 3226 644 3296 major
663 3242 915 3280 curarum
946 3226 1175 3279 volvitur
1200 3234 1383 3288 aestus,

212 3322 612 3390 Ferventesque
635 3328 819 3375 tenent
841 3319 982 3373 male
1003 3320 1217 3374 conscia
1245 3317 1410 3372 corda
1434 3316 1671 3371 dolores.

213 3413 387 3480 thue
415 3411 583 3480 pudor
610 3417 767 3478 capto
789 3408 1017 3463 detorsit
1048 3408 1248 3461 lumina
1278 3421 1461 3471 sensu,

211 3500 466 3570 Reppulit
486 3509 540 3554 et
569 3500 801 3554 miseros
830 3498 1039 3553 alterno
1068 3511 1097 3550 a
1120 3512 1348 3566 corpore
1374 3498 1548 3558 visus.

212 3593 323 3648 Nec
356 3593 467 3662 jam
494 3606 681 3647 secura
714 3601 997 3659 praestatur
1018 3593 1137 3645 luce
1169 3593 1301 3644 tueri

210 3683 489 3751 Signatam
523 3682 629 3737 fixo
656 3683 861 3751 peccati
893 3683 1141 3751 stigmate
1168 3694 1407 3737 carnem,

210 3774 523 3827 Indumenta
557 3781 764 3841 petunt,
792 3771 931 3827 foliis
954 3781 1010 3825 ut
1033 3771 1284 3823 mollibus
1312 3768 1473 3822 ambo

206 3864 444 3920 Membra
470 3875 671 3935 tegant,
698 3864 1006 3930 nudumque
1043 3862 1241 3916 malum
1273 3860 1340 3915 de
1370 3872 1519 3913 ves7e
1547 3867 1797 3926 jateseat.

283 3955 563 4011 Umbrosis
588 3970 812 4026 prop'er
841 3955 1018 4009 stabat
1049 3953 1276 4008 ficulnea
1303 3953 1489 4015 ramis,

205 4048 547 4107 Frondentes
578 4048 766 4104 diil‘usa
801 4063 1005 4112 comas,
1036 4062 1168 4116 quas
1192 4047 1433 4114 pr0tinus
1464 4042 1658 4108 Adam,

203 4141 527 4198 Ilumentem
558 4141 779 4208 capiens
804 4155 926 4194 raso
956 4124 1024 4194 de
1051 4140 1255 4193 cortice
1283 4138 1476 4192 librum
1497 4178 1510 4199 ,

203 4230 413 4294 Assuit,
442 4240 495 4284 et
531 4230 689 4285 viridi
720 4230 925 4284 solatur
952 4239 1099 4284 veste
1129 4231 1402 4284 ruborem.

201 4321 451 4376 Induitur
481 4321 643 4375 simili
674 4321 864 4375 mulier
891 4308 1255 4391 laerymabilis
1294 4333 1428 4384 arte,
1462 4329 1516 4373 et

203 4411 353 4478 Quos
387 4412 529 4481 pavit
560 4411 759 4465 misero
790 4411 946 4465 fallax
981 4411 1186 4465 insania
1217 4425 1399 4479 pomo,

202 4500 433 4556 Vestivit
456 4501 614 4565 tolio;
639 4516 780 4556 szeva
810 4515 943 4569 quos
973 4501 1164 4555 arbore
1195 4501 1370 4555 nudos

198 4593 478 4657 Iteddidit,
506 4592 603 4645 IIOS
625 4592 839 4662 gravius
864 4592 1007 4645 tenui
1032 4606 1193 4659 super
1215 4592 1407 4646 arbore
1431 4594 1581 4646 texit.

198 4685 273 4740 Et
303 4692 479 4739 tamen
507 4683 756 4738 adveniet
780 4695 1014 4752 tempus,
1046 4698 1165 4737 cum
1198 4683 1421 4736 crimina
1454 4684 1579 4753 ligni

199 4774 307 4827 Per
336 4774 533 4842 lignum
560 4781 735 4838 sanet,
760 4782 1058 4842 purgetque
1088 4772 1408 4826 novissimus
1441 4775 1632 4836 Adam,

199 4864 249 4920 ll
272 4864 586 4931 .teri.imque
615 4844 782 4931 ipsam
815 4862 973 4917 facint
1003 4861 1355 4916 medicamina
1387 4864 1531 4925 vitm,

197 4958 317 5019 Qua
346 4968 489 5006 mors
514 4952 741 5007 invaluit
766 4972 779 5005 :
812 4936 960 5007 le'bo
990 4952 1244 5005 delebere
1275 4951 1500 5005 lethum.

206 5044 412 5100 Ereus
438 5044 652 5097 excelso
685 5041 936 5111 pendebit
971 5043 1149 5110 stipite
1186 5056 1431 5111 serpens,

196 5138 445 5203 Cumque
472 5145 787 5189 venenatum
819 5133 1174 5196 simulaverit,
1203 5150 1364 5189 omne
1388 5149 1649 5189 venenum

198 5230 423 5297 I’urget,
446 5237 501 5281 et
524 5230 797 5296 antiquum
825 5227 1053 5295 perimat
1081 5242 1174 5280 sua
1212 5226 1379 5281 forma
1408 5228 1717 5283 draconem.

278 5322 482 5375 interea
506 5320 717 5388 genitor
752 5320 933 5374 viridis
962 5334 1059 5389 per
1083 5320 1263 5374 mollia
1292 5320 1396 5374 luci

198 5411 475 5465 Rorantes
509 5409 639 5464 sudo
659 5408 904 5479 capiebat
927 5411 993 5464 ab
1033 5426 1157 5465 aere
1181 5421 1393 5466 ventos.

198 5503 456 5559 Protinus
488 5502 728 5559 attonitis
757 5512 1048 5557 senserunt
1074 5502 1298 5557 auribus
1324 5503 1482 5557 ambo

198 5588 539 5651 Pmsentem’
562 5594 847 5649 Dominum
873 5611 888 5647 :
917 5594 1054 5648 tristi
1086 5603 1196 5647 tum
1226 5595 1345 5649 luce
1374 5608 1621 5664 perosam

195 5691 484 5761 Expavere
512 5690 653 5744 diem
682 5688 897 5743 detecto
937 5688 988 5742 in
1020 5688 1246 5743 crimine
1273 5696 1488 5743 testem.

194 5781 330 5837 Illos
359 5795 482 5837 nam
513 5779 679 5835 vastis
701 5778 968 5848 specubus
997 5778 1040 5833 si
1063 5778 1200 5833 forte
1231 5779 1543 5833 barathrum

194 5873 487 5938 I'anderet.
515 5880 609 5930 aut
644 5871 879 5928 subitum
909 5872 1069 5929 tellus
1102 5882 1425 5928 monstraret
1457 5872 1683 5939 bistum,

1920 2947 2035 3003 Non
2071 2950 2245 3018 pigeat
2276 2965 2446 3019 prono
2474 2950 2714 3018 trepidos
2737 2953 3068 3009 descendere
3088 2955 3257 3018 saltu;

1921 3042 2049 3096 Etsi
2080 3050 2391 3112 suppeteret
2414 3043 2523 3113 jam
2568 3054 2679 3100 tum
2709 3047 2977 3101 sententia
3001 3046 3154 3112 lethi,

1920 3132 2066 3187 llanc
2100 3134 2263 3189 etiam
2291 3143 2505 3200 reparet
2550 3136 2760 3191 solandi
2787 3151 2915 3192 cura
2949 3138 3189 3207 pudoris.

1919 3226 2025 3281 Seu
2055 3226 2286 3280 flammis
2312 3220 2612 3296 ly'rbphisve
2653 3227 2866 3295 darent,
2903 3229 2982 3283 vel
3016 3241 3232 3297 pec'ora
3265 3230 3418 3284 ferro

1915 3318 2209 3385 Appeteret
2231 3316 2423 3371 vindex
2457 3316 2663 3371 crudeli
2694 3319 2915 3373 vulnere
2940 3318 3150 3373 dextra.

1915 3406 2005 3462 Sic
2034 3406 2216 3460 miseri
2251 3418 2504 3470 mortem,
2534 3408 2773 3461 nondum
2804 3407 3117 3462 discrimine
3140 3416 3344 3473 notam,

1914 3496 2047 3551 Cum
2091 3498 2322 3567 primum
2350 3506 2618 3562 meruere,
2646 3499 2858 3560 volunt;
2884 3500 3101 3555 exordia
3136 3500 3297 3554 finem

1913 3588 2158 3657 Signant,
2190 3600 2242 3643 et
2270 3588 2475 3643 similes
2507 3588 2803 3656 praedicunt
2825 3588 3011 3645 adfore
3039 3591 3233 3656 luctus,

1912 3676 2109 3733 Ultima
2130 3693 2251 3732 cum
2284 3679 2469 3733 mundi
2494 3679 2702 3733 senium
2726 3681 3123 3749 consumpserit
3149 3691 3300 3744 aetas,

1910 3767 2151 3837 Cumque
2182 3770 2497 3838 repentinus
2522 3772 2850 3838 percusserit
2883 3773 3062 3825 omnia
3090 3772 3263 3840 fulgor

1909 3858 2203 3925 Ctelorum,
2232 3860 2516 3931 clangente
2549 3860 2693 3923 tuba,
2728 3877 2830 3929 qua
2858 3864 3072 3925 nuntius
3100 3876 3224 3918 ante

1914 3950 2112 4006 Iudicis
2133 3951 2366 4005 adventu
2396 3965 2721 4006 concussum
2754 3961 2955 4007 terreit
2993 3954 3216 4009 orbem:

1908 4041 2058 4096 'I‘unc
2095 4043 2218 4097 cum‘
2246 4043 2489 4097 sinceros
2521 4052 2706 4111 pastor
2733 4044 3050 4098 discreverit
3081 4059 3268 4113 agnos,

1909 4133 2084 4188 Haedis
2108 4132 2411 4199 disparibus
2432 4133 2642 4187 diversa
2678 4134 2729 4187 in
2760 4143 2911 4203 parte
2940 4134 3149 4199 locatis,

1909 4224 2008 4278 Per
2032 4225 2263 4278 medium
2288 4223 2579 4277 dirimente
2608 4223 2765 4286 chao,
2793 4224 2936 4292 quod
2972 4223 3221 4277 ﬂuetibus
3246 4221 3432 4292 implet

1906 4314 2221 4382 Sulpliureis
2240 4313 2463 4367 volvens
2489 4314 2696 4367 undosa
2722 4313 2971 4367 incend-a
3000 4327 3213 4382 gurges.

1908 4404 2265 4459 Flammarum
2295 4412 2578 4474 stagnante
2605 4404 2747 4470 lacu,
2775 4419 2883 4471 quo
2921 4402 3127 4458 fervida
3161 4404 3430 4472 quondam

1909 4495 2109 4551 Dicitur
2136 4504 2366 4552 attracto
2398 4495 2570 4550 nubes
2601 4494 2929 4551 Sodomitica
2960 4494 3143 4549 nimbo

1910 4590 2166 4647 Guttatim
2196 4608 2443 4661 sparsum
2489 4592 2689 4645 fudisse
2722 4591 2772 4643 in
2804 4590 3029 4645 crimina
3064 4589 3289 4653 fulmen,

1905 4685 2035 4738 Cum
2068 4685 2273 4754 plueret
2300 4699 2401 4737 nox
2438 4692 2571 4738 tetra
2607 4682 2775 4746 focos,
2806 4682 3051 4751 maloque
3072 4681 3291 4736 caducas

1853 4823 1864 4833 .
1905 4775 2042 4828 Aera
2072 4788 2168 4843 per
2192 4773 2422 4827 calidum
2451 4774 2712 4827 stillaront
2740 4771 2974 4838 undique
3006 4781 3227 4827 mortes.

1904 4864 2109 4920 Taliter
2140 4865 2364 4934 ignifero
2397 4865 2545 4920 missi
2575 4865 2644 4920 de
2672 4866 2820 4918 fonte
2850 4866 3112 4933 gehenna:

1904 4958 2203 5012 Fluxerunt
2227 4956 2410 5012 tristes
2433 4956 2607 5011 aliena
2634 4956 2684 5009 in
2718 4956 2913 5009 saecula
2946 4955 3061 5008 rivi.

1903 5050 1971 5101 At
2002 5064 2135 5117 quos
2160 5048 2383 5103 terribili
2406 5046 2567 5117 judex
2596 5047 2897 5101 decreverit
2942 5049 3072 5100 liora

1906 5140 2099 5196 Vivere
2124 5150 2245 5209 post
2269 5152 2518 5203 mortem,
2555 5153 2821 5208 poenaque
2844 5138 3038 5192 ardore
3061 5139 3304 5208 perenni,

1902 5231 2189 5285 Snbtrahet
2214 5240 2397 5300 optato
2426 5230 2641 5299 gravior
2662 5230 2925 5285 sententia
2959 5230 3104 5284 letlio
3138 5249 3149 5283 :

1900 5322 2140 5391 Cumque
2169 5323 2306 5377 foret
2336 5321 2547 5387 melius,
2583 5321 2840 5389 dispersis
2862 5336 3087 5390 corpora
3124 5323 3377 5378 membris

1901 5412 2136 5483 Carpere
2169 5421 2486 5480 perpetuum
2521 5411 2652 5466 dura
2681 5412 2782 5467 sub
2807 5423 2976 5467 morte
3007 5426 3281 5483 soporem,

1904 5503 2102 5558 invitos
2128 5513 2304 5557 tamen
2348 5518 2482 5557 urna
2512 5511 2720 5569 vomet,
2752 5518 2908 5573 ques
2936 5504 3048 5557 sola
3075 5504 3319 5558 voluntas

1904 5596 2108 5651 Rursus
2130 5610 2289 5665 posse
2314 5598 2474 5664 mori,
2494 5611 2765 5667 sensuque
2791 5611 2977 5651 carere
3007 5599 3247 5653 dolendi.

1900 5686 2004 5742 Sed
2036 5689 2111 5743 sic
2141 5688 2370 5758 accipiet
2395 5686 2651 5743 ferventis
2677 5686 2889 5741 ﬂamma
2923 5690 3142 5753 camini,

1902 5779 2226 5835 Ambustura
2257 5794 2383 5835 suas
2409 5790 2465 5834 ut
2487 5793 2759 5848 nunquam
2786 5778 2934 5833 finiat
2964 5794 3135 5835 escas.

1972 5873 2041 5927 At
2071 5873 2227 5943 primi
2258 5873 2461 5930 interea
2489 5886 2719 5942 iuvenes
2751 5874 3032 5928 conamine
3054 5886 3210 5929 casso
