2258 3236
498 226 548 254 539
1133 224 1160 251 S.
1182 222 1272 251 AVlTl
1293 222 1489 253 VIENNENSIS
1908 226 1911 229 '
2050 226 2099 255 διο

498 281 547 308 Per
559 280 662 307 deserta
677 284 766 313 ruunt,
779 284 886 314 tutoque
900 279 1053 306 abscondita
1070 280 1139 306 furto

498 326 576 352 Facta
596 330 698 359 putant,
710 325 787 352 caecis
798 328 888 359 optant
900 325 1008 351 latuisse
1023 325 1150 352 tenebris.

496 370 563 402 Quid
577 370 661 404 juvat,
678 369 776 402 infelix,
790 370 880 396 oculos
891 369 1003 403 ajudice
1015 369 1084 396 ﬂecti
1098 370 1109 395 7

496 415 535 443 Te
546 415 624 450 iudex
636 415 738 443 cernit:
755 415 825 442 nolis
838 422 886 442 cur
900 415 957 449 ipse
970 415 1071 448 videre,

495 460 560 488 Cum
571 460 676 488 videare
689 460 795 495 palam?
804 460 888 488 solem
903 467 955 488 non
970 460 1056 488 fuscat
1069 468 1203 489 amanum
1213 482 1221 495 ,

493 506 520 533 Si
535 506 660 540 depressa
674 513 783 541 gravem
798 505 942 534 formidant
955 502 1055 534 lumina
1068 507 1167 539 lucem,

494 551 593 579 Debilis
604 555 633 580 et
645 552 747 579 clarum
760 552 832 580 visus
842 546 896 580 non
904 551 1018 580 sustinet
1028 552 1131 580 orbem.

493 597 558 624 Tum
573 598 612 625 sic
624 597 735 626 terribili
748 598 861 632 primum
878 598 949 625 Deus
960 598 1079 633 increpat
1091 604 1149 629 ore.

491 643 579 677 Atque
590 642 634 670 ubi
647 642 681 670 sit
696 643 822 670 miserum
834 649 949 670 noscens
963 642 1110 678 interrogat
1121 642 1220 671 Adam.

492 686 543 720 Qui
556 687 684 721 trepidum
698 686 791 722 pavido
803 687 954 721 producens
964 692 1073 721 pectore
1083 695 1186 720 vocem,

492 731 542 759 Vix
558 731 616 759 haec
626 739 706 767 pauca
719 731 810 760 refert.
825 732 909 766 Tuus,
922 740 939 760 ο
952 732 1120 766 Celsissime,
1135 738 1222 761 terror

492 777 623 805 Mentibus
631 777 750 806 insidens
761 778 889 806 latebram
900 783 1003 806 tentare
1017 779 1114 814 coegit.

492 823 556 850 Nam
568 823 628 858 quia
641 823 710 851 nuda
721 822 808 851 forent
821 824 949 858 inopertis
961 831 1073 859 corpora
1087 825 1224 858 membris,

491 868 590 896 Erubui
607 868 702 903 fateor,
716 869 867 904 mniumque
882 876 928 904 per
942 868 1030 897 abdita
1046 869 1110 905 fugi.

469 944 478 954 κ,
527 914 560 942 ει
572 915 643 949 quis,
657 914 705 949 ait,
717 914 852 942 subditum
865 915 1000 942 concussit
1014 914 1096 943 corde
1108 914 1255 950 pudorem?

492 960 569 987 Visus
578 964 606 987 et
619 960 689 988 unde
699 960 803 987 novus?
818 960 883 987 Nam
896 965 922 988 te
937 967 986 988 nec
996 960 1095 989 vellera
1111 960 1222 994 dudum,

491 1005 545 1034 Nec
559 1010 682 1035 contexta
698 1007 771 1042 prius
782 1007 880 1035 velavit
895 1007 1009 1042 tegmine
1023 1008 1114 1035 vestis.

491 1051 586 1080 Forma
598 1051 681 1084 rudis,
698 1053 806 1088 proprio
819 1052 914 1080 melius
926 1057 1050 1081 contenta
1063 1052 1172 1086 decore,

492 1097 584 1124 iudice
593 1103 624 1125 se
635 1096 751 1132 placuit:
767 1096 813 1125 sed
828 1095 966 1132 postquam
980 1097 1081 1126 trudere
1096 1104 1175 1133 rupto

491 1141 630 1169 ln:erdicxa
643 1146 704 1170 tuus
714 1143 865 1177 perstrinin
877 1143 996 1177 germina
1009 1147 1113 1178 gustus,

490 1186 615 1216 Naturale
625 1187 672 1216 tibi
688 1192 792 1223 tegmen
804 1195 856 1216 non
870 1188 967 1217 suflicit
985 1196 1078 1217 unum.

490 1232 624 1261 Hactenus
634 1238 662 1261 et
674 1234 752 1261 nudis
768 1242 838 1263 nunc
850 1235 984 1264 denudata
998 1239 1148 1270 patescunt,

490 1279 583 1314 Arguit
596 1279 729 1307 obscenus
741 1279 805 1314 quia
818 1280 904 1314 turpia
917 1287 1030 1314 corpora
1052 1284 1150 1308 motus.

525 1324 571 1352 Ille
583 1325 627 1352 ubi
637 1325 786 1353 convictum
800 1325 873 1353 claro
886 1332 916 1353 se
928 1324 1028 1353 lumine
1039 1325 1115 1358 vidit,

489 1370 610 1400 Prodidit
623 1376 652 1400 et
662 1375 746 1399 totum
760 1371 892 1399 discessio
900 1372 971 1407 jusln
985 1375 1099 1405 rentum,

488 1417 547 1446 Non
560 1425 640 1452 prece
653 1417 784 1446 submissa
798 1418 901 1445 veniam
914 1425 960 1452 pro
974 1417 1087 1453 crimine
1100 1417 1195 1453 poscit,

489 1464 546 1492 Non
562 1466 630 1493 votis
640 1464 798 1500 lacrymisve
808 1468 894 1499 rogat.
909 1471 958 1492 nec
969 1463 1074 1492 vindice
1083 1463 1148 1491 ﬂetu
1159 1463 1162 1464 ⁷

489 1509 632 1538 Praecurrit
642 1509 763 1537 meritam
776 1509 888 1544 supplex
904 1508 1038 1537 confessio
1050 1515 1166 1543 pinnam.

488 1554 600 1589 Jamque
615 1553 696 1582 miser
709 1553 805 1586 factus,
819 1553 936 1581 nondum
959 1552 1117 1582 miserabilis
1130 1553 1175 1581 ille
1184 1558 1235 1581 est.

487 1599 604 1634 Erigitur
617 1606 708 1632 sensu,
725 1598 877 1634 timidisque
891 1605 1002 1627 accensa
1013 1598 1130 1634 querelis

487 1644 583 1672 Fertur
596 1644 623 1671 in
638 1643 745 1671 insanas
759 1643 846 1671 laxata
861 1643 984 1677 superbia
994 1650 1084 1671 voces.

487 1689 543 1718 lleu
554 1689 624 1718 male
638 1689 775 1724 perdendo
788 1690 884 1717 mulier
893 1689 1040 1724 conjuncta
1055 1690 1170 1718 merito!

486 1734 571 1768 Quam
585 1735 685 1762 sociam
698 1734 797 1762 misero
811 1735 896 1769 prima
910 1735 960 1763 sub
975 1736 1032 1770 lege
1043 1734 1151 1769 dedisti,

486 1780 548 1808 Haec
564 1787 607 1808 me
619 1780 739 1808 consiliis
753 1781 815 1809 vicit
831 1780 934 1809 devicta
947 1781 1075 1815 sinistris,

485 1826 519 1853 Et
532 1824 582 1853 sibi
591 1825 646 1860 jam
663 1829 754 1853 notum
770 1825 903 1860 persuasit
914 1832 1021 1854 sumere
1031 1833 1151 1861 pomum.

485 1871 535 1898 Ista
546 1871 607 1898 mali
621 1875 701 1907 caput
710 1876 762 1905 est,
776 1872 878 1899 crimen
888 1872 1005 1899 surrexit
1019 1872 1053 1901 ab
1066 1873 1127 1902 ista.

484 1916 614 1945 Credulus
629 1917 686 1952 ipse
700 1917 747 1950 lui,
758 1917 805 1945 sed
815 1917 925 1945 credere
941 1922 969 1945 tu
984 1917 1110 1953 docuisti,

483 1962 651 1991 Connubium
666 1963 778 1995 donans,
789 1968 816 1992 et
825 1963 912 1991 dulcia
925 1964 1028 1992 vincula
1042 1969 1162 1993 nectens.

484 2008 571 2043 Atque
585 2008 685 2035 utinam
699 2008 760 2036 felix
769 2028 776 2040 ,
790 2016 849 2043 qua.-
863 2009 997 2043 quondam
1012 2010 1069 2037 sola
1082 2010 1197 2044 vigebat,

484 2052 587 2081 Calebs
601 2053 654 2081 vita
669 2053 747 2087 foret,
758 2053 818 2081 talis
830 2056 879 2081 nec
891 2055 1013 2089 conjugis
1027 2063 1144 2089 unquam

483 2097 595 2126 Foedera
607 2097 745 2130 sensisset,
758 2098 849 2125 comiti
863 2105 914 2125 non
928 2098 1034 2126 subdita
1047 2107 1144 2133 pravw.

517 2143 572 2171 ilae
582 2142 662 2178 igitur
674 2143 751 2176 rigidi
762 2148 911 2171 commotus
925 2148 1013 2173 mente
1026 2145 1148 2179 Creator,

481 2188 636 2217 Merentem
655 2188 736 2216 celsis
751 2182 894 2224 compellat
906 2189 1016 2218 vocibus
1033 2190 1125 2217 Evam.

482 2234 534 2262 Cur
548 2234 673 2261 miserum
693 2234 786 2262 labens
800 2235 903 2262 traxisti
917 2235 943 2262 in
956 2244 1039 2270 prona
1055 2237 1197 2264 maritumi

482 2279 536 2307 Nec
552 2283 676 2306 contenta
691 2284 736 2306 tuo
749 2280 851 2314 decepti
858 2280 882 2307 ix
897 2280 994 2309 l’emiua
1013 2289 1088 2314 casu,

480 2324 594 2353 Sublimi
608 2331 715 2352 sensum
726 2324 814 2359 jecisti
827 2333 860 2353 ex
873 2333 933 2354 arce
946 2327 1069 2355 virilem?

480 2368 525 2397 Illa
541 2370 652 2404 pudens,
663 2369 785 2405 tristique
794 2377 877 2405 genas
886 2371 984 2400 sull‘usa
998 2373 1108 2405 rubore,

480 2416 623 2442 Auctorem
634 2415 742 2444 sceleris
753 2416 850 2443 clari-at
864 2416 974 2452 decepta
987 2418 1143 2451 draconem,

479 2459 530 2493 Qui
545 2466 652 2493 pontum
666 2461 746 2488 vetito
757 2462 886 2495 persuasit
898 2467 1006 2498 tangere
1020 2471 1120 2496 morsu,

515 2503 577 2531 Post
592 2505 648 2532 haec
660 2505 763 2532 linalem
780 2508 876 2541 proruit
895 2508 1026 2536 sententia
1041 2508 1138 2544 legem,

479 2548 690 2585 Serpentemque
701 2558 775 2578 reum
789 2552 872 2586 prima
887 2553 926 2580 sic
936 2561 1002 2581 voce
1016 2555 1127 2582 notavit.

478 2596 518 2624 Tu
529 2596 648 2630 coluber,
665 2599 740 2632 cujus
754 2600 872 2633 peccavit
885 2600 982 2627 ietnina
997 2600 1104 2633 fraude,

478 2640 637 2675 Errorisque
649 2643 731 2668 virum
742 2648 892 2671 consortem
908 2645 1023 2672 reddidit
1033 2645 1102 2680 ipsa,

477 2684 589 2720 Propter
603 2689 744 2721 utrumque
757 2694 829 2720 reus,
839 2688 942 2723 pendes
962 2689 1033 2724 quod
1052 2688 1116 2718 fecit
1138 2696 1248 2726 uterque

475 2730 531 2758 Nec
542 2731 589 2759 tibi
601 2731 708 2759 sublimi
722 2733 854 2761 constabit
869 2739 977 2768 pectore
993 2740 1095 2768 vertex,

476 2774 575 2803 Callida
587 2776 636 2805 sed
650 2784 748 2811 pronus
763 2786 811 2813 per
825 2784 922 2808 terram
939 2787 1046 2816 pectora
1060 2782 1151 2810 volves
1164 2791 1173 2810 :

477 2819 563 2855 thue
577 2821 635 2856 fuga
651 2823 755 2858 trepido
766 2825 872 2852 sinuosa
884 2827 1016 2854 volumina
1031 2834 1151 2862 currant,

475 2866 533 2894 Non
545 2873 652 2902 gressus
661 2869 707 2897 sed
721 2869 810 2905 lapsus
824 2872 886 2905 erit,
902 2876 980 2907 teque
995 2873 1051 2908 ipse
1064 2874 1185 2909 sequeris

476 2911 610 2948 ﬂexibus,
627 2917 655 2941 et
667 2915 752 2950 spiras
766 2915 881 2945 viventia
893 2918 998 2947 vincula
1013 2924 1132 2949 nectent.

1288 279 1313 306 A
1327 280 1393 307 Tum
1409 286 1517 315 propter
1531 288 1636 308 suasam
1652 282 1810 310 miserorum
1821 282 1949 312 cordibus
1963 291 2066 319 unus,

1332 325 1465 352 Tellurem
1476 331 1595 359 captans,
1611 332 1688 360 pastu
1701 327 1818 354 vesceris
1830 327 1901 355 inani
1914 336 1923 361 ;

1333 371 1466 398 Mensibus
1481 376 1507 398 ct
1521 371 1601 398 certis
1614 378 1712 405 supero
1726 372 1853 407 depulsus
1862 373 1896 400 ab
1906 372 1984 405 orbe,

1330 417 1451 445 inclusus
1466 417 1544 445 terris
1560 416 1695 445 communi
1710 417 1768 445 sole
1783 417 1898 446 carebis.

1331 461 1402 489 Inter
1421 466 1514 490 cuncta
1537 460 1641 496 replent
1657 469 1716 497 qua
1731 469 1803 490 nunc
1824 463 1968 490 animantia
1991 463 2119 492 mundum

1329 507 1430 535 Auctor
1439 507 1532 535 mortis
1545 507 1610 540 eris,
1625 507 1673 535 lies
1684 508 1776 543 gravis
1786 508 1910 536 omnibus
1923 509 2033 538 horror.

1330 552 1466 588 Praecipue
1475 552 1567 581 inlelix
1578 553 1684 587 mulier,
1697 561 1759 581 cum
1772 554 1848 589 prole
1859 554 1960 588 futura,

1329 598 1374 627 Sic
1387 598 1539 627 inimicitias
1551 598 1613 626 odio
1626 604 1752 627 currente
1763 605 1886 635 reponat,
1924 630 1934 637 ι,

1328 643 1435 672 Semina
1449 643 1595 672 seminibus
1606 644 1733 672 mandent
1753 649 1784 673 ut
1796 649 1859 673 vota
1870 645 1997 673 nocendi.

1329 687 1454 715 Insistens
1464 694 1572 723 semper
1586 688 1689 723 pavida:
1701 689 1842 718 sectabere
1854 690 1972 723 calcem;

1330 733 1452 760 Conterat
1466 732 1511 760 illa
1524 738 1614 768 caput,
1625 733 1808 769 victoremque
1824 734 1916 762 ultima
1927 735 2030 763 vincat.

1362 778 1426 806 Post
1437 778 1495 806 haec
1507 778 1647 806 attonitam
1657 777 1742 806 Judex
1758 783 1909 806 commotus
1921 779 1948 807 in
1961 779 2059 813 Evam.

1328 824 1360 853 At
1372 828 1411 858 tu,
1425 831 1485 858 qua:
1497 824 1611 859 primam
1622 823 1726 851 violasti
1740 823 1837 851 femina
1855 823 1953 859 legem,

1326 869 1423 904 Accipe
1434 869 1588 897 succiduum
1601 868 1664 897 vita
1674 868 1744 904 quod
1758 873 1841 899 restat
1854 869 1881 897 in
1893 873 1992 898 avum.

1326 912 1468 949 Imperium
1481 914 1585 949 patiere
1597 913 1660 947 tori,
1681 913 1872 949 dominumque
1892 913 2000 942 timebis

1291 953 1313 983 Β
1326 958 1411 992 Quem
1425 958 1527 986 socium
1542 957 1667 986 dederam
1684 966 1691 985 :
1707 958 1814 994 parabis
1826 958 1932 986 subdita
1942 957 2038 994 jussis.

1326 1004 1360 1031 Et
1369 1009 1476 1031 curvata
1491 1006 1572 1038 caput
1585 1003 1676 1031 libitus
1689 1010 1814 1031 assuesce
1826 1003 1927 1032 viriles.

1328 1049 1441 1084 Moxque
1455 1047 1499 1076 ubi
1512 1049 1669 1083 concipiens
1682 1048 1764 1077 fetum
1780 1048 1951 1083 prasenserit
1964 1049 2055 1083 aluus,

1328 1095 1434 1124 Ventris
1448 1102 1516 1123 onus
1525 1095 1625 1130 gemitu
1638 1094 1790 1127 testabor-is,
1807 1101 1838 1122 ac
1850 1094 1897 1122 tibi
1910 1094 2033 1122 clausum

1326 1140 1411 1169 Anxia
1422 1145 1587 1169 crescentem
1603 1140 1746 1175 portabunt
1759 1140 1863 1167 viscera
1877 1138 1996 1172 fascem;

1327 1187 1416 1216 Donec
1427 1191 1563 1215 transacto
1573 1186 1678 1214 fastidia
1689 1190 1810 1222 tempore
1823 1184 1973 1219 complens.

1326 1233 1451 1262 Naturale
1460 1232 1560 1261 malum
1572 1236 1653 1268 partu
1662 1231 1713 1260 sub
1727 1231 1834 1259 vindice
1847 1230 1948 1266 pendat

1326 1277 1481 1307 Prodncens
1495 1278 1578 1306 vitam
1593 1277 1682 1313 proles
1695 1277 1735 1305 sic
1747 1283 1827 1312 pana
1842 1276 1970 1312 parentis.

1325 1323 1394 1358 Quid
1409 1322 1513 1352 diversa
1523 1323 1620 1357 loquar
1630 1326 1692 1358 post
1703 1322 1759 1358 ja‘m
1768 1321 1925 1350 discrimina
1936 1321 2034 1350 matria
2042 1322 2057 1348 Υ

1325 1368 1391 1397 Nam
1401 1375 1462 1397 cum
1478 1367 1604 1404 przeduro
1616 1367 1712 1396 mulier
1720 1366 1844 1395 coniecta
1860 1366 1953 1395 labore

1287 1402 1289 1406 I
1325 1414 1448 1450 Optatam
1458 1402 1579 1442 sobolem
1596 1413 1643 1441 tali
1656 1412 1815 1448 produxeris
1828 1416 1900 1446 ortu.

1325 1459 1440 1496 Lugebis
1453 1466 1551 1487 vacuos
1564 1459 1756 1494 nonnunquam
1779 1458 1873 1487 orbata
1887 1456 2009 1486 dolores.

1360 1505 1462 1534 interea
1478 1504 1599 1540 trepidus
1610 1505 1666 1540 iam
1676 1500 1776 1533 duditm
1785 1504 1900 1533 sustinet
1911 1503 2011 1538 Adam.

1325 1551 1394 1586 Quid
1405 1550 1456 1579 sibi
1472 1550 1601 1579 terribilis
1611 1549 1718 1578 tandem
1731 1550 1864 1578 uolentia
1874 1553 1977 1578 servet.

1324 1597 1376 1626 Cui.
1384 1601 1470 1633 pater,
1484 1597 1612 1629 Attentis,
1625 1596 1723 1632 inquit,
1735 1603 1807 1624 nunc
1818 1596 1930 1624 auribus
1941 1600 1970 1623 et
1980 1600 2010 1623 tu

1283 1630 1307 1662 α
1326 1630 1423 1678 Accipe
1436 1630 1499 1677 quid
1510 1648 1645 1677 mercare,
1655 1630 1722 1670 levis
1732 1648 1812 1677 quem
1827 1640 1926 1669 femina
1938 1639 2016 1668 vicit.

1323 1688 1463 1723 lmpolluta
1478 1687 1551 1724 prius
1560 1687 1674 1722 pulchro
1683 1687 1734 1715 sub
1745 1687 1866 1722 germine
1881 1686 1971 1717 tellus.

1324 1733 1445 1768 Nonjsm
1459 1733 1511 1761 tida
1525 1733 1602 1766 satis,
1617 1739 1668 1760 nec
1680 1739 1747 1767 puro
1763 1731 1867 1760 semine
1881 1730 2011 1765 simplex,

1326 1780 1440 1809 Pristina
1453 1779 1614 1808 monstrabit
1628 1784 1785 1813 corruptum
1799 1783 1872 1813 terga
1885 1785 1933 1812 per
1945 1776 2055 1810 orbem,

1324 1827 1506 1862 Exemploque
1518 1830 1565 1854 tuo
1577 1832 1685 1860 semper
1700 1824 1748 1853 tibi
1764 1829 1837 1859 terra
1848 1823 1994 1856 rebellant,

1326 1872 1456 1907 Vepribus
1466 1879 1499 1899 ac
1512 1871 1616 1899 tribulis
1632 1874 1736 1898 armata
1751 1870 1878 1897 resistere
1889 1868 1989 1896 discet.

1323 1918 1375 1945 Aut
1388 1918 1410 1945 si
1426 1917 1556 1952 iungenti
1570 1916 1669 1944 cedens
1683 1914 1840 1943 succumbet
1853 1917 1955 1944 aratro,

1322 1962 1445 1992 Volueris
1456 1966 1484 1989 et
1499 1962 1551 1989 fixo
1564 1960 1681 1989 mordaci
1693 1960 1774 1988 dente
1785 1959 1894 1987 subacta
1908 1964 1962 1990 est,

1323 2007 1431 2042 Pinguia
1446 2006 1580 2041 decipient
1591 2006 1702 2033 mentito
1712 2004 1833 2040 germine
1848 2002 1930 2031 culta.

1321 2053 1387 2081 Nam
1402 2060 1450 2088 pro
1466 2052 1571 2080 triticeo
1585 2051 1675 2079 Iulium
1689 2057 1850 2085 consurgere
1864 2049 1964 2082 fructu,

1323 2099 1353 2127 ΕΙ
1369 2098 1444 2127 fictas
1457 2102 1571 2133 segetes,
1584 2104 1734 2131 vacuasilue
1743 2096 1847 2124 dolebis
1858 2102 1968 2128 avenas,

1320 2144 1364 2173 Sic
1377 2145 1419 2172 vix
1430 2148 1563 2172 extortum
1579 2143 1730 2182 producent
1737 2142 1829 2177 jugera
1842 2149 1949 2176 partem.

1322 2189 1425 2218 Sudore
1439 2188 1548 2216 assiduo
1561 2188 1650 2216 nitens
1662 2195 1742 2223 quem
1756 2192 1844 2214 sumat
1857 2191 1972 2222 egestas,

1321 2235 1526 2269 lllecebramque
1539 2233 1590 2261 cibi
1606 2232 1718 2269 pmnalis
1732 2232 1847 2260 vindicet
1859 2240 1932 2261 esca.

1319 2279 1459 2316 Equalem
1473 2279 1558 2307 brutis
1578 2279 1675 2306 facient
1687 2278 1733 2306 tibi
1749 2277 1844 2313 pabula
1857 2278 1950 2308 vitam.

1279 2309 1307 2339 D
1319 2328 1352 2355 Et
1362 2309 1444 2355 simul
1460 2325 1601 2354 herbarum
1616 2331 1710 2353 succos
1725 2309 1881 2360 pastumque
1901 2324 2045 2360 requirens

1318 2372 1443 2400 Stercore
1454 2369 1588 2398 consimili
1601 2367 1727 2403 depressa
1742 2368 1895 2403 gravabitur
1906 2368 1993 2396 alvus.

1318 2418 1479 2447 Erumnosa
1494 2417 1538 2444 diu
1554 2416 1674 2443 volvetnr
1689 2415 1784 2443 talibus
1799 2419 1875 2445 :etas,

1319 2464 1407 2491 Dunec
1421 2462 1604 2498 "ascriptum
1620 2466 1719 2495 ponant
1733 2460 1779 2487 tibi
1792 2460 1887 2487 srecula
1900 2459 1990 2493 linem,

1319 2509 1352 2537 Et
1364 2514 1501 2544 tompacta
1512 2508 1569 2535 luto
1581 2506 1719 2534 solvantur
1734 2510 1855 2540 tempore
1867 2505 2000 2533 membra.

1317 2555 1394 2582 Limo
1406 2554 1535 2581 formatus
1548 2559 1641 2580 rursus
1651 2551 1780 2585 rctligeris
1790 2551 1817 2578 in
1833 2557 1936 2577 arvum.

1316 2601 1384 2628 Ante
1397 2605 1484 2627 tamen
1500 2597 1634 2633 proprium
1649 2596 1704 2624 nati
1715 2602 1881 2630 prtecurrere
1894 2594 1996 2622 letbum

1315 2645 1480 2679 Conspicies,
1497 2650 1644 2678 pmnasque
1660 2646 1719 2669 tuas
1734 2641 1760 2668 in
1775 2641 1849 2676 prole
1865 2639 1981 2674 videbis,

1317 2691 1350 2719 Ut
1363 2689 1503 2718 metuenda
1519 2689 1603 2723 magis
1617 2691 1741 2715 cernatur
1754 2686 1846 2714 mortis
1860 2686 1961 2721 imago;

1314 2736 1445 2764 Peccasse
1455 2741 1584 2770 agnoscas
1596 2733 1660 2768 quid
1675 2733 1723 2765 sit,
1738 2732 1801 2767 quid
1815 2737 1920 2759 mortua
1933 2731 2006 2763 ﬁeri.

1313 2784 1416 2818 Quidve
1427 2783 1503 2810 mori.
1520 2781 1559 2809 Ac
1571 2787 1606 2808 ne
1619 2779 1682 2815 quid
1696 2779 1767 2807 desit
1778 2779 1823 2806 tibi
1838 2778 1907 2806 ferte
1922 2778 2062 2807 maiorut-

1313 2831 1379 2864 Quae
1392 2827 1553 2863 castigandis
1565 2829 1706 2860 corruptus
1719 2824 1832 2860 parturit
1846 2824 1932 2855 orbis,

1313 2875 1407 2903 Acrior
1419 2875 1550 2901 immenso
1563 2870 1717 2899 miscebitur
1727 2870 1766 2897 ira
1778 2868 1882 2897 dolori:

1312 2920 1378 2950 Nam
1392 2926 1452 2949 cum
1464 2918 1548 2952 prima
1564 2917 1609 2947 tibi
1624 2914 1772 2952 producent
1782 2918 1903 2950 tempora
1917 2918 2014 2948 nato=,
