4516 6474
566 466 650 518 3H
1847 445 2217 501 PUliMA'i'UM
2262 445 2461 499 Lililili
2506 444 2590 500 Ill.
3728 448 3832 503 διε

563 583 717 637 Livor
742 582 873 634 edax
903 588 1051 633 arcto
1072 577 1295 632 certabit
1322 575 1490 629 limite
1519 572 1696 623 mundi
1725 588 1737 621 ι

565 672 672 727 Nec
692 672 800 740 jam
832 670 1061 724 sufficiet
1092 684 1287 722 vacuus
1317 683 1415 733 qua
1447 666 1678 719 tenditur
1700 663 1794 715 orb
1820 677 1863 725 s,

573 760 795 828 l‘o:a1nc
821 761 1088 829 germanis
1113 760 1403 826 stringetur
1427 768 1563 809 terra
1602 754 1833 806 duobus.

572 850 711 903 Alter
734 853 783 903 in
814 850 1032 904 alierius
1057 855 1343 915 consurget
1363 846 1543 899 funera
1576 842 1759 905 frater,

565 940 937 1007 Telluremque
966 954 1155 992 novam
1182 947 1406 1006 cognato
1430 936 1686 1004 sanguine
1718 934 1900 1001 tinget.

572 1029 698 1086 Exin
732 1033 1030 1099 posteritas.
1062 1032 1234 1086 varios
1262 1043 1478 1099 passura
1511 1027 1748 1087 l.bores,

570 1123 787 1176 Casibus
815 1124 865 1174 in
893 1124 1072 1176 multis
1100 1121 1340 1174 mortalia
1368 1118 1542 1174 deb'ta
1570 1116 1781 1184 pendet.

570 1213 700 1267 Dum
729 1224 961 1267 veterem
995 1214 1183 1266 ductus
1208 1212 1464 1266 dissolvat
1494 1212 1750 1263 tcrm'nus
1780 1207 1994 1266 orbem,

570 1305 611 1358 υ
643 1303 783 1357 cidat
813 1318 972 1357 omne
1001 1303 1207 1372 vigens,
1238 1302 1462 1369 finisque
1495 1301 1772 1365 reilargnat
1803 1305 1940 1350 orta.

569 1395 844 1462 Audierat,
869 1404 1177 1463 motumque
1206 1393 1349 1445 dedit
1373 1391 1661 1446 eouterrita
1695 1388 1874 1442 tellus.

642 1487 730 1539 llis
759 1486 911 1540 Pater
934 1483 1133 1538 exactis
1156 1483 1425 1536 hmdorum
1456 1482 1681 1549 pellibus
1710 1479 1895 1534 ambos

566 1577 758 1642 Induit,
788 1587 842 1632 et
866 1587 1048 1631 satuta
1080 1576 1307 1645 paradisi
1335 1574 1402 1629 ab
1427 1574 1553 1628 sede
1584 1572 1786 1640 rejeci'.

569 1668 719 1723 Tunc
747 1668 901 1722 terris
926 1666 1172 1721 cecidere
1198 1664 1379 1726 simul,
1416 1662 1781 1730 mundumque
1804 1668 2079 1714 vacantem

570 1760 793 1825 Intrant,
832 1766 887 1813 et
916 1758 1078 1812 celeri
1109 1756 1435 1825 perlustrant
1459 1753 1638 1831 omnia
1660 1765 1840 1805 cursu.

570 1849 909 1906 Cerminibns
929 1831 1229 1918 quanquam
1256 1844 1439 1909 variis,
1468 1853 1520 1897 et
1542 1841 1783 1911 gramine
1814 1842 1974 1909 picta,

2173 569 2221 623 Α
2255 568 2500 620 Βίειηάἰυν
2530 580 2583 620 et
2618 569 2760 621 fesso
2791 568 2980 622 feritas
3013 566 3343 620 medicabilis
3376 564 3437 617 ad
3476 566 3532 628 il,

2246 660 2367 714 Sola
2404 659 2677 713 hominum
2708 660 2879 712 nescit
2910 671 3060 711 mens
3092 672 3307 724 semper
3335 657 3467 707 dura
3502 654 3702 707 moveri

2248 751 2393 813 llaec,
2422 750 2513 805 sed
2550 751 2757 805 diversa
2792 750 3003 818 penitus
3033 748 3157 801 dum
3185 756 3332 801 sorte
3360 753 3643 814 geruntur,

2249 846 2568 914 lmpeudens
2592 844 2769 899 obitus
2796 844 2996 911 pariter
3022 841 3248 911 pulsavit
3280 849 3584 903 utrumque,

2250 938 2421 992 Divite
2443 947 2730 1007 prmvcnto,
2762 950 3029 1005 nunquam
3061 933 3151 1003 qui
3183 930 3412 986 credidit
3444 928 3618 983 istud:

2251 1034 2456 1099 l’auper
2486 1032 2552 1086 ad
2586 1041 2819 1101 optatam
2852 1031 3011 1098 longo
3040 1029 3126 1082 vix
3154 1037 3401 1093 tempore
3433 1036 3606 1076 morte
3633 1038 3679 1071 n.

2250 1125 2376 1178 l’ost
2402 1122 2567 1189 venit,
2600 1135 2649 1176 et
2680 1122 2856 1177 victor
2882 1119 3385 1189 morbosartnsqnc
3414 1114 3691 1181 re'inqnit.

2250 1216 2341 1269 ille
2368 1214 2604 1282 quidem,
2635 1210 2776 1266 celsa
2806 1210 2893 1280 qui
2925 1208 3124 1261 dudum
3157 1206 3340 1259 floruit
3371 1218 3516 1268 arce,

2253 1305 2488 1359 Fletibus
2518 1302 2582 1356 ad
2616 1302 2876 1355 tumulum
2910 1300 3105 1365 stipato
3140 1297 3325 1350 funere
3359 1294 3550 1355 fertur,

2252 1397 2557 1462 Auratoqtrc
2587 1394 2743 1446 datur
2770 1390 3018 1444 conditus
3050 1389 3286 1441 membra
3321 1384 3591 1452 sepulcro,

2255 1486 2319 1539 Et
2349 1485 2578 1551 pretiosa
2610 1493 2793 1551 tegunt
2821 1483 3021 1535 elatum
3054 1479 3212 1531 lintea
3250 1493 3505 1529 marmor.

2254 1576 2483 1645 Spiritus
2511 1574 2761 1628 abstruso
2790 1573 2883 1625 sed
2916 1587 3033 1625 mox
3066 1570 3331 1623 demissus
3362 1582 3563 1619 avernn

2253 1666 2443 1721 Incidit
2474 1676 2703 1719 aeternas
2734 1679 2829 1733 per
2856 1678 2994 1717 smva
3029 1660 3273 1716 incendia
3310 1674 3464 1727 paena
3505 1698 3516 1709 .

2254 1755 2297 1810 Ε
2326 1771 2550 1826 quarum
2586 1754 2762 1808 medio
2792 1753 3007 1806 sublimi
3038 1753 3090 1804 in
3123 1750 3250 1804 sede
3278 1750 3509 1803 locatum

2258 1846 2406 1900 llaud
2442 1844 2626 1912 procul
2652 1845 2778 1914 (hoc
2808 1852 2954 1898 Certe
2985 1849 3258 1907 censetur,
3284 1856 3406 1894 nam
3439 1840 3625 1908 pruttll
3658 1838 3803 1901 inde,

572 1942 637 1996 Et
661 1940 856 1995 virides
876 1952 1113 2010 campos,
1149 1937 1429 2004 fontesque
1449 1944 1504 1990 et
1527 1933 1743 1988 ﬂumina
1780 1942 2106 1996 moastratts,
2177 1922 2225 1982 Β
2258 1936 2327 1993 Ut
2350 1938 2505 1991 docet
2534 1936 2784 2003 eventus)
2813 1935 3020 1989 sinibus
3047 1932 3327 2001 conspexit
3360 1945 3409 1986 ο-
3431 1940 3611 1985 autem

570 2032 678 2087 lll.s
709 2031 845 2086 foeda
878 2043 1055 2085 tamen
1083 2030 1289 2100 Species
1318 2029 1581 2083 mundana
1608 2036 1818 2097 putatur

570 2121 716 2186 Post,
746 2122 1011 2189 ρει-θῶες,
1041 2131 1204 2186 tuam,
1229 2128 1399 2174 tutum
1428 2119 1772 2175 cernmtibus
1802 2118 2004 2181 horret,

572 2214 745 2283 thue
775 2212 1049 2267 hominum
1075 2226 1194 2267 mos
1217 2221 1318 2275 est,
1352 2210 1467 2276 plus
1489 2209 1628 2278 quod
1652 2209 1885 2263 cessavit
1917 2219 2144 2261 amatur.

570 2307 895 2372 Angustatur
937 2301 1153 2365 humus,
1199 2300 1550 2368 strictumque
1589 2296 1930 2368 gementibus
1962 2297 2147 2351 orbem

569 2388 857 2445 Terrarum
882 2391 1002 2443 nnis
1028 2404 1133 2442 non
1166 2387 1405 2443 cernitur
1438 2395 1491 2441 et
1521 2399 1697 2440 tamen
1726 2385 1907 2440 insmt.

569 2482 788 2551 Squalet
816 2489 870 2535 et
897 2481 1009 2549 ipse
1033 2479 1166 2543 dies,
1191 2488 1480 2533 causantnr
1505 2477 1619 2531 sole
1645 2476 1747 2531 sub
1776 2477 1890 2543 ipso

570 2571 894 2626 Sobductam
926 2561 1120 2637 lucem,
1150 2570 1287 2625 caelo
1312 2583 1569 2638 suspensa
1600 2577 1809 2623 remoto

572 2664 729 2718 Astra
758 2668 995 2731 gemunt,
1027 2668 1310 2731 tactusque
1341 2661 1488 2729 prius
1523 2660 1607 2713 vix
1637 2658 1877 2712 cernitur
1906 2658 2042 2710 axis.

640 2754 792 2808 Tunc
822 2755 959 2808 inter
984 2767 1142 2808 curas
1170 2751 1423 2822 permixti
1456 2750 1579 2805 felle
1605 2750 1829 2814 doloris,

574 2842 808 2897 Allectus
832 2856 1055 2897 sensere
1083 2855 1271 2909 novos,
1297 2851 1351 2895 et
1382 2849 1596 2910 pectora
1628 2840 1847 2907 pulsam

574 2930 817 2988 Nondum
841 2940 1146 3000 compertas
1171 2929 1471 3001 prorumpit
1502 2928 1658 2984 ﬂetus
1687 2929 1739 2982 in
1769 2927 1957 2990 undas,

576 3020 909 3089 Atteutlsque
936 3020 1088 3091 genis
1112 3020 1346 3089 iniussus
1374 3019 1562 3074 deﬂuit
1586 3018 1797 3072 humor.

577 3114 727 3168 llaud
757 3112 913 3168 aliter
938 3114 1089 3166 vivax
1117 3111 1373 3181 deceptus
1399 3110 1541 3165 mole
1568 3110 1769 3164 caduca
1812 3158 1813 3161 η

575 3202 824 3272 Spiritus,
854 3203 1072 3270 impleto
1096 3204 1244 3257 venit
1271 3215 1393 3256 cum
1423 3201 1684 3257 terminus
1712 3216 1849 3262 aevo.

2255 2028 2486 2082 Abrahae.
2513 2027 2642 2095 justi
2675 2037 2937 2080 mutatum
2972 2024 3021 2078 in
3057 2039 3294 2094 paupere
3324 2024 3550 2088 vultum,

2255 2116 2367 2172 Nec
2396 2115 2515 2185 ejus
2545 2116 2802 2180 similem,
2836 2130 2996 2185 quem
3027 2114 3229 2170 dudum
3265 2114 3386 2167 luce
3417 2122 3713 2181 receptum,

2254 2210 2460 2278 Quarto
2491 2208 2629 2264 forte
2660 2209 2745 2264 die
2772 2209 2857 2263 vix
2886 2208 3165 2278 quisquam
3205 2206 3383 2274 largus
3413 2203 3689 2268 humandi,

2256 2300 2336 2356 Ne
2360 2302 2470 2355 cito
2498 2299 2801 2368 dispersum
2836 2308 3038 2353 natura:
3071 2298 3187 2365 lege
3217 2298 3449 2351 cadaver

2259 2391 2384 2445 Dira
2415 2389 2771 2459 frequentatae
2801 2390 3048 2458 contagia
3080 2388 3317 2442 mitteret
3351 2384 3492 2451 urbi,

2256 2482 2539 2538 Obtectum
2574 2480 2733 2534 laceri
2797 2481 2943 2533 tenui
2973 2480 3239 2534 velamine
3268 2478 3486 2547 pannis,

2258 2574 2485 2629 Naribus
2516 2571 2752 2626 astrictis
2782 2571 2920 2624 nuda
2954 2569 3145 2624 tellure
3174 2568 3392 2622 locavit.

2261 2662 2528 2732 Angelicis
2560 2662 2804 2715 manibus
2836 2672 2962 2715 tunc
2988 2661 3039 2713 in
3070 2658 3300 2714 sublime
3332 2658 3557 2715 levatus.

2256 2756 2373 2812 Jam
2403 2756 2578 2820 dives,
2605 2754 2713 2823 jam
2742 2767 2909 2807 sanus
2930 2762 3049 2807 erat
3073 2768 3086 2804 :
3119 2759 3418 2820 contraque
3446 2748 3686 2815 superbi,

2257 2848 2360 2915 Qui
2385 2854 2635 2913 congesta
2671 2855 2861 2899 tenens
2888 2842 3084 2913 Opibus
3112 2840 3420 2896 diffluxerat
3447 2840 3662 2907 ampl’s,

2260 2937 2422 2999 livida
2453 2937 2530 2991 sic
2556 2934 2784 2989 ﬂammis
2814 2932 3123 2987 mendicant
3152 2942 3365 3000 guttura
3395 2939 3594 2999 guttas.

2330 3029 2376 3083 0
2407 3036 2578 3096 pater,
2613 3028 2814 3081 electas
2840 3027 3051 3079 animas
3079 3024 3168 3094 qui
3199 3022 3330 3079 sede
3358 3022 3513 3076 beata

2257 3118 2502 3181 Colligis,
2532 3126 2587 3169 et
2614 3116 2822 3170 meritis
2850 3115 3138 3183 dispensas
3168 3112 3385 3184 praemia
3413 3111 3595 3180 iustis,

2262 3207 2388 3261 llaec
2413 3220 2514 3275 ego
2540 3221 2648 3259 non
2680 3220 2923 3268 mereor;
2960 3203 3054 3259 sed
3087 3204 3273 3258 saltem
3300 3202 3563 3270 deprecor
3590 3214 3777 3263 unmn,

575 3293 703 3348 Post
725 3292 927 3347 obitum
956 3299 1172 3360 peccata
1199 3290 1379 3355 dolet;
1414 3300 1525 3344 tum
1553 3290 1809 3360 quidquid
1841 3291 2077 3359 iniquum
2178 3276 2225 3337 ο
2263 3282 2583 3358 Lazarusut
2608 3297 2810 3350 missos
2835 3297 3015 3349 veniat
3044 3294 3317 3359 digitoque
3347 3293 3579 3346 levatum

574 3381 812 3437 Gesserit
838 3381 904 3435 ad
932 3388 1168 3436 mentem
1198 3389 1436 3446 revocat,
1468 3388 1578 3434 tum
1612 3380 1837 3449 poenitet
1862 3380 2037 3434 omnis

575 3471 828 3526 Errorum
859 3472 1061 3540 lapsus,
1092 3479 1265 3525 semet
1290 3484 1426 3539 quos
1450 3469 1634 3538 judice
1661 3468 1914 3533 damnat;

575 3560 643 3615 Et
671 3552 719 3615 si
747 3560 1030 3630 praeteritae
1060 3560 1319 3615 reddatur
1345 3560 1497 3628 copia
1528 3561 1672 3627 vine,

573 3653 776 3719 Sponte
800 3649 936 3707 ferat
961 3664 1311 3720 quoscunque
1336 3650 1539 3705 dabunt
1565 3649 1814 3704 mandata
1849 3649 2081 3705 labores.

641 3741 868 3797 Sanctus
895 3756 1126 3812 namque
1152 3742 1318 3797 refert
1343 3741 1411 3796 de
1439 3741 1667 3810 quodam
1699 3741 1863 3797 divite
1890 3740 2083 3807 Lucas,

572 3832 740 3898 Quem
771 3831 936 3887 nimio
964 3833 1087 3885 luxu
1116 3831 1419 3887 dissolvens
1442 3832 1545 3887 vita
1579 3832 1812 3887 fovebat.

573 3923 693 3992 Ipse
721 3924 1072 3978 cothurnatus
1098 3924 1346 3991 gemmis,
1376 3932 1430 3977 et
1462 3922 1692 3992 folgidus
1719 3936 1873 3987 auro,

573 4015 757 4070 Serica
787 4014 869 4069 bis
896 4014 1065 4069 coctis
1095 4015 1334 4069 mutabat
1362 4014 1596 4082 tegmina
1629 4012 1832 4067 blattis.

574 4106 705 4160 lude
731 4114 787 4159 ut
813 4105 1165 4160 bacchantem
1196 4108 1494 4159 suasissent
1524 4116 1764 4173 tempora
1796 4119 2063 4167 mensam,

572 4195 875 4250 titirrebant
903 4196 1097 4261 epulae,
1128 4205 1272 4250 totus
1302 4209 1434 4264 quas
1464 4198 1688 4267 porrigit
1717 4198 1885 4251 orbis.

575 4287 817 4355 tiumque
847 4289 1159 4356 peregrinus
1184 4286 1387 4356 frugem
1419 4286 1656 4341 misisset
1685 4303 1930 4349 acervus,

576 4378 841 4433 Fervebat
868 4378 1100 4446 priscum
1127 4378 1381 4447 crystallo
1410 4379 1623 4447 algente
1652 4379 1957 4433 Falernum.

576 4467 743 4521 livida
771 4470 897 4536 quin
930 4469 1091 4522 etiam
1123 4469 1422 4524 miscebant
1450 4469 1695 4525 cinnama
1726 4469 1889 4534 thuri,

575 4560 645 4614 l'lt
670 4558 844 4612 suffita
871 4559 1058 4613 domus
1089 4560 1269 4631 pingui
1295 4560 1563 4629 fragrabat
1589 4574 1824 4614 amomo.

2261 3386 2467 3443 Aﬂerat
2495 3388 2599 3442 huc
2631 3387 2796 3440 labris
2826 3386 3142 3439 ardentibus
3171 3386 3295 3438 inde
3326 3386 3613 3453 liquorem,

2261 3479 2469 3547 Quique
2496 3478 2796 3547 refrigerio,
2825 3478 2869 3532 si
2899 3492 3003 3530 non
3032 3478 3352 3531 exstinxerit
3381 3490 3589 3536 omnes.

2263 3568 2343 3623 Ad
2374 3576 2587 3637 tempus
2614 3567 2805 3621 saltem
2837 3576 3017 3621 tantos
3042 3568 3125 3620 vel
3160 3566 3369 3635 mitiget
3396 3574 3580 3632 aestus,

2262 3659 2443 3714 Donec
2472 3660 2607 3713 fessa
2641 3657 2786 3714 brevi
2818 3660 3086 3729 respirent
3116 3658 3360 3713 membra
3388 3656 3587 3729 quiete.

2260 3748 2466 3805 Taliter
2491 3750 2735 3803 immixto
2763 3750 3012 3819 lacrymis
3042 3746 3273 3803 stridore
3300 3756 3577 3816 rogantem

2262 3839 2634 3908 Magnanimos
2665 3840 2880 3893 tandem
2908 3839 3199 3907 compellat
3228 3838 3305 3891 sic
3332 3838 3658 3906 patriarcha.

2264 3929 2457 3984 Desine
2484 3930 2595 3998 jam
2626 3944 2772 3985 seras
2800 3931 3067 3982 incassum
3095 3927 3318 3985 fundere
3343 3944 3527 3992 voces,

2267 4020 2333 4071 Et
2359 4034 2552 4074 vacuas
2586 4020 2812 4073 miscere
2844 4034 3061 4083 preces;
3097 4018 3236 4072 haud
3270 4019 3392 4071 talia
3423 4017 3624 4072 dudum

2266 4107 2415 4162 Dicta
2447 4109 2635 4173 dabas,
2668 4108 2869 4161 foribus
2898 4121 3019 4159 cum
3052 4118 3103 4159 te
3129 4107 3425 4175 prandente
3446 4109 3653 4174 jziccret

2267 4197 2386 4265 Ipse
2416 4200 2651 4266 ignotus,
2685 4213 2867 4266 egens,
2903 4213 3067 4265 aeger,
3095 4198 3333 4266 jejunus,
3365 4198 3560 4263 inanis,

2265 4288 2397 4341 Cum
2433 4299 2522 4341 tua
2556 4305 2659 4341 non
2688 4299 2900 4357 caperet
2930 4297 3217 4357 cnugestos
3245 4303 3427 4341 minsa
3461 4298 3676 4355 paratus

2267 4379 2525 4446 Pauperis
2556 4390 2715 4447 atque
2748 4389 2865 4433 tuas
2895 4393 2998 4433 non
3031 4381 3132 4432 iret
3160 4380 3367 4432 c'amor
3397 4380 3461 4432 nd
3495 4394 3672 4433 aures.

2267 4472 2603 4539 Quapropter
2631 4464 2869 4535 tandem,
2902 4472 3096 4525 librato
3126 4471 3371 4525 examine
3399 4472 3534 4535 veri,

2270 4563 2561 4617 Prmteritm
2590 4564 2712 4618 vitae
2742 4572 2940 4616 sortem
2968 4562 3227 4629 dependit
3252 4572 3498 4631 uterque,

573 4650 728 4716 Quod
750 4651 1140 4719 pelagos.quod
1159 4662 1300 4705 terra
1318 4660 1483 4715 creat,
1506 4652 1648 4720 quod
1674 4652 1891 4705 ﬂumina
1915 4652 2156 4721 gignunt,
2191 4635 2239 4692 Ῑ)
2272 4654 2651 4723 l'ermutatqne
2679 4654 2855 4717 vices;
2887 4663 2941 4708 et
2972 4662 3023 4708 te
3050 4654 3158 4721 jam
3190 4654 3393 4707 snflieit
3420 4655 3611 4721 amplis

573 4742 831 4796 Certatim
858 4742 1061 4796 mensis
1088 4742 1401 4797 cedentibus
1431 4743 1667 4812 undique
1700 4744 1871 4798 lassus

576 4832 832 4887 l‘ortabat
858 4833 1063 4901 pallens
1088 4835 1202 4887 auri
1232 4847 1353 4887 cum
1382 4833 1527 4889 fasce
1555 4834 1820 4888 minister.

575 4923 883 4991 Languidus
909 4932 1033 4977 ante
1055 4925 1197 4978 fores
1224 4939 1426 4994 pauper
1455 4933 1581 4980 tunc
1607 4926 1744 4980 forte
1768 4925 1982 4994 jaccbat

574 5012 791 5077 Divitis,
822 5014 1093 5070 obstrictis
1122 5016 1360 5069 resoluto
1392 5030 1620 5084 corpore
1650 5019 1927 5080 membris,

576 5103 650 5159 Et
675 5103 895 5171 supplex
927 5104 1201 5173 poscebat,
1229 5119 1411 5172 opem,
1444 5120 1548 5160 non
1578 5122 1800 5162 munera
1826 5118 2067 5176 captans,

576 5196 874 5265 ltelliquias
901 5205 1101 5251 tantum
1129 5197 1222 5253 sed
1254 5197 1298 5252 si
1326 5213 1460 5267 quas
1486 5200 1640 5268 copia
1664 5198 1815 5267 jecit,

577 5288 690 5342 llas
712 5298 839 5342 tunc
860 5294 1143 5357 oppenens
1163 5290 1310 5342 alvus
1334 5289 1517 5357 jejuna
1546 5291 1788 5359 rogabat.

574 5379 686 5434 Sed
716 5379 1067 5447 proclamanti
1090 5380 1238 5433 dives
1268 5393 1371 5434 non
1402 5379 1607 5435 addidit
1636 5394 1844 5443 aurem,

575 5467 839 5537 Nullaque
865 5469 1200 5539 languentem
1235 5470 1403 5538 pietas
1432 5472 1669 5540 respexit
1695 5487 1944 5541 egenum.

574 5557 690 5613 Nec
717 5574 843 5627 quae
864 5559 1144 5628 completis
1170 5559 1413 5614 cecidere
1441 5561 1709 5629 superﬂua
1744 5564 1969 5627 mensis,

575 5650 837 5717 Pauperis
863 5648 929 5703 ad
958 5651 1152 5704 vietum
1184 5650 1460 5718 quisquam
1492 5652 1672 5707 dedit:
1710 5656 1929 5722 insuper
1958 5657 2087 5724 a‘gri

572 5738 879 5807 Despicitur
908 5739 1089 5805 facies,
1118 5751 1172 5795 ct
1198 5742 1372 5809 putria
1398 5743 1632 5799 vulneris
1662 5745 1906 5801 horrent.

567 5831 818 5903 Cumque
846 5845 1008 5887 canes
1036 5831 1150 5887 miti
1181 5832 1514 5901 perlambaut
1542 5836 1721 5892 ulcera
1752 5836 1949 5906 lingua,

2270 4746 2582 4799 Exundasse
2610 4745 2801 4809 bonis;
2834 4745 3045 4798 laetetur
3079 4745 3183 4798 line
3212 4746 3473 4798 malorum

2268 4837 2369 4903 Qui
2400 4837 2570 4889 doluit
2597 4837 2789 4904 emptis
2815 4854 2826 4887 ε
2862 4851 2969 4889 non
3001 4844 3084 4891 est
3108 4836 3219 4905 jam
3251 4838 3514 4891 tertn'nns
3544 4836 3701 4890 ultra.

2272 4927 2496 4996 Insuper
2524 4928 2794 4989 horrendo
2829 4929 2993 4997 cingit
3023 4930 3113 4996 qui
3147 4928 3358 4982 tramite
3390 4928 3563 4991 limes,

2276 5019 2341 5072 lit
2368 5018 2535 5072 chaos
2562 5018 2831 5087 obiectum
2866 5019 2974 5071 lato
3006 5018 3283 5088 distinguit
3311 5018 3479 5083 hiatu,

2272 5109 2387 5164 Non
2420 5110 2547 5163 sinit
2576 5109 2859 5178 abiunctas
2889 5110 3104 5164 misceri
3134 5110 3339 5164 findere
3370 5118 3573 5177 partes,

2274 5202 2672 5271 Accessumqne
2704 5211 2882 5271 negat,
2913 5201 2992 5255 sic
3018 5201 3170 5256 vobis
3202 5214 3439 5269 semper,
3470 5210 3528 5253 ut
3555 5200 3688 5256 isus.

2348 5291 2441 5345 llle
2470 5305 2693 5361 gemens
2725 5306 2916 5343 vanum
2953 5292 3177 5361 repetita
3209 5305 3340 5343 voce
3373 5299 3641 5357 precatur.

2274 5382 2329 5436 Si
2363 5382 2433 5435 nil
2470 5390 2590 5450 post
2620 5383 2822 5437 obitum
2855 5382 3075 5449 prodest
3102 5381 3390 5435 commissa
3421 5381 3597 5448 fateri,

2273 5475 2379 5530 Nec
2408 5486 2495 5528 tua
2526 5483 2765 5529 mutatur
2794 5473 2911 5528 lixis
2937 5475 3200 5527 sententia
3230 5474 3430 5533 verbis.

2273 5565 2386 5620 lloc
2412 5567 2647 5621 concede
2684 5566 2835 5629 mihi,
2870 5566 3013 5618 nulla
3044 5564 3184 5633 quod
3214 5564 3330 5630 lege
3360 5573 3589 5617 velatur.

2271 5663 2492 5717 Fratres
2523 5663 2755 5729 quinque
2786 5661 2946 5713 modo
2976 5657 3260 5713 discedens
3291 5658 3409 5710 luce
3443 5655 3629 5723 reliqui
3657 5672 3668 5706 :

2273 5753 2365 5807 llis
2393 5761 2513 5817 peto
2545 5752 2784 5803 mittatur
2815 5751 2903 5817 qui
2938 5749 3091 5801 vivos
3120 5747 3375 5814 corrigat,
3411 5754 3536 5799 ante

2269 5842 2325 5897 ln
2360 5852 2617 5896 tormenta
2648 5841 2837 5896 cadant
2866 5853 3023 5908 quam
3054 5836 3173 5893 talia
3211 5849 3373 5891 carne
3401 5834 3587 5890 soluti.
