4316 6462
907 384 1010 443 διδ
2169 367 2227 424 s.
2268 364 2450 423 svm
2490 361 2889 422 VIENNENSIS
4045 366 4149 423 stt

905 499 1033 555 Nam
1063 495 1301 568 quamvis
1330 493 1466 549 duro
1493 490 1776 563 persistant
1808 485 1970 541 corde
1999 484 2249 548 rebelles,

905 591 960 645 Si
990 599 1166 643 tamen
1200 586 1469 642 obstructa
1497 582 1774 652 quisquam
1804 578 1870 632 de
1900 585 2075 631 morte
2101 573 2324 637 rediret,

906 676 1134 733 Srcdent
1160 687 1398 742 esperto,
1429 684 1716 740 pinumque
1745 669 1943 723 intrare
1970 666 2252 721 timebunt.

906 768 999 824 Ille
1027 767 1239 837 quidem
1273 779 1490 829 poscens
1518 761 1764 816 enectum
1794 776 1898 814 non
1925 759 2067 827 capit
2093 757 2290 820 ullum;

907 857 1013 912 Nos
1039 865 1236 917 autem,
1260 853 1384 907 dum
1411 852 1514 905 vita
1543 858 1742 916 manet,
1768 849 1894 904 dum
1920 849 2038 902 luce
2061 849 2325 913 v'gcmus,

907 950 1044 1003 Olim
1070 945 1305 1001 defuncti
1319 941 1594 1015 'perterret
1619 945 1836 999 nuntius
1864 942 2050 1020 Adam.

908 1038 1039 1092 Dum
1072 1037 1216 1091 locus
1241 1043 1323 1091 est
1346 1033 1529 1099 ﬂendi,
1555 1033 1681 1090 dum
1712 1050 1814 1088 non
1843 1033 2037 1100 iniusta
2069 1043 2342 1103 petuntur,

906 1123 1013 1179 Nec
1041 1123 1302 1179 obturatis
1331 1122 1574 1192 pulsatur
1597 1124 1758 1193 janua
1786 1123 1972 1177 serris.

975 1214 1228 1270 Novimus
1257 1229 1325 1269 en
1353 1214 1546 1279 cuncti,
1577 1212 1701 1283 quid
1728 1213 1934 1283 primus
1961 1213 2224 1283 planxerit
2251 1213 2360 1282 ille,

906 1305 1009 1374 Qui
1035 1305 1216 1375 pulsus
1243 1306 1423 1376 prisca
1443 1304 1663 1360 nescivit
1689 1303 1819 1359 sede
1848 1303 2071 1360 reverti.

907 1395 1148 1463 Namque
1174 1395 1374 1451 obitum
1403 1393 1683 1463 quemdam
1713 1408 1839 1449 casu
1871 1405 1983 1450 tum
2015 1393 2230 1465 pertulit
2260 1395 2397 1465 ipso,

909 1484 1122 1540 Perdita
1155 1500 1220 1542 ne
1249 1485 1490 1554 precibus
1515 1476 1832 1556 lacrymisve
1863 1483 2141 1542 reduceret
2167 1486 2316 1542 ullis.

910 1576 986 1630 Ex
1018 1583 1142 1630 tunc
1170 1575 1418 1644 paulatim
1447 1586 1591 1630 retro
1618 1577 1863 1647 sublapsa
1893 1577 2081 1634 referri

911 1666 1025 1721 Vita
1058 1666 1220 1736 prior.
1247 1670 1515 1737 crepitque
1543 1670 1696 1724 malls
1728 1669 1898 1724 laxata
1933 1679 2184 1739 potestas.

908 1755 1041 1836 Tum
1069 1756 1245 1811 tristes
1273 1759 1463 1823 morbi,
1493 1768 1548 1813 et
1575 1760 1706 1814 varii
1736 1761 1947 1816 subiere
1974 1762 2208 1828 dolores,

908 1846 978 1901 Et
1001 1858 1248 1916 corrupta
1278 1847 1407 1902 satis
1435 1848 1546 1902 dira
1581 1851 1896 1918 pinguedine
1926 1853 2080 1906 tellus

907 1939 1113 1993 Letbali
1144 1939 1382 2008 quaedam
1411 1939 1627 1993 sulludit
1654 1941 1892 2008 germina
1925 1956 2107 1997 succo.

877 2058 879 2060 -
905 2027 1035 2083 Inde
1063 2039 1235 2083 truces
1261 2029 1451 2085 smvire
1479 2029 1628 2098 ferat,
1655 2030 1959 2101 dudumque
1992 2034 2242 2088 timentes

908 2118 1117 2173 Excitat
1143 2117 1210 2172 ad
1242 2134 1467 2188 pugnam
1501 2130 1609 2173 tum
1641 2121 1868 2189 primum
1900 2125 2112 2177 conscia
2143 2126 2328 2190 virtus,

838 2223 848 2227 ‘
908 2207 1096 2266 Reddit
1131 2217 1184 2262 et
1212 2222 1442 2264 armatas
1471 2212 1677 2279 unguis,
1702 2210 1856 2280 dens,
1882 2215 2096 2281 ungula,
2124 2229 2310 2268 cornu.

908 2297 1022 2367 Ipsa
1048 2299 1207 2352 etiam
1240 2298 1382 2368 leges
1409 2310 1665 2368 ruperunt
1695 2308 1818 2354 tunc
1843 2301 2132 2369 elementa,

911 2388 973 2442 Et
1000 2388 1202 2442 violare
1229 2389 1382 2442 Iidem
1416 2389 1726 2444 mortalibus
1754 2393 1930 2446 omnia
1961 2403 2190 2448 certant.

906 2478 1123 2534 Inﬂatur
1151 2481 1324 2536 ventis
1353 2483 1592 2549 pelagus,
1622 2482 1903 2536 volvuntur
1931 2494 1985 2538 et
2010 2486 2189 2554 undae,

907 2570 1232 2639 Excitusque
1261 2586 1453 2625 novum
1482 2575 1736 2642 turgesdt
1765 2585 1956 2642 pontus
1987 2576 2038 2628 in
2069 2585 2278 2630 aestum.

906 2661 1056 2714 'l‘une
1087 2661 1310 2726 primum
1343 2663 1502 2716 tectis
1524 2671 1654 2716 tetra
1685 2665 1907 2733 caligine
1931 2665 2103 2731 crelis,

907 2749 1142 2820 Ingratos
1169 2750 1438 2804 hominum
1469 2753 1785 2821 castigatur:
1815 2753 2045 2819 labores,

905 2837 1236 2896 Grandineos
1263 2841 1467 2911 pavidis
1491 2842 1736 2897 fuderunt
1767 2844 1946 2899 nubila
1978 2847 2211 2914 nimbos,

906 2932 1078 3001 Atque
1108 2934 1261 3000 polus
1287 2932 1488 2987 discors
1521 2934 1706 2988 invidit
1735 2930 1972 3004 germina
2003 2941 2179 2992 terris.

907 3023 1045 3089 Quin
1075 3024 1240 3093 magis
1270 3023 1383 3092 ipsa
1413 3022 1510 3076 sibi
1543 3024 1699 3078 tellus
1727 3025 1948 3079 adversa
1979 3026 2211 3094 negavit,

907 3115 1140 3171 Seminis
1165 3117 1369 3184 excepti
1398 3123 1612 3170 vertens
1639 3117 1855 3170 ruentita
1883 3119 2134 3171 nitorem.

979 3205 1103 3260 ll:ec
1127 3207 1321 3274 gemini
1351 3207 1576 3273 primum
1606 3217 1885 3260 senserunt
1919 3217 2042 3260 tunc
2075 3209 2410 3276 prozoplasti.

907 3296 1195 3351 Posteritas
1225 3311 1345 3350 nam
1377 3305 1570 3364 quanta
1602 3293 1734 3350 ferat
1763 3295 2038 3363 dispendia
2069 3313 2271 3362 rerum,

907 3386 1044 3451 Non,
1069 3386 1154 3439 cui
1181 3386 1263 3441 vel
1292 3393 1504 3441 centum
1535 3387 1748 3454 lingua},
1774 3386 1855 3439 vel
1887 3388 2055 3441 terrea
2087 3404 2183 3442 vox
2218 3405 2246 3442 e
2280 3398 2321 3457 t,

912 3479 1232 3531 Enumerare
1259 3486 1447 3545 queat;
1481 3490 1576 3530 nec
1606 3479 1647 3529 si
1674 3492 1828 3545 quem
1861 3478 2067 3530 Mantua
2100 3481 2263 3540 misit,

911 3569 1228 3622 Maeoniusvc
1253 3578 1447 3621 canant
1469 3567 1678 3623 diversa
1708 3582 1839 3621 voce
1869 3578 2061 3634 poetae.

909 3660 1034 3723 Quis
1067 3659 1199 3712 tales
1231 3658 1425 3712 referat
1451 3663 1662 3713 motus?
1693 3662 1809 3729 quis
1837 3661 2064 3730 denique
2093 3661 2250 3715 fando

909 3749 1130 3802 Evolvat
1158 3756 1298 3801 totos
1325 3748 1415 3816 qui
1441 3750 1662 3803 volvunt
1689 3751 1879 3804 saecula
1917 3751 2104 3804 ﬂuctus
2127 3752 2149 3804 ?

909 3842 1070 3892 Arma
1099 3837 1350 3904 fremunt,
1376 3839 1564 3892 crebra
1591 3841 1822 3907 quatitur
1849 3841 2131 3896 formidine
2159 3844 2406 3910 mundus,

909 3931 1169 3985 Funditur
1196 3931 1424 3999 irriguus
1455 3932 1690 3998 sanguis,
1717 3933 1992 4002 majorque
2021 3935 2213 3988 sititor.

909 4022 1044 4089 Quid
1073 4021 1243 4074 dicam
1278 4020 1448 4074 celsas
1479 4021 1745 4088 praeclaris
1775 4024 2002 4077 coetibus
2027 4011 2187 4078 urbes

908 4111 967 4165 In
996 4111 1202 4164 deserta
1231 4109 1388 4162 dari-7
1418 4110 1639 4178 populos
1673 4112 1959 4179 populante
1992 4117 2142 4164 ruina

907 4200 1169 4270 Dispergi,
1197 4210 1251 4254 et
1282 4200 1512 4254 Iacerurn
1539 4201 1748 4253 vacuari
1781 4204 2017 4268 partibus
2047 4204 2228 4254 urbem
2253 4204 2273 4252 ?

907 4291 1136 4346 Servitio
1162 4290 1312 4344 subdi
1344 4290 1610 4353 dominos,
1641 4292 1971 4360 lanmlosqne
1999 4294 2229 4348 vicissim

907 4382 1147 4436 Praeferri
1176 4380 1424 4444 dominis,
1454 4389 1508 4434 et
1535 4381 1658 4435 belli
1688 4392 1834 4435 sorte
1865 4385 2061 4450 perire,

910 4470 1039 4525 Sors
1067 4473 1276 4538 generis
1308 4472 1449 4524 claro
1474 4473 1740 4538 quondam
1769 4487 1901 4540 quos
1935 4474 2189 4541 sanguine
2219 4474 2401 4527 misit?

907 4561 979 4614 At
1005 4560 1046 4614 si
1076 4561 1209 4614 forte
1239 4561 1384 4615 brevi
1412 4565 1754 4630 requiescant
1785 4575 2024 4633 tempore
2054 4565 2210 4630 bclfa,

906 4649 1134 4720 Legibus
1161 4661 1392 4706 armatas
1425 4651 1598 4706 furere
1628 4653 1679 4705 in
1708 4657 1999 4708 certamina
2035 4656 2175 4719 lites,

906 4738 999 4793 Jus
1027 4752 1221 4807 anceps
1252 4754 1483 4808 pugnare
1514 4741 1649 4806 loro,
1673 4756 1777 4809 quo
1799 4742 1972 4811 jurgia
2004 4745 2225 4798 fratrum

906 4831 1021 4886 Non
1051 4833 1217 4887 levius
1241 4834 1376 4888 votis
1407 4834 1622 4897 feriunt,
1647 4850 1805 4904 quam
1839 4838 2020 4903 praelia
2055 4839 2218 4892 telis?

905 4922 1011 4977 Sed
1040 4923 1155 4991 quis
1183 4932 1300 4976 vota
1333 4933 1497 4988 notet,
1522 4926 1753 4979 clament
1781 4941 1899 4980 cum
1933 4929 2065 4982 facta
2100 4932 2426 4986 nocentum?

905 5012 1036 5076 Quis
1064 5012 1274 5066 fraudes
1303 5024 1357 5066 et
1383 5011 1518 5065 furta
1546 5023 1722 5081 gemat
1747 5017 2015 5084 gaudente
2045 5020 2271 5087 rapina?

907 5103 1100 5168 Quisve
1129 5104 1328 5156 minora
1360 5105 1525 5158 Ileat?
1556 5107 1742 5174 stringi
1775 5122 1874 5162 nec
1903 5111 2130 5164 maxima
2159 5124 2403 5180 possunt.

909 5193 1034 5247 Inde
1061 5196 1267 5247 minora
1298 5202 1492 5258 tamen,
1522 5198 1564 5250 si
1597 5201 1820 5252 summis
1846 5201 2026 5267 juncta
2061 5216 2312 5259 netentur
2338 5225 2348 5258 :

910 5281 1036 5337 Nam
1069 5300 1162 5353 per
1187 5299 1245 5338 se
1272 5284 1471 5338 nullum
1499 5286 1704 5344 facinus
1732 5292 1831 5344 sub
1857 5292 2038 5360 judice
2068 5311 2286 5361 parvum
2317 5307 2416 5352 est.

910 5371 1017 5428 Nec
1043 5373 1206 5429 refert
1229 5384 1448 5430 cunctas
1472 5380 1706 5444 percurri
1733 5381 1972 5436 carmine
2003 5397 2214 5438 causas.

911 5466 1020 5520 Iloc
1052 5481 1212 5534 parvo
1237 5481 1483 5523 sermone
1510 5469 1724 5537 loquar:
1757 5482 1874 5539 post
1897 5475 2090 5529 damna
2120 5493 2353 5544 priorum

913 5556 988 5611 Nil
1017 5573 1292 5626 superesse
1319 5559 1460 5623 mali,
1486 5559 1628 5628 quod
1663 5577 1763 5615 non
1793 5566 1873 5618 vel
1906 5576 2170 5634 perpetret
2205 5571 2372 5637 orbis,

912 5645 1004 5700 γει
1037 5651 1241 5711 tolcrel,
1274 5649 1458 5716 plenus
1484 5649 1766 5716 scelermn,
1796 5657 2097 5723 pariterque
2126 5658 2396 5729 laborum,

915 5731 972 5790 In
999 5752 1120 5792 casu
1148 5739 1429 5795 discrimen
1461 5739 1681 5808 habens,
1711 5753 1763 5800 et
1789 5746 1987 5802 crimen
2019 5746 2071 5803 iu
2103 5758 2242 5805 actu.

2490 477 2541 536 Α
2648 477 2755 534 Sed
2785 487 2862 544 tu,
2884 475 3101 534 Christe
3126 486 3342 549 potens,
3369 476 3455 535 cui
3483 491 3700 549 semper
3720 491 3944 550 parcere
3972 493 4149 551 prum-

2717 576 2865 638 ptum
2892 575 2994 633 est,

2576 660 2658 716 ‘l‘u
2693 661 2891 731 ligulas
2914 643 3144 717 marum
3176 660 3318 732 potis
3345 677 3405 718 es
3434 676 3685 734 reparare
3707 664 3986 730 eademin,

2575 750 2646 806 Et
2673 752 2946 807 confracta
2974 750 3066 805 diu
3095 752 3440 820 resolutaque
3469 753 3671 824 lingere
3701 767 3847 808 vasa.

2572 842 2676 910 Qui
2699 842 2898 899 dudum
2927 843 3096 898 multo
3125 843 3421 899 latitantem
3453 844 3672 914 pulvere
3699 844 4008 901 drachmam

2575 934 2785 990 Iuvenis
2813 934 3054 990 accensis
3082 934 3232 989 verbi
3261 933 3459 990 virtute
3488 934 3746 990 lucernis.
3897 1005 3922 1018 -

2573 1024 2926 1096 Linquentem
2956 1024 3161 1090 caulas,
3191 1025 3439 1096 turpique
3467 1040 3655 1082 errore
3682 1035 3988 1096 vagantem,

2575 1117 2763 1173 Pastor
2784 1131 2938 1173 ovem
2968 1117 3131 1172 celeri
3160 1116 3410 1188 dignatus
3437 1131 3679 1189 quaerere
3707 1131 3922 1190 gressu,

2574 1197 2859 1272 Subvebis,
2888 1216 3053 1277 utque
3079 1220 3177 1261 suo
3199 1207 3440 1276 gaudens
3469 1207 3725 1263 reddatur
3752 1206 3900 1272 ovili,

2577 1298 2798 1356 Sarcina
2829 1298 2889 1352 tit
2916 1314 3036 1366 quae
3063 1311 3189 1355 cura
3213 1297 3338 1354 fuit.
3371 1298 3462 1355 Sic
3487 1297 3627 1353 Illius
3655 1297 3749 1352 ille

2573 1393 2788 1459 Junior,
2815 1392 3107 1449 exhaustos
3133 1401 3412 1463 postquam
3442 1388 3691 1462 dispersit
3715 1401 3958 1451 acervos,

2579 1485 2806 1556 Vitaque
2833 1492 3155 1554 consumpto
3183 1491 3383 1539 mutata
3412 1491 3496 1538 est
3524 1480 3741 1551 prodiga
3766 1491 3955 1544 censu,

2577 1575 2770 1644 Turpia
2803 1588 3090 1647 porcorum
3117 1573 3276 1644 digne
3305 1573 3550 1629 convivia
3578 1579 3813 1635 sectans,

2575 1667 2788 1738 Optavit
2813 1668 3019 1738 siliquis
3046 1667 3302 1736 compleri
3327 1664 3529 1720 vilibus
3558 1664 3763 1726 alvum,
3807 1700 3812 1707 .

2586 1760 2766 1815 Donec
2793 1773 2932 1815 sava
2964 1757 3133 1813 fames
3153 1757 3322 1826 longo
3350 1754 3656 1811 discrimine
3683 1753 3882 1807 victum

2505 1833 2552 1894 Β
2577 1849 2806 1920 Cogeret
2827 1848 3033 1904 oﬂ‘enso
3064 1848 3278 1903 tandem
3308 1862 3367 1902 se
3395 1845 3622 1902 reddere
3651 1845 3808 1914 patri,

2575 1941 3000 2009 Confessumque
3031 1955 3184 1996 reum
3213 1941 3392 1994 laxato
3420 1939 3648 1993 crimine
3675 1937 3811 1991 solvi

2577 2033 2818 2101 Denique
2846 2038 3168 2101 prostratum
3196 2030 3340 2084 mitis
3371 2037 3519 2099 pater
3545 2028 3736 2082 allevat
3763 2026 3929 2088 ultro,

2579 2125 2645 2180 Et
2673 2124 2940 2195 trepidum
2971 2124 3164 2178 blanda
3192 2124 3397 2178 solatur
3424 2136 3554 2176 voce
3587 2121 3866 2190 pudorem.

2576 2211 2809 2268 Ornatus
2841 2212 3023 2268 reduci
3050 2211 3216 2266 vestis
3241 2211 3332 2265 dat
3363 2211 3530 2278 prima
3564 2210 3852 2271 secundos,

2579 2303 2826 2372 laetaque
2855 2303 3113 2357 solemnis
3143 2300 3380 2356 celebrat
3403 2299 3649 2354 convivia
3675 2310 3867 2360 cretus,

2577 2393 2729 2460 Quod
2760 2391 2996 2448 rediviva
3021 2390 3132 2444 suis
3157 2389 3388 2460 quodam
3417 2389 3483 2443 de
3513 2387 3701 2443 funere
3729 2388 3904 2457 proles

2581 2485 2798 2554 Surgat,
2822 2493 2878 2538 et
2903 2483 3092 2537 orbato
3120 2480 3343 2536 redeant
3373 2493 3509 2533 nova
3537 2479 3732 2533 lumina
3770 2476 3938 2544 patri.

2577 2577 2646 2630 At
2680 2587 2759 2642 tu,
2789 2575 3104 2645 praepollens
3135 2573 3406 2628 hominum
3438 2587 3726 2641 rerumque
3753 2569 4000 2632 Creator,

2576 2670 2888 2739 Quanquam
2915 2677 3105 2724 cuncta
3128 2668 3262 2723 velis
3289 2666 3409 2722 lida:
3436 2675 3688 2721 constare
3717 2663 3898 2731 saluti,

2575 2757 2723 2811 Nulla
2756 2765 2933 2812 tamen
2967 2757 3163 2825 pateris
3192 2765 3388 2811 nostra:
3418 2754 3695 2824 dispendia
3731 2752 3942 2818 mortis,

2575 2847 2683 2902 Nec
2709 2863 2973 2917 quoquam
3001 2855 3262 2917 pereunte
3291 2846 3396 2900 tuis
3423 2846 3737 2914 contingere
3763 2843 4022 2898 damnum

2578 2937 2783 2992 Divitiis
2811 2937 3031 3006 poterit;
3067 2939 3242 2992 nescis
3270 2935 3609 2998 decrescere,
3639 2936 3817 2988 nescis

2580 3029 2799 3096 Augeri,
2827 3035 2880 3082 et
2906 3027 3064 3094 pleno
3093 3034 3297 3093 perstat
3328 3024 3421 3079 tibi
3448 3024 3618 3094 gloria
3649 3036 3834 3091 regno.

2576 3117 2677 3170 Sed
2710 3115 2917 3169 l‘anmlis
2947 3124 3001 3168 tn
3032 3115 3195 3170 redde
3222 3115 3329 3169 tuis
3355 3112 3494 3182 quod
3527 3112 3760 3182 perdidit
3790 3110 3997 3174 Adam;

2499 3174 2543 3233 C
2577 3206 2832 3274 Quodque
2863 3204 2978 3258 tulit
3011 3205 3238 3272 primum
3269 3174 3462 3257 vitiatae
3490 3174 3678 3271 stirpis
3708 3201 3881 3270 origo,

2574 3295 2707 3350 Ortu
2738 3295 2983 3349 restituat
3013 3294 3201 3348 melior
3228 3292 3338 3361 jam
3367 3293 3474 3346 vita
3505 3292 3765 3347 secundo.

2573 3385 2851 3440 Sorduerit
2881 3383 3100 3438 nimium
3129 3383 3307 3438 lacero
3334 3382 3661 3438 circumdata
3694 3382 3850 3450 peplo

2579 3477 2774 3529 Forma
2803 3484 2974 3537 vetus,
3001 3473 3219 3528 scissam
3254 3488 3458 3543 ponens
3486 3487 3607 3526 cum
3636 3471 3858 3527 crimine
3884 3478 4111 3535 vestem,

2579 3568 2741 3621 Pallia
2775 3567 2942 3634 prima
2977 3574 3129 3635 pater
3157 3565 3402 3619 redeunti
3439 3565 3650 3634 porrige
3681 3563 3834 3633 proli.

2581 3659 2915 3716 Scminecem
2942 3658 3206 3728 quondam
3240 3657 3499 3712 miserans
3523 3657 3612 3726 qui
3643 3656 3777 3710 forte
3807 3666 4084 3722 repertum

2581 3749 2988 3816 Projectumque
3016 3748 3119 3812 via,
3147 3763 3305 3816 quem
3340 3748 3466 3802 εωνί
3497 3749 3643 3802 aede
3679 3748 3912 3800 latrones

2580 3838 2847 3904 Impositis
2875 3847 3064 3892 cuncto
3091 3839 3382 3906 spoliarent
3411 3839 3643 3907 tegmine
3672 3839 3858 3906 plagis,

2580 3929 2685 3983 Sed
2715 3937 2788 3991 tu,
2825 3937 3029 3991 sancte,
3053 3930 3191 3982 viam
3219 3938 3431 3996 sumpto
3458 3930 3582 3982 dum
3609 3943 3836 3995 corpore
3865 3928 4041 3980 curris
4069 3944 4086 3992 ;

2583 4019 2793 4072 Iuvenis
2822 4018 3053 4081 allisum,
3081 4033 3179 4071 nec
3209 4020 3452 4085 prmteris
3478 4038 3488 4070 :
3525 4019 3740 4085 insuper
3775 4034 3976 4086 mgrum

2581 4108 2835 4162 Jumento
2863 4109 3037 4161 carnis
3069 4109 3296 4176 proprie
3329 4110 3427 4162 sub
3459 4117 3593 4163 tecta
3623 4103 3884 4178 repnrtas.

2583 4200 2688 4253 Nos
2715 4198 2908 4253 fuimus
2937 4199 3203 4268 quondam
3235 4199 3424 4254 rabido
3451 4199 3572 4254 data
3604 4200 3780 4269 praeda
3817 4199 4028 4266 l‘nrori;

2582 4290 2684 4345 Sed
2716 4293 2758 4344 si
2790 4307 2930 4344 nunc
2959 4291 3163 4344 medico
3194 4300 3472 4360 percurrat
3504 4293 3723 4346 vulnera
3756 4293 3864 4347 l'otu

2581 4380 2760 4434 Gratia
2794 4381 3092 4449 producens
3118 4382 3319 4444 oleum,
3346 4381 3604 4450 sapientia
3633 4384 3835 4447 vinum,

2517 4503 2539 4538 ;~_
2580 4472 2932 4526 Commendet
2961 4472 3171 4526 Stabulo
3201 4473 3535 4526 Samaritidis
3565 4488 3748 4528 eXtera
3780 4491 3930 4538 cura,

2497 4531 2621 4618 np

2626 4565 2821 4619 elletur
2852 4566 3058 4619 validus
3086 4565 3348 4620 medicato
3374 4581 3599 4635 corpore
3631 4567 3870 4636 languor.

2588 4657 2833 4726 Suscipe,
2863 4659 2948 4726 qui
2980 4673 3085 4711 non
3115 4659 3190 4712 vis
3220 4658 3484 4713 moriendi
3514 4674 3760 4714 crescere
3787 4674 3997 4724 causas,

2579 4747 2722 4813 Quos
2754 4747 2999 4804 confessa
3029 4751 3120 4804 tibi
3148 4751 3380 4819 gemitus
3412 4751 3494 4818 pia
3529 4761 3740 4819 pectora
3770 4750 4018 4806 fundunt.

2583 4840 2654 4912 Ut
2683 4837 2948 4908 quondun
2983 4849 3179 4902 tecum,
3209 4855 3381 4908 passae
3414 4840 3513 4894 sub
3545 4851 3784 4910 tempore
3813 4843 4014 4906 carnis,

2581 4929 2864 4983 Proximus
2895 4932 3111 4986 immani
3139 4931 3448 4999 dependens
3476 4934 3653 5001 stipite
3685 4933 3862 5000 przedu
3887 4975 3899 4996 ,

2585 5023 2751 5087 Quem
2785 5039 2887 5078 non
2917 5026 3070 5091 culpa
3104 5025 3194 5077 tibi
3226 5025 3452 5078 similem
3481 5026 3573 5078 sed
3609 5039 3761 5094 pmna
3796 5028 4042 5090 tenebat;

2585 5114 2676 5168 Ille
2708 5127 2880 5169 tamen
2913 5133 3078 5169 nexus
3108 5117 3381 5179 membiis,
3415 5133 3512 5172 nec
3538 5118 3699 5171 corde
3731 5119 3912 5187 ligato,

2587 5204 2649 5257 Et
2677 5206 2721 5259 si
2752 5208 2988 5260 conlixas
3014 5207 3176 5259 clasis
3207 5209 3492 5262 extendere
3525 5209 3728 5276 palmas

2584 5297 2697 5350 Non
2730 5299 2919 5365 potuit,
2950 5299 3080 5352 liter
3115 5309 3349 5352 mentem
3381 5313 3503 5352 cum
3533 5314 3662 5353 voce
3693 5298 3938 5353 tetendit.

2582 5390 2776 5457 Seque
2807 5405 2928 5444 rcus
2957 5391 3221 5446 scelerum
3255 5390 3378 5443 dum
3408 5391 3562 5461 digna
3598 5391 3801 5458 [uacula
3833 5390 4042 5460 pendit,

2584 5481 2892 5550 Martyrium
2924 5483 2989 5534 de
3018 5491 3189 5536 merte
3220 5482 3394 5549 rapit:
3428 5483 3508 5536 cui
3540 5483 3645 5537 line
3672 5485 3847 5550 sagaci

2583 5573 2812 5625 Maxima
2845 5587 2970 5625 cura
3003 5573 3099 5626 fuit
3130 5575 3262 5627 tales
3293 5588 3397 5626 non
3426 5573 3650 5642 perdere
3679 5588 3886 5642 poenas,

2586 5663 2860 5730 l’r.cripuit
2890 5665 3151 5718 scandens
3178 5664 3401 5727 aditum,
3430 5667 3601 5733 cmloq
3625 5679 3671 5718 ie
3701 5665 3960 5720 levandus

2581 5753 2758 5811 Ardua
2791 5754 2999 5810 sublimi
3033 5760 3201 5813 tenuit
3227 5755 3538 5826 compendia
3571 5756 3728 5812 saltu.
