4316 6482
2904 32 2909 33 ν
2956 22 3093 41 -τετ-ντ
3126 24 3137 33 ~
3160 2 3591 61 "r'F'ﬁﬁ-‘t
3847 0 4112 42 ἐιιττιτιετίςἨ

2342 62 2403 67 ⁴”
2654 90 2659 91 γ
3044 56 3197 95 βτα-
3223 59 3226 64 ·
3347 48 3421 84 ⁷
3477 45 3636 120 ξης“
3677 51 3882 106 βέλη-ιι·
3905 51 3944 100 ,ξε
4081 59 4112 100 ει

2500 126 2509 133 ”
2552 128 2557 129 ⁷
2600 124 2633 129 ’ί
2658 128 2663 129 ⁷
2692 114 2879 151 λς’ζμωϊ-
2914 104 2960 147 ⁶’”
2999 147 3008 152 _
3055 107 3090 152 ,τ’
3521 129 3548 138 --ι
3581 115 3626 152 5".-
3667 127 3750 140 --q-
3787 137 3794 152 Ι
3831 99 3844 116 ι
3885 119 3984 152 ’-Δ-

411 166 460 174 *ν
2260 156 2265 159 ·
2444 150 2499 159 ’θ”μ
2522 144 2693 161 ‘WM"
2738 156 2747 159 ι
2766 158 2769 159 ν
2811 159 2824 166 -ε
2844 156 2847 159 λ
2961 147 2988 156 “““
3121 153 3348 166 --ιμ-ιιε-..-έ-ωι...
3369 151 3470 166 ε-ἀ-..,ει
3495 159 3508 162 -
3557 157 3664 166 .._._......
3699 153 3752 166 ..,,;ι.
3767 159 3778 164 .,
3811 141 4034 166 vui-$.12!"—

206 522 310 580 815
1281 458 1288 461 ν
1382 503 1762 560 Ροειιλτωι
1802 501 2008 558 ΗΒΕ.ῐί
2047 500 2138 556 IV.

1823 620 1870 678 Α
1901 616 2010 670 Cen
2039 615 2135 670 tibi
2160 628 2450 685 compasso
2479 614 2749 670 miserans
2776 627 3034 668 succurre
3064 612 3281 667 latroni.

205 631 420 698 Patriae
443 630 524 686 sic
552 626 710 684 nobis
738 625 964 688 celsam,
990 628 1145 692 pater
1170 617 1397 690 inclyte,
1425 616 1697 672 dextram.

200 720 315 778 Nos
336 737 546 793 quoque
571 728 846 790 perpetua:
871 714 1154 783 conquirat
1181 712 1287 766 vita
1314 708 1497 776 saluti,

200 813 379 882 Atque
404 811 662 882 profanati
689 806 929 878 deceptis
954 803 1144 860 fraude
1173 801 1422 866 latronis,

3398 491 3500 552 διο

1901 706 2084 761 Livida
2114 720 2249 777 quos
2278 704 2450 760 bostis
2481 705 2732 781 paradiso
2761 703 2975 785 depulit
3004 704 3105 770 ira,

1892 795 2112 853 Fortior
2137 797 2372 868 antiqua
2401 796 2596 853 reddat
2621 803 2712 850 tua
2743 796 2914 866 gratia
2941 793 3080 850 sedi.

1141 993 1618 1106 LIBER
1702 989 2533 1116 QUARTUS.

1490 1153 1582 1209 DE
1617 1146 1898 1209 DILUVIO
1936 1151 2176 1208 MUNDI.

265 1283 524 1341 infectum
549 1281 815 1354 quondam
849 1279 993 1335 vitiis
1020 1274 1377 1334 concordibus
1401 1270 1617 1336 orbem,

193 1373 620 1445 Legitimumque
641 1371 788 1427 nefas
808 1370 989 1426 laxata
1017 1375 1192 1439 morte
1216 1366 1420 1436 piatum

193 1464 406 1520 Diluvio
434 1473 704 1533 repetam;
733 1460 828 1517 sed
854 1475 964 1517 non
985 1473 1093 1530 quo
1121 1457 1298 1513 fabula
1329 1453 1564 1510 mendax

193 1550 447 1608 \‘icturos
475 1552 680 1619 lapides
705 1550 962 1606 mundum
992 1548 1258 1618 sparsisse
1279 1561 1373 1617 per
1397 1543 1638 1614 amplum

193 1641 513 1698 Deucaliona
540 1641 727 1705 refert,
760 1641 954 1697 durum
979 1654 1148 1710 genus
1173 1637 1316 1693 unde
1342 1635 1607 1705 resumpti

191 1731 530 1788 Descendunt
558 1731 838 1799 homines,
872 1733 1190 1801 cunctisque
1220 1729 1493 1784 laboribus
1531 1727 1644 1798 apti

190 1822 366 1879 Sasca
393 1838 492 1893 per
511 1823 699 1878 duram
729 1831 1027 1878 monstrcnt
1044 1821 1342 1890 primordia
1374 1829 1633 1875 mentem.

188 1915 296 1971 Sed
327 1916 436 1970 veri
463 1930 715 1984 compos,
745 1914 941 1972 fluctus
971 1927 1114 1969 nunc
1144 1927 1442 1983 prosequar
1470 1910 1614 1977 illos,

189 2002 293 2060 Per
307 2021 441 2075 quos
467 1999 739 2061 immissus
763 2008 923 2061 rebus
951 2008 1037 2060 vix
1067 2020 1205 2074 pene
1229 2005 1428 2059 creatis

187 2093 496 2150 Lacteutem
519 2097 674 2152 velox
701 2097 959 2164 praevenit
985 2097 1246 2151 terminus
1279 2096 1494 2150 orbem.

259 2185 536 2242 Extulerat
563 2187 791 2242 mortale
810 2201 982 2256 genus
1004 2186 1316 2242 crudelibus
1343 2186 1490 2240 ausis

185 2275 436 2343 Ingentes
457 2279 664 2332 animos
696 2295 710 2333 :
748 2279 951 2334 licitum
983 2279 1124 2348 quod
1151 2278 1344 2346 cuique
1368 2277 1561 2332 liberet

184 2365 457 2430 Credidit;
487 2377 542 2422 et
572 2369 787 2437 propria
817 2369 979 2423 valuit
999 2383 1096 2437 pro
1124 2367 1242 2436 lege
1265 2366 1531 2421 voluntas.

185 2460 284 2516 Ius
306 2459 457 2516 adeo.
473 2461 677 2515 nullum
696 2504 711 2527 ,
746 2461 824 2516 sic
849 2462 920 2515 nil
952 2461 1154 2516 distare
1177 2468 1419 2529 putatum

185 2551 397 2619 Fasque
425 2551 680 2621 nefasque
707 2553 868 2619 inter,
899 2552 1030 2606 recti
1061 2549 1305 2605 custodia
1330 2563 1613 2618 nusquam.

184 2641 303 2696 Non
323 2641 509 2710 iudex,
533 2657 640 2697 non
666 2645 818 2698 testis
837 2650 974 2708 erat,
999 2658 1103 2697 non
1126 2642 1360 2712 denique
1381 2651 1562 2696 rector
1585 2685 1599 2708 ,

184 2730 404 2785 Arbiter
427 2740 518 2784 aut
547 2744 779 2795 morum,
806 2733 888 2783 vcl
920 2730 1009 2797 qui
1039 2731 1290 2784 suaderet
1319 2732 1630 2791 honestum;

184 2818 296 2874 Sed
323 2820 572 2889 princeps
601 2820 702 2874 sibi
725 2819 950 2889 quisque
974 2818 1073 2873 fuit
1100 2820 1298 2873 virtute
1329 2819 1556 2872 nocendi
1584 2837 1596 2871 :

182 2909 298 2964 Nec
324 2910 529 2965 meritis
558 2911 652 2966 sed
676 2911 814 2966 mole
845 2921 1065 2980 potens,
1091 2911 1178 2979 qui
1203 2909 1394 2964 fortior
1414 2917 1558 2965 esset

182 2998 285 3054 llic
306 3001 494 3054 melior
523 3001 755 3066 sibimet,
796 3002 890 3055 sed
919 3017 978 3056 se
1007 3014 1252 3064 censore,
1286 2999 1550 3068 placebat.

180 3089 276 3143 Sic
298 3089 570 3144 hominum
599 3091 760 3145 vitam
791 3091 1068 3145 brutorum
1100 3106 1251 3144 more
1277 3091 1493 3145 tenebat

181 3182 417 3237 Motibus
442 3182 700 3238 addicens
723 3198 874 3239 mens
902 3184 1152 3238 inclinata
1183 3183 1393 3238 ferinis.

180 3274 456 3344 Sanguine
483 3287 637 3343 potus
664 3287 773 3331 erat
791 3315 810 3343 ,
840 3291 1104 3331 caesorum
1125 3279 1331 3333 viscera
1363 3278 1561 3348 passim

181 3365 462 3421 Indomitis
503 3368 707 3423 laceras
738 3368 1047 3436 praebebant
1076 3367 1318 3425 faucibus
1344 3385 1518 3424 escas.

181 3461 410 3528 Insuper
430 3470 486 3516 et
510 3462 845 3531 quadrupes,
871 3463 1085 3530 propria
1110 3463 1199 3531 qui
1232 3473 1406 3516 morte
1427 3472 1668 3529 necatur,

179 3551 386 3609 δενίοτ
406 3564 496 3607 aut
524 3562 672 3608 certe
701 3568 858 3622 quem
887 3559 1105 3609 vincens
1132 3554 1297 3608 bestia
1318 3555 1480 3621 cepit,

179 3646 377 3701 Paetus
402 3657 540 3712 erat,
564 3661 721 3716 quem
754 3647 901 3700 nulla
938 3647 1092 3712 fides,
1128 3648 1208 3700 lex
1244 3647 1388 3701 nulla
1415 3648 1650 3703 vetabat.

182 3733 256 3791 Ut
277 3751 404 3790 vero
426 3750 677 3804 prcorum
711 3737 816 3792 ritu
845 3738 1102 3805 permissa
1135 3739 1400 3804 voluptas,

181 3828 256 3882 Et
281 3826 470 3882 diffusa
494 3829 670 3898 palam
705 3831 876 3898 ruptis
906 3829 1121 3884 lascivia
1153 3829 1343 3905 frenis,

179 3915 535 3988 Luxuriatque
567 3917 766 3985 forum,
790 3931 950 3990 atque
980 3921 1201 3976 obsceni
1227 3919 1465 3984 nundina
1499 3924 1680 3979 mundi

179 4006 468 4073 Ferveret,
494 4017 645 4064 casto
678 4011 755 4077 fas
785 4026 890 4065 non
917 4022 998 4066 est
1025 4013 1208 4068 dicere
1229 4023 1418 4067 cantu.

254 4097 472 4153 Talibus
491 4114 554 4154 ac
584 4100 745 4155 tantis
782 4101 1060 4156 hominum
1092 4118 1224 4170 gens
1258 4103 1500 4173 improba
1535 4104 1704 4175 gestis

177 4191 469 4248 Silvostres
498 4191 729 4256 animos,
760 4202 964 4248 naturae
995 4194 1198 4249 fcedvre
1220 4204 1377 4260 rupto
1400 4235 1414 4256 ,

178 4283 464 4350 Induerat,
497 4284 755 4353 pulsaque
784 4286 941 4356 simul
967 4285 1174 4339 ratione
1207 4285 1450 4349 furebat,

177 4370 252 4429 Et
278 4373 490 4429 deserta
509 4374 694 4443 iacens
715 4375 923 4428 Domini
956 4376 1196 4436 cmlestis
1224 4377 1397 4444 imago

176 4467 353 4518 Omne
377 4464 541 4519 decus
570 4467 763 4519 mentis
797 4467 934 4534 turpi
955 4466 1228 4532 deiecerat
1257 4481 1402 4520 actu.

177 4554 334 4609 Haud
363 4568 518 4608 sucus
545 4567 609 4607 ac
639 4555 842 4622 pulchri
865 4570 985 4608 cum
1021 4558 1208 4610 fertilis
1237 4573 1359 4610 area
1388 4556 1596 4625 campi,

176 4644 352 4712 Quam
379 4646 584 4699 succisa
612 4645 757 4700 dedit
789 4657 1013 4715 purgato
1039 4649 1232 4703 robore
1260 4650 1418 4715 silva,

177 4736 317 4791 Dum
340 4737 560 4802 colitur,
588 4737 736 4806 justo
764 4749 914 4808 paret
947 4739 1171 4795 fecunda
1207 4743 1397 4806 labori,

176 4827 472 4895 Subiicitur
504 4830 715 4895 rastris,
741 4831 1018 4897 reSpoudit
1051 4831 1308 4902 frugibus,
1338 4849 1399 4887 ac
1430 4850 1488 4889 se

176 4921 372 4976 Servat
401 4923 699 4991 composito
720 4924 913 4978 ruralis
942 4928 1112 4993 gratia
1143 4927 1290 4980 vultu
1323 4944 1335 4991 ;

175 5008 420 5078 Agticola
443 5012 640 5066 oblitus
664 5013 707 5067 si
738 5013 952 5068 brachia
988 5015 1122 5071 forte
1154 5017 1383 5083 remisit,

177 5100 506 5168 Laxavitque
530 5117 739 5169 manus,
774 5103 1020 5174 fessoque
1047 5109 1243 5174 quievit
1263 5118 1446 5164 aratro
1464 5149 1481 5176 ,

174 5191 434 5260 Pigreszit
457 5193 684 5260 primum
715 5197 907 5251 durato
935 5199 1136 5266 cesitite
1179 5201 1366 5267 tellus,

174 5281 299 5336 Mox
323 5283 544 5338 rudibus
575 5286 740 5339 ramis
779 5296 938 5356 atque
959 5303 1144 5357 aspera
1177 5291 1398 5359 palmite
1421 5291 1612 5349 crebro

175 5372 549 5442 Disciplinatos
569 5374 852 5432 dissuescit
884 5395 1131 5448 promere
1158 5380 1383 5446 fructus,

174 5465 414 5520 Etfundit
439 5465 659 5522 frutices
681 5471 880 5533 varios,
917 5474 1214 5542 silvamque
1238 5473 1471 5529 minatur
1499 5490 1515 5529 :

173 5555 342 5623 Quim
369 5557 414 5610 si
439 5572 538 5612 nec
554 5573 692 5612 -sera
727 5564 965 5615 suz'cisor
995 5563 1128 5618 falce
1160 5577 1446 5635 repurget,

173 5647 287 5703 Non
324 5649 436 5716 iam
465 5637 726 5720 virgultis,
749 5644 845 5706 sed
871 5654 1038 5709 denso
1065 5659 1244 5723 stipite
1269 5657 1424 5712 lucus

173 5739 411 5807 Texitur,
441 5749 496 5796 et
515 5744 724 5798 steriles
748 5744 994 5800 d-ﬂ'ttndit
1021 5749 1073 5802 itt
1101 5766 1225 5805 aera
1255 5751 1507 5818 frondes;

174 5833 354 5890 Donec
382 5838 628 5893 conclusa
653 5839 820 5894 ramis
848 5841 1189 5897 currentibus
1221 5845 1405 5900 umbra
1437 5886 1453 5907 .

179 5926 296 5984 ιιυκ
328 5941 658 6003 opportune,
684 5931 908 6000 depulso
936 5933 1072 5989 sole.
1105 5935 1340 5995 tenebrae

1894 1268 2013 1326 Jam
2039 1285 2232 1328 secura
2260 1271 2405 1328 feras
2425 1271 2654 1327 invitent
2679 1270 2904 1329 credere
2935 1270 3136 1328 lustra:

1895 1361 2098 1418 Taliter
2127 1361 2349 1418 humani
2379 1362 2617 1432 generis,
2650 1377 2760 1418 non
2789 1361 2981 1418 ordine
3013 1370 3184 1426 recto,

1894 1453 2116 1511 Perdita
2138 1453 2530 1524 mandatmiam
2559 1463 2682 1524 post
2703 1452 2997 1524 primordia
3020 1451 3160 1521 legis
3178 1495 3194 1520 ,

1900 1544 1960 1599 In
1992 1559 2214 1618 pravum
2242 1544 2431 1601 labens
2462 1545 2719 1614 paulatim
2755 1545 2862 1600 vita
2892 1542 3147 1610 tetendit,

1896 1633 2195 1693 Proficicns
2220 1634 2412 1705 peiore
2430 1635 2549 1700 via,
2577 1635 2913 1690 constantior
2944 1634 3064 1703 ipso

1896 1723 2021 1779 Jam
2049 1725 2270 1795 paribus
2290 1724 2486 1781 studiis
2513 1725 2701 1780 nutriti
2725 1725 2970 1780 criminis
2996 1739 3114 1778 usu.

1895 1815 1956 1870 Et
1983 1823 2159 1871 tamen
2179 1824 2452 1871 auctorem
2475 1815 2611 1886 vitii,
2639 1817 2917 1887 culpaeque
2941 1815 3280 1886 magistrum,

1894 1905 2113 1962 Doctior
2142 1921 2412 1972 errorum,
2441 1907 2700 1976 lapsuque
2726 1908 2948 1977 peritior
2971 1909 3143 1974 omni,

1816 1987 1866 2048 B
1893 1997 2175 2055 Succidua:
2200 1999 2367 2066 prolis
2395 2012 2651 2056 crescens
2675 1999 2899 2055 audacia
2927 1999 3079 2055 vicit.

1961 2089 2032 2145 Ut
2061 2089 2256 2144 fluvius
2278 2106 2437 2158 parva
2471 2093 2701 2162 primum
2722 2092 2953 2148 diffusus
2975 2092 3045 2147 ah
3075 2106 3208 2147 urna
3226 2133 3241 2156 ,

1892 2177 2244 2247 Perspicuum
2278 2181 2386 2236 lcni
2421 2183 2619 2248 promit
2646 2197 2770 2238 cum
2792 2184 3003 2254 gurgite
3030 2181 3233 2237 fontem
3255 2220 3273 2244 ,

1887 2271 2125 2326 Tramite
2146 2287 2303 2340 quem
2330 2286 2544 2328 summo
2565 2273 2705 2329 facili
2731 2277 3100 2330 transmittere
3129 2275 3271 2330 saltu

1851 2352 1857 2358 ’
1887 2364 2124 2432 Quisque
2147 2372 2360 2434 potest,
2386 2380 2509 2420 mox
2541 2367 2745 2437 irriguo
2767 2367 3032 2423 deductus
3063 2370 3132 2422 ab
3155 2377 3277 2423 ortu

1888 2454 2104 2532 Viribus
2127 2464 2352 2525 augetur
2380 2456 2599 2519 subitis,
2628 2458 2882 2526 ripasque
2905 2469 3204 2512 retrorsum

1893 2545 2108 2601 Pellens
2127 2587 2141 2610 ,
2170 2556 2483 2602 crescentes
2508 2548 2675 2602 tendit
2707 2563 2802 2616 per
2822 2549 2980 2618 plana
3008 2548 3245 2616 liquores
3263 2587 3278 2611 ,

1896 2635 2137 2705 Occupat
2153 2644 2209 2691 et
2231 2638 2490 2704 spatium,
2515 2638 2870 2707 pereuntique
2892 2637 3136 2693 imminet
3158 2651 3312 2704 arvo,

1887 2725 2022 2780 Tum
2055 2725 2410 2782 circumfusos
2437 2727 2626 2782 vicinis
2655 2727 2887 2781 vallibus
2914 2741 3104 2782 amnes

1888 2818 2084 2875 Sorbet
2108 2819 2446 2887 przcteriens,
2478 2828 2840 2889 externasque
2865 2819 3052 2887 incipit
3078 2820 3251 2873 undas

1886 2910 2186 2979 Augmento
2211 2909 2366 2964 finire
2389 2923 2509 2973 suo,
2536 2911 2846 2978 mixtusque
2875 2911 2974 2964 sub
3001 2926 3110 2964 uno

1887 3004 2141 3069 Nomine,
2174 3005 2415 3058 corrosis
2445 3003 2641 3058 diffuso
2670 3004 2879 3073 gurgite
2911 3006 3089 3068 terris,

1885 3097 2020 3152 Cum
2046 3097 2308 3163 trabibus,
2328 3096 2658 3166 stabulisque
2678 3097 2862 3162 boum,
2896 3097 3186 3164 lustrisque
3221 3095 3475 3159 ferarum,

1886 3188 2094 3244 Stevior
2123 3203 2367 3254 accessu,
2393 3189 2662 3257 longoque
2691 3185 2876 3242 furore
2902 3189 3129 3253 potitus,

1886 3277 2127 3334 Tandem
2158 3278 2430 3334 desistens
2460 3278 2634 3348 pelagi
2672 3285 3004 3346 transportat
3030 3277 3081 3331 in
3113 3277 3306 3332 undas.

1961 3369 2070 3424 Hos
2093 3370 2232 3422 inter
2246 3377 2448 3433 motus,
2479 3367 2779 3438 similisque
2797 3367 2862 3421 ad
2887 3367 3116 3420 turbinis
3140 3368 3310 3420 instar
3328 3408 3342 3429 ,

1886 3461 2188 3516 Humanum
2223 3459 2366 3515 vitiis
2391 3459 2506 3514 ibat
2528 3473 2700 3530 genus
2730 3476 2743 3511 :
2773 3466 2830 3512 et
2856 3467 3034 3512 tamen
3059 3459 3172 3526 ipsa

1884 3551 2120 3623 Longior
2151 3554 2368 3606 insanas
2400 3561 2610 3607 mentes
2635 3550 2956 3606 dissolveret
2979 3561 3131 3606 mtas.

1881 3644 2152 3700 Centenos
2176 3645 2362 3700 novies
2391 3643 2584 3698 crebro
2609 3657 2730 3698 cum
2757 3642 2983 3698 duceret
3013 3657 3186 3697 annos

1884 3739 2003 3794 Vita
2038 3749 2219 3806 tenax,
2252 3748 2400 3793 tanto
2421 3739 2673 3807 suspensi
2701 3745 2944 3803 tempore
2973 3737 3102 3791 letlti

1882 3833 2074 3888 Nullus
2104 3842 2279 3886 terror
2309 3839 2426 3886 erat
2455 3848 2469 3884 :
2499 3843 2618 3885 sors
2640 3829 2685 3883 si
2707 3843 2865 3898 quem
2885 3844 3004 3882 sera
3035 3826 3268 3891 tulisset,

1881 3926 1994 3981 Ceu
2020 3927 2108 3993 qui
2151 3939 2252 3978 nec
2281 3931 2438 3978 natus
2469 3923 2661 3986 fuerit,
2690 3935 3077 3989 nunquamque
3103 3918 3365 3973 levandus

1883 4016 2054 4069 Morte
2088 4013 2410 4082 putabatur:
2436 4013 2514 4066 sic
2544 4011 2752 4065 cunctis
2783 4010 2929 4064 nulla
2966 4009 3128 4062 futuri

1882 4106 2017 4174 Spes
2060 4105 2234 4158 inerat
2254 4145 2269 4169 ,
2296 4103 2550 4171 solusque
2575 4101 2677 4154 sibi
2709 4101 3026 4156 fundaverat
3054 4114 3273 4153 omnem

1883 4197 2140 4251 Sensibus
2177 4197 2226 4250 iu
2250 4197 2410 4251 caecis
2433 4195 2702 4264 periturus
2723 4193 2954 4247 mundus
2973 4206 3233 4247 amorem.

1916 4284 1924 4290 ’
1954 4289 2220 4356 Tempore
2251 4287 2562 4352 quinetiam
2595 4283 2870 4353 peccatrix
2900 4293 3042 4337 terra
3072 4284 3171 4336 sub
3196 4281 3315 4349 ipso

1885 4379 2133 4441 Nutribat
2160 4393 2334 4434 saevos
2366 4377 2623 4432 immania
2657 4385 2898 4431 monstra
2927 4376 3195 4446 gigantes.

1883 4472 1990 4527 Nec
2014 4480 2187 4525 tamen
2217 4469 2367 4524 effari
2402 4469 2605 4525 licitum
2628 4484 2736 4538 quo
2764 4468 2970 4523 semine
3001 4476 3200 4521 cretos.

1883 4561 2233 4616 Communem
2266 4561 2474 4615 cunctis
2504 4568 2680 4614 ortum
2709 4560 2777 4615 de
2803 4569 2973 4613 matre
3003 4558 3268 4617 ferebant,

1884 4653 1983 4721 Qui
2014 4667 2209 4722 genus,
2229 4651 2370 4706 unde
2399 4660 2598 4720 patres,
2626 4651 2916 4720 prohibent
2936 4665 3130 4704 arcana
3164 4648 3338 4704 fateri.

1805 4705 1861 4766 Β
1891 4745 1944 4800 Si
1969 4745 2204 4814 speciem
2229 4757 2464 4812 qumras,
2497 4743 2976 4808 bumanicorioris
3009 4742 3114 4796 illis

1882 4835 2008 4890 Plus
2035 4835 2211 4889 vultus
2236 4849 2393 4902 quam
2418 4834 2586 4888 forma
2620 4833 2712 4887 fuit
2739 4851 2751 4899 ;
2777 4835 2854 4889 sic
2881 4835 3015 4888 linea
3048 4831 3306 4886 membris

1882 4925 2224 4980 Conveniens
2251 4925 2526 4979 hominem
2560 4927 2914 4987 monstrabat,
2951 4924 3166 4979 dissona
3191 4923 3412 4976 molem.

1880 5019 2051 5086 Quam
2084 5026 2305 5086 propter
2334 5014 2593 5085 de'nc‘cps
2623 5015 2945 5071 commentis
2978 5015 3183 5070 Grrrcia
3213 5011 3352 5068 fictis

1881 5111 2126 5166 Dedecus
2152 5109 2430 5164 infandum
2467 5111 2660 5163 ntass’s
2691 5107 3013 5163 informibus
3043 5107 3192 5160 auxit
3213 5146 3229 5170 ,

1883 5202 1951 5257 Et
1983 5203 2307 5270 portentosis
2331 5200 2621 5268 descripsit
2646 5214 2875 5268 corpora
2906 5200 3196 5263 membris;
3428 5275 3430 5277 _

1881 5295 2027 5350 Pube
2055 5303 2211 5349 tenus
2231 5293 2372 5365 quod
2406 5292 2577 5346 forma
2606 5293 2737 5347 viris
2756 5332 2771 5360 ,
2805 5308 2926 5346 cum
2954 5293 3201 5361 corporis
3231 5292 3339 5346 ima

1879 5385 2202 5456 Supplerent
2235 5387 2369 5443 vasti
2395 5385 2561 5441 mixto
2584 5401 2682 5456 pro
2710 5401 2869 5441 crure
2897 5387 3186 5441 dracones.

1879 5479 2044 5536 Artus
2073 5479 2490 5534 semihominum
2523 5479 2718 5549 patulis
2745 5479 2836 5547 qui
2865 5477 3108 5533 faucibus
3135 5479 3238 5534 atri

1879 5568 2129 5634 Ferrem,
2164 5580 2220 5625 et
2248 5586 2408 5626 verso
2439 5570 2741 5640 praeberent
2774 5569 2975 5624 vertice
3000 5583 3240 5640 gressus.

1878 5662 2028 5716 Tunc
2049 5663 2213 5716 etiam
2234 5662 2443 5726 solitos,
2471 5661 2625 5730 iusso
2648 5671 2858 5715 terrore
2893 5662 3122 5727 tonanti,

1879 5753 2212 5822 Blaspbemis
2230 5754 2368 5809 curio
2394 5754 2634 5808 convicia
2657 5753 2871 5807 mittere
2900 5752 3115 5822 plantis,

1877 5845 2260 5914 Mordacesque
2291 5845 2454 5915 pedes
2483 5852 2631 5898 motu
2660 5844 2943 5899 fremuisse
2974 5843 3188 5899 veneni.

1877 5936 1975 5994 llis
1997 5937 2200 5994 similes
2228 5937 2459 5994 mendax
2483 5935 2752 6008 Phlegrazi
2776 5935 2955 5992 fabula
2988 5934 3114 5990 belli
