4316 6474
264 48 2739 116 mg...

799 473 896 530 557
1956 461 2013 517 S.
2055 457 2235 515 AVITI
2274 453 2503 510 νιΕΝΜ

2343 453 2670 511 ΕΝΝΕΝ515
3941 451 4046 508 518

799 585 1059 636 Excussas
1085 578 1237 636 finxit
1257 580 1449 650 jecisse
1478 594 1572 649 per
1600 591 1720 631 aera
1749 587 1908 640 rupes
1926 611 1941 636 ,
2390 563 2442 622 Δ
2473 563 2596 623 lla'c
2616 565 2795 620 clades
2826 565 2977 629 vivis,
3018 565 3274 636 carniqne
3305 567 3390 622 bie
3421 568 3674 622 terminus
3697 579 3833 624 esto.

801 671 902 725 Pro
929 672 1048 725 telis
1079 671 1310 740 spatiosa
1343 683 1526 726 manus
1550 665 1687 735 quod
1708 663 1918 718 turbine
1945 670 2153 714 montes
2468 656 2554 711 Sic
2577 666 2734 725 pater
2759 665 2992 712 :eternus
3014 656 3306 725 disponens
3336 658 3517 714 funera
3544 675 3744 723 rerum,

799 760 1062 828 Sparserit
1085 801 1100 826 ,
1132 771 1183 816 et
1215 759 1386 815 missis
1412 757 1604 812 coelum
1627 751 1956 825 quassaverit
1985 749 2147 804 ariis.
2470 745 2738 802 Diluvium
2767 747 2952 803 dextra
2984 757 3156 802 terras
3178 749 3423 804 vibrabat
3451 749 3504 803 in
3532 763 3741 803 omnes.

872 851 996 906 ilzec
1026 853 1451 921 suntpriscornm
1467 864 1586 918 qua:
1609 846 1904 902 deterrere
1925 844 2194 914 gigantum
2541 835 2750 892 Interea
2776 837 2933 906 pleno
2963 838 3176 893 vivebat
3199 839 3377 906 justus
3407 840 3458 894 in
3488 839 3619 895 orbe

799 936 1046 996 Carmine
1076 941 1295 995 mentito
1310 939 1450 994 Graii
1479 939 1722 994 cecinere
1749 947 1941 1007 poetae,
2472 927 2623 982 Unus
2653 931 2832 991 homo,
2859 940 2910 983 et
2930 937 3162 984 mentem
3191 929 3338 984 solus
3371 930 3619 984 servabat
3639 929 3938 982 honestam.

806 1030 869 1084 Et
895 1041 1066 1085 tamen
1095 1031 1278 1086 audaci
1303 1031 1468 1085 voluit
1491 1029 1818 1085 contend-ire
1845 1041 2014 1096 pugna
2472 1019 2655 1074 Nullos
2679 1031 2798 1075 vota
2827 1020 2938 1074 Deo
2963 1017 3118 1075 donis
3142 1020 3498 1090 precibusque
3525 1018 3727 1074 ferebat

802 1120 1033 1189 Quisque
1073 1122 1283 1177 rebellis
1309 1133 1422 1175 erat
1446 1138 1463 1177 :
1495 1119 1583 1191 qui
1606 1135 1724 1173 cum
1747 1119 2036 1187 conﬂigere
2070 1113 2188 1170 telis
2475 1112 2624 1168 llnnc
2647 1121 2857 1182 praeter,
2884 1110 3103 1180 dignum
3134 1127 3291 1182 quem
3318 1125 3559 1167 summus
3576 1109 3728 1164 laude
3752 1105 3980 1162 Greater

804 1208 917 1277 Non
946 1211 1144 1278 potuit,
1173 1211 1334 1266 smvis
1356 1211 1597 1279 concepit
1623 1210 1798 1279 pnclia
1826 1209 1977 1264 votis.
2474 1201 2684 1268 Nosset,
2713 1211 2767 1256 et
2792 1208 3072 1270 exceptum
3106 1204 3228 1256 vita:
3248 1215 3467 1258 servare
3489 1208 3720 1270 pararet.

804 1297 1066 1354 Montibus
1095 1298 1374 1366 impositos
1404 1300 1484 1354 fas
1507 1315 1610 1354 non
1641 1311 1721 1354 est
1747 1298 1964 1353 credere
1992 1304 2225 1360 montes,
2474 1293 2783 1350 Stemmatis
2811 1293 2898 1348 hic
2923 1293 3130 1360 sancti;
3163 1308 3288 1348 nam
3314 1293 3464 1349 claro
3491 1291 3680 1346 nobilis
3707 1289 3816 1343 ibat

805 1386 919 1442 lloc
934 1397 1110 1444 tamen
1137 1397 1191 1442 et
1211 1389 1469 1458 deinceps
1499 1389 1618 1444 illos
1645 1399 1877 1443 tentasse
1906 1387 2122 1457 putabo,
2475 1387 2518 1440 Δ
2549 1399 2778 1454 proavo,
2801 1398 2961 1454 quem
2991 1383 3164 1454 prisca
3189 1385 3320 1440 fides
3349 1394 3402 1438 et
3427 1383 3637 1439 conscia
3669 1381 3836 1434 virtus

804 1475 905 1542 Qui
927 1486 1108 1534 coctos
1127 1478 1349 1548 lateres,
1381 1479 1626 1548 lentoque
1645 1477 1906 1532 bitumine
1923 1477 2156 1546 junctos,
2475 1477 2532 1531 In
2557 1478 2749 1532 cmlnm
2775 1478 2892 1532 sine
2919 1485 3092 1532 morte
3123 1476 3243 1531 tulit
3275 1493 3290 1530 :
3321 1476 3400 1530 sic
3430 1476 3572 1530 celsa
3601 1471 3802 1544 petenti

805 1564 862 1620 In
887 1566 1113 1623 sublime
1139 1569 1235 1622 rati
1258 1569 1500 1623 manibus
1529 1569 1606 1624 sic
1635 1583 1790 1638 posse
1809 1567 2054 1638 superbis
2474 1569 2743 1625 Successit
2774 1583 2966 1639 magno
2991 1583 3094 1622 non
3125 1567 3296 1636 impar
3331 1581 3596 1636 pronepos
3623 1574 3764 1619 actu.

804 1655 1042 1722 Snstolli,
1076 1666 1127 1712 et
1151 1657 1322 1712 celsas
1343 1659 1394 1712 in
1420 1659 1594 1714 sidera
1621 1674 1840 1730 surgere
1863 1660 2068 1713 moles:
2475 1663 2583 1718 Nec
2608 1661 2726 1732 plus
2751 1669 2835 1715 est
2855 1660 3001 1715 illum
3025 1658 3154 1713 salvi
3183 1674 3304 1714 cum
3332 1657 3574 1726 corporis
3600 1672 3697 1710 usu

804 1743 934 1798 Cum
959 1745 1157 1802 fureret
1178 1749 1402 1803 monale
1421 1765 1586 1818 genus
1603 1791 1618 1814 ,
1645 1764 1903 1825 cassoque
1934 1749 2114 1803 labore
2472 1753 2508 1808 Ἰ

2058 1763 2114 1803 re
2472 1751 2974 1822 Terrenasliquisse
2993 1750 3205 1814 domos,
3234 1749 3460 1822 intrasse
3486 1761 3762 1816 supernas.

803 1832 953 1888 Irrita
989 1837 1309 1892 transcensis
1332 1848 1590 1894 czcmenta
1621 1839 1840 1894 inferret
1871 1841 1921 1894 in
1949 1841 2111 1895 altum
2477 1845 2715 1914 Denique
2737 1855 2844 1911 quo
2868 1840 3076 1910 priscos
3096 1836 3367 1909 quondam
3389 1835 3770 1891 conscenderat
3798 1830 3984 1886 Enoclt

803 1924 1041 1980 Nubibus
1060 1967 1073 1988 ,
1105 1936 1159 1981 et
1183 1927 1422 1998 refugum
1445 1939 1758 1997 sequeretur
1783 1932 2027 1986 machina
2045 1932 2266 1999 cmlum,
2402 1915 2451 1976 Β
2479 1932 2625 1988 Elias
2652 1946 2811 1986 curru
2840 1938 2964 1998 post
2987 1937 3228 1998 tempora
3260 1927 3415 1996 longa
3445 1938 3678 1992 secutus,

803 2011 920 2066 Non
949 2015 1095 2081 prius
1119 2017 1408 2082 absistens,
1440 2020 1678 2074 subditas
1700 2019 1968 2092 discordia
1991 2021 2196 2091 linguas
2475 2021 2738 2078 Scribitur
2766 2020 2947 2089 ignitis
2972 2018 3234 2075 scandens
3262 2027 3572 2086 penetrasse
3599 2013 3892 2085 quadrigis,

804 2105 973 2170 Quam
1002 2104 1172 2170 duret,
1203 2117 1260 2164 et
1282 2111 1460 2164 varius
1483 2111 1836 2164 confunderet
1863 2114 2040 2165 tumnia
2065 2127 2263 2167 sermo.
2477 2111 2609 2166 Cum
2640 2124 2900 2180 suspensa
2921 2108 3068 2163 leves
3093 2105 3484 2162 transmitteret
3508 2103 3678 2158 orbita
3709 2112 3929 2165 ventos,

877 2192 1010 2250 lfinc
1032 2211 1273 2264 sparsum
1304 2198 1694 2262 fmdns.scissa
1725 2201 1802 2254 sic
1829 2201 1945 2270 lege
1967 2200 2216 2265 loquendi
2479 2202 2682 2272 Ungula
2713 2200 2795 2255 vel
2834 2209 3098 2269 premeret
3127 2197 3357 2254 caleatas
3388 2194 3624 2265 pondere
3652 2193 3841 2277 nubes.

803 2286 1135 2340 Consensum
1159 2289 1418 2343 scelerum
1443 2290 1648 2344 turbata
1675 2289 1922 2358 superbia
1955 2291 2091 2359 rupit
2110 2332 2125 2354 ,
2481 2291 2853 2360 Vallatumqne
2880 2288 3060 2364 ferens
3079 2298 3321 2344 sanctum
3342 2301 3450 2341 non
3478 2297 3649 2339 urere:
3677 2283 3843 2352 ignis.

807 2372 939 2427 Dum
969 2387 1028 2430 se
1056 2377 1276 2448 quisque
1305 2379 1437 2448 suis,
1473 2382 1638 2449 possit
1662 2395 1780 2449 quas
1807 2396 2047 2448 noscere,
2074 2380 2252 2437 verbis
2481 2381 2544 2435 Et
2577 2391 2752 2435 motus
2783 2392 3005 2434 servans
3049 2378 3279 2433 nesciret
3311 2377 3524 2430 ﬂamma
3552 2374 3807 2429 calorem.

738 2504 746 2513 .
803 2461 1089 2532 Aggregat,
1108 2474 1266 2535 atque
1281 2481 1442 2522 novas
1455 2460 1705 2538 sequitur'
1718 2485 1845 2538 gens
1867 2486 2091 2541 qua-que
2114 2472 2371 2540 loquelas.
2482 2473 2586 2527 llos
2618 2473 2780 2543 igitur
2804 2470 2934 2524 satis
2961 2477 3045 2523 est
3068 2469 3263 2525 emittm
3287 2467 3528 2538 potuisse
3549 2464 3742 2519 mereri

803 2552 895 2610 Sic
920 2554 1230 2628 interruptae
1251 2559 1520 2627 perierunt
1549 2561 1776 2615 culmina
1809 2578 2019 2629 massa,
2482 2562 2836 2616 Membrorum
2859 2562 2961 2615 sub
2981 2560 3095 2628 lege
3117 2560 3279 2622 sitos;
3305 2557 3400 2611 sed
3433 2571 3536 2611 non
3558 2565 3732 2609 tamen
3755 2550 3884 2606 illud

809 2641 1118 2714 Fffectuque
1140 2659 1328 2703 carens
1356 2650 1584 2705 cessarit
1607 2651 1658 2704 in
1691 2653 1889 2706 :etbere
1912 2654 2090 2709 turris.
2483 2652 2714 2722 Segnius
2741 2652 3011 2713 admirer.
3043 2651 3211 2705 sancti
3234 2651 3375 2720 quod
3399 2659 3638 2715 tempora
3665 2646 3772 2699 Noe

806 2731 933 2787 Haec
961 2745 1080 2804 post
1103 2736 1383 2792 diluvium.
1407 2740 1535 2792 Nam
1557 2751 1777 2809 quantas
1807 2759 1924 2812 quae
1943 2752 2184 2802 tempore
2202 2747 2377 2814 prisco
2484 2743 2646 2799 Utnus
2670 2743 2741 2798 ob
2767 2741 3042 2805 meritum,
3061 2742 3202 2795 natis
3229 2739 3554 2807 nuribusque
3582 2735 3792 2790 tuendis

804 2821 1308 2898 Pressaugigantmas
1338 2831 1489 2884 tellus
1517 2834 1820 2900 produxerit
1842 2851 2022 2899 arces,
2481 2833 2638 2887 Urbis
2667 2831 2720 2885 in
2742 2830 2917 2885 exitio
2943 2839 3231 2900 potuerunt
3255 2829 3397 2883 ferre
3412 2828 3662 2882 salutem.

803 2916 977 2984 Atque
997 2917 1256 2975 lacessitis
1285 2931 1645 2988 contemptum
1678 2925 1952 2981 immiserit
1983 2929 2160 2992 astris,
2555 2922 2651 2977 Est
2671 2920 2759 2978 ille
2780 2920 2833 2976 in
2855 2921 3030 2986 cmlis,
3056 2934 3283 2975 numero
3300 2919 3641 2989 prastantior
3662 2917 3832 2980 omni,

803 3005 1156 3075 Abstergente
1178 3008 1290 3064 Deo
1311 3018 1392 3064 sat
1414 3025 1593 3067 nostra
1618 3015 1825 3070 silentia
1849 3016 2127 3072 damnant.
2485 3012 2772 3082 Ategelicus
2790 3012 2908 3065 sine
2937 3009 3042 3067 fine
3071 3009 3293 3076 chorus,
3321 3010 3410 3078 qui
3443 3008 3598 3063 laude
3625 3008 3846 3077 perenni

873 3093 1138 3152 Cernebat
1160 3099 1368 3167 patiens
1389 3103 1496 3171 jam
1523 3104 1720 3158 dudum
1745 3105 1928 3161 insana
1957 3109 2185 3163 frement
2205 3127 2246 3163 -s
2483 3103 2795 3159 Conclamat
2820 3101 3162 3172 celebratque
3185 3101 3375 3166 Deum,
3403 3099 3712 3156 famulantia
3738 3109 3924 3153 suetus

804 3183 1086 3242 Terrarum
1118 3191 1338 3258 populos
1369 3192 1644 3248 hominum
1675 3210 1960 3268 rerumque
1985 3197 2232 3262 Creator.
2491 3194 2656 3249 Ferre
2686 3194 3007 3260 ministeria,
3038 3203 3093 3249 et
3113 3192 3277 3262 jussis
3301 3205 3488 3261 parere
3512 3189 3779 3258 supernis.

805 3272 1132 3342 Exspectans
1153 3278 1197 3332 si
1220 3282 1522 3348 quemvani
1552 3285 1816 3339 consortia
1839 3285 2020 3341 mundi
2408 3270 2458 3337 (ι
2493 3285 2552 3340 lli
2573 3299 2716 3340 nunc
2736 3284 2877 3354 quod
2901 3295 3104 3339 rectum
3137 3282 3383 3338 mortalia
3408 3282 3568 3337 corda
3597 3293 3882 3351 precantur
3901 3322 3918 3346 ,

805 3362 1154 3434 Linquentem
1183 3372 1373 3426 melior
1403 3385 1616 3429 moneat
1636 3378 1951 3447 resipiscere
1977 3394 2123 3435 cura.
2483 3373 2792 3445 Concipitur
2816 3374 2993 3446 dignis
3014 3388 3169 3430 sacro
3197 3372 3339 3444 quod
3370 3383 3587 3443 pectore
3610 3372 3771 3438 votis,

804 3453 907 3507 Sed
937 3457 1247 3526 conjuratus
1271 3471 1548 3533 postquam
1578 3481 1891 3535 percurrere
1919 3479 2153 3540 ereptum
2481 3453 2748 3534 Quidquid
2778 3464 2919 3533 larga
2949 3477 3139 3519 manus
3161 3463 3410 3519 collectio
3432 3472 3646 3534 sparget
3672 3465 3854 3533 cgen's
3878 3505 3892 3525 ,

809 3543 1126 3603 Perditionis
1149 3551 1250 3604 iter
1270 3554 1475 3616 Statuit,
1506 3568 1830 3626 sensumque
1857 3575 1953 3628 per
1981 3574 2195 3618 omnem
2489 3559 2797 3627 Excipiunt,
2830 3569 3125 3625 sanctoque
3155 3555 3331 3610 ferunt
3359 3569 3520 3624 super
3548 3566 3690 3609 astra
3723 3557 3923 3609 volatu.

807 3635 1047 3692 Obtinnit
1067 3640 1238 3694 victor
1259 3645 1458 3711 peccati
1482 3647 1707 3717 insignia
1738 3642 1989 3719 mundus,
2483 3650 2621 3718 Quin
2647 3650 2808 3704 etiam
2834 3649 3031 3716 justus,
3056 3647 3262 3717 fragilis
3280 3649 3405 3702 dum
3432 3649 3533 3702 vita
3567 3647 3751 3719 fatigat
3771 3691 3786 3712 ,

806 3725 915 3779 Nec
943 3741 1195 3784 revocare
1223 3731 1444 3800 gradum
1477 3737 1778 3806 quisquam,
1801 3755 2153 3812 gressumque
2181 3743 2382 3801 teferre
2485 3741 2770 3803 'l‘utantur,
2800 3738 3092 3805 mundique
3120 3739 3257 3793 inter
3287 3737 3592 3792 discrimina
3620 3748 3855 3792 servant.

810 3817 1011 3887 Praecip
1035 3821 1071 3873 ti
1090 3820 1200 3890 jam
1229 3834 1408 3880 mente
1439 3835 1641 3897 potest,
1665 3829 1941 3886 exhorruit
1959 3843 2166 3902 auctor,
2486 3831 2590 3885 Sed
2615 3840 2790 3883 tamen
2816 3829 2867 3882 in
2893 3830 3099 3882 cunctis
3131 3828 3388 3897 przecellit
3412 3828 3608 3882 clarior
3637 3829 3747 3893 ille,

809 3907 1162 3981 Pretiituitque
1192 3913 1378 3970 videns
1419 3926 1585 3974 totum
1614 3922 1753 3990 quod
1783 3922 1965 3978 fecerit
1996 3925 2200 3981 orbem.
2487 3922 2713 3978 Maxima
2741 3936 2965 3992 quaeque
2989 3920 3081 3975 Dei
3111 3935 3216 3991 quo
3244 3919 3594 3989 dispensante
3621 3919 3874 3973 ministro

807 3997 940 4052 Tum
961 4003 1102 4056 ‘ta'es
1130 4005 1366 4063 tonuisse
1398 4011 1568 4064 minas
1599 4021 1899 4069 commotus
1928 4015 1997 4069 ab
2025 4017 2136 4071 alto
2489 4013 2594 4068 Res
2620 4014 2842 4082 geritur,
2864 4011 3194 4081 summisque
3223 4019 3377 4078 parat
3406 4013 3658 4080 mysteria
3687 4010 3886 4065 causis.

811 4089 1036 4158 Fertur,
1069 4103 1122 4146 et
1149 4095 1351 4150 cscitas
1376 4097 1586 4154 laxasse
1612 4100 1692 4154 bis
1726 4102 1942 4157 vocibus
1974 4105 2100 4160 iras.
2491 4104 2590 4158 Hie
2612 4103 2892 4157 Dominum
2919 4102 3040 4157 cteli
3068 4111 3348 4157 venturum
3379 4116 3606 4171 corpore
3634 4111 3849 4171 sumpto

880 4179 924 4233 Ο
953 4181 1112 4256 pullis
1139 4191 1362 4240 attracta
1389 4185 1560 4254 bonis,
1596 4191 1862 4260 nullisque
1895 4209 2138 4263 repressa
2494 4194 2728 4266 Virginis
2749 4195 3000 4249 intactam
3023 4193 3204 4263 jussus
3227 4194 3471 4263 pra-dixit
3496 4195 3547 4248 in
3568 4195 3744 4249 alt-um
3765 4236 3779 4259 ,

811 4271 1072 4341 Legibus;
1096 4277 1314 4345 antiquo
1344 4285 1548 4333 tantum
1575 4280 1838 4337 submissa
1861 4283 2101 4353 draconi,
2493 4287 2764 4354 Sacraque
2789 4284 2955 4339 detali
2979 4283 3270 4352 complevit
3291 4284 3494 4338 viscera
3521 4283 3708 4347 verbo,

810 4361 983 4418 Eﬂera
1013 4379 1144 4433 gens
1168 4365 1465 4436 hominum,
1488 4369 1648 4433 ducto
1676 4374 1979 4444 corruptior
1999 4391 2132 4432 aevo.
2497 4374 2594 4430 Hic
2616 4383 2671 4428 et
2693 4374 2941 4444 Baptistae
2953 4388 3288 4442 praeurrens
3312 4374 3529 4429 nuntius
3549 4385 3746 4436 ortum,

809 4454 926 4510 Non
958 4458 1118 4513 Evam
1141 4460 1400 4517 cecidisse
1422 4472 1504 4519 sat
1527 4475 1648 4530 est;
1676 4469 2069 4525 transcenditur
2091 4476 2236 4528 enini
2495 4468 2782 4536 [lesperata
2809 4466 2898 4520 diu
2927 4466 3053 4522 dum
3077 4465 3243 4522 ferret
3271 4469 3507 4535 germina
3541 4467 3700 4536 patri,

812 4545 1060 4600 Ini-enlor
1091 4548 1219 4602 lellii
1247 4549 1395 4618 lapsu
1419 4567 1434 4606 :
1460 4567 1561 4607 nec
1589 4555 1785 4610 suffith
1810 4557 1957 4621 illud,
2421 4618 2446 4621 Α
2491 4559 2635 4614 Inter
2657 4571 2809 4614 sacra
2840 4559 3014 4612 virum
3042 4559 3358 4620 conterruit,
3383 4566 3437 4611 et
3462 4557 3764 4612 dubitantes

812 4635 952 4690 Vicit
979 4637 1314 4706 inexprrlutn
1345 4642 1485 4712 quod
1510 4659 1730 4714 serpens
1760 4618 2015 4717 prisunus
2046 4650 2234 4707 Adam.
2418 4618 2468 4681 θ
2498 4650 2745 4708 Protinus
2775 4651 2984 4721 ingrato
3008 4650 3285 4706 restrinxit
3313 4618 3365 4704 in
3397 4664 3490 4704 ore
3513 4648 3753 4718 loquelas
3773 4689 3787 4713 ,

810 4725 926 4780 Non
955 4737 1200 4784 contenta
1224 4745 1323 4786 suo
1353 4731 1537 4788 foedari
1562 4736 1668 4789 vita
1693 4749 1944 4806 parente,
2500 4745 2678 4798 Donec
2706 4741 2962 4811 praedicto
2986 4740 3266 4796 fecundam
3292 4740 3682 4795 redderetortn

813 4817 1040 4875 Aﬂ'ectat
1068 4831 1292 4877 mortem
1317 4826 1532 4895 propria
1562 4829 1757 4884 virtute
1783 4831 1998 4886 mereri.
2499 4835 2671 4889 Prolis
2696 4847 2878 4899 anum,
2907 4831 3074 4886 multo
3098 4833 3294 4888 sterilis
3317 4846 3436 4901 qua:
3468 4841 3611 4886 tenta
3638 4846 3730 4901 per
3746 4845 3944 4898 annos,

819 4909 1173 4976 Exspectasse
1199 4912 1285 4967 diu
1310 4928 1414 4970 non
1443 4915 1674 4984 profuit;
1706 4917 1924 4988 insuper
1944 4934 2105 4978 omne
2497 4927 2523 4984 Ι

1907 4934 2105 4978 romne
2497 4926 2656 4984 Fudit
2682 4923 2932 4980 difﬁdens
2955 4922 3110 4979 effeta
3144 4937 3403 4992 puerpera
3427 4922 3611 4976 fetum.

814 4996 1139 5054 θοηθεδδυω
1164 5004 1321 5056 Venia
1346 5016 1638 5072 ranuerunt
1662 5009 1883 5067 crimina
1910 5022 2138 5082 tempus.
2500 5017 2594 5072 Hic
2618 5030 2796 5072 rerum
2825 5015 2994 5068 solers
3015 5026 3363 5082 summusque
3382 5012 3762 5081 'arcbangelus,
3787 5011 3896 5066 alto

814 5087 932 5142 .lam
962 5091 1182 5145 nimium
1211 5092 1394 5162 longas
1422 5097 1670 5166 patientia
1695 5104 1950 5168 presserit
1975 5103 2084 5159 iras
2115 5118 2129 5158 :
2499 5109 2671 5163 Aerea
2699 5121 2795 5175 per
2825 5103 3105 5176 liquidum,
3135 5103 3339 5158 levibus
3368 5102 3726 5156 circumdatus
3755 5104 3894 5156 auris
3913 5147 3928 5171 ,

822 5177 1079 5236 Vindictae
1104 5181 1212 5250 jam
1241 5194 1448 5253 tempus
1477 5187 1647 5243 adest.
1676 5188 1792 5245 Non
1825 5191 2045 5247 fulmina
2076 5195 2215 5250 coelo
2501 5198 2849 5267 Vibratasque
2870 5208 3093 5250 movens
3118 5193 3284 5264 ignito
3306 5193 3356 5247 in
3379 5208 3612 5262 corpore
3635 5207 3857 5261 pennas,

816 5269 1122 5327 ﬂammeus
1157 5274 1316 5329 ³τάοτ
1337 5285 1486 5347 ³86ῑὶ
1520 5288 1671 5333 vasto
1688 5294 1786 5335 nec
1807 5282 1962 5338 cedet
1987 5283 2133 5339 hiatu
2495 5290 2633 5346 Nulli
2661 5287 2964 5358 conspectis
2985 5286 3049 5340 ad
3083 5294 3279 5340 terram
3311 5286 3544 5340 motibus
3566 5285 3692 5339 ibat.

815 5361 944 5427 Qua:
966 5364 1224 5430 premitur
1247 5365 1410 5421 nimio
1437 5371 1788 5425 succumbens
1820 5380 1958 5427 terra
1990 5375 2218 5430 tumultu
2254 5395 2268 5429 :
2498 5381 2562 5436 Et
2588 5392 2699 5436 tum
2731 5381 2866 5436 forte
2884 5392 3107 5450 gemens
3128 5387 3439 5433 cunctorum
3461 5378 3685 5432 crimina
3712 5376 3822 5431 Noe

818 5451 922 5506 Sed
953 5456 1175 5510 sordens
1199 5456 1342 5512 vitiis
1371 5459 1529 5514 ﬂuctu
1568 5461 1838 5519 delebitnr
1865 5464 2032 5520 orbis.
2495 5471 2707 5526 inﬂexis
2735 5482 2932 5526 stratus
2953 5470 3178 5539 genibus
3197 5510 3210 5534 ,
3236 5483 3356 5522 cum
3386 5468 3623 5538 supplice
3649 5467 3860 5536 planctu

817 5546 897 5598 Ad
925 5546 1089 5603 chaos
1116 5549 1391 5620 antiquum
1415 5555 1621 5621 species
1646 5557 1916 5611 mundana
1948 5569 2206 5624 recurrat,
2497 5563 2775 5619 Mundanis
2793 5564 3022 5628 veniam,
3057 5559 3253 5615 mundo
3280 5559 3519 5626 nolente,
3554 5557 3784 5628 petebat.

819 5633 982 5704 Inque
1008 5652 1130 5692 suas
1155 5641 1377 5696 redeant
1399 5643 1657 5700 undarum
1688 5648 1925 5714 pondera
1956 5649 2134 5705 sedes.
2495 5639 2834 5709 Cum'subito
2855 5653 3055 5708 clausis
3091 5651 3293 5705 foribus
3324 5661 3448 5706 tunc
3470 5649 3633 5719 aliger
3663 5650 3823 5704 intrat

820 5725 976 5782 Ανίιίει
1001 5729 1222 5786 domm
1243 5733 1490 5805 lymphis,
1521 5753 1807 5811 rursusque
1833 5741 2068 5809 sepultas
2493 5743 2846 5814 Conspicuus,
2870 5744 3015 5799 claro
3045 5741 3390 5810 restilendeus
3417 5742 3634 5796 nuntius
3665 5755 3782 5795 ore.

821 5815 1099 5876 Terrarum
1131 5825 1333 5892 species
1364 5826 1606 5886 informis
1641 5841 1888 5900 contegat
1916 5832 2130 5888 humor.
2493 5836 2766 5894 llorrescit
2793 5836 2906 5894 visu
2933 5844 3081 5892 tanto
3103 5835 3420 5904 perterritus
3451 5834 3632 5902 heros,
