4516 6416
293 388 398 446 349

295 505 637 572 Mortalisque
666 500 854 558 oculus
889 512 1173 565 personam
1213 498 1351 552 terre
1377 511 1665 565 supernam

296 598 392 650 Vis
415 594 574 657 valet,
600 602 651 647 et
675 591 851 660 pav’di
879 590 1161 656 detorquet
1186 587 1388 641 lumina
1420 586 1616 639 vultus.

294 687 385 740 Ille
405 683 694 739 salutiferis
724 682 950 752 primum
979 677 1217 732 mulcere
1240 677 1519 730 timentem

294 776 621 846 Aggredieus
646 771 845 835 verbis,
873 768 993 823 coeli
1020 766 1266 820 mandata
1296 763 1520 819 ferebat.

294 865 400 919 Pax
434 864 555 927 tibi,
584 863 727 931 iuste
757 860 930 914 virum
950 898 967 924 ,
998 871 1183 925 pacem
1212 855 1303 909 tibi
1333 853 1528 908 missus
1552 852 1619 905 ab
1644 851 1752 904 alto

296 958 586 1025 lmprecor,
618 964 675 1008 ut
707 954 864 1022 pulso
889 953 1071 1021 capias
1101 963 1218 1005 mea
1250 948 1389 1002 dicta
1423 962 1642 1017 pavore.

293 1049 420 1104 Hcce
448 1047 665 1102 mandat
693 1057 935 1101 summus
961 1052 1117 1098 terrze
1144 1042 1424 1111 pelagique
1451 1039 1693 1095 Creatur.

293 1138 566 1206 Insperata
592 1135 807 1205 quidem
830 1132 1034 1188 cunctis
1060 1130 1327 1187 sententia
1352 1130 1480 1185 letlii

292 1228 571 1293 Imminet;
605 1226 753 1279 banc'
769 1224 915 1278 solus
942 1222 1040 1278 sed
1068 1222 1159 1288 qui
1190 1220 1422 1275 transire
1454 1215 1702 1278 mereris,

295 1321 363 1376 Et
391 1321 641 1388 praescire
669 1308 840 1385 potes.
867 1314 999 1369 Nam
1031 1322 1084 1368 te
1112 1315 1317 1369 calcata
1343 1310 1590 1378 voluptas

292 1409 411 1465 Jam
436 1405 637 1478 pridem
666 1414 872 1460 rectum
894 1412 1007 1458 toto
1037 1402 1295 1458 discrevit
1326 1400 1395 1454 ab
1419 1399 1569 1455 orbe.

296 1498 460 1555 Unica
489 1498 582 1553 sed
607 1496 855 1565 quoniam
885 1508 1089 1550 saevum
1119 1493 1390 1562 depellere
1419 1490 1621 1546 letbum

296 1589 413 1645 Vita
439 1587 789 1657 tibi‘poterit,
822 1594 1000 1641 tantos
1028 1583 1259 1640 evadere
1283 1595 1439 1637 casus

292 1680 534 1747 Qualiter
562 1678 803 1747 incipias,
835 1677 1019 1747 paucis
1037 1688 1109 1731 ex
1141 1674 1331 1730 ordine
1362 1671 1533 1727 labor.

297 1774 443 1830 Finis
474 1772 579 1828 erit
606 1785 821 1836 rerum,
855 1767 1130 1838 permissis
1154 1766 1391 1835 undique
1420 1762 1675 1835 lymphis,

294 1866 467 1934 Atque
496 1863 733 1918 relaxata
761 1858 1057 1915 vastabitur
1086 1857 1232 1913 orbis
1257 1855 1475 1926 abysso.

294 1956 446 2012 Nunc
473 1968 593 2025 age,
617 1950 883 2021 congestis
906 1957 1116 2005 crescat
1144 1947 1433 2002 fortissima
1465 1943 1628 2015 lignis

294 2046 535 2103 Machina
551 2084 568 2111 ,
594 2057 717 2114 qum
742 2055 967 2112 surgens
998 2038 1192 2095 ﬂuctus
1220 2046 1568 2108 snperenatet
1595 2046 1804 2090 omnes.

294 2138 404 2194 Ter
428 2147 641 2193 centum
672 2134 882 2191 cubitus
909 2146 1003 2201 per
1028 2132 1247 2202 longum
1270 2128 1430 2184 ducta
1464 2127 1696 2191 tenebit,

299 2228 389 2284 Bis
415 2225 595 2297 quinis
618 2226 724 2277 late
752 2222 1050 2285 claudetur,
1081 2220 1270 2290 bisque
1295 2217 1519 2274 vicenis.

298 2318 359 2373 In
389 2317 602 2388 triginta
633 2314 709 2368 illi
735 2313 1001 2368 constabit
1025 2311 1273 2368 culminis
1301 2308 1489 2362 altum.

299 2410 401 2466 Per
422 2408 654 2465 medium
682 2422 780 2478 per
800 2416 882 2461 ter
910 2406 1070 2473 longo
1096 2401 1374 2458 cenacula
1405 2405 1580 2453 tractu

302 2500 457 2556 Edita
492 2497 771 2569 suspensis
799 2495 1047 2550 domibus
1077 2492 1311 2547 tabulata
1338 2488 1590 2545 levabunt
1614 2502 1628 2540 ε

302 2592 371 2648 Ut
396 2592 608 2661 generis
640 2586 842 2658 proprii
871 2598 1093 2641 servans
1122 2580 1397 2639 consortia
1420 2589 1640 2634 niansor

298 2682 597 2751 Componat
626 2682 800 2749 parcis
836 2678 1077 2748 dispersa
1108 2673 1303 2731 cubilia
1332 2672 1503 2728 cellis.

298 2771 435 2828 Tum
463 2785 530 2824 ne
554 2768 742 2825 rimosi
769 2781 1086 2836 compagum
1119 2764 1255 2820 forte
1284 2772 1496 2817 meatus

301 2861 581 2929 Accipient
604 2859 879 2914 inimicum
909 2857 1167 2923 imbrem,
1202 2854 1358 2909 linire
1396 2858 1670 2908 memento

299 2955 589 3010 Juncturas
615 2954 839 3007 laterum
860 2992 875 3017 ,
910 2949 1225 3020 pigrumque
1256 2947 1476 3003 infunde
1515 2946 1777 3001 bitumen.

299 3046 503 3103 Taliter
530 3045 772 3100 all'ectam
802 3058 923 3099 cum
947 3041 1413 3098 consummaveris
1442 3040 1612 3095 :edem
1634 3082 1651 3107 ,

300 3134 553 3191 Protinus
584 3133 881 3204 iigredere,
906 3148 969 3189 ac
990 3132 1247 3188 mundum
1270 3131 1481 3187 dimitte
1501 3130 1813 3196 cadentem;

302 3227 539 3283 Exclusit
563 3240 720 3294 quem
749 3226 906 3295 culpa
933 3224 1205 3293 frequens,
1234 3223 1513 3278 includere
1542 3223 1650 3277 vita

305 3316 560 3385 Incipiat,
585 3304 893 3383 circumque
924 3313 1153 3369 fremant
1182 3324 1234 3370 te
1260 3315 1464 3381 sospite
1494 3323 1717 3370 mortes.

301 3406 442 3472 Quin
467 3406 627 3461 etiam
656 3405 838 3460 lateris
862 3406 1060 3459 sociam
1084 3404 1377 3461 succedere
1404 3414 1567 3474 tecto,

308 3498 375 3552 Et
402 3512 524 3553 cum
548 3496 862 3566 conjugibus
885 3504 1039 3551 natos
1069 3497 1272 3551 intrare
1297 3496 1503 3566 jubeto.

304 3587 492 3655 Tuque
519 3587 791 3643 secundus
820 3586 929 3641 eris
954 3586 1116 3641 deleti
1148 3587 1408 3657 germinis
1428 3597 1637 3653 auctor,

304 3677 377 3735 llt
400 3688 451 3734 te
481 3688 599 3747 post
626 3678 855 3746 primum
884 3678 1153 3746 repleatur
1174 3687 1314 3732 terra
1346 3690 1591 3747 parente.

302 3768 413 3824 Sed
438 3768 561 3838 quia
585 3770 821 3835 perfecto
848 3767 1045 3823 divinis
1066 3767 1270 3823 viribus
1296 3769 1452 3831 orbe,

304 3860 434 3913 Post
461 3860 641 3929 operis
668 3859 824 3914 linem
844 3904 859 3929 ,
891 3870 1010 3926 p05t
1039 3861 1205 3927 leges,
1240 3867 1465 3929 postque
1492 3868 1698 3915 sacrata

305 3950 538 4005 Sabbata
559 3991 574 4013 ,
606 3950 821 4004 formari
854 3949 1140 4020 quidquam
1173 3966 1276 4003 non
1305 3952 1558 4006 convenit
1586 3953 1722 4005 ultra
1753 3971 1765 4003 :

305 4040 386 4095 Ne
414 4041 628 4111 penitus
652 4054 870 4095 cessans
897 4041 1183 4097 intercidat
1212 4055 1373 4095 omne
1402 4052 1639 4095 creatum
1660 4082 1676 4107 ,

306 4131 615 4202 Spirantum
639 4149 667 4185 e
694 4134 901 4189 cunctis
921 4148 1199 4203 pecorum,
1227 4133 1572 4201 celerumque
1588 4133 1892 4197 volucrum,

307 4224 678 4294 Silv-rumque
708 4225 859 4291 feris,
890 4233 945 4279 et
969 4239 1086 4292 quae.
1115 4226 1353 4291 jumenta
1395 4236 1675 4279 vocantur.

312 4312 409 4369 Vel
436 4328 554 4382 quae
582 4328 677 4382 per
706 4313 897 4368 tacitos
928 4324 1140 4377 reptant
1170 4314 1398 4369 labentia
1430 4326 1636 4379 motus,

312 4404 443 4458 Bina
470 4417 623 4472 cape,
648 4410 705 4458 et
733 4412 907 4459 tecum
938 4404 1175 4458 claustro
1206 4404 1403 4459 victura
1430 4405 1684 4461 reconde.

310 4492 404 4548 Sic
436 4503 612 4547 tamen
641 4502 698 4546 ut
729 4494 975 4563 proprios
1003 4502 1220 4550 teneant
1241 4512 1337 4550 sua
1364 4496 1577 4551 vincula
1606 4510 1790 4565 sexus,

312 4582 464 4637 Unde
490 4597 658 4653 genus
690 4598 901 4638 rursum
934 4585 1093 4639 tellus
1122 4586 1393 4656 implenda
1423 4598 1686 4644 resumat.

311 4674 390 4730 Ne
419 4675 605 4730 timeas
631 4691 697 4731 ne
721 4674 858 4731 forte
890 4676 1033 4731 l'eros
1060 4679 1351 4734 animantia
1383 4692 1565 4735 motus

312 4764 576 4829 Servent,
601 4775 691 4818 aut
723 4765 915 4821 subitis
946 4778 1271 4836 praesumant
1300 4770 1525 4825 rictibus
1554 4772 1680 4826 iras.

316 4852 513 4909 Fmdus
540 4855 643 4909 erit
671 4855 819 4921 totis,
849 4872 969 4926 qua:
998 4857 1365 4937 discordantia
1396 4860 1605 4929 prol‘ert

318 4950 420 5003 Per
446 4949 619 5005 varios
647 4958 833 5005 natura
861 4936 1071 5017 modos,
1099 4962 1152 5007 et
1181 4968 1313 5021 pace
1344 4953 1487 5009 lideli

317 5044 536 5098 Parebit
554 5046 719 5112 jussis
748 5045 1004 5114 quidquid
1033 5048 1361 5102 concluseris
1391 5048 1520 5103 illic.

315 5132 594 5201 Serpentis
617 5142 819 5187 tantum
854 5149 1068 5203 semper
1098 5136 1349 5205 llgmenta
1374 5151 1582 5195 caveto.

317 5225 533 5281 Vertice
559 5224 827 5280 submisso
856 5226 1108 5280 blandum
1138 5228 1261 5281 licet
1284 5229 1373 5284 ille
1397 5230 1633 5287 trisulcis

317 5316 562 5372 Finxerit
590 5314 929 5371 abscondens
960 5331 1053 5384 per
1082 5319 1256 5373 dulcia
1288 5320 1443 5373 sibila
1474 5321 1670 5389 linguis

320 5411 627 5466 lmmortale
649 5410 865 5473 odium,
896 5426 1165 5480 nunquam
1192 5422 1247 5467 tu
1278 5414 1530 5469 credulus
1558 5414 1669 5481 illi,

320 5502 492 5568 Quem
523 5500 682 5559 nimia
708 5510 960 5566 espettus
986 5502 1260 5556 vitandum
1294 5518 1586 5571 przemonet
1622 5507 1811 5561 Adam.

325 5591 503 5646 llostis
530 5604 761 5659 namque
789 5591 955 5644 semel
986 5592 1157 5646 voluit
1180 5594 1485 5663 quicunque
1514 5613 1729 5660 nocere.

326 5684 423 5738 llic
447 5698 663 5751 semper
685 5692 965 5750 suspectus
988 5686 1111 5749 erit,
1146 5688 1462 5756 penitusque
1486 5692 1779 5746 cavendum
1804 5700 1905 5759 cst,

327 5774 405 5830 Ne
429 5773 537 5842 jam
568 5774 793 5829 mentito
822 5774 1104 5837 coniungat
1129 5777 1328 5833 ftedcra
1362 5779 1619 5847 prudens.

1467 380 1845 437 POEBIATUM
1887 376 2085 431 LIBER
2126 375 2213 431 IV.

1908 495 1961 553 Α
1988 493 2068 546 Tu
2102 500 2221 561 post
2250 490 2552 558 exemplum
2579 489 2745 557 jussis
2776 489 2983 545 servire
3006 496 3297 545 memento.

3474 370 3576 427 550

2052 585 2177 639 Hmc
2207 582 2374 647 latus,
2402 597 2629 636 vacuum
2658 581 2866 636 levibus
2893 589 3042 636 secat
3064 596 3189 635 aera
3220 580 3434 649 pennis,

1980 678 2261 733 Mortalem
2291 674 2499 744 fugiens
2520 673 2691 729 aciem
2708 714 2725 739 ,
2752 672 3001 741 caeloque
3030 673 3233 727 relatus

1982 769 2208 825 lleroem
2239 768 2504 837 trepidum
2534 766 2782 821 mandata
2812 766 2931 834 lege
2960 765 3197 833 reliquit.

1978 858 2097 927 Ipse
2125 869 2303 913 tamen
2328 857 2428 911 tali
2457 856 2705 912 manibus
2738 871 2860 911 cum
2887 871 3021 910 voce
3044 854 3257 920 levatis,

1979 948 2257 1017 Quisquis,
2280 948 2387 1013 ait,
2418 949 2575 1002 nobis
2607 957 2807 1002 tantam
2840 947 3111 1018 spondere
3138 947 3398 1001 salutem'

1977 1040 2085 1094 Seu
2115 1038 2330 1105 missus,
2360 1053 2457 1094 seu
2481 1049 2676 1108 sponte
2703 1050 2822 1105 tua,
2852 1056 3016 1105 super
3040 1041 3246 1095 aethere
3272 1041 3420 1095 celso

1978 1130 2223 1197 Venisti,
2247 1140 2302 1187 et
2329 1131 2597 1201 placidum
2628 1133 2853 1186 sacrasti
2885 1132 3088 1187 [cedere
3120 1140 3363 1200 pactum,

1976 1221 2065 1279 Sis
2094 1221 2288 1288 fautor,
2321 1221 2642 1291 tit-memque
2665 1230 2785 1276 tuas
2813 1223 3077 1291 promissa
3105 1219 3371 1291 loquelas,

1979 1312 2352 1379 Ausiliumque
2380 1321 2527 1367 tuum
2560 1313 2845 1367 conatibus
2876 1313 3057 1368 insere
3090 1312 3290 1367 nostris
3312 1350 3329 1376 ,

1981 1400 2047 1456 Ut
2077 1403 2252 1458 tenuis
2283 1411 2485 1457 tantam
2511 1404 2690 1458 valeat
2717 1418 2908 1458 manus
2935 1403 3102 1459 edere
3131 1402 3353 1457 molem.

2052 1492 2146 1563 His
2172 1493 2410 1550 breviter
2432 1493 2611 1558 dictis,
2635 1494 2761 1549 vitae
2782 1508 2935 1561 spem
2965 1492 3128 1548 corde
3162 1491 3413 1560 reponit,

1977 1582 2407 1655 Aggrediturque
2432 1584 2578 1641 celer
2607 1585 2746 1639 sacri
2781 1593 3049 1653 praecepta
3081 1582 3305 1638 laboris.

1977 1676 2110 1743 Quis
2133 1686 2310 1733 tantos
2339 1662 2516 1747 capiat
2538 1678 2768 1733 sensus?
2788 1679 2910 1750 quis
2938 1678 3172 1747 denique
3196 1689 3381 1732 sermo

1980 1768 2249 1837 Explicet,
2279 1768 2519 1824 advectis
2552 1769 2713 1824 fuerit
2734 1785 2854 1839 qua:
2884 1769 3036 1837 copia
3070 1766 3269 1839 lignis?

1905 1840 1951 1901 Β
1982 1855 2173 1912 Nudati
2203 1858 2393 1925 colles,
2421 1858 2664 1925 spoliatae
2691 1860 2889 1915 robore
2916 1859 3092 1922 silvas,

1983 1948 2138 2003 Mons
2170 1958 2228 2003 ut
2258 1949 2487 2019 quisque
2516 1950 2642 2017 luit,
2671 1950 2872 2006 famulo
2901 1951 3153 2021 placuere
3181 1960 3393 2019 paratu.

1983 2039 2165 2094 Pelion
2200 2040 2490 2095 immensas
2513 2055 2634 2095 cum
2666 2042 2843 2097 mittat
2869 2041 3071 2097 vertice
3098 2055 3357 2110 quercus,

1984 2129 2208 2201 Insuper
2235 2135 2457 2201 exponit
2486 2133 2648 2189 multa
2678 2135 2881 2189 virtute
2913 2135 3147 2190 recisum

1984 2224 2116 2278 Ossa
2146 2239 2357 2291 nemus,
2384 2225 2663 2295 Pindoque
2691 2225 2839 2281 abies
2863 2227 3177 2282 subducitur
3204 2225 3334 2281 alta.

1985 2314 2138 2369 Atlas
2168 2313 2283 2383 ipse
2312 2330 2477 2370 novas
2509 2316 2615 2370 ictu
2645 2326 2933 2371 resonante
2962 2332 3186 2373 secures

1986 2400 2184 2470 Sensit,
2207 2413 2263 2460 et
2286 2419 2519 2459 annosas
2543 2405 2691 2460 dedit
2711 2405 2779 2460 ad
2806 2406 3013 2460 navalia
3043 2409 3222 2476 pinus.

1988 2494 2246 2551 invictum
2275 2507 2403 2552 tunc
2432 2497 2602 2566 surgit
2628 2512 2785 2565 opus,
2810 2493 3072 2552 contexta
3092 2496 3304 2551 levatur

1989 2584 2256 2641 Porrectis
2286 2587 2526 2643 trabibus
2557 2589 2801 2656 pr:ecelsi
2831 2588 3084 2642 culminis
3108 2588 3273 2642 :rdes.

2060 2677 2185 2732 Hec
2213 2677 2372 2741 inter,
2398 2677 2604 2731 discors
2629 2678 2762 2731 varii
2790 2678 3058 2732 sententia
3089 2677 3260 2744 vulgi.

1989 2766 2122 2822 Nam
2154 2768 2305 2822 multi
2338 2768 2570 2839 lymphis
2594 2768 2868 2824 obstacula
2903 2777 3050 2831 tanta
3084 2776 3363 2837 parantem

1988 2856 2209 2912 lrrisere
2230 2856 2425 2922 virum,
2454 2858 2627 2912 moles
2653 2857 2795 2928 quod
2826 2858 3008 2913 clausa
3039 2856 3241 2912 moveri

1990 2947 2033 3003 Ε
2039 2948 2433 3017 luminibusque
2453 2948 2569 3002 dari
2594 2959 2851 3018 nequeat,
2875 2963 3035 3019 quam
3063 2948 3199 3003 forte
3220 2947 3303 3002 vel
3326 2946 3487 3016 ampli

1993 3040 2296 3113 Euphrates
2317 3041 2573 3112 Nilusque
2595 3053 2794 3112 queant
2821 3042 2906 3096 vix
2935 3041 3187 3097 claudere
3218 3039 3371 3110 ripis.

1993 3132 2223 3188 Humani
2252 3132 2467 3203 generis
2495 3132 2624 3203 quid
2655 3147 2807 3188 mens
2835 3132 3109 3188 incredula
3139 3132 3278 3185 reris

1918 3200 1968 3263 (ἶ
2001 3200 2280 3279 Mor-talem
2308 3238 2414 3277 non
2448 3200 2605 3292 posse
2634 3238 2850 3278 manum
2877 3223 3208 3293 conjungere
3242 3229 3411 3290 ponto

1995 3314 2191 3370 Edent
2222 3314 2599 3385 longinquam?
2626 3326 2823 3384 pontus
2852 3328 3082 3384 namque
3109 3314 3301 3369 obvius
3324 3315 3470 3368 ultro

1993 3406 2219 3472 Curret,
2244 3419 2300 3461 et
2329 3406 2615 3460 adductum
2643 3415 2861 3476 tangent
2882 3415 3033 3461 stans
3063 3405 3262 3461 fabrica
3288 3404 3461 3461 littus.

1996 3495 2095 3551 Ast
2124 3495 2259 3551 alios
2285 3495 2481 3550 celsam
2510 3505 2792 3563 compacto
2823 3496 3019 3550 robore
3052 3508 3307 3554 massam.

2000 3587 2216 3657 Ignaros
2237 3598 2543 3656 quanquam
2566 3586 2759 3652 cladis,
2787 3600 3073 3655 caus'eque
3104 3584 3342 3649 latentie,

1998 3676 2175 3732 Mirari
2207 3676 2417 3732 novitas
2446 3686 2499 3731 et
2526 3676 2815 3731 formidare
2844 3677 3041 3745 coegit.

1999 3768 2149 3823 llaud
2178 3767 2335 3823 aliter
2357 3767 2592 3823 studium
2626 3768 2734 3836 iam
2764 3777 2889 3821 tunc
2918 3766 3175 3823 diviserat
3203 3782 3413 3831 omnes,

1997 3859 2168 3925 Quam
2198 3874 2341 3913 nunc
2371 3857 2604 3911 mundus
2626 3857 2755 3926 agit.
2780 3858 2916 3911 Sunt
2948 3858 3038 3927 qui
3059 3867 3381 3925 compuncta
3418 3859 3565 3913 lideli

1997 3950 2173 4005 Corda
2198 3950 2381 4004 dicant
2403 3948 2556 4013 operi
2578 3992 2591 4016 ,
2618 3947 2890 4017 rebusque
2914 3948 3120 4004 instare
3144 3965 3458 4020 supremum

2001 4040 2299 4096 Discrimen
2330 4049 2560 4106 norunt,
2583 4052 2783 4107 corpus
2804 4053 2910 4107 quo
2940 4039 3194 4095 concidat
3217 4055 3403 4110 omne,

2002 4130 2430 4199 Bacchatamque
2460 4130 2549 4185 diu
2580 4138 2905 4184 consumant
2930 4130 3131 4186 stecula
3158 4145 3401 4186 carnem.

1938 4277 1947 4285 ,
2003 4222 2235 4291 Eﬂ'ugiet
2258 4232 2386 4277 tunc
2414 4221 2506 4276 ille
2537 4222 2770 4285 malum,
2794 4220 3099 4291 quicunque
3129 4231 3349 4292 paratus

2001 4314 2293 4370 Construat
2321 4322 2378 4369 ut
2408 4314 2636 4369 validam
2667 4313 2899 4382 praeduri
2934 4314 3184 4384 tegminis
3208 4329 3421 4380 arcam,

2007 4406 2109 4461 Per
2141 4406 2343 4477 lignum
2374 4406 2542 4463 vitale
2571 4406 2749 4460 crucis
2773 4413 3021 4464 servatus
3042 4406 3111 4461 ab
3139 4407 3324 4468 undis,

2011 4497 2161 4553 Tunc
2184 4507 2370 4554 cernet
2397 4509 2600 4568 quanto
2628 4500 3014 4568 contempserit
3045 4500 3153 4553 otia
3186 4500 3382 4557 fructu.

2092 4588 2244 4645 llaud
2268 4589 2456 4659 procul
2487 4597 2752 4645 attentum
2784 4590 3156 4660 contemplans
3200 4592 3341 4647 hunc
3379 4607 3613 4657 operan-

3370 4683 3500 4755 [tcm
3524 4726 3541 4749 ,

2016 4772 2205 4828 Nonne
2233 4772 2386 4842 piger
2412 4774 2694 4843 quisquam
2724 4774 2889 4840 lucri,
2913 4775 3224 4845 ardensque
3247 4774 3465 4841 laboris,

2014 4863 2253 4918 lnsanire
2282 4871 2437 4931 putct
2456 4904 2470 4928 ,
2497 4879 2624 4918 cura
2657 4864 2799 4934 quod
2826 4866 2972 4920 solus
3004 4866 3147 4921 inani

2014 4955 2265 5019 Estuet,
2291 4965 2345 5010 ct
2374 4958 2534 5010 rebus
2568 4956 2700 5011 no'lit
2730 4958 3082 5027 pereuntibus
3108 4958 3221 5012 uti?

2016 5050 2109 5104 Sic
2137 5049 2366 5118 epulans
2390 5064 2633 5117 parcunt,
2659 5050 2738 5104 sic
2765 5050 2970 5120 largum
2994 5050 3236 5122 quisquis
3256 5067 3471 5121 avarus,

2016 5139 2106 5195 Sic
2133 5138 2333 5194 nudum
2364 5151 2564 5207 raptor,
2591 5141 2668 5195 s‘c
2692 5150 2898 5196 castum
2926 5142 3067 5197 ridet
3092 5143 3329 5210 adulter,

2016 5231 2109 5287 Sic
2139 5232 2597 5287 circumscriliens
2633 5233 2790 5286 illuso
2816 5234 3059 5304 simplice
3088 5234 3316 5306 gaudet.

2021 5322 2113 5379 Sic
2148 5323 2396 5391 sapuisse
2421 5324 2566 5379 dolet
2596 5324 2767 5392 dives,
2796 5342 2914 5380 cum
2940 5339 3227 5398 congregat
3251 5344 3474 5396 aurum,

1925 5400 1936 5415 “
2018 5415 2373 5483 Spargentem
2400 5431 2670 5477 nummos,
2696 5420 2947 5489 ultroque
2970 5419 3021 5474 in
3054 5437 3289 5491 paupere
3312 5438 3477 5477 censu

2015 5504 2363 5574 Consumptis
2391 5507 2583 5574 opibus
2616 5508 2871 5563 miserum
2902 5520 3048 5565 ratus
3075 5526 3196 5566 esse
3228 5512 3464 5567 beatum.

2090 5600 2220 5655 lnde
2251 5602 2586 5669 repentinum
2618 5602 2789 5657 .ludex
2819 5619 2938 5659 cum
2968 5616 3214 5662 cerneret
3238 5609 3355 5662 orbi

2019 5692 2329 5747 Adventare
2359 5694 2501 5747 diem
2538 5711 2550 5747 :
2591 5695 2735 5750 Finis
2761 5696 2837 5749 sic.
2868 5700 3135 5764 protinus,
3164 5699 3364 5769 inquit,

2022 5784 2303 5857 imminet,
2334 5798 2392 5845 ut
2416 5788 2547 5859 justi
2580 5789 2852 5861 quondam
2884 5793 2984 5848 sub
3016 5803 3257 5861 tempore
3285 5792 3420 5860 Noe,
