4516 6412
940 363 1038 418 551
2101 353 2162 409 S.
2207 354 2387 410 AVl‘ll
2429 351 2723 410 VIENNEN

2429 351 2829 412 VIENNENSIS
4083 355 4183 412 531

939 475 1200 529 Diluvium
1227 469 1401 524 varios
1429 467 1611 523 mundi
1635 480 1754 522 cum
1786 464 2017 534 repperit
2037 479 2211 529 actus.
2538 471 2582 526 Α
2615 467 2747 522 ΙΙῐιιο
2769 478 2972 524 tantum
2993 478 3212 539 septena
3233 467 3385 525 dedit
3406 468 3637 525 viventia
3659 470 3910 537 claustro,

942 564 1008 617 Et
1027 576 1247 616 carnem
1275 557 1602 625 consumpsit
1631 554 1802 626 aquis,
1832 553 2118 622 epifexque
2146 555 2338 610 salutis
2616 556 2686 613 Ut
2709 560 2874 613 ternis
2900 560 3112 627 paribus
3137 569 3352 615 servato
3381 559 3585 615 semine
3610 558 3795 622 salvis,

940 654 1120 706 Evasit
1147 662 1297 720 parto
1321 647 1502 703 diffusa
1535 643 1764 714 pericula
1792 644 2046 699 claustro.
2612 649 2851 716 Septima
2873 666 2992 720 qum
3015 651 3211 705 fuerint
3242 651 3413 704 sacris
3445 650 3764 719 quandoque
3799 651 4036 706 liteutnr.

937 742 1064 804 Πίος
1088 737 1404 809 evangelici:
1429 745 1553 791 sunt
1583 736 1861 789 inclamata
1893 734 2100 804 figuris.
2613 740 2680 796 Et
2700 741 2811 811 jam
2837 742 3012 798 vitalis
3031 741 3368 797 concluserat
3386 741 3564 796 omnia
3588 757 3791 796 carcer.

1010 829 1263 885 Providus
1294 827 1495 881 interea
1519 833 1856 879 consummat
1884 826 2132 880 conditor
2145 840 2358 881 arcam.
2611 830 2763 886 ’l‘unc
2784 832 3020 900 justum,
3048 839 3374 900 cunctosque
3393 845 3541 893 suos,
3569 815 3845 900 natosque,
3879 844 4178 898 nurusque,

937 923 1085 980 Tunc
1111 923 1276 990 jusste
1304 927 1588 974 accurrunt
1616 918 1883 980 volucres,
1913 926 2039 972 tunc
2064 918 2233 973 bestia
2261 933 2500 988 quaeque,
2611 921 2818 991 Accipit
2834 929 3150 990 exspectans
3171 921 3460 975 claustrum
3477 960 3492 983 ,
3513 920 3744 988 vitaeque
3771 921 4002 988 reponit.

935 1016 1254 1069 Consuetum
1285 1010 1529 1078 linquens
1558 1010 1757 1063 silvoso
1788 1009 2018 1078 tegmine
2048 1009 2273 1064 lustrum
2293 1049 2310 1076 ,
2608 1010 2742 1065 Nam
2770 1026 2952 1066 servos
2981 1010 3215 1066 nondum
3247 1009 3469 1066 dederat
3498 1019 3686 1064 natura
3712 1009 3924 1073 vocari,

936 1104 1180 1172 Deposita
1210 1101 1421 1158 feritate
1443 1101 1618 1164 venit,
1648 1113 1874 1169 seseque
1905 1101 2189 1156 tenendam
2607 1098 2719 1156 Nec
2739 1099 2985 1155 dominos
3005 1099 3214 1155 famulis
3234 1099 3545 1155 discernere
3571 1109 3794 1154 noverat
3813 1099 3966 1154 ordo.

897 1210 902 1215 ·
935 1193 1125 1263 Ingerit
1153 1205 1460 1255 occurrens,
1484 1200 1536 1244 et
1563 1190 1803 1245 libertate
1823 1189 2008 1244 relicta
2609 1189 2816 1245 Primus
2833 1191 2976 1246 enim
3004 1186 3270 1246 maculam
3293 1191 3470 1246 servili
3495 1190 3714 1246 nomine
3733 1191 3902 1245 sensit

935 1286 1136 1339 lncludi
1164 1283 1394 1353 gaudet:
1421 1291 1622 1336 tantum
1649 1281 1860 1345 decreta
1885 1281 2043 1334 futuri
2609 1277 2777 1349 llujus
2799 1289 3044 1336 natoru
3073 1280 3302 1346 medius,
3325 1281 3414 1348 qui
3441 1280 3579 1336 forte
3599 1280 3863 1334 cachinno

939 1378 1029 1432 Vis
1058 1378 1226 1443 valet;
1258 1376 1493 1430 occultus
1519 1373 1687 1427 brutis
1712 1372 1766 1426 in
1793 1373 2039 1427 sensibus
2070 1373 2224 1436 ardet
2509 1446 2513 1450 ¢
2609 1371 2901 1428 Distectum
2934 1373 3081 1443 petiit
3110 1373 3311 1428 misero
3331 1374 3662 1442 spectamine
3693 1381 3896 1441 patrem
3915 1411 3931 1435 ,

935 1469 1152 1532 Terrar,
1183 1479 1236 1522 ct
1261 1477 1572 1536 exspectans
1596 1465 1759 1534 agitat
1789 1463 2071 1520 formidine
2100 1466 2285 1520 vitam.
2605 1463 2984 1536 Hateriamque
3003 1465 3085 1521 sui
3108 1465 3225 1521 risit
3243 1463 3535 1521 deformior
3554 1471 3727 1527 ortus,

933 1562 1031 1615 Ast
1048 1561 1302 1615 homines
1327 1571 1461 1628 quos
1489 1570 1609 1613 sors
1637 1557 1767 1611 certi
1797 1556 2122 1611 discriminis
2147 1567 2334 1627 urget,
2605 1560 2674 1615 Et
2703 1557 2822 1628 plus
2837 1559 2948 1628 jam
2973 1557 3141 1626 turpis
3165 1555 3362 1611 nudato
3382 1555 3625 1624 simplice
3648 1570 3899 1622 nequam.

935 1651 1116 1706 Vicina
1148 1662 1245 1706 nec
1275 1660 1448 1705 morte
1475 1658 1702 1717 pavent,
1733 1649 1864 1702 satis
1893 1648 2127 1717 undique
2149 1657 2362 1704 constat
2605 1653 2754 1721 Quod
2776 1659 3056 1723 postquam
3086 1659 3302 1707 sanctus
3322 1651 3491 1720 potuit
3516 1663 3838 1719 cognoscere
3863 1645 3996 1709 Noe,

931 1739 1092 1795 Vitali
1119 1740 1313 1796 indicio
1343 1739 1644 1809 praecedere
1671 1752 1812 1807 saepe
1843 1740 2109 1792 timorem.
2606 1743 2796 1801 Natum
2819 1740 3085 1813 germanis
3106 1740 3358 1795 famulum
3380 1739 3557 1804 dedit;
3581 1738 3702 1793 inde
3729 1745 3999 1803 repertum

931 1831 1158 1888 Securos
1188 1834 1440 1901 laetosque
1467 1845 1588 1885 reos
1615 1831 1804 1885 tellure
1831 1827 2148 1884 Gomorrltm
2537 1824 2583 1884 Β
2609 1834 2737 1890 Tale
2759 1835 2976 1904 iugum;
3001 1832 3176 1887 cuncti
3210 1845 3330 1886 nam
3357 1830 3563 1885 semine
3593 1830 3859 1884 nascimur
3885 1841 4014 1882 uno.

931 1923 1046 1978 Jam
1078 1926 1372 1991 prope‘sub
1399 1921 1627 1976 ﬂammis
1653 1922 1915 1977 sententia
1945 1922 2089 1976 dicta
2120 1922 2348 1977 videbat.
2610 1923 2822 1980 Servitii
2843 1931 2992 1978 certe
3016 1935 3234 1977 causam
3265 1919 3454 1975 fecisse
3484 1928 3665 1975 reatus

932 2012 1134 2067 Niniva:
1158 2023 1341 2067 centra
1376 2010 1582 2082 populis
1610 2020 1816 2065 terrore
1842 2011 2041 2064 salubri
2606 2012 2873 2076 Cernitur,
2897 2020 2960 2067 et
2981 2010 3116 2066 liber
3136 2023 3371 2081 peccans
3394 2010 3451 2064 fit
3471 2009 3696 2063 crimine
3727 2021 3940 2067 servus;

843 2128 845 2130 ·
933 2104 1211 2158 Pravalttit
1243 2117 1337 2171 pro
1363 2117 1489 2171 pace
1516 2111 1708 2156 metus.
1732 2100 1861 2154 Nam
1893 2111 2114 2156 venerat
2143 2101 2272 2155 illuc
2606 2101 2665 2157 Si
2700 2116 2908 2156 rursum
2933 2117 3070 2157 nexu
3099 2099 3326 2154 famulus
3355 2097 3643 2168 stringatur
3670 2095 3917 2160 honesti,

931 2191 1142 2256 Jussus,
1173 2193 1396 2245 tnultum
1423 2192 1512 2245 ille
1533 2200 1586 2244 et
1617 2191 1772 2244 terris
1799 2189 2026 2258 iactatus
2051 2202 2107 2245 et
2131 2192 2271 2256 alto,
2527 2223 2531 2230 ε
2606 2191 2818 2247 Natales
2848 2191 3043 2246 faciens
3064 2189 3310 2256 sibimet,
3334 2191 3442 2258 jam
3473 2187 3664 2241 nubilis
3688 2186 3771 2239 hic
3793 2196 3895 2239 est.

931 2283 1029 2348 Qui
1059 2282 1382 2336 clamaturus
1406 2289 1566 2335 tanta
1589 2279 1892 2333 discrimina
1927 2280 2070 2348 plebi
2677 2284 2905 2340 Nuntius
2926 2286 3152 2349 interea,
3175 2283 3372 2338 dudum
3395 2282 3484 2352 qui
3515 2281 3710 2335 missus
3729 2280 3797 2332 ab
3817 2278 3926 2331 alto

931 2371 1196 2426 D.luvium
1231 2371 1401 2425 timuit
1432 2370 1630 2425 mundo
1656 2379 1938 2425 constante
1963 2370 2245 2439 propheta.
2609 2375 2880 2431 Detulerat
2902 2375 3048 2445 justo
3068 2374 3305 2430 caelestis
3327 2386 3544 2426 munera
3569 2370 3712 2424 verbi
3729 2409 3746 2432 ,

931 2464 1192 2517 llauserat
1218 2461 1319 2516 huc
1344 2461 1524 2516 valido
1557 2459 1854 2529 pervadens
1885 2461 2059 2516 bellua
2090 2465 2223 2517 rictu
2242 2503 2257 2528 ,
2608 2465 2856 2521 Protinus
2883 2475 2938 2520 ut
2959 2465 3200 2519 clausum
3229 2463 3390 2526 vidit,
3421 2462 3687 2530 rebusque
3717 2457 3914 2526 paratis

931 2553 1351 2623 lmmersamque
1375 2554 1506 2606 mari
1536 2553 1736 2606 ventris
1759 2553 2098 2606 conciuscrat
2125 2568 2272 2608 arca.
2611 2555 2936 2624 Exspectare
2965 2555 3104 2610 diem
3122 2599 3136 2618 ,
3171 2568 3353 2609 rursus
3379 2550 3704 2607 descendere
3724 2548 3862 2603 ctelu

931 2641 1197 2710 Deglutire
1228 2644 1397 2695 virum
1418 2682 1431 2704 ,
1465 2644 1752 2709 faucesque
1775 2643 1999 2710 implere
2025 2656 2268 2708 capaces,
2607 2644 2906 2710 Festinans,
2936 2645 3085 2699 laxos
3114 2643 3343 2698 ﬁrmavit
3363 2641 3577 2696 cardine
3607 2648 3784 2708 postes
3805 2680 3818 2700 .

929 2732 1148 2786 Ardenti
1176 2741 1413 2786 monstro
1438 2746 1556 2786 cum
1583 2733 1652 2783 sit
1681 2731 1938 2798 permissa
1968 2739 2224 2798 potestas,
2610 2734 2934 2804 lnclusitqne
2965 2734 3126 2797 viros,
3154 2744 3314 2802 atque
3332 2732 3466 2786 ostia
3499 2730 3651 2785 fortia
3679 2729 3869 2791 traxit,

928 2822 1042 2876 Non
1070 2823 1219 2876 licuvt
1247 2821 1495 2875 tnordere
1521 2831 1695 2874 tamen
1718 2860 1733 2885 ,
1763 2819 1836 2873 nil
1865 2819 2113 2874 dentibus
2139 2830 2338 2875 actum.
2605 2821 3004 2890 Confestimque
3022 2822 3204 2877 levans
3229 2837 3424 2889 supero
3451 2835 3510 2874 se
3531 2819 3733 2874 rettulit
3754 2818 3861 2874 axi.

930 2912 1148 2967 Intravit
1175 2913 1425 2983 cupidum
1456 2913 1714 2967 deludens
1742 2910 1917 2980 praeda
1950 2923 2222 2968 vorantem
2240 2955 2253 2976 .
2607 2913 2742 2972 IEvo
2770 2924 3054 2968 sexcentos
3080 2915 3260 2972 senior
3289 2910 3690 2967 transcenderat
3714 2922 3904 2974 annos,
3968 2909 3972 2911 ’

929 3004 1254 3073 Invasusque
1277 3003 1426 3059 cibus
1452 3003 1632 3072 jejuna
1660 3002 1791 3056 vixit
1819 3004 1871 3057 in
1901 3004 2041 3056 alvo.
2609 3004 2860 3071 Lunaque
2890 3004 2968 3056 bis
3000 3003 3184 3070 plenos
3205 3002 3431 3057 addebat
3463 3013 3730 3055 mensirua
3755 3013 3963 3064 cursus,

931 3094 1064 3148 Dum
1099 3103 1206 3149 trcs
1236 3096 1352 3148 luce
1381 3095 1495 3148 dies
1527 3107 1629 3148 una
1655 3093 1754 3146 sub
1785 3103 1940 3148 nocte
1971 3093 2243 3163 prophetas
2610 3093 2876 3162 Septimus
2903 3105 2959 3149 et
2985 3094 3224 3149 decimus
3243 3093 3331 3163 qui
3364 3103 3482 3162 post
3510 3093 3752 3145 illexerat
3777 3090 3926 3154 orbi,

934 3183 1029 3237 Sol
1061 3194 1268 3252 ageret,
1296 3183 1550 3252 littttsque
1586 3197 1779 3235 novum
1811 3183 2079 3236 vacuanda
2111 3184 2345 3239 viderent
2366 3225 2380 3247 ,
2531 3166 2576 3227 C
2613 3183 2836 3239 Ultimus
2868 3184 2958 3238 ille
2983 3183 3099 3238 dies
3119 3183 3232 3252 jam
3263 3197 3403 3237 nunc
3430 3181 3574 3236 dabit
3601 3183 3775 3235 omnia
3797 3179 3964 3233 letho.

933 3271 1000 3325 Et
1023 3274 1334 3342 castigatum
1363 3273 1638 3326 vomerent
1661 3273 1924 3340 ergastula
1960 3281 2190 3340 pastum.
2676 3272 2819 3327 Ilicet
2845 3273 3108 3342 obtegitur
3127 3272 3354 3336 ctrlum,
3391 3271 3672 3338 nimiisque
3705 3269 3940 3325 tenebris

1003 3361 1069 3416 Ut
1099 3373 1338 3417 monstro
1361 3371 1552 3416 exutus
1576 3371 1748 3426 vates,
1774 3362 2074 3431 caelumque
2098 3364 2297 3432 recepit
2612 3362 2756 3417 Victa
2787 3363 3118 3432 repelluntur
3144 3362 3334 3417 fuscati
3356 3361 3550 3415 lumina
3573 3361 3720 3413 solis.

931 3451 1255 3521 Contingens
1286 3461 1479 3517 terras,
1512 3465 1754 3520 magnam
1787 3461 1910 3506 tunc
1936 3453 2167 3520 percitus
2197 3455 2380 3508 urbem
2606 3453 2824 3506 lnsanas
2854 3451 3128 3506 hominum
3159 3459 3366 3504 mentes
3389 3450 3475 3502 vix
3497 3459 3719 3518 tangere
3743 3459 3920 3500 terror

933 3541 1181 3596 Terribili
1205 3557 1326 3596 cum
1354 3556 1486 3596 voce
1517 3549 1704 3610 petens
1730 3558 1742 3595 :
1766 3541 1900 3607 Quid
1924 3542 2182 3608 criminis,
2209 3546 2400 3614 inquit,
2605 3546 2884 3614 Coeperat,
2913 3544 3152 3599 insuetus
3182 3558 3304 3597 mox
3339 3540 3554 3611 proﬂuit
3578 3542 3778 3594 aethere
3801 3539 4036 3602 nimbus,

931 3630 1142 3686 Ardetis
1170 3632 1432 3685 ﬂammis?
1457 3630 1780 3700 restringent
1805 3631 1981 3685 omnia
2011 3648 2198 3700 pugnae.
2606 3635 2674 3691 Et
2702 3635 2873 3688 valido
2904 3635 3131 3702 primum
3162 3633 3353 3688 similis
3380 3632 3676 3688 demittitur
3699 3630 3875 3684 imbri.

930 3720 1155 3783 Jamque
1183 3720 1325 3775 venit
1358 3720 1497 3781 linis,
1525 3720 1722 3774 lentum
1747 3731 1828 3776 est
1852 3722 1954 3777 hoc
1978 3723 2176 3786 dicere,
2203 3723 2367 3778 venit.
2605 3725 2765 3781 Arida
2800 3735 3058 3780 terrarum
3090 3728 3290 3794 pariter
3317 3724 3566 3779 maduere
3597 3737 3690 3790 per
3711 3721 3926 3787 orbem,

934 3810 1050 3864 Non
1084 3811 1200 3877 plus
1225 3809 1367 3863 fatus
1397 3818 1548 3864 erat:
1583 3819 1722 3864 totus
1748 3812 1991 3880 conjurat
2022 3814 2073 3868 in
2100 3829 2260 3887 omne
2611 3814 2724 3869 Una
2752 3816 2846 3868 fuit
2873 3823 2985 3869 toto
3011 3814 3172 3870 facies
3191 3824 3241 3869 et
3275 3813 3617 3888 nubilactelo

935 3901 1249 3955 Lamentum
1280 3902 1506 3977 populus
1534 3920 1546 3954 :
1574 3912 1888 3969 procurrunt
1912 3903 2143 3974 nudique
2160 3886 2342 3970 ﬂetus,
2607 3903 2871 3973 Egyptus
2898 3913 3024 3957 tunc
3051 3905 3160 3972 ipsa
3191 3918 3356 3960 novas
3381 3886 3685 3973 expavit‘ad
3712 3899 3899 3964 undas.

933 3994 1154 4049 Pectora
1188 3994 1501 4056 tunduntur,
1528 3995 1722 4048 coelum
1747 3998 1972 4063 suspiria
1998 3999 2230 4064 pulsant.
2607 3993 2750 4048 Alsit
2773 4003 2828 4048 et
2857 3994 3060 4048 infusus
3087 3994 3700 4061 Garamas‘,~-d,udumque
3727 3995 3959 4047 calentes

931 4071 1417 4152 bicllibus‘abjectis
1437 4083 1658 4138 Cilicum
1684 4084 1808 4138 dant
1837 4086 2064 4153 tegmina
2087 4096 2234 4152 seu,
2611 4084 2837 4139 Humida
2866 4085 3120 4156 Massylas
3150 4086 3435 4154 tetigerunt
3463 4082 3653 4152 frigora
3682 4082 3883 4151 Syrtes.

931 4174 1094 4245 Inque
1139 4175 1288 4229 cibos
1329 4176 1565 4230 cinerem
1590 4220 1603 4244 ,
1647 4175 2015 4246 lacrymasque
2057 4177 2108 4230 in
2153 4179 2340 4246 pocula
2385 4177 2504 4231 fun-
2608 4176 2717 4232 Nec
2748 4177 2958 4246 longum
2985 4176 3180 4246 pluvia:
3203 4176 3430 4244 species,
3465 4173 3765 4242 nondeniq'
3790 4186 3821 4225 e
3849 4179 4012 4240 guttae

2250 4265 2431 4338 [lunt,
2605 4265 2847 4330 Stillant,
2873 4265 2964 4321 sed
2995 4275 3151 4334 rupto
3181 4263 3468 4319 funduntur
3495 4261 3707 4316 fiumina
3736 4263 3895 4316 calo.

935 4355 1050 4423 Ipse
1071 4357 1261 4421 etiam,
1284 4357 1472 4426 dignus
1503 4357 1592 4411 tali
1617 4357 1704 4426 qtti
1730 4367 1969 4425 tempore
1995 4359 2243 4427 princeps
2606 4358 2720 4413 Non
2752 4359 2904 4413 aliter
2935 4357 3150 4422 Tanais,
3181 4356 3391 4411 nivibus
3418 4370 3539 4409 cum
3568 4355 3804 4422 pascitur
3835 4352 3997 4418 albis,

938 4448 1078 4500 Ante
1102 4446 1266 4500 aciem
1291 4446 1508 4500 ﬂentum
1533 4456 1708 4515 portet
1730 4449 1917 4502 vexilla
1943 4448 2151 4512 salutis,
2531 4512 2566 4516 Α
2613 4449 2829 4516 Riphaeo
2850 4449 2916 4502 de
2943 4458 3121 4503 monte
3149 4461 3308 4502 ruens
3335 4445 3557 4500 illiditur
3583 4445 3756 4510 amni,

935 4539 1105 4605 Atque
1135 4553 1333 4592 novum
1356 4538 1496 4592 dictu
1529 4512 1770 4593 metuens
1797 4539 2100 4593 discrimina
2133 4540 2334 4603 tincat,
2531 4512 2582 4570 Β
2614 4512 3018 4610 Prtecipitatque
3047 4541 3204 4595 simul
3235 4540 3394 4608 longo
3420 4539 3559 4609 quod
3593 4538 3803 4592 tramite
3830 4535 3995 4592 ducit.

935 4627 1150 4695 Projicit
1177 4627 1299 4682 hinc
1322 4639 1590 4697 sceptrum
1615 4669 1628 4688 .
1663 4630 1850 4697 linquit
1874 4631 2099 4684 sublime
2137 4630 2397 4694 tribunal,
2617 4634 2884 4688 Undarum
2919 4634 3004 4685 tali
3036 4631 3268 4700 quatitur
3294 4632 3584 4685 certamine
3618 4629 3796 4694 tellus,

933 4716 1096 4770 Pal:ia
1130 4717 1410 4771 blattarum
1436 4729 1619 4787 spreto
1639 4719 1899 4774 dilﬂbulat
1931 4735 2084 4796 auro,
2614 4726 2804 4794 Fttqne
2838 4725 2981 4780 lacus
3011 4724 3176 4778 instar
3203 4721 3540 4792 cbmpressus
3571 4722 3817 4776 ﬂuctibus
3839 4735 3952 4774 aer.

936 4807 1118 4862 Serica
1141 4807 1462 4878 despiciens,
1489 4819 1646 4877 atque
1666 4813 1850 4878 aspera
1876 4812 2102 4877 tegmina
2127 4825 2364 4866 sumens.
2613 4816 2721 4870 Nec
2751 4826 2925 4870 tamen
2960 4815 3045 4870 hic
3069 4814 3314 4882 lymphas
3339 4825 3540 4868 tantum
3575 4813 3756 4867 fudere
3777 4825 4008 4879 superna
4026 4851 4042 4878 ,

1005 4900 1074 4950 At
1104 4898 1217 4964 pius
1240 4911 1303 4950 ex
1325 4899 1434 4951 alto
1459 4901 1824 4968 contemplans
1849 4899 1969 4953 talia
1997 4900 2192 4953 ﬂector
2614 4908 2921 4961 Terrestres
2947 4907 3108 4967 etiam
3137 4905 3367 4960 mundus
3393 4905 3664 4968 consurgit
3689 4904 3737 4957 in
3767 4903 3893 4957 iras.

937 4986 1186 5040 Evscrtas
1209 4998 1418 5040 revocat
1440 4988 1638 5041 sedatis
1662 4993 1892 5044 motibus
1918 4991 2041 5054 iras,
2616 4998 2720 5053 Run

2616 4998 2894 5067 Rumpitur
2921 5012 3079 5051 omne
3101 4997 3270 5050 solum
3289 5037 3302 5059 ,
3331 4995 3546 5049 crebros
3574 4994 3704 5048 dant
3729 5009 3853 5046 arva
3884 5001 4116 5058 meatus,

945 5079 1320 5147 Vibi-stumque
1343 5088 1527 5133 tenens
1560 5083 1803 5136 restinxit
1829 5086 2025 5141 missile
2054 5087 2274 5142 fulmen.
2618 5090 2903 5147 Prosiliunt
2934 5088 3106 5143 fontes
3136 5089 3418 5157 ignotaque
3446 5085 3662 5140 ﬂumina
3695 5094 3929 5138 manant.

939 5168 1287 5235 Temporibus
1313 5170 1537 5238 propriis
1566 5171 1742 5239 justus
1767 5176 1844 5228 sic
1867 5179 2106 5232 conditor
2129 5195 2265 5234 arcae
2617 5182 2863 5252 Vergitur
2895 5182 2946 5236 in
2975 5197 3182 5236 sursum
3211 5187 3416 5232 mutato
3452 5177 3686 5244 pondere
3713 5175 3946 5243 nimbus,

940 5257 1140 5312 Securo
1157 5259 1302 5312 solus
1330 5259 1565 5315 timuisse
1598 5264 1826 5331 pericula
1861 5269 2057 5321 mundo
2621 5273 2744 5326 inde
2778 5273 2972 5328 radens
2999 5272 3170 5336 ccelis,
3202 5270 3325 5323 hinc
3356 5271 3513 5322 terris
3543 5269 3773 5336 undique
3793 5281 4042 5337 surgens.

943 5344 1229 5411 Gautlebil,
1263 5349 1421 5401 linem
1445 5355 1669 5414 cunctis,
1695 5353 1795 5408 sibi
1825 5354 1972 5409 ferre
1999 5359 2223 5412 Salutem
2242 5399 2256 5420 ,
2616 5361 2861 5415 Occurrit
2886 5376 3004 5415 mox
3037 5362 3175 5414 unda
3202 5359 3338 5425 sibi,
3368 5357 3655 5427 iunctoque
3683 5356 3861 5411 furore

942 5433 1212 5489 Diversam
1243 5451 1470 5493 cernens
1500 5441 1678 5495 meriti
1703 5443 2010 5500 discrimine
2041 5459 2262 5500 sortem.
2614 5452 2914 5521 (lonjurant
2939 5453 3205 5508 elementa
3238 5451 3390 5514 neci;
3422 5450 3810 5505 transcenditur
3837 5449 4014 5503 omnis

944 5527 1087 5594 Ergo
1109 5527 1192 5580 ubi
1225 5529 1494 5595 silvestres
1517 5548 1645 5586 sexu
1680 5526 1888 5604 collegit
1918 5550 2142 5606 utraque
2619 5542 2880 5612 liiparnm
2909 5543 3062 5597 limes
3092 5542 3285 5607 ﬂuviis,
3317 5549 3477 5608 atque
3501 5539 3654 5595 obice
3679 5547 3832 5607 rupta

947 5617 1266 5690 ltlclusilque
1295 5624 1454 5687 feras,
1482 5626 1738 5693 pecudum
1771 5635 1894 5684 tunc
1918 5631 2067 5697 eligit
2095 5631 2178 5683 illa
2612 5633 2777 5688 vait
2805 5633 2994 5692 laxatis
3019 5633 3320 5687 discurrens
3348 5630 3536 5685 humor
3563 5629 3802 5684 habenis.

944 5711 1186 5779 Sumere,
1207 5730 1320 5782 qua!
1346 5716 1544 5771 licitum
1568 5730 1647 5774 est
1677 5719 1872 5786 mandi,
1895 5723 1973 5776 vel
2001 5723 2193 5777 munda
2232 5730 2506 5786 vocantur,
2614 5722 2718 5778 Sed
2745 5737 2867 5779 cum
2892 5720 3095 5779 dill‘usaa
3123 5720 3348 5794 spatium
3380 5719 3704 5780 concludere
3731 5728 3888 5775 terra:
