4316 6428
245 440 355 496 353

244 558 436 617 Omnia
465 560 773 619 certarent,
806 547 1167 616 mundumque
1196 545 1421 616 implere
1449 559 1701 615 capacem
1724 584 1739 609 ,

246 645 512 717 Suspendi
543 644 724 699 forsan
754 636 923 711 potuit
947 633 1214 691 sententia
1245 634 1409 697 lethi,

243 739 417 806 Atque
448 749 595 788 mora
625 731 826 800 majore
858 726 1026 791 trahi,
1048 740 1157 795 quo
1187 723 1392 778 tardius
1418 738 1632 775 omnem

240 825 557 883 Concedens
581 822 814 893 spatium
845 819 1017 887 rapiat
1044 831 1164 871 sors
1191 815 1376 869 ultima
1407 830 1660 876 ειη-πινιιη

241 919 489 974 Oceanus
514 926 694 970 vertes
725 928 906 967 rerum
938 911 990 964 ni
1022 908 1258 966 fervidus
1284 923 1392 962 uno

238 1007 465 1070 Littore,
490 1020 596 1076 quo
624 1012 831 1059 tantum
865 1012 1036 1055 terras
1057 1010 1217 1068 alque
1241 1012 1455 1069 aequora
1486 996 1684 1066 cingit,

238 1099 459 1161 Eairet,
492 1110 850 1165 rnmpensque
880 1093 1038 1147 iidem
1070 1088 1417 1162 perfunderet
1445 1104 1595 1143 arva.

238 1188 471 1257 Dissipat
490 1198 721 1243 aeternas
750 1184 918 1253 leges,
944 1194 998 1238 et
1028 1182 1156 1236 sede
1177 1181 1364 1236 relicta

236 1281 420 1353 Regna
448 1282 618 1337 aliena
650 1288 835 1348 petens
862 1289 1068 1331 natura:
1098 1274 1298 1331 hedera
1334 1273 1539 1328 turbat.

309 1372 375 1428 Ut
402 1371 549 1426 diros
580 1367 809 1437 primum
841 1366 1012 1436 pelagi
1043 1379 1264 1421 sensere
1295 1366 1508 1418 furores

234 1458 472 1517 Illustres
501 1460 676 1524 lluvii,
709 1472 927 1526 magnos
952 1471 1087 1526 quos
1119 1455 1317 1525 inclyta
1345 1450 1506 1524 cursu

234 1554 395 1608 Fama
425 1552 621 1619 refert,
653 1562 937 1621 motusque
966 1562 1135 1603 novos
1160 1558 1414 1617 stupuere
1442 1559 1751 1614 parumper,

233 1642 302 1700 Ut
329 1644 522 1701 credas
545 1643 789 1712 sapuisse
819 1642 1031 1711 fugam,
1060 1640 1140 1695 sic
1168 1654 1321 1693 versa
1349 1648 1642 1695 retrorsum

234 1736 332 1791 l’er
363 1749 534 1793 terras
562 1746 819 1805 spargunt
851 1735 1060 1788 sublata
1092 1732 1365 1787 volumine
1398 1742 1581 1799 ponto.

231 1827 534 1897 Insequitur
557 1836 734 1882 tamen
764 1824 1031 1888 Oceanus,
1056 1822 1364 1891 refugisque
1392 1822 1608 1876 liuentis

231 1918 513 1981 imminet,
539 1928 592 1971 et
618 1914 776 1969 salsis
806 1912 1033 1982 impellit
1063 1910 1295 1965 molibus
1317 1925 1525 1963 amnes.

229 2011 381 2064 Tunc
411 2009 581 2077 major
606 2006 833 2075 strepitu
862 2015 1008 2058 tanto
1036 2002 1351 2057 mortalibus
1378 2001 1539 2070 :egris

230 2101 314 2156 Fit
345 2107 539 2165 metus,
566 2096 865 2152 ascendunt
892 2104 1085 2158 turres,
1111 2105 1164 2147 et
1197 2092 1342 2146 celsa
1372 2091 1656 2145 domorum

228 2188 472 2245 Culmina
492 2230 506 2252 ,
542 2196 970 2257 prmsentemque
994 2182 1148 2253 juvat
1174 2183 1256 2236 vel
1283 2192 1523 2250 tempore
1554 2192 1715 2250 parvo

227 2280 318 2340 Sic
345 2278 558 2335 ditl‘erre
588 2291 771 2332 necem
797 2294 812 2330 :
846 2275 1044 2329 multos
1068 2273 1197 2328 dum
1223 2273 1487 2329 seandere
1510 2282 1718 2327 tentant

227 2371 487 2426 Crestens
514 2368 654 2421 unda
688 2367 888 2429 trahit,
916 2365 1175 2435 quosdam
1206 2374 1458 2417 montana
1486 2373 1730 2433 petentes

226 2456 608 2526 Consequitur,
637 2457 885 2525 lethoqne
916 2454 1092 2525 fugam
1122 2454 1413 2524 deprendit
1436 2456 1671 2511 inanem.

226 2550 327 2603 Ast
352 2549 443 2611 alii
472 2547 630 2617 longe
654 2546 922 2616 jactantes
939 2548 1181 2601 membra
1211 2553 1416 2612 natatu,

225 2638 431 2693 Defessi
459 2639 733 2707 exspirant
757 2638 990 2701 animas,
1012 2644 1104 2690 aut
1129 2634 1366 2704 pondere
1396 2633 1561 2688 nimbi

224 2729 427 2782 Obruta
459 2728 739 2782 ﬂumineas
760 2728 1050 2781 commixta
1079 2740 1175 2795 per
1208 2738 1428 2795 a‘quora
1462 2725 1711 2795 lympnas

227 2818 283 2872 ln
312 2831 631 2887 quocunque
662 2817 848 2870 bibunt
877 2816 1155 2871 morientia
1181 2831 1407 2884 corpora
1431 2823 1634 2869 monte.

227 2907 459 2963 ﬁdibus
487 2908 732 2975 impulsis
756 2908 844 2960 alii
879 2906 1087 2975 periere
1118 2908 1305 2973 ruina,

225 3000 391 3068 Inque
424 2999 594 3053 uzzdas
621 3013 817 3052 venere
839 2997 998 3050 simul
1020 2997 1333 3065 dominique
1361 2996 1679 3063 domusque.

226 3092 273 3144 lt
303 3092 482 3159 fragor
502 3089 555 3144 in
585 3090 779 3144 uelum
806 3088 983 3142 senitu
1012 3088 1271 3141 collectus
1294 3089 1363 3141 ab
1388 3087 1566 3152 omni’,

224 3180 748 3248 Quadrupedumque
769 3190 960 3247 greges
983 3178 1212 3231 humana
1237 3178 1289 3229 iu
1314 3186 1487 3230 morte
1507 3176 1816 3243 cadentum,

225 3277 437 3339 Augent
465 3271 716 3323 confusos
743 3278 1004 3335 permixta
1037 3281 1167 3324 vince
1190 3270 1469 3324 tumultus.

227 3363 353 3416 lla-c
375 3364 515 3415 inter
542 3362 721 3416 miseri
744 3360 1008 3417 ferventia
1044 3364 1230 3417 funera
1261 3362 1468 3429 mundi,

225 3451 525 3523 Praegravis
554 3453 759 3508 insanis
787 3455 1027 3523 pulsatur
1054 3453 1288 3509 motibus
1309 3470 1452 3521 arca,

224 3544 630 3613 Compagcsque
661 3555 915 3608 tremunt,
945 3544 1451 3614 Stridensjunctura
1480 3546 1705 3603 laborat.

224 3634 340 3689 Non
371 3644 547 3689 tamen
585 3636 914 3690 obstructum
947 3646 1193 3706 penetrat
1223 3637 1306 3689 vis
1333 3637 1576 3706 improba
1602 3678 1616 3701 ,
1649 3650 1818 3705 quan-

1566 3728 1747 3799 {quam

227 3816 510 3877 Verba-ret.
544 3827 597 3872 ct
623 3818 848 3872 solidam
876 3820 1038 3873 ﬂuctu
1068 3820 1295 3876 ferieme
1322 3823 1525 3890 fatiget.

296 3911 411 3965 Non
437 3912 596 3966 aliter
624 3913 841 3967 crebras
872 3913 961 3967 ECt
982 3914 1109 3969 lesia
1142 3930 1266 3967 vera
1301 3917 1565 3983 procellas

223 4003 484 4067 Sustinet,
510 4013 565 4056 et
588 4005 746 4058 saevis
773 4006 849 4059 sic
880 4000 1019 4059 nunc
1045 4014 1270 4060 vexatur
1293 4006 1361 4059 ab
1391 4007 1567 4061 undis.

223 4094 358 4148 lliuc
388 4096 605 4163 gentilis
636 4097 742 4163 agit
774 4096 1005 4149 tumidos
1036 4098 1152 4151 sine
1181 4113 1331 4151 more
1360 4098 1591 4164 furores,

223 4184 358 4249 llinc
396 4186 577 4238 Judn-a
610 4186 811 4251 fremit,
840 4187 1132 4256 rabidoque
1156 4190 1378 4241 illiditur
1407 4204 1524 4253 ore,

225 4274 483 4329 l’iovncat
516 4278 637 4331 inite
659 4279 841 4331 furens
874 4278 1137 4331 hatresum
1174 4294 1368 4333 vesana
1398 4278 1735 4351 Charybdis;

224 4367 451 4435 Tui-gula
484 4370 766 4422 Graiorum
798 4370 1054 4435 sapientia
1084 4371 1551 4439 PlIlIOsopllttl‘lltll,

224 4462 365 4512 lntcr
397 4474 453 4511 se
484 4472 573 4508 lttx:
598 4460 715 4511 idos
746 4460 942 4528 gaudet
971 4464 1307 4516 committere
1336 4464 1546 4519 lluctus.

223 4552 493 4615 tililoquiis
529 4566 691 4601 sanos
719 4552 934 4603 Sul'ilant
967 4552 1241 4607 mendacia
1277 4566 1483 4620 ventus,

222 4643 326 4697 Sed
357 4644 589 4696 clausmn
616 4657 780 4696 vacuo
809 4643 1021 4711 pulsant
1048 4645 1266 4714 impune
1297 4648 1508 4702 latratu.

290 4734 405 4787 .lain
432 4736 665 4788 tuentium
695 4750 944 4790 crescens
975 4741 1129 4791 Area:
1161 4750 1477 4794 contexerat
1501 4744 1661 4811 unda,

222 4829 467 4880 tlimmzox
486 4829 627 4894 itque
648 4841 831 4879 cavam
862 4829 1197 4899 smpendens
1219 4833 1453 4901 undique
1482 4841 1676 4891 moiem

224 4920 289 4970 Et
321 4920 442 4970 nteii
468 4934 509 4971 ιε
536 4928 703 4971 tutum
734 4917 875 4972 facili
908 4930 1150 4987 portante
1178 4933 1384 4990 natazu,

221 5010 441 5075 Quoque
474 5018 661 5061 vocant
687 5011 875 5074 undat,
906 5012 1146 5079 sequitur
1168 5012 1278 5081 jam
1312 5016 1508 5070 mobile
1540 5018 1767 5085 pondus.

220 5101 263 5153 C
285 5100 486 5151 damus
518 5100 740 5165 mundo,
770 5102 899 5155 dum
928 5100 1209 5157 ducimur:
1236 5120 1395 5160 omne
1426 5110 1707 5174 resistens,

219 5194 276 5245 3i
302 5193 436 5244 “Ct'll
469 5208 575 5245 llCSi
600 5194 657 5256 it,
692 5203 892 5246 metuat
918 5194 1001 5247 vel
1033 5195 1270 5263 pondere
1302 5197 1335 5249 fi
1350 5200 1498 5267 angi.

222 5287 324 5337 Sed
361 5285 403 5337 si
435 5286 708 5347 cedamus,
738 5286 938 5338 [luxum
972 5301 1038 5340 ne
1064 5290 1264 5341 sentiat
1293 5291 1457 5355 intus,

221 5377 571 5429 l‘cm'utsiime
601 5376 770 5428 Italiat
802 5392 951 5429 tuens
985 5379 1405 5447 impenetrabilis
1432 5384 1621 5439 ullum.

222 5468 444 5534 ,‘fnwgat
470 5465 927 5520 ititemaclaustro
958 5471 1277 5524 ('OllllltlSMlS
1305 5474 1455 5526 cuuti

221 5561 248 5612 ιι
267 5577 362 5611 nus
395 5560 537 5619 vitat;
565 5568 845 5626 servatque
870 5561 1052 5613 furens
1074 5576 1236 5629 super
1256 5566 1433 5619 omnia
1469 5579 1663 5635 pontus

218 5650 373 5702 (libis
408 5651 732 5713 (ἔειιυσίἱιιιιι,
767 5652 869 5701 ίΞιΙιι
901 5654 1038 5717 quod
1075 5655 1304 5722 tegmine
1335 5670 1564 5727 promat,

219 5746 349 5795 Cum
383 5758 477 5808 pax
517 5754 526 5791 ί
574 5760 777 5795 uarum
805 5746 950 5797 reddi
978 5748 1073 5799 sibi
1108 5748 1286 5803 debita
1315 5767 1516 5819 poscet.

285 5837 428 5904 Ergo
455 5838 599 5889 ibant
632 5836 801 5893 unda).
840 5840 992 5892 tellus
1025 5840 1344 5896 Slllllitf‘tl'li‘
1374 5851 1543 5901 emis

1430 428 1809 487 ΡΟΕΜΑΊὌΜ
1848 427 2055 484 LIBER
2102 430 2189 486 ιγ.

1867 546 1918 603 Δ
1946 542 2185 599 Collibus
2206 544 2470 613 impositte
2496 544 2741 601 vicerunt
2768 546 2910 600 edita
2944 544 3197 617 lymphae.

1949 636 2162 690 Delituit
2188 646 2361 691 tectus
2391 646 2560 709 ponto
2587 648 2699 693 tum
2726 638 2919 708 pinifer
2947 638 3152 702 Othris,

1944 725 2195 781 Parnassi
2230 738 2411 783 vertex
2442 738 2652 785 cautem
2685 746 2793 784 non
2823 728 3058 798 protulit‘
3072 730 3261 795 altam,
3317 787 3324 793 _

1951 816 2066 877 Ipsa
2091 816 2435 883 cupressiferi
2463 817 2734 894 latuerunt
2762 834 2890 873 saxa
2921 819 3120 889 Lycei,

1940 904 2230 961 Subducta:
2261 923 2443 977 rupes,
2468 902 2695 980 aequatae.
2721 910 2973 964 ﬂuctibus
2993 912 3181 979 Alpes.

1892 1052 1894 1054 τ
1937 994 2200 1051 Omnibus
2225 999 2464 1054 exclusis
2490 1008 2636 1054 totus
2662 1001 2774 1068 jam
2804 999 3041 1070 denique
3070 1000 3305 1055 mundus

1939 1085 2068 1139 Axis
2093 1096 2147 1141 et
2179 1088 2318 1142 unda
2350 1087 2467 1143 fuit.
2495 1089 2629 1143 Nam
2660 1090 2872 1145 cunctis
2897 1100 3074 1145 morte
3092 1092 3331 1145 subactis

1934 1175 2252 1247 Regnabant
2282 1181 2453 1247 pelagi
2484 1180 2688 1235 silvoso
2718 1180 2772 1236 in
2799 1182 3011 1253 gurgite
3042 1190 3303 1236 monstra.

1934 1266 2000 1321 Et
2022 1266 2131 1334 jam
2162 1269 2399 1324 vicinum
2429 1270 2715 1339 pulsabant
2743 1271 2960 1327 humida
2992 1272 3214 1336 celum,

1932 1359 2160 1429 Jamque
2183 1370 2375 1430 quater
2400 1359 2560 1416 denis
2589 1360 2844 1415 manabat
2872 1363 3123 1419 noctibus
3154 1361 3349 1421 imber.

1930 1448 2348 1521 Compleratqne
2376 1465 2587 1514 necem,
2613 1452 2843 1521 neejam
2867 1453 3011 1523 quod
3044 1453 3257 1513 tolleret
3291 1453 3432 1508 ultra

1932 1540 2080 1596 Mors
2105 1542 2311 1608 habuit,
2337 1544 2635 1613 pressitque
2657 1544 2893 1599 natantia
2918 1544 3107 1599 funera
3130 1553 3351 1614 pontus.

1932 1630 2242 1688 Frenantur
2265 1634 2483 1691 tandem
2517 1635 2734 1705 pluviae,
2768 1635 3108 1706 respleuduit
3134 1636 3329 1701 aether,

1932 1723 2197 1779 Redditur
2222 1736 2279 1781 et
2305 1728 2458 1782 ccelis
2478 1727 2681 1782 vultus.
2715 1728 2809 1783 Sol
2840 1727 2957 1796 ipse
2983 1726 3265 1792 reductus,

1929 1813 2037 1870 Sed
2068 1832 2174 1870 non
2206 1817 2443 1873 inventis
2471 1819 2627 1888 queis
2654 1818 2845 1874 reddat
2870 1819 3076 1873 lumina
3102 1819 3287 1882 terris,

1855 1902 1905 1963 Β
1933 1904 2160 1962 Tantum
2193 1907 2329 1964 luxit
2355 1910 2515 1980 aquis
2540 1926 2556 1965 :
2590 1911 2758 1966 tristis
2778 1910 2926 1965 videt
2946 1922 3168 1980 equora
3193 1908 3392 1979 fulgor,

1927 1996 2206 2067 Quamque
2238 2000 2429 2055 breves
2454 2000 2638 2054 radios
2659 2000 2906 2055 admotas
2937 1999 3134 2070 frangit
3156 1999 3211 2053 in
3235 1999 3429 2063 undas,

1929 2084 2058 2140 Tam
2083 2089 2468 2145 consumendis
2492 2090 2714 2146 fervens
2739 2104 2803 2145 ac
2836 2092 3117 2158 proximus
3147 2091 3333 2145 instat.

1927 2178 2036 2234 Nec
2067 2179 2246 2235 minus
2274 2190 2330 2234 et
2361 2182 2525 2251 patuli
2551 2189 2713 2236 terra
2739 2182 3071 2237 clauduntur
3097 2180 3294 2247 hiatus,

1925 2272 2165 2339 uereque
2191 2274 2338 2340 prius
2362 2272 2573 2327 vomuit
2605 2272 2791 2328 lethali
2813 2288 2880 2328 ex
2911 2288 3011 2329 ore
3041 2272 3267 2341 ﬂuenta,

1926 2364 2182 2419 Obicibus
2212 2366 2443 2437 propriis
2468 2367 2769 2421 constricta
2791 2366 3039 2421 resorbet
3068 2367 3321 2437 abyssus.

1926 2451 2034 2507 Nec
2058 2466 2235 2509 tamvn
2264 2468 2323 2511 ut
2342 2457 2510 2525 venit,
2545 2458 2783 2513 breviter
2812 2458 2891 2512 sie
2923 2456 3065 2511 unda
3094 2457 3330 2519 recedit;

1924 2545 2144 2601 Siccaut
2174 2564 2279 2602 non
2306 2551 2457 2615 pauci
2484 2552 2645 2619 longe
2671 2549 2768 2605 sed
2804 2557 3052 2621 tempore
3082 2562 3323 2613 menses,

1924 2638 2079 2707 Quod
2114 2640 2267 2708 pauci
2293 2638 2479 2695 fudere
2509 2640 2630 2695 dies
2656 2657 2671 2695 :
2698 2640 2811 2710 jam
2842 2639 3002 2694 ducta
3028 2649 3212 2695 natatu

1926 2731 2199 2785 Armeniae
2226 2730 2388 2785 celsis
2419 2730 2654 2785 instabat
2683 2731 2958 2785 montibus
2986 2745 3137 2794 arca,

1929 2820 1993 2875 Et
2018 2821 2257 2876 nondum
2281 2822 2438 2877 nudis
2471 2821 2635 2876 fundo
2665 2824 2915 2877 consedit
2940 2823 2992 2876 in
3020 2823 3184 2876 arvis.

2001 2914 2067 2970 Ut
2097 2916 2347 2969 Stahilem
2376 2914 2547 2970 sensit
2572 2916 2776 2981 senior,
2814 2926 3071 2985 motuque
3096 2924 3400 2983 carentem,

1926 3003 2035 3058 Nec
2063 3005 2276 3060 fluitare
2304 3017 2495 3060 natans
2522 3015 2745 3061 ventosa
2784 3022 2879 3076 per
2906 3021 3125 3076 aequora
3158 3007 3385 3076 lignum,

1918 3098 2164 3152 Credidit
2190 3096 2447 3151 abductis
2480 3096 2716 3151 nituisse
2745 3098 3055 3165 liquoribus
3093 3100 3318 3152 orbem:

1920 3188 2074 3242 Tunc
2106 3196 2313 3243 reserat
2346 3202 2620 3243 summam
2650 3188 2875 3243 sublimi
2909 3203 2939 3242 a
2974 3187 3158 3246 fronte
3193 3190 3512 3255 fenestram,

1846 3266 1895 3331 ε
1927 3284 2133 3340 Emissa
2159 3285 2358 3341 relluos
2383 3286 2627 3356 exploret
2655 3296 2715 3342 ut
2740 3288 2870 3343 alite
2896 3287 3116 3348 fluctus.

1926 3376 2020 3429 Illa
2046 3375 2235 3429 volans
2262 3376 2424 3445 longo
2448 3376 2759 3431 diverberat
2782 3392 2908 3433 aera
2937 3382 3149 3448 plausu,

1926 3469 2101 3535 Atque
2128 3468 2297 3537 quatit
2330 3482 2531 3523 vacuas
2556 3483 2857 3539 pennarum
2889 3471 3126 3525 motibus
3152 3486 3333 3539 auras,

1928 3558 2171 3627 Cumque
2198 3558 2292 3614 diu
2324 3560 2479 3616 fessis
2511 3560 2683 3615 undas
2712 3562 3099 3633 penu-ingeret
3127 3566 3252 3628 alis,

1934 3647 2044 3703 Nec
2074 3649 2227 3704 locus
2256 3658 2495 3719 optatam
2528 3652 2769 3721 requiem
2799 3654 3125 3709 concederet
3154 3656 3314 3721 ullus,

1920 3739 2249 3796 Consuetum
2280 3744 2474 3812 repetit
2503 3752 2788 3814 prospecto
2812 3759 2877 3799 ex
2901 3760 3121 3816 aequore
3146 3747 3465 3806 claustrum.

1925 3831 2223 3901 Exceptam
2252 3835 2438 3889 senior
2467 3835 2715 3890 manibus
2748 3846 2874 3891 tunc
2904 3838 3109 3908 Colligit
3136 3840 3302 3905 intus,

1921 3921 2221 3977 Advertens
2249 3926 2425 3978 nullas
2456 3926 2694 3994 patuisse
2720 3942 2816 3994 per
2838 3929 3055 3981 humida
3082 3940 3275 3987 terras.

1992 4012 2200 4067 Interea
2230 4028 2417 4084 magna
2453 4024 2647 4084 pontus
2675 4030 2737 4069 se
2763 4016 2906 4071 mole
2935 4019 3205 4072 movendo

1920 4101 1976 4156 lu
2008 4103 2175 4158 chaos
2206 4108 2483 4174 antiquum
2517 4108 2765 4175 linquens
2792 4110 3063 4162 mundana
3096 4111 3321 4166 redibat.

1922 4194 2132 4250 Excelsi
2164 4197 2378 4250 tandem
2410 4198 2654 4265 proferre
2683 4200 2960 4259 cacumina
2988 4204 3223 4270 primum

1919 4286 2203 4355 Incipiunt,
2232 4298 2350 4356 post
2379 4303 2516 4357 quos
2547 4299 2735 4343 tenues
2763 4291 3114 4347 crebrescere
3143 4308 3379 4352 munra-3,

1919 4380 1987 4429 At
2013 4392 2143 4430 vero
2172 4385 2229 4431 ut
2252 4379 2471 4447 pelagus
2497 4379 2779 4433 cinxerunt
2812 4381 2992 4435 littora
3026 4385 3284 4452 priscum,

1916 4468 2270 4538 Oceanusque
2293 4485 2464 4533 sacer,
2496 4483 2649 4525 notas
2679 4473 2941 4527 COiit'ClllS
2964 4476 3015 4528 in
3044 4490 3194 4545 oras,

1916 4560 2211 4614 Contentus
2237 4563 2395 4614 solito
2421 4560 2652 4614 labentia
2686 4562 2907 4617 ﬂumina
2935 4575 3113 4620 tractu

1835 4635 1891 4695 D
1918 4650 2157 4719 Sorbuit,
2192 4660 2246 4705 ct
2274 4655 2482 4706 cunctis
2505 4655 2750 4707 distinxit
2780 4657 2926 4709 trcna
2956 4658 3195 4722 liuentis,

1920 4741 2321 4812 Torrentesque
2350 4757 2463 4798 sua:
2487 4744 2799 4801 clauserunt
2824 4749 3060 4819 undique
3090 4751 3272 4818 fossa",

1921 4831 2109 4889 Libera
2132 4834 2412 4889 subductis
2436 4837 2712 4892 nituerunt
2731 4839 2879 4893 arida
2910 4843 3162 4912 lymphis.

1924 4925 2070 4982 Tunc
2100 4931 2417 4999 interposito
2447 4932 2751 5001 producens
2782 4942 3026 5005 tempore
3053 4952 3299 5004 corvum,

1918 5018 2072 5076 Scire
2097 5023 2245 5089 cupit
2272 5023 2477 5087 senior,
2508 5040 2846 5095 vacuumque
2876 5027 3173 5097 interrogat
3197 5035 3277 5086 ori
3298 5047 3404 5087 eiu.

1920 5111 2047 5165 Ales
2076 5123 2129 5165 ιιι
2161 5122 2263 5166 exh
2288 5117 2398 5167 usis
2428 5114 2654 5169 nitidum
2682 5116 2814 5185 petit
2835 5134 2959 5171 aera
2990 5122 3200 5187 pennis,

1916 5203 2203 5270 Aspicicns
2233 5207 2404 5273 plenis
2430 5207 2621 5274 stipata
2655 5209 2914 5263 cadaicra
2940 5213 3117 5273 terris,

1914 5294 2177 5353 Cornibus
2207 5299 2541 5365 incumbens,
2567 5313 2618 5356 ct
2654 5320 2773 5357 mox
2811 5306 2971 5359 oblita
3004 5310 3226 5373 reverti,

1918 5388 2201 5443 Rectorem
2232 5392 2497 5458 placidum
2524 5398 2797 5449 communi
2827 5412 2876 5448 ιιι
2905 5399 3033 5452 sede
3058 5401 3293 5469 reliquit.

1915 5480 2005 5535 Sic
2032 5488 2232 5550 neseis,
2260 5485 2467 5554 iudice,
2505 5489 2663 5544 tidem
2695 5486 2910 5545 servare
2944 5494 3221 5562 magistro,

1913 5572 2001 5625 Sic
2023 5588 2239 5627 carnem
2268 5576 2521 5633 dimissus
2551 5597 2721 5642 amas.
2750 5584 2828 5638 sic
2858 5588 3028 5652 gratia
3064 5604 3333 5658 nunquam

1914 5664 2131 5719 Custodi
2162 5671 2282 5722 vitie
2314 5672 2646 5744 Dominoque
2674 5680 2988 5744 repeniluur
3020 5681 3148 5735 ulla.

1917 5758 2091 5812 λιυιιιθ
2118 5776 2244 5830 vaga
2278 5765 2355 5817 sic
2385 5766 2536 5821 laxus
2556 5770 2694 5835 aillS,
2725 5772 2802 5823 sic
2831 5772 3031 5826 hedera
3058 5776 3188 5842 legis

1916 5850 2143 5920 “Upis”,
2176 5862 2229 5909 et
2257 5855 2483 5924 primum
2508 5860 2742 5930 violasti,
2778 5864 3003 5933 parti-le,
3039 5876 3279 5933 pactum.
