4316 6424
865 420 967 475 555
2127 409 2184 464 S.
2229 407 2407 463 AVITI
2449 404 2848 461 VlENNl-LNSIS
4003 407 4110 462 356

931 528 1208 596 Temporis
1237 537 1294 582 ut
1322 529 1490 596 spatio
1519 525 1696 580 senior
1723 523 1932 592 callegit
1959 523 2188 575 inertem

865 622 978 676 iam
1001 620 1237 689 potuisse
1257 619 1385 672 satis
1415 631 1627 670 corvum
1658 630 1715 668 se
1744 614 1965 667 reddere
1986 612 2258 672 claustris,

865 712 1079 779 Ignarus
1102 709 1235 762 tardi
1261 708 1480 767 reditus,
1513 719 1792 771 catrsmqtte
1824 701 2089 765 morandi,

862 800 940 853 Ne
967 800 1075 852 fors
1103 798 1302 852 innexis
1324 795 1519 848 fessum
1543 792 1930 859 consumpserit
1956 791 2078 852 aiis.

863 887 1106 941 Junxerit
1134 893 1186 937 et
1209 882 1412 936 Cunctis
1438 880 1777 948 pereuntibus
1805 880 1944 932 unda
1971 891 2296 932 recurrens:

866 977 1113 1028 f‘rOIintts
1138 971 1402 1024 albentem
1435 970 1593 1021 mittit
1623 969 1689 1023 de
1716 971 1840 1022 sede
1863 968 2188 1022 columbam.

863 1065 949 1116 illa
973 1061 1322 1129 memorjuSsi
1357 1061 1540 1128 rapido
1567 1061 1696 1128 petit
1723 1073 1848 1113 arva
1876 1060 2078 1120 volatu.

861 1148 1218 1219 Paciferzeque
1243 1150 1432 1227 videns
1460 1163 1662 1202 ramum
1689 1149 1967 1202 viridantis
1993 1147 2168 1209 olivze,

860 1241 1127 1309 Decerptt,
1155 1241 1376 1309 mitique
1410 1240 1572 1294 refert
1599 1241 1662 1291 ad
1692 1240 1900 1292 condita
1927 1251 2120 1292 r05tro.

858 1328 976 1383 Tali
1005 1330 1206 1399 legatus
1234 1328 1458 1382 ﬁrmavit
1491 1327 1693 1381 ftedera
1715 1326 1936 1393 simplex

862 1418 1085 1484 indicio,
1121 1433 1412 1487 purumque
1446 1418 1564 1486 pius
1593 1417 1669 1469 sic
1689 1415 1948 1482 comperit
1974 1415 2182 1468 orbem.

935 1509 1142 1577 integer
1169 1523 1438 1562 emensum
1471 1507 1708 1560 vertebat
1734 1505 1969 1558 circinus
1991 1518 2216 1567 annum,

858 1599 975 1670 Otto
1005 1599 1124 1652 felix
1144 1600 1426 1651 claustrum
1456 1597 1706 1665 spirantia
1736 1606 1922 1649 cuncta
1958 1594 2212 1656 tenebat,

857 1695 988 1748 Tum
1017 1707 1164 1762 pater
1183 1688 1370 1740 ablatis
1400 1689 1623 1742 obducta
1648 1688 1897 1756 repagula
1926 1688 2092 1738 serris

858 1782 1064 1846 Pandit,
1088 1792 1141 1837 et
1163 1781 1380 1838 inclusis
1404 1777 1674 1830 desuetum
1704 1777 1794 1829 red
1820 1779 1925 1828 iere
1956 1778 2121 1828 solem

855 1873 1064 1942 Incipit,
1091 1873 1249 1927 eifeto
1281 1873 1498 1926 redeant
1527 1876 1579 1926 nl
1609 1868 1811 1924 semina
1847 1867 2066 1917 mundo.

855 1964 993 2020 Ante
1017 1971 1192 2016 tamen
1221 1964 1401 2017 Justus
1428 1965 1610 2030 jubeat
1640 1977 1798 2031 quam
1830 1971 2012 2024 sparsa
2047 1955 2248 2023 vagari,

855 2055 1071 2125 Singula
1103 2056 1169 2112 de
1197 2065 1420 2123 septem,
1446 2070 1561 2122 quae
1586 2054 1783 2107 dudum
1814 2050 2063 2107 claudere
2093 2045 2284 2098 munda

854 2150 1092 2212 Curavil,
1122 2151 1258 2203 natis
1283 2149 1496 2217 pariter,
1528 2148 1851 2212 nuribusque
1884 2147 2102 2207 micatis,

853 2239 1067 2305 Cespite
1097 2247 1397 2291 constructa
1428 2236 1716 2303 disponens
1745 2235 1983 2286 immolat
2005 2247 2120 2295 ara,

855 2329 914 2381 At
933 2326 1168 2381 cendens
1188 2334 1403 2379 sanctos
1428 2324 1510 2378 bis
1541 2323 1766 2390 primum
1798 2321 2054 2374 altaribus
2083 2321 2251 2388 ignes.

857 2414 1088 2469 Plurima
1112 2413 1237 2468 dum
1268 2413 1473 2482 magnis
1501 2413 1782 2466 adolentur
1802 2425 2026 2481 corpora
2056 2410 2283 2464 ﬂammis

857 2506 923 2560 Et
953 2521 1236 2560 numerosa
1267 2507 1405 2560 levat
1431 2506 1789 2575 prmpingttem
1816 2506 2025 2558 victima
2055 2501 2288 2568 fumum;

853 2596 1047 2653 Suavis
1065 2598 1199 2652 odor
1225 2597 1414 2651 latum
1439 2597 1606 2666 tetigit
1634 2608 1778 2651 trans
1802 2597 1999 2650 aethera
2029 2597 2248 2659 cmlum,

857 2688 1138 2757 Primaque
1165 2689 1374 2758 purgati
1395 2696 1639 2755 suscepta
1670 2697 1750 2742 est
1783 2688 1952 2741 hostia
1978 2687 2182 2742 mundi.

854 2777 1004 2851 Tune
1029 2777 1136 2846 igni
1166 2777 1425 2844 permixta
1455 2791 1607 2829 sacro
1636 2792 1734 2829 vox
1769 2778 1973 2830 intonat
1997 2777 2116 2830 ista.

854 2865 1120 2921 iiactenus
1141 2864 1370 2919 infectus
1392 2865 1635 2935 contagia
1667 2865 1888 2919 traxerit
1913 2867 2079 2926 orbis.

854 2954 1097 3011 Sufﬁciat
1125 2970 1377 3025 regnasse
1407 2956 1574 3020 nefas,
1605 2957 1856 3010 mundata
1881 2957 2106 3010 lavando

857 3044 1119 3113 Perpetuo
1146 3046 1311 3098 niteat
1343 3045 1520 3109 tellus,
1554 3047 1834 3114 vultusque
1859 3045 2110 3101 reductos

857 3132 1171 3192 Contineant
1196 3134 1454 3188 elementa
1484 3148 1610 3189 suos
1635 3151 1647 3185 :
1682 3133 1819 3188 haud
1847 3136 2076 3202 amplius
2102 3134 2225 3190 ullis

858 3221 1170 3279 Perturbata
1197 3223 1348 3276 malis
1371 3223 1538 3277 moles
1561 3223 1826 3276 mundana
1845 3225 2073 3278 fatiscat.

859 3310 971 3368 Vos
993 3325 1227 3381 quoque,
1255 3326 1388 3380 quos
1416 3311 1545 3367 letbi
1572 3311 1792 3367 saivavit
1830 3321 2068 3382 tempore
2095 3314 2222 3378 vita,

858 3401 1195 3471 intactosque
1222 3410 1410 3456 tenens
1439 3415 1563 3456 casu
1589 3401 1823 3457 defendit
1850 3403 1920 3457 ab
1947 3403 2115 3469 omni,

861 3489 1043 3548 Ducite
1069 3506 1313 3547 securum
1341 3494 1567 3547 servatis
1593 3489 1798 3562 legibus
1826 3509 1993 3548 ternm
2018 3510 2035 3548 :

863 3581 1074 3650 Vosque
1099 3592 1255 3650 caput
1275 3581 1486 3651 generis
1515 3581 1739 3637 fecundo
1767 3584 1972 3639 semine
2002 3584 2202 3654 prolem

861 3669 1127 3740 Spargite,
1155 3669 1404 3724 diﬂusum
1426 3671 1530 3725 late
1556 3687 1675 3740 quas
1701 3673 1964 3742 compleat
1987 3673 2198 3737 orbem,

861 3758 1104 3814 Deletum
1132 3758 1394 3828 instauret
1420 3763 1719 3824 numerum,
1751 3761 2052 3817 dominetur
2074 3773 2126 3817 et
2150 3762 2290 3818 orbi.

861 3845 1061 3905 Fertile
1084 3849 1213 3918 quin
1235 3849 1395 3903 etiam
1419 3848 1642 3902 reddent
1671 3850 1959 3905 animantia
1987 3865 2229 3921 germen,

860 3936 1010 4005 Quod
1031 3946 1207 3993 tamen
1235 3936 1482 3992 inflexum
1515 3937 1856 3993 famniabitur
1883 3939 2072 3994 ordine
2096 3943 2273 4011 prisco
2301 3959 2314 3995 :

863 4028 1085 4095 Insuper
1105 4035 1161 4081 et
1182 4027 1338 4080 terris
1364 4041 1428 4079 ex
1452 4027 1554 4081 hoc
1577 4027 1686 4094 jam
1708 4043 1811 4082 non
1835 4029 1933 4083 erit
1956 4028 2102 4084 ultra‘

866 4114 1127 4170 Diluvium
1154 4127 1402 4184 regnans,
1431 4128 1646 4169 carnem
1688 4116 1828 4185 quod
1857 4125 2102 4172 conterat
2124 4132 2359 4175 omnem.

868 4203 1040 4260 linum
1065 4203 1205 4272 quod
1237 4202 1420 4266 fuerit,
1447 4203 1600 4272 signo
1625 4207 2009 4261 monstrabitur
2033 4221 2158 4262 uno.

865 4293 972 4350 Nec
999 4294 1226 4349 similem
1257 4299 1478 4364 repetita
1505 4307 1688 4350 necem
1721 4305 1935 4365 peccata
1964 4297 2252 4366 videbunt;

2460 519 2508 576 Α
2543 516 2606 570 Ει
2633 519 2676 569 si
2699 519 2897 570 crimen
2929 513 3050 576 erit,
3085 522 3257 568 terror
3282 527 3388 568 non
3414 511 3618 569 deferet
3643 515 3794 569 alter.

2537 607 2622 659 Sic
2654 621 2814 658 unum
2842 604 3048 674 genitor
3061 604 3248 671 jnrans
3271 603 3530 671 baptisma
3559 604 3828 663 sacrabat.

2543 694 2610 750 Ut
2633 695 2796 749 semel
2824 693 3062 748 ablutum
3093 695 3323 764 lymphis
3345 694 3693 764 purgantibus
3717 694 3928 761 orbem,

2535 785 2626 842 Sic
2651 803 2867 856 sperare
2897 799 3020 841 reos
3049 788 3318 840 lavacrum
3351 801 3457 839 non
3495 799 3653 854 posse
3679 787 3973 839 secundum

2607 875 2700 928 Vix
2733 874 2900 928 tribus
2929 877 3131 930 exactis
3151 874 3269 928 cmii
3295 875 3402 942 jam
3432 875 3669 940 pattibus
3697 875 3806 929 ibat

2537 965 2738 1018 Pronus
2769 964 2820 1017 in
2851 977 3096 1017 occasum
3125 963 3328 1025 radius,
3350 978 3470 1017 cum
3505 963 3643 1018 forte
3665 973 3922 1018 remotam

2535 1060 2649 1110 Axe
2677 1055 2775 1109 sub
2801 1069 2900 1109 eoo
2918 1055 3096 1122 jussus
3123 1054 3432 1117 cantingere
3452 1054 3646 1110 nubem
3663 1093 3679 1115 .

2534 1141 2760 1198 Protulit
2780 1155 3064 1198 excussum
3099 1144 3395 1198 madefacto
3423 1158 3490 1198 ex
3521 1159 3647 1198 aere
3673 1144 3904 1213 signum,

2531 1237 2702 1289 Arcus
2726 1245 2782 1289 et
2802 1233 3040 1299 emicuit,
3070 1249 3190 1302 qua
3218 1249 3358 1288 nunc
3376 1232 3760 1288 Thaumantida
3783 1233 3946 1289 Graio

2533 1327 2654 1381 Irim
2683 1325 2942 1380 Romuleo
2970 1327 3205 1379 vocitant
3235 1339 3484 1380 sermone
3519 1334 3710 1394 poetae.

2534 1414 2798 1470 Pendulus
2822 1414 3092 1483 obliquum
3120 1415 3290 1469 solem
3319 1431 3440 1470 cum
3463 1415 3693 1470 senserit
3722 1414 3932 1483 humor,

2534 1507 2805 1574 Ancipites
2825 1508 2973 1560 vario
3001 1507 3162 1561 mittit
3187 1506 3473 1575 splendore
3493 1507 3701 1562 colores
3725 1522 3741 1560 :
3800 1491 3811 1507 ’

2530 1596 2637 1650 Nec
2666 1611 2947 1651 numerare
2972 1611 3160 1665 queas,
3186 1597 3263 1650 sic
3289 1598 3483 1650 mixtos
3504 1598 3703 1653 lumine
3727 1598 3872 1653 visus

2531 1683 2762 1738 liindnnt
2789 1685 2931 1739 dubii
2957 1686 3184 1742 diversis
3213 1686 3446 1740 vultibus
3475 1678 3656 1752 orbes,

2532 1774 2932 1842 Sapphitusque
2956 1777 3159 1842 virens,
3182 1778 3498 1843 maculosus,
3531 1778 3788 1847 ceruina,
3819 1777 3993 1844 albus,

2456 1849 2501 1909 Β
2532 1865 2860 1934 Purpureum
2883 1867 2948 1920 tie
2977 1867 3115 1920 nube
3145 1867 3326 1934 trahit,
3353 1868 3420 1924 de
3448 1869 3562 1924 sole
3584 1884 3866 1926 coruscum

2532 1956 2606 2009 De
2635 1955 2772 2009 rmlo
2793 1955 3038 2016 nitidum,
3063 1956 3130 2011 de
3159 1965 3299 2012 terra
3329 1954 3491 2012 sumit
3520 1969 3574 2013 et
3593 1967 3788 2027 atrum,

2530 2046 2595 2100 Et
2623 2055 2800 2104 tamen
2829 2045 3089 2114 abiunctis
3117 2061 3236 2115 qua
3265 2057 3507 2101 constant
3543 2047 3656 2102 haec
3677 2048 3971 2111 elementis,

2529 2137 2618 2191 Sic
2645 2136 2852 2191 diversa
2880 2147 3052 2204 putes,
3087 2138 3538 2193 nteoncordantia
3563 2153 3752 2194 cernas
3781 2157 3794 2192 :

2531 2226 2675 2278 lianc
2706 2224 2929 2280 formam
2960 2226 3113 2295 signo
3142 2227 3362 2295 trepidis
3384 2227 3701 2282 mortalibus
3730 2242 3884 2282 arcus

2531 2314 2783 2370 Prtestitit
2809 2329 2931 2370 esse
2960 2315 3122 2382 nens,
3143 2317 3461 2386 promittens
3484 2317 3625 2372 nube
3649 2331 3919 2382 serenum,

2522 2402 2783 2476 Nullaque
2807 2408 2917 2476 jam
2951 2409 3106 2462 terris
3127 2408 3326 2464 debere
3345 2410 3578 2477 pericula
3608 2410 3800 2465 cmlnm

2597 2505 2752 2558 Nunc
2770 2502 3078 2572 quicunque
3103 2501 3253 2569 cupis
3280 2515 3460 2555 veram
3487 2513 3703 2556 servare
3726 2501 3976 2565 salutem,

2529 2595 2664 2650 illud
2691 2598 2951 2664 suspicias
2976 2597 3209 2666 signum,
3232 2595 3376 2665 quod
3394 2594 3544 2666 signa
3577 2592 3822 2659 ilgurant.

2529 2687 2766 2755 Namque
2787 2685 2943 2740 dator
2971 2687 3092 2739 vitat
3119 2687 3372 2753 prmmislt
3395 2688 3516 2739 talia
3541 2687 3799 2748 Christus,

2530 2777 2592 2830 Et
2620 2775 2884 2844 geminata
2917 2775 3063 2828 dedit
3085 2773 3376 2828 ~ubstantia
3403 2773 3740 2827 salvatorem.

2527 2865 2585 2919 in
2609 2865 2770 2918 terris
2796 2871 3022 2930 sumpta
3047 2862 3211 2916 nitida
3238 2862 3306 2916 de
3334 2862 3536 2933 virgine
3563 2861 3713 2918 carni

2527 2955 2795 3012 Naturaiis
2823 2955 2964 3010 inest
2991 2953 3162 3023 patrio
3182 2952 3251 3008 de
3279 2953 3520 3022 germine
3539 2953 3750 3023 fulgor:

2529 3047 2600 3100 Et
2623 3047 2832 3102 medius
2857 3045 3072 3113 quidam
3096 3043 3358 3100 mediator
3383 3043 3437 3099 in
3459 3044 3660 3098 aethere
3686 3043 3832 3100 oeisn

2533 3139 2750 3194 Munere
2776 3137 3092 3193 multimodo
3121 3136 3324 3200 varius,
3351 3135 3444 3191 sed
3471 3134 3702 3205 fulgidus
3729 3133 3900 3199 omni,

2454 3197 2500 3260 θ
2532 3229 2758 3284 Vitalem
2785 3232 3047 3284 monstrat
3069 3227 3262 3284 sacrati
3286 3226 3522 3298 pignoris
3541 3239 3745 3280 arcum.

2530 3317 2691 3373 Istum
2713 3317 2876 3372 corde
2899 3315 3037 3381 vide,
3064 3317 3303 3388 quisquis
3335 3317 3651 3386 baptismate
3676 3313 3818 3370 lotus

2530 3405 2613 3460 Ad
2641 3404 2834 3460 omium
2865 3403 3001 3459 iiber
3026 3405 3197 3474 culpis
3223 3401 3566 3472 pereuntibus
3592 3400 3735 3457 exis.

2530 3493 2664 3551 Nvtm
2693 3495 2827 3561 legis
2855 3494 3021 3550 forma
3054 3507 3169 3558 vos,
3203 3491 3371 3562 inquit
3400 3489 3704 3560 Apostolus,
3735 3488 3835 3544 ista

2533 3586 2770 3644 Salvabit
2794 3587 3083 3651 lavacrum,
3114 3586 3274 3654 prisci
3303 3599 3426 3640 cum
3456 3592 3696 3653 tempore
3720 3583 3832 3639 Noe

2533 3675 2823 3732 Coactum
2844 3674 3003 3745 lignis
3023 3675 3228 3728 animas
3253 3672 3584 3728 describeret
3604 3683 3748 3727 octo.

2531 3761 2818 3833 Comparat
2843 3762 2933 3817 ille
2959 3763 3164 3828 datum,
3188 3773 3242 3817 tu
3270 3776 3494 3818 servans
3519 3759 3680 3831 dilige
3706 3761 3928 3828 donum,

2533 3853 2647 3912 iloc
2673 3854 2810 3908 votis
2839 3853 3194 3922 precibusque
3214 3866 3432 3922 gerens,
3463 3852 3564 3905 hoc
3583 3850 3795 3908 ﬂetibus
3817 3861 4036 3920 optans,

2532 3945 2610 4001 Ne
2628 3943 2848 4001 redeant
2869 3953 3081 4013 peccata
3111 3944 3229 4008 tibi,
3253 3957 3318 3995 ne
3345 3958 3517 3998 mersa
3544 3943 3800 4008 leventur,

2534 4035 2738 4090 Mortua
2763 4047 2832 4088 ne
2851 4040 3087 4098 surgant,
3105 4047 3174 4087 ne
3199 4031 3463 4087 debellata
3485 4031 3771 4099 rebellent,

2535 4122 2613 4178 Ne
2635 4130 2754 4192 post
2779 4122 3013 4178 ablutum
3037 4120 3252 4175 valeant
3274 4120 3582 4175 discrimina
3609 4121 3833 4184 crimen.

2536 4213 2606 4269 Et
2629 4211 2895 4268 ﬂammam
2926 4213 3132 4279 timeas,
3159 4210 3285 4281 quia
3303 4211 3413 4280 jam
3445 4225 3548 4266 non
3577 4213 3811 4283 suppetit
3832 4212 3995 4266 unda.

872 4437 4104 4468 mw

1810 4505 2280 4658 LIBER
2363 4533 3130 4679 QUINTUS.

2020 4709 2108 4765 DE
2145 4709 2485 4769 TRANSITU
2523 4709 2734 4766 lARlS
2769 4707 3002 4765 RUBRI.

936 4843 1202 4900 iiactenus
1230 4843 1283 4899 in
1316 4844 1474 4901 terris
1499 4843 1664 4901 undas
1694 4845 1928 4920 patuisse
1955 4847 2168 4902 canenti

871 4932 1089 4988 Terram
1115 4933 1254 4989 inter
1277 4933 1467 4989 tinctus
1493 4933 1665 5004 aperit
1693 4949 1836 4988 nunc
1854 4934 2108 4990 carminis
2133 4933 2288 4990 ordo.

875 5023 985 5079 illic
1010 5023 1263 5078 diluvium
1287 5037 1423 5094 quos
1452 5023 1699 5094 perderet
1726 5033 1849 5078 ante
1876 5024 2082 5093 petivit,

749 5099 755 5105 ’
868 5111 1019 5167 Nunc
1037 5111 1102 5167 ad
1130 5111 1385 5167 diluvium
1404 5111 1563 5183 pleno
1587 5127 1842 5168 succensa
1865 5112 2047 5169 furore

866 5201 1071 5273 Sponte
1097 5216 1190 5256 sua
1211 5211 1428 5259 current
1447 5203 1695 5270 peritura:
1725 5202 1889 5256 millia
1916 5203 2108 5272 gentis.

869 5295 926 5351 Si
956 5309 1061 5347 non
1085 5301 1143 5348 ut
1163 5293 1378 5363 dignum
1401 5294 1535 5347 tanti
1559 5294 1822 5362 praeconia
1845 5293 1967 5348 iacti

867 5382 1150 5453 Eloquium
1175 5392 1412 5459 captent,
1434 5384 1610 5439 divina
1643 5385 1696 5439 in
1723 5385 1877 5440 laude
1902 5385 2149 5440 voluntas

867 5471 1094 5535 Sufﬁcit,
1124 5483 1178 5528 et
1207 5473 1404 5527 famulo
1431 5475 1712 5530 monstrari
1744 5490 1967 5531 munero
1989 5487 2188 5531 vntum.

869 5563 1019 5629 Quod
1038 5563 1085 5617 si
1111 5565 1228 5632 quis
1251 5573 1478 5635 nequeat
1497 5564 1670 5620 verbis
1689 5567 1992 5636 persolvere
2018 5576 2215 5637 grates,

870 5651 983 5707 Non
1013 5654 1287 5706 minimum
1313 5653 1520 5710 virtutis
1548 5653 1706 5709 habet
1728 5654 1808 5712 vel
1838 5655 2059 5712 credere
2079 5659 2268 5728 gestis,

868 5742 1026 5808 Signa
1045 5756 1142 5807 per
1158 5743 1356 5800 eiectos
1381 5757 1500 5812 qua
1528 5759 1807 5816 perrexere
1825 5747 2052 5819 priores.

2461 4849 2516 4912 Ι)
2540 4845 2598 4898 in
2625 4841 2816 4913 quibus
2845 4841 3058 4896 excellit
3085 4840 3242 4911 longe
3265 4841 3601 4909 praestantius
3621 4842 3770 4908 illud,

2536 4931 2688 5002 Quod
2717 4933 2905 5002 pelago
2931 4943 3140 5001 gestum
3169 4930 3352 4985 Rubro
3376 4930 3724 4988 celeberrima
3752 4931 3953 5002 perfert

2536 5022 2864 5093 Scriptorum
2895 5022 3085 5086 series,
3116 5020 3170 5075 in
3197 5023 3348 5089 cujus
3374 5021 3608 5091 pondere
3634 5036 3789 5077 sacro

2536 5113 2828 5169 Causarum
2855 5125 3010 5181 mage
3032 5109 3225 5181 pignus
3253 5119 3388 5176 erat,
3411 5112 3790 5182 pulchramque
3815 5111 3986 5168 relatu

2540 5201 2818 5258 Pulchrior
2836 5211 3122 5271 exsuperat
3143 5202 3430 5271 pra-missa
3456 5201 3621 5257 forma
3647 5202 3853 5268 salutis.

2538 5293 2788 5350 Historiis
2811 5308 2930 5364 qua:
2959 5307 3147 5364 magna
3172 5296 3324 5361 satis,
3351 5295 3628 5363 majorque
3656 5293 3860 5364 ﬁguris,

2535 5383 2860 5451 Conceptam
2885 5383 3106 5454 gravido
3132 5381 3337 5452 peperit
3362 5383 3432 5440 de
3456 5383 3684 5453 tegmine
3706 5384 3892 5440 vitam.

2604 5473 2866 5530 Sustinuit
2891 5472 3056 5528 duros
3083 5467 3305 5529 externa
3333 5474 3386 5528 in
3411 5474 3540 5530 sede
3569 5474 3796 5541 labores,

2533 5563 2670 5618 Dum
2700 5561 2984 5618 Pelusiaco
3010 5563 3236 5619 serviret
3261 5563 3468 5619 subdita
3492 5564 3659 5634 genti,

2533 5657 2690 5713 Plebs
2718 5669 2970 5726 oppressa
2994 5655 3085 5709 diu
3109 5672 3123 5708 :
3148 5655 3298 5710 densi
3327 5669 3483 5726 quam
3512 5657 3747 5726 pondere
3773 5664 3943 5727 omni,

2533 5747 2599 5804 Et
2627 5749 2850 5804 laterum
2878 5747 3136 5813 numeris.
3156 5747 3336 5812 oneris
3367 5762 3617 5805 mensura
3641 5749 3820 5808 diurni
