4316 6482
3046 22 3061 29 .-
3124 18 3139 23 ῌ
3222 10 3225 11 ,
3338 2 3407 29 -νιῃ
3419 0 3502 30 ἶᾚῷμ
3513 0 3596 24 ’ᾖ
3613 0 3620 10 Ι
3635 7 3670 26 ,ι’
3681 3 3738 30 ab

2716 38 2829 55 -.-ξ
2860 26 3033 61 τι·
3123 45 3142 58 .
3281 29 3372 72 --π
3433 21 3636 58 ere-=3:
3715 41 3718 46 -

2086 150 2091 151 ,
2228 148 2235 151 .
2290 108 2431 153 ῥέπῃ
2478 140 2495 147 -
2528 98 2635 149 νεῖ-...ι
2764 89 3232 148 μετέειπε-δ’*
3267 103 3472 148 ιη’-’.ῆι

2176 162 2223 181 y.
2316 166 2327 169 η
2380 166 2437 175 φη
2528 174 2531 175 ν
2634 156 2661 165 r
2685 149 2848 176 ἐρέεις-ξ
2957 151 3148 174 _____-.,....'.
3205 151 3268 170 --.
3305 151 3458 170 ,ην-ιιι-
3505 157 3570 166 --_-«
3603 159 3610 162 -
3637 159 3646 164 —
3699 159 3714 162 —

137 599 237 652 ωτι
1419 587 1806 644 POEMATUM
1846 589 2048 645 LIBER
2091 569 2153 645 v.
3339 600 3444 673 sas

144 709 397 764 Aﬂlictam
429 706 554 758 srvi
585 705 811 760 vexath
842 703 1030 758 fraude
1059 706 1294 776 tyranni.

143 803 360 857 lnvisam
394 798 607 853 sibimet
637 796 892 852 frendens
913 797 1002 863 qui
1031 811 1278 852 crescere
1309 796 1543 863 turbam,
1573 859 1575 862 ι

143 890 336 960 Augeri
361 889 531 944 doluit
563 888 805 943 famulos.
837 887 968 942 Nam
989 888 1246 958 jusserat,
1277 897 1332 940 nt
1361 888 1450 942 lux

143 983 370 1038 Vitlisset
396 997 743 1052 quoscunque
771 996 972 1049 mares,
1005 996 1126 1035 mox
1150 982 1306 1036 docta
1340 988 1560 1037 necaret

139 1072 325 1128 Omnis
354 1087 509 1136 anus,
541 1081 833 1141 natumque
865 1079 1072 1141 premat
1100 1071 1317 1126 solertia
1349 1064 1567 1127 sexum.

141 1165 246 1220 Sed
269 1173 446 1217 tamen
474 1177 677 1217 aversa:
708 1162 957 1232 fugerunt
985 1153 1109 1215 talia
1140 1167 1364 1224 matres.

140 1259 313 1325 Atque
338 1255 651 1310 interdictos
675 1245 975 1309 detrectant
1007 1255 1233 1324 perdere
1256 1256 1411 1319 fetus,

143 1347 469 1401 l‘ersistente
498 1347 606 1400 Deo
637 1346 847 1414 plebem
871 1344 1174 1401 dill‘undere
1200 1354 1439 1399 sanctam
1468 1365 1480 1397 :

141 1438 363 1508 Quoque
392 1452 513 1509 mag
536 1451 561 1488 s
580 1450 730 1489 mens
759 1451 899 1491 cmca
930 1437 1093 1491 trahit
1113 1436 1351 1491 crudelia
1385 1445 1526 1501 tota,

141 1528 254 1582 lloc
276 1529 398 1597 plus
423 1537 739 1581 accrescunt
769 1536 968 1581 tenera:
1001 1527 1292 1595 primordia
1314 1527 1511 1595 gentis.

213 1620 433 1675 Viderat
461 1620 663 1673 interea
689 1616 919 1674 Genitor
940 1618 1007 1673 de
1033 1619 1162 1674 sede
1187 1633 1441 1687 superna,

139 1709 515 1777 Afﬂictamque
538 1724 754 1763 manum
783 1709 995 1778 placido
1020 1719 1368 1778 prospexerat
1395 1723 1508 1762 cre.

140 1800 257 1855 .lam
285 1814 440 1854 sacer
461 1799 718 1854 innocuas
744 1798 969 1854 dederat
999 1799 1067 1854 de
1093 1797 1276 1854 fomite
1305 1800 1570 1862 ﬂammas,

145 1892 212 1945 Et
240 1891 405 1945 rubus
433 1892 483 1944 in
516 1891 681 1946 rubeo
707 1891 893 1946 viridis
922 1905 1289 1960 permanserat
1318 1901 1486 1956 astu;

141 1983 260 2048 Quo
280 1983 433 2051 signo
459 1983 642 2051 spinas
671 1993 867 2037 nostra:
899 1981 1200 2040 fervescere
1229 1985 1443 2048 mentis,

140 2071 212 2125 Et
242 2073 423 2127 lucere
454 2074 540 2141 pio
565 2073 655 2143 qui
688 2089 793 2128 non
819 2087 1165 2134 consumeret
1198 2076 1342 2144 igne,

140 2163 380 2222 Devotus
411 2175 591 2220 nosset
617 2168 815 2221 sanctis
846 2169 897 2222 in
924 2167 1172 2231 cordibus
1200 2169 1381 2222 ardor.

143 2255 292 2311 Ilicet
320 2257 476 2311 electi
504 2266 653 2311 vales
683 2258 928 2311 mamlata
961 2259 1220 2324 ferebant,

147 2349 420 2421 Depromit
453 2349 563 2419 regi
592 2365 711 2404 cum
743 2351 949 2419 primus
983 2352 1100 2404 talia
1133 2351 1310 2406 Moses
1341 2365 1354 2403 :

141 2441 360 2496 Servilii
391 2444 546 2512 longo
574 2441 825 2495 lassatam
860 2441 1094 2510 pondere
1126 2443 1361 2511 plebem,

142 2533 441 2601 Oppressos
465 2531 710 2601 cophiuis
743 2531 1013 2592 lmmeros.
1044 2534 1331 2603 attritaque
1359 2535 1521 2602 colla,

142 2624 397 2693 Quasque
425 2637 559 2692 opus
587 2622 864 2678 assiduum
901 2622 1019 2678 fecit
1053 2623 1342 2679 durescere
1371 2625 1596 2696 palmas.

142 2712 383 2768 Laxandi
403 2712 514 2782 jam
541 2721 753 2780 tempus
783 2713 935 2767 adest
964 2730 978 2765 :
1010 2712 1221 2769 dimitte
1250 2725 1532 2784 precantes

142 2803 386 2858 Tandem
415 2802 624 2858 cmlesti
649 2804 873 2858 Domino
897 2806 1208 2872 persolvere
1239 2817 1384 2870 vota,

143 2896 213 2952 Et
242 2896 514 2968 complere
542 2897 698 2952 datos
735 2899 911 2965 patrio
940 2896 1310 2952 moderamine
1340 2896 1493 2952 ritus.

219 2991 316 3046 Ille
343 2990 576 3046 fremens
607 2990 813 3058 inquit:
846 2990 978 3058 Quae
1007 2992 1137 3045 tanti
1164 3006 1328 3046 causa
1359 2991 1636 3052 tumultus,

144 3087 346 3154 Quisve
375 3099 541 3139 novus
572 3087 822 3153 populum
855 3085 995 3139 Deus
1024 3085 1191 3153 exigit
1217 3085 1398 3139 omine
1429 3083 1639 3140 misso?
1692 3125 1698 3131 .

143 3177 365 3234 Scilicet
395 3177 476 3230 lue
499 3190 682 3231 vacua
712 3185 934 3246 tangunt
962 3177 1203 3231 C(BleSIia
1229 3193 1392 3239 curae.

144 3267 219 3324 Ut
253 3267 507 3321 Dominus
533 3265 765 3319 dominis
797 3264 1024 3319 famulos
1054 3279 1196 3319 nunc
1229 3265 1420 3320 tollere
1448 3266 1655 3334 priscos

146 3359 357 3422 Vellet.
385 3370 436 3413 et
468 3358 534 3411 ad
568 3357 802 3412 tumidos
829 3357 1006 3411 mittat
1033 3354 1282 3410 mandata
1313 3355 1566 3412 rebelles.

145 3448 282 3515 Quis
313 3448 454 3503 Deus
483 3447 586 3502 iste
611 3447 769 3510 foret,
796 3439 880 3500 cui
909 3461 996 3502 me
1026 3461 1222 3512 parere
1246 3460 1468 3502 necesse
1495 3455 1578 3503 est
1598 3447 1635 3500 ἲ·

144 3543 256 3602 Aut
284 3541 512 3608 sceptris
536 3539 682 3594 celso
706 3537 833 3606 quid
865 3536 1204 3592 formidabile
1231 3537 1385 3609 regi?

143 3630 255 3686 Sed
285 3637 491 3685 vestras
519 3626 745 3683 nimium
773 3627 1036 3683 seducunt
1063 3638 1171 3707 ota
1203 3641 1413 3684 mentes
1441 3646 1457 3694 ;

145 3722 218 3778 Et
242 3724 344 3800 nisi
372 3722 578 3800 laxatos
599 3722 812 3790 requies
835 3736 1090 3781 concessa
1121 3721 1345 3789 foveret,

144 3797 303 3881 Nulla
332 3797 680 3884 supervacuis
717 3822 1022 3868 tererentur
1048 3821 1294 3880 tempora
1327 3805 1524 3867 verbis.

143 3905 282 3974 Quae
305 3905 350 3960 si
380 3906 651 3977 castigans
675 3905 960 3974 restringat
989 3904 1198 3959 sarcina
1228 3903 1423 3973 major,

145 3997 371 4056 lllicitus
403 3996 627 4051 vetitum
667 3997 850 4051 conari
881 3995 1095 4051 desinet
1133 4010 1316 4050 ausus.

144 4092 220 4146 At
248 4103 345 4144 vos
376 4087 639 4168 signifero
660 4089 752 4158 qui
783 4088 908 4141 talia
938 4097 1058 4142 vota
1085 4089 1281 4143 ducatu

142 4179 436 4242 lnstruitis.
467 4194 606 4234 vano
629 4187 685 4235 et
710 4179 923 4249 plebem
953 4180 1263 4235 sulirertitis
1291 4194 1388 4234 ore
1406 4223 1421 4247 ,

143 4271 480 4340 Conspectus
510 4271 672 4323 vitate
701 4283 874 4334 meos,
904 4269 1218 4337 vultumque
1247 4279 1458 4325 cavete.

145 4361 321 4417 Diem
348 4375 578 4430 namque
607 4359 842 4423 Pharon,
873 4361 957 4415 vel
998 4361 1385 4429 pollentissime
1413 4374 1605 4418 cursus

143 4451 367 4515 Testor,
399 4450 546 4510 Nile.
583 4457 730 4515 tuos,
761 4459 816 4506 et
840 4449 976 4506 ὧντε
1007 4452 1151 4506 vocis
1179 4451 1424 4507 Anubem

143 4541 281 4594 Cum
308 4540 526 4609 rabidus
557 4540 736 4606 latrat,
765 4541 872 4610 iam
905 4556 1012 4594 nun
1043 4539 1263 4610 impune
1292 4541 1552 4610 futurum,

144 4631 203 4687 Si
234 4646 306 4683 no
339 4640 478 4685 trum
509 4646 695 4684 rursus
725 4638 970 4700 repetant
1003 4632 1118 4687 lucc
1147 4633 1289 4687 dicta
1325 4632 1579 4691 tribunal.

217 4721 436 4790 Virgam
459 4721 601 4775 forte
629 4735 788 4776 manu
813 4723 1058 4792 gestabat
1085 4723 1274 4795 legifer
1304 4724 1486 4789 heros,

145 4813 264 4883 Quo
293 4815 484 4869 baculo
509 4816 685 4870 nitens
714 4829 958 4884 gressum
986 4817 1113 4870 dum
1140 4822 1327 4874 dextra
1355 4820 1593 4891 regebat,

144 4903 370 4959 Excutit
394 4905 530 4959 banc
559 4904 734 4960 valido
763 4907 1055 4974 proiectam
1086 4909 1331 4963 caminus
1360 4912 1487 4964 ictu.

145 4995 284 5050 Tum
314 4994 508 5050 mirum
539 4995 683 5050 dictu
701 5037 715 5061 ,
740 5005 1070 5052 commotum
1098 5013 1316 5070 serpere
1340 5000 1561 5072 lignum,

145 5083 264 5140 Non
297 5083 640 5140 insensibiles
663 5099 763 5141 ceu
793 5086 988 5154 promit
1013 5088 1235 5157 palmite
1263 5103 1442 5145 ramos

147 5175 266 5228 \‘iti
304 5188 524 5236 movens
556 5181 760 5230 tantum
793 5191 928 5246 quos
955 5187 1176 5247 prrcstat
1212 5165 1457 5236 crescere
1491 5179 1695 5237 fructus
1724 5197 1742 5238 :

144 5263 252 5320 Sed
285 5263 425 5319 ﬂexu
450 5275 698 5334 reptans,
727 5267 918 5320 mutati
947 5280 999 5322 et
1029 5268 1274 5337 corporis
1301 5285 1400 5326 usu

145 5354 382 5411 Sensum
416 5354 759 5425 animamque
784 5370 1014 5426 gerens,
1048 5361 1215 5429 erepit
1255 5361 1549 5419 decurrens
1576 5363 1744 5435 virga.

145 5445 269 5500 llos
297 5457 544 5514 anguem
579 5445 808 5501 formata
835 5446 1019 5504 refert.
1051 5448 1388 5510 Conterritus
1427 5454 1600 5520 haesit,

111 5547 120 5552 ·
147 5535 546 5608 ΔΞιαι-ιιυιηςυθ
573 5536 727 5608 niger
754 5547 865 5594 tum
895 5541 1088 5610 palluit
1110 5557 1206 5598 ore
1238 5555 1518 5618 tyrannus.

146 5629 256 5684 Sed
291 5642 362 5683 ne
383 5627 666 5701 confusum
697 5629 788 5684 tali
820 5633 1172 5690 succumbere
1199 5635 1356 5706 signo

148 5718 414 5776 Cerneret
441 5719 700 5780 assistens
724 5722 874 5776 vultu
905 5731 1124 5779 nutante
1152 5726 1339 5783 satelle
1372 5771 1389 5795 ,

151 5809 707 5868 Dissimulat'summo
735 5828 848 5868 rem
878 5825 1082 5885 gestam
1113 5819 1339 5876 credere
1363 5822 1540 5892 jussu.

148 5901 262 5958 Nec
284 5901 468 5958 divina
496 5903 1003 5969 volens,.bnminum
1033 5909 1128 5965 sed
1161 5910 1298 5967 facta
1327 5915 1525 5982 putari,

149 5990 291 6049 Tum
320 5993 540 6050 mandat
563 5997 910 6069 quascunque
934 6011 1138 6072 magos,
1165 6002 1246 6059 vel
1273 6005 1508 6063 carmina
1536 5997 1747 6080 ductos,

1762 711 1807 768 Λ
1837 704 2080 758 lllicitam
2110 704 2244 758 diris
2283 711 2552 758 tentantes
2583 703 2861 759 fraudibus
2891 715 3061 760 artem

1835 799 2078 869 Egypti,
2107 799 2396 867 longinqua
2428 798 2617 852 darent
2649 797 2883 863 hastilia,
2914 814 3117 868 cogens

1833 891 2106 946 Murmure
2131 890 2355 944 funereo
2384 891 2544 944 faciat
2577 900 2872 945 monstrata
2907 893 3174 947 minister.

1837 982 2086 1052 Undique
2117 972 2241 1035 tunc
2264 981 2399 1051 jussi
2434 990 2786 1046 concurrunt,
2815 994 2867 1035 et
2899 981 3196 1037 medicatis

1838 1079 2065 1129 Armant
2092 1075 2289 1143 quique
2318 1089 2442 1128 suae
2475 1082 2603 1127 nolo
2631 1074 2991 1129 medicamine
3028 1073 3229 1144 virgas,

1838 1165 1974 1229 Dant
2002 1169 2159 1232 jactus
2183 1178 2352 1217 vanas
2387 1164 2619 1231 species,
2651 1158 2962 1234 anguesque
2992 1166 3164 1233 putati

1837 1253 2030 1307 lllusos
2060 1263 2268 1307 terrent
2309 1255 2496 1307 oculos
2529 1253 2754 1326 fallente
2784 1254 2976 1324 figura.
3037 1324 3042 1330 ι

1838 1345 1946 1399 Nec
1977 1345 2196 1413 lungum
2224 1354 2472 1399 tumuere
2505 1346 2675 1411 magi;
2704 1333 3042 1400 coiisumitur
3068 1361 3232 1401 omne

1837 1437 1988 1502 Quod
2021 1435 2214 1489 fecisse
2243 1435 2378 1500 rati;
2415 1433 2566 1489 fictos
2599 1450 2831 1504 namque
2861 1447 2976 1490 arte
3005 1436 3276 1492 dracones

1839 1526 2051 1579 l’riinus
2081 1525 2257 1580 adhuc
2284 1529 2508 1578 mordax
2538 1523 2820 1579 absorbuit
2841 1540 2938 1582 ore
2961 1536 3191 1581 cerasta.

1841 1617 2131 1686 Postquam
2166 1616 2383 1670 virtutis
2415 1616 2603 1670 clausit
2636 1619 2941 1684 spectacula
2982 1618 3157 1672 Muses
3179 1659 3193 1682 ,

1847 1708 2183 1778 Victorisque
2215 1709 2662 1779 tenenscaudam
2696 1709 2890 1765 tellure
2922 1711 3142 1774 levavit,

1842 1800 2068 1856 Deccdit
2088 1814 2316 1870 serpens
2345 1801 2510 1871 ligno,
2545 1801 2834 1870 vultusque
2863 1802 3090 1866 κει-ὧι,

1843 1890 2120 1961 Diriguere
2150 1891 2268 1962 vagi
2297 1891 2494 1946 durato
2524 1905 2756 1960 corpore
2784 1890 2976 1946 flexus.

1842 1982 1980 2049 Quid
2012 1983 2227 2038 multis?
2262 1984 2320 2038 fit
2342 1984 2484 2054 virga
2515 1984 2679 2052 prior,
2707 1998 2811 2052 qua
2842 1983 3042 2040 deinde
3069 1986 3328 2042 sacerdos

1769 2067 1816 2125 B
1848 2075 2077 2128 Plurima
2103 2073 2361 2129 succiduo
2393 2067 2713 2127 monstravit
2743 2084 2988 2145 tempore
3019 2075 3196 2144 si,u;i.

1920 2165 2055 2220 llinc
2089 2165 2264 2218 dirum
2299 2164 2550 2219 frendens
2593 2163 2889 2220 Pharaonis
2917 2169 3169 2221 conscius
3193 2172 3376 2230 ardor,

1850 2255 2060 2310 Divinas
2086 2254 2349 2324 incipiens
2380 2252 2476 2327 per
2504 2262 2700 2309 cuncta
2733 2256 2986 2311 resistere
3013 2256 3219 2311 dextra:
3239 2297 3252 2321 ,

1850 2347 1919 2401 Et
1946 2361 2068 2415 qua:
2093 2361 2450 2417 cegnosccns,
2477 2346 2677 2401 nolens
2697 2355 2876 2401 tamen
2910 2351 3023 2417 ipse
3050 2349 3200 2403 fateri
3220 2390 3236 2415 ,

1849 2437 2101 2493 Protinus
2129 2437 2384 2506 expulsos
2407 2436 2568 2505 jussit
2599 2437 2879 2493 discedere
2908 2449 3075 2493 vates.

1849 2529 1928 2584 llli
1952 2527 2164 2583 drvinas
2190 2528 2402 2598 pulsant
2430 2543 2554 2584 cum
2586 2527 2801 2584 fletibus
2831 2545 3020 2596 aures,

1851 2617 1921 2674 Ut
1952 2619 2201 2674 fremitus
2221 2622 2396 2689 gentis
2422 2617 2636 2673 tandem
2668 2621 2909 2674 frenetur
2937 2622 3133 2691 iniqurc
3156 2665 3172 2689 ,

1850 2712 2020 2780 Quam
2046 2713 2262 2783 gravius
2291 2727 2491 2767 savam
2521 2711 2759 2767 monitus
2788 2711 2970 2768 fecere
2998 2713 3240 2782 sul-erui,

1852 2806 1986 2877 lpsis
2014 2807 2146 2876 quin
2169 2807 2332 2863 etiam
2361 2805 2675 2862 celestibus
2701 2821 2852 2860 arma
2883 2795 3201 2861 minantem.

1851 2898 1986 2953 Tum
2007 2899 2463 2968 pater,accipiens
2475 2898 2708 2968 gemitus
2725 2898 3097 2969 laerymasque
3118 2907 3430 2968 precantum
3531 2886 3540 2902 ’

1851 2986 2055 3043 Taliter
2086 2985 2298 3042 hortatu
2327 2987 2525 3042 blando
2553 2990 2760 3042 solatur
2785 3001 3035 3043 amaros:

1851 3080 1930 3136 Ne
1958 3088 2161 3136 tantum
2189 3095 2360 3135 vacuo
2384 3081 2682 3135 submittite
2710 3084 2876 3136 corda
2915 3080 3096 3135 timori
3120 3122 3133 3146 ,

1854 3172 2014 3227 Plebs
2045 3187 2184 3240 mea,
2217 3187 2378 3242 quam
2408 3181 2524 3227 toto
2551 3172 2740 3228 mundi
2768 3170 3088 3243 de'corpore
3114 3184 3385 3244 sumptam

1853 3262 2025 3333 Etegi,
2050 3272 2106 3317 et
2135 3263 2348 3332 propria
2375 3263 2545 3318 solam
2576 3261 2704 3317 mihi
2728 3271 2876 3319 sorte
2901 3263 3096 3326 dicavi.

1855 3353 1974 3408 Jam
1999 3370 2140 3408 nunc
2168 3355 2403 3408 cernetis
2435 3363 2634 3424 quanto
2663 3354 2954 3424 primordia
2991 3364 3166 3410 vestra

1773 3429 1820 3489 (ἶ
1859 3446 2160 3514 Prusequar
2186 3446 2410 3509 auxilio.
2441 3461 2618 3499 saevos
2642 3459 2705 3501 ac
2735 3453 3030 3516 persequar
3061 3445 3265 3503 hostes.

1855 3538 2054 3593 Ducam
2080 3538 2362 3604 sublimem
2397 3547 2642 3606 portenta
2675 3552 2770 3606 per
2797 3539 2977 3609 omnia
3009 3539 3274 3602 dextram,

1852 3625 1961 3684 Nec
1985 3628 2128 3682 volet
2159 3627 2211 3682 in
2241 3627 2427 3697 paucis
2459 3627 2685 3684 Pbarius
2714 3644 2808 3683 rex
2838 3630 3036 3685 cedere
3065 3630 3252 3699 signis,

1854 3718 2086 3787 Longius
2115 3730 2173 3773 ut
2195 3719 2384 3774 duram
2415 3719 2633 3773 vincant
2658 3717 2913 3773 miracula
2946 3732 3202 3776 mentem.

1853 3810 1980 3863 Post
2011 3811 2124 3863 lucc
2156 3811 2364 3864 laxatos
2391 3811 2520 3880 quin
2546 3823 2594 3865 et
2628 3809 2910 3865 discedere
2940 3807 3130 3882 coget,

1853 3901 2204 3970 Expelletque
2229 3902 2346 3957 solo
2372 3920 2388 3957 :
2421 3903 2563 3970 quod
2597 3916 2738 3958 nunc
2765 3913 2945 3979 negat,
2974 3901 3190 3973 ingeret
3217 3905 3381 3960 ultro.

1852 3995 1999 4050 Ibitis
2027 3996 2094 4051 ad
2122 4011 2343 4065 magnas
2372 4003 2492 4065 post
2521 3995 2676 4050 fortia
2707 3995 2888 4065 praelia
2915 3995 3094 4060 sédcs,

1850 4089 1970 4156 Quo
1994 4098 2152 4145 vocat
2184 4102 2506 4158 exspectans
2547 4081 2853 4158 praiertilis
2881 4089 3046 4145 ubere
3075 4100 3239 4159 terra,

1853 4182 1919 4235 Et
1949 4182 2122 4237 claras
2149 4182 2303 4237 victis
2327 4181 2574 4237 candelis
2601 4182 2852 4252 genzibus
2876 4182 2958 4236 uri
2980 4197 3060 4237 es.

1854 4272 1961 4329 Vos
2002 4273 2163 4328 modo
2194 4272 2473 4341 promissis
2503 4282 2708 4326 tantum
2740 4269 2998 4329 confidite
3023 4273 3204 4340 donis,

1855 4365 1922 4418 Et
1946 4379 2082 4432 quos
2103 4365 2398 4430 depascent
2426 4364 2662 4432 ingestis
2690 4363 2827 4418 facta
2857 4363 3072 4420 labores

1851 4457 1995 4510 Larte
2030 4455 2166 4510 ferat
2192 4455 2392 4520 virtus,
2424 4468 2654 4524 araeque
2679 4454 2747 4509 ad
2779 4468 3034 4524 prospera
3063 4468 3266 4512 servet.

1849 4547 2069 4603 Talibus
2093 4546 2310 4614 auditis,
2341 4545 2532 4601 melior
2557 4560 2683 4615 spes
2707 4544 2904 4616 accipit
2929 4546 3072 4602 illos.

1849 4638 2116 4694 Attollunt
2144 4638 2374 4702 animos,
2410 4631 2826 4707 palmasque'ad
2862 4637 3040 4694 sidera
3070 4640 3317 4704 tendunt.

1847 4730 2278 4801 Cuncipiuntque
2310 4729 2472 4785 fidem
2503 4730 2677 4795 votis,
2708 4741 2996 4801 gratesque
3023 4733 3345 4801 rependunt.

1924 4821 2146 4879 Postera
2178 4823 2268 4880 lux
2299 4822 2492 4878 dubios
2523 4823 2755 4893 primum
2784 4825 3117 4894 praemiserat
3148 4842 3323 4888 ortus.

1854 4910 1917 4968 Et
1943 4910 2317 4968 successorem
2347 4911 2574 4982 depulsa
2603 4923 2763 4968 nocte
2792 4913 3003 4970 ferebat

1855 5001 2114 5058 Insistens
2139 5017 2335 5058 aurora
2366 5002 2510 5058 diem
2542 5021 2556 5057 :
2590 5010 2701 5058 tum
2729 5002 2948 5060 flumina
2981 5007 3201 5076 sanguis

1847 5091 2071 5157 Imbuit.
2095 5103 2152 5149 et
2171 5093 2352 5149 subito
2377 5093 2702 5170 maduerunt
2727 5110 2853 5151 arva
2883 5111 3097 5153 cruore.

1853 5185 1959 5241 Sed
1992 5200 2098 5241 non
2135 5185 2240 5242 ltoc
2265 5188 2503 5242 minimis
2544 5195 2850 5257 portentum
2877 5190 3102 5261 contigit
3130 5191 3314 5260 undis,

1853 5277 2163 5336 Fluviorum
2194 5293 2286 5351 rex
2319 5285 2434 5350 ipse
2463 5279 2621 5334 rubet
2645 5321 2661 5346 ,
2703 5295 2804 5336 nec
2833 5280 3034 5338 lumine
3063 5283 3242 5352 prisco

1851 5373 2004 5430 Nilus
2027 5374 2138 5446 agit
2163 5375 2440 5445 proprium
2469 5389 2633 5445 quem
2658 5375 2892 5452 sumpsit
2918 5373 3066 5432 fonte
3092 5358 3350 5435 nitorem.

1853 5464 1994 5533 Quin
2023 5465 2213 5536 magis,
2236 5479 2428 5520 averso
2456 5480 2525 5521 ne
2549 5474 2731 5536 tangat
2759 5465 2987 5535 pristina
3019 5467 3172 5532 limo,

1855 5555 2086 5627 Sanguis
2115 5555 2167 5610 in
2191 5565 2483 5612 externum
2510 5563 2726 5612 certans
2753 5572 2976 5612 manare
3005 5559 3275 5624 canalem,

1855 5647 2127 5703 Carnosus
2155 5662 2259 5702 non
2289 5647 2467 5718 carnis
2493 5656 2633 5712 erat,
2667 5663 2768 5703 nec
2797 5662 3030 5718 corpore
3061 5649 3231 5719 fusus,
3307 5674 3319 5696 ι

1856 5739 1967 5793 Aut
1996 5748 2203 5808 strages
2225 5754 2344 5806 qua:
2376 5737 2542 5793 multa
2572 5739 2768 5806 simul,
2802 5735 2911 5811 quo
2938 5741 3158 5799 vulnere
3186 5742 3350 5811 possit

1857 5828 2221 5900 Lympharum
2251 5827 2508 5884 damnum
2539 5830 2759 5901 proprio
2799 5832 3054 5902 supplere
3081 5846 3298 5898 cruore.

1854 5918 2084 5975 Naribus
2111 5920 2401 5977 obstructis
2428 5923 2638 5991 pressi,
2664 5921 2918 5994 victoque
2947 5933 3132 5979 natatu
3149 5967 3165 5992 ,

1857 6011 2118 6070 lnteriere
2145 6013 2308 6072 simul
2339 6014 2612 6086 peregrini
2648 6017 2699 6072 in
2726 6019 2940 6089 gurgite
2965 6031 3178 6080 cra.so.
