4516 6450
1013 436 1118 491 559
2295 423 2354 483 8.
2396 420 2582 479 AVITI

1011 555 1394 614 Auxeruntqnc
1421 558 1520 600 suo
1543 542 1746 599 saniem
1773 540 2052 600 de‘funere
2085 540 2277 605 iisccs.

1014 639 1084 693 Et
1114 636 1340 691 fortasse
1367 649 1490 690 rear
1511 632 1680 688 cladis
1723 631 2019 701 mortisque
2049 627 2238 682 futura:

1013 727 1298 798 Sanguinis
1323 725 1517 781 indicio
1535 723 1644 792 jam
1671 722 2008 793 prmccssissn
2041 719 2271 783 rninatn,

1011 820 1128 875 Iloc
1155 821 1328 889 ipsum
1357 816 1409 871 ni
1435 828 1590 884 pmna
1616 812 1776 869 foret.
1804 813 1936 868 Nam
1961 812 2168 868 scilicet
2192 819 2354 866 omne

1011 909 1226 980 (Egnati
1250 907 1510 976 spatium,
1538 903 1622 959 vel
1650 917 1758 973 quo
1782 913 1928 972 patet
1955 905 2128 972 ampla
2157 901 2428 971 Canopus,

1014 999 1132 1053 Mos
1163 998 1301 1050 inter
1340 995 1564 1066 pingues
1589 993 1778 1050 sitiens
1812 993 2082 1050 defecerat
2111 993 2304 1060 undas,

1011 1087 1068 1142 Si
1092 1100 1199 1141 non
1220 1085 1570 1154 Omnipotens
1591 1085 1827 1141 celerem
1841 1099 2016 1155 super
2039 1066 2166 1138 arva
2196 1081 2457 1139 medelam

1009 1177 1315 1248 Spargeret,
1338 1184 1393 1231 et
1423 1174 1620 1248 nitidos
1648 1183 1929 1230 revocaret
1954 1173 2180 1228 vallibus
2207 1185 2410 1225 amnes.

1084 1247 1219 1321 Tum
1244 1278 1376 1322 vero
1407 1275 1464 1321 ut
1491 1247 1736 1337 requiem
1765 1265 1931 1336 pestis
1957 1263 2216 1319 subducta
2245 1261 2478 1325 redusit,

1013 1357 1248 1412 Effertur
1273 1371 1457 1412 rursus
1479 1355 1642 1412 dilata
1672 1365 1846 1411 morte
1875 1365 2168 1426 tyrannus,

1013 1450 1081 1503 lit
1103 1450 1187 1501 vix
1217 1462 1433 1511 evasum
1459 1453 1809 1502 contemnens
1832 1457 2011 1502 mente
2035 1444 2325 1514 ﬂagellum,

1013 1538 1298 1592 lnnoeunm
1337 1535 1521 1606 flagris
1549 1533 1784 1606 persistit
1809 1533 2042 1590 subdere
2071 1544 2310 1603 gentem.

1011 1629 1081 1679 At
1106 1625 1230 1696 quid
1259 1639 1354 1694 per
1377 1631 1622 1679 cunctam
1650 1621 1821 1694 stylus
1846 1631 2035 1678 azstuet
2064 1623 2142 1677 ire
2168 1620 2383 1690 superbi

1011 1715 1295 1770 Perfidiam
1313 1755 1327 1782 ,
1356 1715 1479 1769 caesi
1509 1727 1798 1770 numerans
1825 1714 2057 1784 periuria
2086 1713 2278 1782 regni?

1005 1807 1115 1862 Sed
1147 1815 1325 1862 tamen
1360 1815 1680 1876 eatorquent
1714 1806 1917 1860 varium
1951 1805 2227 1860 mendacia
2270 1811 2591 1871 monstrum,

1010 1899 1271 1969 Untlaqne
1298 1897 1472 1954 vicino
1499 1897 1714 1952 vixdum
1747 1908 1968 1968 purgata
1998 1912 2217 1964 cruore,

1010 1989 1284 2045 [lanarum
1315 1987 1470 2044 fmdis
1500 1991 1637 2043 tesit
1662 1989 1965 2044 caritatibus
1993 1986 2172 2043 urbes.

1011 2083 1358 2153 Complentur
1385 2082 1555 2143 cella.
1585 2081 1739 2136 strati
1771 2081 2086 2150 penetralia,
2123 2095 2346 2144 mensas,

1009 2173 1255 2230 Sustinet
1281 2174 1591 2228 innumeros
1617 2173 1812 2242 regalis
1838 2187 2074 2242 purpura
2102 2171 2294 2235 saltus,

1009 2270 1186 2334 Atque
1209 2278 1456 2334 premens
1482 2265 1725 2318 homines
1746 2263 1951 2320 frendet
1975 2260 2325 2319 succumbere
2350 2261 2517 2330 ranis,

1007 2347 1243 2424 Quarum
1273 2370 1394 2410 mox
1432 2355 1656 2426 cumulis
1681 2354 1896 2414 ﬂamma
1927 2356 2234 2426 tonitruque
2261 2355 2498 2411 subactis

1009 2446 1413 2515 Congestisqne.
1441 2461 1639 2501 sonans
1669 2458 1976 2501 muscarum
2008 2445 2166 2501 nobis
2190 2445 2260 2500 ad
2289 2458 2450 2499 auras

1011 2537 1178 2603 Exiit',
1209 2537 1460 2594 infectum
1489 2551 1837 2604 corrumpens
1860 2551 1986 2591 aera
2013 2535 2164 2595 ﬂatu.

1010 2627 1128 2684 Illic
1152 2644 1284 2698 quas
1313 2627 1531 2684 scinifes
1556 2629 1791 2684 vocitant
1807 2671 1821 2693 ,
1855 2637 2187 2698 quantosque
2209 2628 2417 2684 volatus

1014 2719 1253 2774 Pendula
1283 2720 1625 2776 crmmittnnt
1659 2719 1864 2774 levibus
1888 2720 2201 2790 corpuscula
2230 2717 2422 2782 ventis,

1009 2807 1418 2879 Pennarnmque
1444 2809 1592 2864 vicos
1618 2795 1877 2879 peragunt
1903 2807 2252 2864 stridentibus
2274 2807 2412 2862 alis?

1007 2895 1259 2952 Fundnnt
1290 2913 1346 2952 se
1377 2899 1594 2967 pariter.
1627 2897 1944 2970 turbataque
1965 2897 2162 2954 mmnia
2187 2897 2478 2968 complent.

1009 2989 1078 3044 Et
1103 2990 1225 3044 licet
1253 2990 1517 3044 immersis
1545 2989 1778 3060 deligant
1801 2990 2018 3046 vulnera
2047 2989 2238 3045 rostris
2255 3027 2276 3056 ,

1011 3077 1140 3143 Plus
1166 3078 1356 3134 ltorror
1377 3094 1536 3148 qnam
1568 3094 1723 3149 pruna
1754 3089 1967 3144 movet;
1997 3077 2094 3134 sed
2119 3077 2255 3133 tollit
2279 3087 2334 3132 et
2363 3076 2516 3132 istam

1012 3168 1218 3225 Ventus
1243 3184 1430 3239 agens.
1460 3180 1632 3224 cessat
1660 3167 1834 3222 laxata
1860 3167 2102 3223 molestia
2131 3167 2328 3237 paulun

1010 3260 1302 3316 Confestim
1328 3268 1572 3314 cessante
1600 3271 1767 3325 metu,
1797 3272 1896 3314 nec
1926 3258 2133 3329 inngius
2158 3258 2234 3313 ira

1010 3353 1248 3409 Sentitnr
1277 3369 1433 3424 quam
1465 3352 1615 3422 plaga
1645 3352 1803 3408 calet.
1832 3350 1936 3408 Sed
1963 3360 2112 3421 peste
2139 3358 2344 3408 remota

1011 3447 1314 3501 Succedunt
1344 3444 1462 3498 alia:
1491 3445 1704 3514 gravius
1733 3459 1748 3496 :
1778 3444 2108 3498 consumitur
2131 3456 2292 3496 omne

1013 3536 1337 3600 Iumentum,
1370 3546 1694 3604 cunctosque
1721 3547 1908 3603 greges
1936 3546 2038 3587 nos
2067 3532 2284 3586 abstulit
2321 3544 2444 3596 una,

1013 3626 1122 3682 Nec
1152 3635 1354 3680 tantum
1381 3625 1635 3678 damnosa
1664 3637 1787 3678 reos
1819 3631 2061 3692 portenta
2084 3622 2304 3691 fatigant
2334 3638 2347 3675 :

1015 3716 1255 3771 Vertitur
1277 3711 1344 3768 ad
1373 3729 1588 3767 carnem
1618 3727 1736 3779 quae
1759 3713 1982 3767 susci'at
2008 3712 2086 3767 ita
2111 3711 2347 3767 dolores.

1016 3806 1253 3862 Insidnnt
1282 3805 1488 3871 penitus
1515 3801 1780 3872 turgentia
1809 3801 2026 3856 vulnera
2055 3800 2312 3856 membris
2330 3839 2346 3866 ,

1015 3897 1084 3953 Et
1111 3912 1260 3952 sacer
1286 3895 1516 3950 incubui:
1551 3894 1815 3963 percussis
1837 3892 2056 3947 artubus
2078 3891 2242 3962 ignis,

1015 3989 1264 4046 Creditur
1294 3987 1379 4043 iiic
1401 3987 1558 4043 etiam
1588 4002 1714 4041 casu
1742 3987 2050 4054 contingere
2079 3963 2301 4053 languor
2335 3999 2347 4037 :

1012 4080 1124 4135 Sed
1153 4061 1369 4132 mnibus
1395 4081 1586 4130 mentis
1610 4074 1914 4129 discrimina
1944 4075 2184 4144 corporis
2215 4082 2385 4143 urget.

1019 4172 1265 4230 Pranentt
1296 4168 1382 4220 ille
1409 4167 1560 4231 dies;
1593 4173 1702 4220 tum
1728 4167 1941 4219 demum
1971 4165 2090 4220 luce
2116 4174 2292 4218 secuta

1011 4261 1329 4318 Concutitur
1355 4257 1547 4314 cmlum
1579 4257 1798 4322 tonitru,
1819 4257 2093 4332 nubesque
2117 4263 2319 4310 coacta

1021 4354 1264 4409 Terribili
1293 4349 1575 4420 splendore
1601 4349 1826 4412 micant;
1860 4348 1979 4400 ierit
2002 4345 2180 4399 omnia
2205 4343 2380 4416 fulgur

1019 4446 1261 4501 Fulmina
1290 4458 1478 4512 agens;
1507 4449 1644 4496 totas
1668 4455 1773 4494 uno
1797 4440 1896 4493 sub
1920 4446 2156 4503 tempore
2183 4445 2384 4493 mortes

1023 4533 1247 4590 Etliet'e
1277 4534 1484 4586 turbato
1519 4530 1676 4584 terris
1708 4529 1972 4584 elementa
2004 4527 2292 4581 minantur.

1021 4628 1238 4697 Ignibus
1263 4625 1515 4678 inseritur
1545 4619 1870 4691 pragrandis
1895 4633 2119 4687 corpore
2148 4616 2382 4688 grando,

1022 4718 1140 4772 Non
1173 4723 1229 4768 ut
1272 4712 1413 4767 nube
1445 4711 1581 4765 solet
1612 4711 1766 4765 terris
1804 4707 2042 4762 nimbosa
2074 4707 2254 4762 venire
2285 4721 2299 4757 :

1022 4806 1127 4861 Sel
1157 4817 1471 4874 quocunque
1497 4801 1693 4855 cadens
1725 4809 1780 4854 ut
1810 4799 2102 4868 deprimat,
2131 4807 2290 4868 atque
2319 4796 2524 4851 ruinam

1023 4896 1268 4952 Pendere
1294 4894 1376 4947 vel
1400 4893 1513 4946 solo
1538 4891 1728 4954 faciat;
1754 4891 2093 4960 conjungitur
2112 4904 2245 4960 ergo

1025 4987 1387 5042 Grandineum
1427 4985 1654 5038 ﬂammis
1694 4983 2018 5040 ferventibus
2045 4997 2170 5038 aere
2199 4982 2382 5052 frigus,

1025 5079 1093 5133 Et
1121 5087 1308 5130 natura
1340 5075 1454 5129 neci
1482 5089 1704 5129 servans
1730 5076 1960 5144 assignat
1991 5083 2294 5142 utrumque.

1024 5172 1123 5226 llic
1155 5170 1356 5238 primus
1381 5178 1611 5237 stragem
1640 5167 1841 5237 sparsis
1866 5168 1958 5220 dat
1985 5165 2244 5219 mortibus
2276 5165 2473 5228 imber;

1027 5265 1162 5316 Exin
1195 5269 1480 5317 restantem
1507 5260 1677 5328 surgit
1698 5272 2013 5312 consumere
2039 5257 2267 5311 fructum

1028 5354 1268 5410 Bruclius
1293 5393 1309 5417 ,
1339 5363 1394 5406 et
1417 5367 1639 5406 excusso
1669 5349 1946 5405 conlidens
1980 5362 2136 5403 crure
2162 5349 2384 5402 locusta.

1030 5447 1139 5500 lloc
1168 5446 1260 5500 sed
1293 5444 1447 5500 docta
1477 5443 1648 5509 malis,
1675 5452 1728 5496 et
1750 5441 1858 5511 jam
1887 5441 2195 5495 discrimine
2221 5440 2414 5496 crebro

1029 5537 1301 5605 'I'anquam
1331 5537 1450 5590 lene
1475 5534 1602 5588 satis
1627 5533 1818 5588 callosa
1845 5532 2095 5602 superbia
2126 5531 2295 5586 duxit.
2373 5562 2378 5568 ε

1030 5627 1328 5693 Insequitur
1361 5625 1512 5679 velox
1544 5626 1754 5694 gravius
1782 5639 1897 5692 (λικε
1922 5625 2152 5678 vindicet
2182 5623 2279 5675 ira.

1031 5717 1209 5769 timeas
1239 5731 1392 5769 manu
1425 5730 1561 5769 noto
1590 5727 1814 5784 surgens
1842 5714 1922 5768 sol
1951 5725 2218 5783 sparserat
2250 5715 2487 5780 n.nbras,

1034 5807 1096 5860 ιι
1131 5809 1276 5860 Letoa
1295 5809 1495 5874 μώκιὶδ
1522 5806 1830 5876 Splendebat
1857 5804 2025 5864 irontc
2047 5805 2244 5872 sereni,

2622 419 3028 480 VIENNENSIS

2612 538 2666 599 Α
2692 534 2825 590 Cum
2855 550 3080 608 surgens
3107 535 3337 593 mediam
3367 538 3539 595 nubes
3566 552 3627 596 se
3655 538 3878 611 porrigit
3903 550 4021 598 atra
4039 581 4057 607 ,

2694 620 3121 698 Naseentei'nqne
3147 627 3292 684 diem
3318 629 3547 697 depol,»
3575 629 3778 688 lumine
3804 631 4026 689 claudit.

2693 717 2753 773 In
2777 719 2975 776 molem
3004 733 3109 774 nos
3136 717 3302 774 densa
3331 719 3463 787 coit,
3489 722 3631 791 perit
3651 720 3881 777 obrutus
3907 708 4025 786 aer,

2695 810 3082 881 Palpantesque
3117 824 3310 867 manus
3332 811 3530 868 densas
3549 827 3770 870 sensere
3794 812 4062 879 tenebras;

2693 900 2870 971 Atque
2897 917 3246 972 repercussus
3277 910 3502 958 vexatur
3525 903 3793 961 anhelitus
3817 911 3994 976 a-ger;

2694 993 2761 1049 Et
2781 993 2828 1048 si
2853 995 3056 1065 sopitos
3081 991 3261 1049 flando
3283 993 3404 1064 quis
3431 994 3660 1050 suscitet
3685 993 3859 1064 ignes,

2693 1083 2800 1139 Ant
2823 1083 3064 1138 flammas
3089 1084 3272 1138 excire
3301 1083 3448 1146 velit.
3477 1097 3785 1146 compressa
3811 1093 4070 1157 necantur

2693 1172 2940 1240 Lumina,
2971 1186 3068 1227 nec
3098 1171 3308 1228 vibrant
3331 1172 3564 1230 restricti
3595 1171 3831 1243 pondere
3857 1181 4073 1229 motus:

2693 1263 2813 1332 Quo
2839 1277 3209 1332 quemcunque
3239 1261 3360 1317 loco
3383 1262 3703 1318 tenebrosus
3728 1263 3957 1331 repperit
3990 1266 4212 1331 horror,

2693 1354 2987 1425 Continuit,
3013 1353 3143 1407 vidit
3163 1351 3397 1418 nullum,
3430 1367 3528 1407 nec
3557 1353 3703 1408 visus
3731 1352 3803 1408 ab
3829 1351 3936 1408 ullo
3958 1363 4065 1408 est.

2697 1444 3021 1513 Squalentes
3050 1442 3248 1513 pariter
3281 1441 3513 1497 viventia
3539 1443 3704 1496 millia
3730 1441 3918 1498 credas

2697 1533 2939 1590 lnfernas
2967 1533 3195 1589 intrasse
3222 1530 3430 1597 domos,
3463 1540 3557 1586 aut
3588 1529 3725 1587 forte
3753 1531 3962 1587 revulsa

2695 1623 2861 1704 Obice
2889 1635 3152 1680 terrarum
3181 1624 3406 1694 patriam
3439 1621 3705 1680 sordentia
3725 1623 3907 1691 abyssi

2695 1713 2954 1784 Iigrasse
2981 1715 3036 1768 in
3065 1727 3314 1783 superos,
3347 1727 3410 1769 ac
3438 1713 3695 1769 mundum
3724 1714 3846 1770 luce
3873 1712 4050 1784 fugata

2699 1801 2811 1860 Sub
2840 1805 2983 1874 leges
3011 1803 3224 1859 misisse
3251 1817 3399 1859 suas.
3429 1802 3564 1860 ‘I'res
3590 1802 3820 1872 perdidit
3847 1806 3946 1858 ista

2622 1896 2669 1956 Β
2697 1894 2860 1951 Nocte
2885 1893 3022 1960 dies,
3051 1893 3210 1961 digne
3236 1893 3476 1963 pendens
3506 1893 3736 1965 periuria
3767 1893 3925 1970 tellus

2695 1986 2886 2042 lsthcc
2911 1985 3105 2040 damna
3131 1983 3281 2051 tulit;
3309 1998 3432 2038 nam
3459 1993 3658 2039 caetera
3683 1967 3916 2053 fulgidus
3943 1982 4090 2038 orbis

2697 2078 2946 2134 Continet
2963 2117 2980 2144 ,
3012 2085 3068 2133 et
3092 2076 3278 2133 solitos
3301 2073 3636 2146 distinguunt
3661 2085 3900 2144 tempora
3928 2087 4142 2130 etirsus.

2767 2172 2945 2226 Moses
2971 2171 3173 2224 interea
3211 2169 3498 2239 lacrymas,
3519 2167 3749 2238 jejunis,
3781 2176 3904 2221 vota

2693 2263 3000 2328 Continuat,
3029 2262 3382 2332 precibusque
3407 2259 3662 2330 frequens
3690 2273 3755 2315 ac
3782 2257 4009 2330 pervigil
4043 2257 4233 2326 instat,

2695 2353 2911 2424 )lajo‘ris
2939 2366 3064 2409 natu
3095 2353 3257 2409 fultus
3286 2352 3549 2409 solamine
3579 2349 3782 2405 fratris.

2695 2447 2918 2503 instruit
2948 2446 3047 2502 bos
3072 2445 3242 2501 sacris
3269 2440 3449 2506 simul.
3483 2441 3841 2513 informatque
3865 2439 4091 2497 Creatnr

2693 2537 2912 2610 Ilystica
2951 2537 3252 2594 solemnem
3281 2549 3385 2606 qua
3417 2534 3616 2604 pandat
3645 2528 3856 2588 victima
3885 2531 4066 2587 ritum.

2692 2629 2927 2686 Cizrnitis
2953 2637 3015 2685 nt
3042 2627 3207 2684 multa
3245 2625 3517 2685 desudans
3545 2624 3701 2682 clade
3721 2632 3930 2682 reatum

2694 2720 2959 2792 Egyptus
2983 2720 3213 2776 contrita
3240 2727 3421 2790 gemat
3449 2717 3585 2772 satis
3609 2715 3843 2782 undique
3869 2722 4033 2777 tacta,

2692 2809 2800 2867 Sed
2829 2823 3004 2867 tamen
3031 2811 3250 2866 immota
3276 2818 3518 2879 perstans
3541 2808 3755 2865 cervice
3779 2804 4031 2863 rebellis?

2691 2903 2802 2959 Nec
2831 2902 3089 2971 portanda
3120 2902 3212 2957 diu
3240 2899 3548 2971 praeedunt
3574 2898 3674 2957 ista
3695 2899 3926 2955 ruinam.

2698 2994 2943 3064 Egrotat
2970 2993 3324 3061 quodcunque
3352 3000 3543 3054 tumet,
3571 3004 3672 3048 nec
3699 3003 3829 3045 sana
3856 2986 4088 3057 superbo

2691 3085 2862 3140 Causa
2883 3086 3089 3148 subest,
3107 3083 3349 3152 junctum
3372 3087 3633 3137 monstrat
3654 3094 3807 3135 mens
3823 3077 4032 3148 turgida
4052 3077 4278 3136 letlium.

2693 3173 2843 3231 Unus
2866 3171 3044 3227 adhuc
3077 3178 3245 3228 restat
3271 3171 3359 3241 qui
3387 3169 3617 3226 vindicet
3641 3169 3821 3224 omnia
3847 3168 4041 3233 luctus,

2614 3241 2664 3305 (ἶ
2699 3263 2932 3334 Postque
2961 3277 3153 3318 novem
3181 3262 3386 3318 decima
3418 3260 3671 3330 percellat
3709 3259 3857 3315 caede
3884 3267 4174 3316 merentes.

2703 3353 2810 3408 Vos
2834 3352 2995 3408 modo
3020 3361 3308 3423 perpetuos
3331 3364 3605 3406 sacrorum
3631 3349 3825 3406 discite
3849 3361 4049 3412 mores,

2697 3440 2942 3497 Cultibns
2969 3451 3024 3498 et
3052 3441 3284 3512 propriis
3307 3454 3556 3496 mansura
3581 3439 3702 3512 lege
3729 3449 3926 3496 tenete.

2699 3533 2974 3589 Mensibus
2998 3533 3050 3587 in
3080 3533 3314 3596 cunctis,
3342 3531 3490 3587 orbis
3513 3545 3652 3602 quos
3678 3531 3900 3599 circinat
3921 3529 4072 3596 anni,

2703 3625 2807 3680 lste
2834 3633 2996 3694 caput
3024 3624 3380 3694 princepsque
3406 3622 3565 3690 foret,
3590 3637 3749 3695 quem
3781 3623 3994 3680 nomine
4019 3621 4143 3678 belli

2703 3715 2944 3774 Gentiles
2974 3719 3228 3779 vocitant,
3258 3731 3355 3771 vos
3385 3726 3588 3772 tantum
3612 3715 3774 3772 dicite
3802 3716 4030 3785 primum
4057 3731 4072 3768 :

2701 3806 2957 3872 Lmaque
2982 3805 3064 3860 bis
3086 3815 3294 3875 septem
3326 3819 3449 3862 cum
3481 3804 3667 3862 fecerit
3694 3804 3872 3860 addita
3898 3815 4108 3872 noctes,

2704 3898 2938 3968 Vespere
2965 3908 3076 3953 tum
3105 3912 3230 3955 sero
3257 3897 3455 3955 dabitis
3482 3897 3771 3967 primordia
3801 3897 3991 3952 sacris.

2699 3988 2905 4046 Sumite
2931 4000 3267 4045 mansuetum
3303 3988 3527 4059 perfecti
3567 3989 3824 4059 temporis
3853 4003 4072 4059 agnum,

2703 4078 2804 4145 Qui
2836 4088 3017 4134 careat
3037 4080 3277 4142 marnla,
3307 4088 3362 4134 et
3390 4093 3578 4146 purum
3607 4077 3700 4134 dct
3725 4093 3954 4147 corpore
3982 4078 4178 4135 vellus.

2707 4169 2819 4223 lInc
2843 4170 3039 4223 animal
3067 4169 3215 4224 festis
3241 4168 3576 4234 mactabitis;
3608 4167 3764 4238 bujus
3793 4178 4077 4239 utrumque

2705 4258 2947 4330 Signabit
2978 4261 3195 4330 sanguis
3224 4257 3391 4315 nitido
3419 4261 3486 4315 de
3524 4275 3751 4330 corpore
3777 4271 4004 4330 postem.

2707 4349 2818 4404 Hoc
2843 4349 2986 4404 dabit
3015 4351 3267 4406 indicium
3298 4351 3577 4406 servanda
3603 4364 3731 4405 cura
3763 4352 3968 4406 salutis.

2705 4439 2838 4495 Cum
2867 4454 3153 4510 percussor
3179 4450 3294 4509 aget
3327 4441 3539 4494 tacitam
3566 4440 3683 4496 sine
3711 4441 3928 4497 vulnere
3953 4428 4181 4509 ezedem,

2710 4531 3006 4602 Perspiciet
3027 4545 3180 4585 sacro
3208 4531 3370 4586 limen
3400 4529 3668 4586 maduisse
3695 4545 3908 4597 cruore,

2625 4598 2679 4658 D
2707 4621 2818 4676 Hoc
2847 4598 3048 4676 tantum
3081 4621 3309 4676 transire
3337 4621 3526 4676 volens
3555 4621 3807 4676 distantia
3837 4621 3958 4677 talis

2703 4709 2946 4767 Custodit
2967 4721 3174 4767 vestras
3201 4712 3405 4779 sparsis
3435 4727 3465 4767 n
3498 4711 3759 4768 mortibus
3785 4711 3949 4784 ades.

2704 4801 2794 4858 Sic
2817 4817 2935 4868 nos,
2966 4799 3198 4865 Christe,
3233 4812 3380 4856 tuum
3411 4801 3584 4858 salvt-t
3611 4815 3772 4870 super
3797 4801 3975 4856 omnia
4007 4802 4215 4872 signum

2702 4893 2989 4950 Frontibus
3011 4895 3314 4965 impositum
3344 4911 3358 4946 :
3384 4893 3462 4948 sic
3485 4895 3700 4962 sanguis
3723 4894 3954 4964 denique
3973 4907 4216 4964 sanctus,

2702 4987 2850 5042 Tunc
2880 4986 3268 5056 prmmonstrati
3299 4983 3497 5038 dudum
3529 4986 3617 5055 qui
3649 4984 3888 5040 funditur
3914 4986 4058 5056 agni,

2701 5078 2894 5132 Oribus
2925 5076 3126 5130 infusus
3152 5084 3330 5145 postes
3359 5075 3614 5131 lustrasse
3647 5084 3857 5131 tuorum

2703 5169 2842 5223 Inter
2871 5169 3098 5223 labentis
3130 5167 3389 5224 ferventia
3421 5167 3603 5223 funera
3635 5166 3819 5222 mundi

2702 5261 2980 5326 Credatnr,
3010 5273 3246 5328 casuque
3277 5269 3397 5313 tuos
3424 5260 3690 5313 discernat
3717 5259 3786 5314 ab
3813 5257 3982 5313 omni.

2705 5352 2840 5406 Dum
2870 5367 2972 5405 non
3001 5351 3236 5422 signatos
3264 5348 3525 5417 percurrit
3551 5349 3734 5404 funere
3758 5362 3961 5410 mucro.

2705 5443 2784 5500 τυ
2811 5458 3074 5515 cognosce
3104 5457 3244 5498 tuam
3273 5443 3524 5497 saltenda
3557 5443 3608 5497 in
3639 5443 3793 5510 plebe
3824 5441 4070 5510 figuram.

4176 423 4293 484 ῑω

2705 5535 2774 5591 Ut
2796 5551 3109 5606 quocunque
3137 5538 3254 5590 loco
3279 5549 3493 5589 sancms
3519 5532 3833 5588 mactabitur
3860 5545 4049 5602 agnus.

2705 5630 2880 5696 Atque
2907 5630 3027 5682 cibo
3051 5637 3292 5682 sanctam
3323 5627 3618 5696 porrexerit
3643 5626 3814 5678 hostia
3841 5637 4039 5692 corpus

2707 5717 2827 5772 Rite
2861 5731 3101 5780 sacrum,
3140 5716 3382 5772 celebret
3410 5712 3531 5769 vita:
3560 5713 3818 5783 promissa
3847 5710 4120 5779 sequerith

2708 5810 2990 5869 Fcrmento
3020 5823 3250 5880 nequam
3275 5808 3475 5876 duplici
3514 5807 3580 5862 de
3608 5807 3768 5863 cor-de
3799 5802 4034 5871 revulso,
