4516 6460
161 445 255 500 561

157 560 440 616 Sincerum
468 549 649 606 nitida:
678 551 1029 616 conspergant
1060 554 1244 610 azyma
1272 551 1494 590 mena-5.

235 647 472 702 Finierat
497 650 672 697 rector
697 640 839 708 leges
865 646 918 691 et
945 634 1142 690 ftedera
1173 632 1288 685 festi

163 737 438 795 Paschalis
469 733 720 789 mandare
745 730 894 795 viris,
922 727 1059 797 quod
1094 727 1332 795 protinus
1356 738 1542 774 ouum-s-

161 830 455 900 Arripuere
483 824 670 888 simul;
705 829 966 891 peragunt
988 818 1234 872 convivia
1263 816 1392 877 laeti,

163 920 542 987 Solemnisque
572 930 710 969 novo
738 913 882 966 cultu
917 909 1368 976 disponituresus
1387 945 1401 964 .

162 993 430 1068 Transeat
453 1009 519 1062 ad
548 1021 698 1062 seros
727 1020 846 1074 quas
875 1002 1087 1058 condita
1128 999 1296 1052 forma
1327 1005 1574 1062 nepotes.

165 1104 277 1160 Nox
309 1111 446 1164 erat,
478 1109 531 1153 et
559 1097 787 1152 mediam
815 1094 1104 1161 carpebant
1133 1098 1323 1144 cuneta
1355 1087 1613 1153 quietem,

168 1195 477 1259 llmbraque
509 1189 726 1242 libratas
751 1186 862 1254 jam
891 1185 1000 1254 jam
1032 1182 1286 1236 diviserat
1318 1179 1476 1232 horas
1509 1195 1521 1225 -.

170 1286 311 1339 Ecce
339 1283 483 1338 venit
514 1281 677 1335 tacito
708 1295 799 1346 per
829 1278 942 1331 dira
973 1276 1178 1331 silentia
1209 1283 1354 1327 motu

167 1379 407 1445 Angelus
433 1383 649 1429 exserto
679 1374 875 1426 missus
900 1371 988 1440 qui
1019 1369 1204 1421 smviat
1231 1379 1361 1419 ense
1387 1379 1401 1416 :

169 1471 280 1524 Nec
309 1467 528 1523 confusa
560 1467 716 1518 datur
743 1464 902 1516 subiti
929 1461 1193 1516 sententia
1223 1457 1370 1515 lethi,

166 1558 344 1614 Omne
373 1557 568 1609 malum
601 1556 691 1608 sed
721 1564 866 1607 sorte
893 1552 1067 1614 cadit,
1103 1548 1363 1616 longeque
1392 1543 1618 1601 videtur,

169 1649 340 1714 Quem
373 1653 520 1715 petat
549 1644 602 1698 in
638 1643 870 1696 tenebris
903 1639 1102 1708 ιιι-ειτίίχὶ
1135 1636 1336 1690 funeris
1361 1632 1494 1686 ordo
1525 1646 1538 1683 :

170 1739 400 1806 Maiores
424 1744 549 1788 natu
579 1741 824 1804 pereunt,
851 1730 1060 1798 solique
1091 1730 1340 1796 leguntur

170 1829 255 1882 Ad
288 1839 514 1880 mortem
541 1824 740 1892 primos
777 1819 881 1875 luci
906 1835 1041 1890 quos
1069 1819 1236 1874 edidit
1262 1829 1428 1870 ortus.

171 1922 309 1975 Cum
339 1919 567 1972 dominis
601 1915 781 1970 famuli
817 1923 1070 1983 pereunt,
1104 1912 1321 1979 natique
1349 1914 1622 1972 potentum

171 2004 447 2066 Permixta
476 2023 597 2062 cum
628 2007 784 2076 plebe
813 2004 1013 2060 eadunt
1044 2022 1056 2054 :
1090 2002 1170 2057 sic
1202 2000 1338 2063 vilis,
1372 2009 1426 2051 nt
1459 1997 1548 2050 ille

176 2105 353 2170 Quem
384 2101 513 2156 celsi
545 2100 714 2154 tenuit
743 2099 1060 2152 morientem
1093 2108 1326 2162 purpura
1357 2088 1535 2144 fulcri.

174 2198 308 2254 Haec
341 2195 476 2248 nuda
517 2195 705 2247 tellure
731 2192 932 2261 jacent,
968 2192 1080 2242 lucc
1108 2186 1280 2240 serica
1313 2183 1516 2244 velant,

180 2288 497 2356 Disparibus
526 2286 708 2339 stratis
740 2289 1053 2336 sternuntur
1085 2291 1313 2346 corpora
1346 2273 1511 2327 letho.

176 2379 298 2434 Non
321 2389 642 2446 quemquam
663 2383 817 2427 'mors
846 2385 995 2438 aequa
1028 2369 1202 2432 timet,
1235 2380 1340 2420 non
1373 2361 1568 2430 excipit
1601 2359 1740 2411 ullos

180 2472 242 2522 In
275 2468 412 2520 vivis
444 2476 646 2520 tantum
677 2462 770 2533 qui
802 2462 1181 2516 discernuntur
1211 2457 1465 2510 honores.

177 2560 445 2626 Pauperis
473 2557 538 2611 ad
569 2557 748 2610 fletum
778 2553 922 2608 nul'a
955 2553 1152 2620 pietate
1183 2559 1450 2610 movetur,

183 2650 402 2705 DJibns
440 2659 495 2700 ut
526 2655 710 2716 parcat
747 2644 894 2699 nullo
932 2640 1294 2709 corrumpitur
1327 2649 1480 2691 auro.

183 2738 473 2806 Egrotum
505 2751 692 2800 sanus,
726 2735 1024 2802 longaevum
1052 2731 1236 2800 junior
1265 2738 1389 2782 ante

183 2827 410 2897 Migrat:
437 2825 556 2879 huic
584 2823 681 2878 soli
712 2823 873 2878 debet
901 2821 1175 2876 conlidere
1206 2832 1382 2873 nemo.

185 2921 306 2975 lloc
338 2928 538 2974 tantum
576 2928 753 2970 tamen
784 2923 868 2968 est
900 2913 1116 2968 sibimet
1146 2927 1251 2980 quo
1284 2915 1491 2963 mortua
1522 2906 1743 2967 distent,

191 3009 388 3062 Vivant
415 3019 468 3061 ut
499 3007 704 3061 meritis
737 3005 826 3073 qui
863 3004 1131 3070 complent
1165 3011 1404 3067 tempora
1437 3008 1602 3050 sorte.

191 3101 322 3154 "rec
350 3111 620 3166 nunquam
649 3097 862 3166 penitus
889 3076 1047 3148 morti
1080 3093 1205 3146 licet
1235 3090 1461 3156 auferat,
1497 3097 1550 3142 et
1581 3087 1625 3140 si

189 3191 323 3244 .lure
352 3197 630 3258 potestats
659 3187 798 3240 lutea
825 3199 1082 3252 compage
1112 3192 1375 3246 creatum,

193 3281 418 3335 Setnine
449 3277 658 3332 mortali
687 3277 946 3344 genitum,
971 3283 1238 3340 terraeque
1267 3271 1566 3332 reductum,

193 3374 472 3424 Justorutn
505 3370 558 3421 in
591 3367 740 3421 factis
773 3367 918 3420 letho
949 3363 1022 3416 nil
1051 3362 1286 3416 creditur
1319 3361 1434 3414 ulli.

273 3461 415 3529 Ergo
455 3469 510 3512 ut
541 3470 825 3528 percussas
859 3456 1074 3509 soboles
1105 3453 1326 3508 confusa
1360 3459 1581 3518 repente

197 3552 340 3607 Aula
368 3551 531 3614 videt,
562 3557 786 3604 currunt
821 3548 1010 3601 flentes
1039 3546 1104 3602 ad
1136 3546 1321 3600 funera
1353 3556 1570 3606 matres,

197 3643 427 3698 Pectora
456 3639 796 3695 contundunt
823 3641 1034 3707 pugnis,
1069 3639 1353 3705 crinesque
1382 3637 1648 3690 revellunt

203 3734 502 3804 Unguibus,
533 3742 585 3786 et
612 3733 790 3800 nigras
815 3730 1069 3784 festinant
1098 3730 1343 3782 scindere
1373 3727 1563 3780 malas.

199 3827 313 3881 Nec
344 3826 592 3878 dominos
625 3823 882 3891 planxere
913 3822 1026 3884 diu,
1059 3837 1184 3875 mox
1216 3830 1441 3888 occupat
1468 3833 1655 3870 omnes

201 3917 409 3971 Luctus
436 3929 704 3984 quemque
729 3928 880 3974 suns,
905 3924 1059 3967 sonat
1096 3928 1231 3965 unus
1260 3915 1310 3965 in
1339 3913 1538 3966 :rthere
1568 3912 1771 3964 clamor

200 4008 323 4063 Non
355 4020 460 4059 uno
491 4020 554 4058 ex
586 4004 733 4065 fletu,
768 4002 1047 4056 confundit
1079 4017 1209 4055 voce
1239 4001 1522 4056 tumultum

202 4098 361 4153 Nulla
396 4110 588 4150 vacans
618 4111 645 4148 a
675 4103 846 4148 morte
873 4096 1092 4156 domus;
1124 4103 1232 4147 tum
1267 4095 1465 4148 lumine
1494 4093 1660 4145 multo

203 4188 366 4244 Omni
397 4196 615 4241 curatur
648 4185 962 4254 populorum
997 4186 1154 4239 funus
1187 4184 1234 4235 in
1271 4185 1420 4236 urbe.

206 4279 477 4335 indicium
515 4279 715 4346 justum
753 4278 895 4346 cogit
926 4291 1154 4331 munere
1187 4285 1476 4330 merentes.

207 4371 275 4423 lit
301 4370 426 4421 dum
459 4371 579 4437 quis
612 4371 825 4436 proprio
855 4376 1035 4422 servat
1064 4368 1295 4421 lamenta
1324 4367 1514 4430 dolori,

211 4460 518 4528 Exsequias
549 4461 759 4514 tardant
789 4461 980 4525 luctus,
1018 4461 1398 4529 inhumataque
1432 4462 1579 4514 turba

211 4554 391 4608 Dilata
417 4552 585 4621 jacuit
616 4552 876 4619 tantisper
905 4560 1052 4605 sorte
1082 4551 1342 4619 sepulcri;

213 4650 286 4704 Et
312 4649 412 4702 nisi
448 4648 550 4715 iam
581 4647 792 4701 tandem
825 4661 1023 4702 vacuos
1051 4657 1105 4701 et
1133 4648 1335 4702 honore
1365 4657 1613 4700 carentes

216 4741 316 4795 \‘el
349 4740 487 4793 nuda
521 4739 708 4793 tellure
740 4738 899 4798 locet.
933 4738 1014 4791 vel
1044 4747 1352 4792 concremet
1384 4739 1508 4806 igni,

216 4832 326 4886 Vix
356 4832 577 4886 colleCIa
609 4845 801 4884 manus
831 4846 948 4899 qua?
981 4841 1158 4882 tantos
1189 4830 1462 4884 clauderet
1490 4847 1640 4884 urna.

293 4921 430 4974 Tum
465 4936 640 4990 regem
669 4923 868 4974 circum
897 4935 1168 4974 commmo
1200 4936 1469 4974 murmure
1496 4921 1594 4975 sist
1618 4932 1636 4974 t

217 5015 414 5068 Μω-ιίι
444 5011 658 5078 cohors,
696 5011 839 5064 hnmi
865 5025 896 5066 e
925 5011 1248 5079 deproinens
1281 5027 1410 5066 voce
1441 5014 1708 5081 querelas.

218 5105 406 5159 ﬂens!
443 5103 663 5156 nimium
697 5103 894 5155 nostris
926 5103 1146 5155 adversa
1179 5103 1410 5171 potentia
1443 5105 1601 5157 rebus

220 5194 440 5252 Ilebrali
471 5196 666 5263 populi,
697 5194 854 5248 toties
885 5195 967 5247 cui
999 5193 1207 5249 vindice
1238 5195 1424 5248 dextra

221 5285 420 5343 Militat
446 5297 605 5338 omne
635 5285 851 5348 malum,
886 5293 1026 5337 totus
1051 5284 1139 5338 cui
1165 5286 1397 5355 denique
1429 5285 1659 5340 mundus

223 5382 461 5448 Pugnat,
492 5388 544 5432 et
574 5377 710 5433 irato
738 5378 1033 5433 succedunt
1063 5393 1316 5448 prospera
1349 5380 1507 5435 coelo.

224 5475 334 5528 Vix
363 5470 607 5548 quadam
635 5478 842 5525 secreta
873 5470 988 5537 Dei,
1017 5471 1293 5541 majorque
1317 5481 1555 5540 potestas

226 5564 364 5621 llaec
393 5550 684 5638 in'sceptra
718 5561 865 5627 furit,
896 5570 1214 5632 gentemque
1241 5563 1516 5619 ulciscitur
1545 5564 1715 5633 ipsam

229 5650 661 5724 Urbisjactura;
696 5653 840 5708 solos
868 5655 1146 5723 pereuntia
1176 5655 1387 5709 salvant

229 5751 486 5805 Victores
514 5749 784 5802 elementa
814 5762 962 5813 suos,
987 5749 1360 5819 redimuntque
1389 5749 1649 5804 cadendo.

230 5829 326 5900 En
352 5843 493 5913 jacet
522 5840 801 5910 Aigyptus,
837 5855 934 5894 nec
958 5841 1068 5912 jam
1099 5843 1413 5914 reparabilis
1447 5841 1606 5898 ultra.

489 5935 778 6003 νηπίη,
809 5932 974 5996 LIX.

1453 415 1830 477 I‘OEMATUM
1875 410 2075 468 LIBER
2117 411 2178 464 Υ.

1783 533 1831 588 Α
1864 530 2036 595 Atque
2067 525 2268 580 utinam
2296 534 2483 591 prunas
2518 519 2673 583 vivis,
2699 518 2990 586 damnumq
3017 531 3061 570 re
3091 531 3183 585 per
3209 532 3338 570 arva

3343 404 3447 458 36?.

1863 618 2049 673 Ferret
2078 615 2254 670 adhuc
2279 611 2458 666 divina
2491 624 2704 675 manus,
2740 623 2837 662 nec
2868 608 3053 661 funere
3085 616 3232 660 tanto

1861 709 2150 776 Decepi-am
2181 703 2356 758 subita
2388 709 2669 756 vaciiasset
2699 699 2847 753 cmde
2871 699 3148 765 CanOpum
3185 699 3194 744 ε

1860 797 2101 854 Tandem
2133 811 2294 867 parce
2321 795 2460 859 solo,
2487 807 2782 862 causasque
2808 791 3020 860 expelle
3048 789 3236 853 ruinae,

1862 891 2000 946 Dum
2034 891 2208 944 levior
2243 899 2482 958 strages;
2524 887 2650 940 dum
2681 888 2962 956 quisquam
3002 883 3122 938 luce
3152 892 3386 945 tenetur,

1864 981 2000 1036 Dum
2032 991 2278 1058 superest
2304 981 2393 1048 qui
2426 990 2570 1048 terga
2603 987 2833 1047 premat,
2863 978 2951 1046 qui
2985 977 3152 1030 limite
3187 979 3386 1037 trudat,

1866 1074 1934 1128 Et
1960 1088 2028 1128 ne
2051 1086 2234 1141 quem,
2265 1071 2310 1125 si
2340 1069 2479 1124 forte
2513 1068 2680 1122 velint
2706 1083 2773 1122 ex
2803 1068 2967 1121 corde
2994 1067 3219 1132 morari,

1865 1163 1980 1219 Non
2011 1164 2154 1217 sinat
2181 1161 2358 1230 ejecto
2389 1159 2667 1228 depellens
2699 1159 2908 1227 hospite
2932 1159 3164 1221 cladem,

1867 1257 2186 1313 Permoveat
2215 1262 2399 1307 noster
2428 1261 2675 1306 natorum
2710 1251 2895 1306 funere
2921 1251 3117 1315 luctus,

1867 1349 2184 1404 Permoveat
2216 1355 2268 1400 te
2299 1344 2437 1400 forte
2468 1354 2619 1410 tuus;
2669 1344 2751 1398 vel
2784 1359 2945 1410 pauca
2979 1352 3291 1412 superstent

1869 1441 2118 1508 Pignora,
2149 1455 2268 1508 quae
2297 1447 2472 1492 tantos
2505 1445 2715 1505 tergant
2743 1445 2952 1489 servata
2978 1435 3213 1498 dolores,

1873 1529 1937 1584 Et
1965 1529 2294 1584 detruncata:
2319 1535 2572 1594 reparent
2597 1526 2876 1594 dispendia
2907 1524 3102 1592 gentis.

1872 1620 1967 1673 llis
1995 1619 2150 1673 dictis
2182 1619 2447 1688 lacrymas
2478 1616 2707 1686 poi-alus
2733 1615 2913 1678 dedit;
2949 1616 3066 1683 ipse
3096 1613 3357 1682 superbus

1873 1709 2158 1778 Frangitur
2186 1707 2251 1762 ad
2281 1709 2462 1763 ﬂetum
2496 1709 2770 1776 princeps,
2804 1706 3111 1775 victumque
3141 1703 3358 1759 fatetur.

1949 1800 2075 1854 llzrc
2101 1798 2412 1867 perturbata
2442 1797 2540 1852 sed
2569 1797 2696 1850 dum
2733 1805 3024 1850 tractantur
3055 1795 3110 1848 in
3141 1794 3282 1860 aula,

1802 1886 1846 1944 Β
1875 1890 2085 1945 Hebraei
2116 1899 2296 1943 vatum
2326 1888 2525 1951 studio,
2559 1889 2880 1958 monitisque
2911 1891 3159 1956 supernis

1875 1981 2087 2050 Optima
2121 1993 2347 2052 qumque
2377 1979 2548 2034 sacris
2578 1979 2800 2048 tingunt,
2830 1978 3110 2047 epulisque
3139 1980 3442 2048 requirunt,

1876 2072 2124 2142 Vasaquo
2155 2071 2423 2126 solemnes
2448 2086 2567 2140 qua:
2599 2080 2824 2140 poscunt
2854 2071 3082 2140 plurima
3111 2073 3305 2125 cultus.

1847 2163 2202 2218 Ornamenta
2233 2164 2418 2228 etiam,
2454 2173 2758 2233 vestesque,
2793 2163 3030 2228 monilia,
3065 2179 3326 2231 gemmas,

1882 2254 1950 2308 Ut
1979 2253 2249 2309 reddenda
2281 2263 2469 2324 petunt
2495 2271 2507 2307 :
2542 2269 2642 2309 nec
2669 2255 2852 2310 tardus
2880 2255 3188 2309 commodat
3217 2256 3437 2324 hospes,

1884 2346 2025 2400 Ditat
2051 2354 2104 2399 et
2134 2347 2387 2414 ignorans
2417 2345 2678 2415 trepidam
2704 2361 2890 2400 manus
2915 2349 3106 2400 aemula
3135 2347 3365 2416 plebem.

1884 2441 2015 2504 Qum
2035 2437 2147 2508 jam
2179 2437 2336 2508 digna
2368 2437 2473 2493 tuis
2505 2438 2808 2507 pandantur
2836 2439 3086 2493 laudibus
3107 2454 3223 2506 ora,

1885 2531 2109 2588 Summe
2137 2540 2310 2598 pater,
2341 2531 2429 2600 qui
2465 2538 2570 2586 tam
2603 2546 2748 2585 saevo
2777 2532 2854 2585 sic
2883 2531 3052 2586 uteris
3081 2531 3269 2588 hoste?

1888 2625 2092 2679 Annuit
2116 2624 2392 2687 adversus,
2425 2623 2647 2694 largitur
2677 2639 2899 2678 munera
2930 2624 3141 2691 nolens,

1888 2717 2016 2781 Quae
2046 2730 2227 2770 secum
2261 2714 2481 2769 dimissa
2516 2716 2718 2779 ferant;
2763 2730 2862 2769 nec
2892 2716 3108 2770 solvere
3137 2707 3338 2770 tantum

1891 2808 2103 2864 Sufficit
2132 2821 2440 2876 oppressos,
2475 2807 2668 2876 Opibus
2698 2808 2934 2862 ditantur
2961 2818 3174 2872 euntes,

1892 2899 2306 2968 Thesaurosque
2334 2914 2504 2953 novos
2535 2899 2756 2953 libertas
2791 2900 2994 2953 reddita
3027 2893 3238 2954 sumit.“

1893 2989 2037 3044 Inter
2067 2991 2332 3044 ferventes
2363 2989 2575 3044 inimica
2608 2991 2660 3042 in
2692 2992 2820 3045 sede
2852 2993 3058 3044 furores

1898 3080 2172 3135 Prasdatur
2203 3081 2478 3135 dominum
2514 3082 2741 3150 fugiens,
2771 3083 3012 3152 fallitque
3050 3083 3347 3150 videntem,

1898 3173 2226 3227 Praesentem
2259 3182 2470 3238 vacuat,
2501 3189 2568 3228 ne
2598 3182 2702 3227 tam
2737 3176 3014 3229 discedere
3042 3178 3222 3244 pulsos

1821 3245 1867 3308 (ἶ
1890 3263 2066 3328 Quam
2097 3263 2250 3317 laetos
2281 3264 2540 3332 migrasse
2570 3275 2756 3332 putes;
2791 3273 3073 3333 portantur
3096 3268 3240 3320 avari

1899 3356 1988 3410 Sic
2014 3355 2312 3409 Pharaonis
2345 3369 2497 3423 opes,
2523 3369 2680 3421 quem
2716 3365 2837 3406 tunc
2870 3357 3117 3410 Inl'l‘CCdc
3141 3359 3313 3412 soluti

1899 3443 2118 3499 Servilii
2162 3445 2376 3513 longum
2408 3445 2597 3498 credas
2635 3454 2844 3498 laxasse
2876 3448 3133 3500 laborem.

1901 3535 2299 3604 Nonnunquam
2333 3535 2496 3589 rectis
2526 3547 2579 3589 et
2607 3552 2725 3604 qua:
2763 3540 3032 3591 contraria
3067 3553 3286 3608 prosunt

1903 3628 1974 3682 Et
2004 3644 2122 3697 qua:
2152 3631 2284 3681 lmva
2310 3630 2483 3680 malus
2510 3628 2696 3692 voluit,
2731 3637 2927 3682 mutata
2959 3643 3260 3692 recurrunt,

1901 3717 1960 3778 In
1985 3718 2228 3770 dextram
2261 3726 2503 3772 vertente
2536 3718 2665 3781 Deo,
2699 3719 2947 3788 solosque
2977 3731 3234 3776 ttOcet.tes

1909 3801 1998 3862 Vis
2028 3809 2135 3862 odii
2173 3810 2444 3879 perimens
2474 3811 2726 3864 meditata
2759 3814 2812 3864 in
2839 3813 3061 3868 \ulnera
3094 3815 3262 3878 ducit,

1908 3900 1973 3954 Et
2002 3912 2182 3968 partos
2222 3900 2371 3954 fratri
2402 3901 2620 3970 laqueos
2652 3903 2928 3958 incurrere
2957 3908 3118 3974 cogit.

1981 3995 2192 4060 Egressi
2223 3995 2426 4048 interea
2462 3995 2669 4062 trepido
2698 3995 2766 4048 de
2797 4011 2920 4064 rege
2949 3997 3178 4052 ministri

1907 4092 2247 4161 Compellunt
2275 4092 2452 4146 celare
2482 4091 2681 4160 fugam,
2710 4102 3013 4161 coguntque
3040 4094 3303 4162 volentes,

1910 4184 2252 4252 Praecipitant
2283 4183 2510 4250 alacres,
2543 4191 2597 4236 et
2621 4181 2998 4237 festinantibus
3028 4185 3256 4251 instant,

1911 4279 2296 4348 Pellendasque
2320 4287 2509 4346 putant
2539 4279 2688 4345 pulsa
2721 4293 2840 4331 cum
2866 4291 3027 4347 gente
3053 4281 3255 4334 ruinas.

1910 4371 2027 4425 Jam
2058 4385 2225 4440 prope
2255 4380 2542 4424 centenum
2575 4371 2941 4437 compleverat
2972 4370 3176 4424 advena
3208 4373 3437 4427 lustrum

1916 4463 1968 4516 ln
2002 4464 2202 4531 regnis,
2231 4461 2486 4531 Egypte,
2521 4460 2640 4524 tuis,
2672 4475 2741 4515 ex
2778 4471 3018 4529 tempore
3046 4465 3314 4531 quondam

1913 4555 2031 4622 Quo
2059 4555 2267 4623 priscus
2300 4553 2598 4622 patriarcha
2632 4551 2798 4606 Jaeob
2831 4554 3155 4621 perduxerat
3184 4556 3310 4610 illuc

1843 4616 1891 4674 ι)
1921 4650 2009 4702 Bis
2038 4663 2166 4700 sena
2201 4661 2318 4699 cum
2351 4647 2498 4713 prole
2527 4645 2769 4710 domum,
2801 4660 3061 4714 carosque
3093 4657 3339 4715 nepotes,

1922 4740 2037 4806 Quo
2067 4755 2160 4807 per
2196 4737 2480 4790 fecundum
2511 4743 2796 4790 creverunt
2828 4736 2992 4790 millia
3031 4746 3255 4805 patrem.

1925 4830 2166 4883 Procedit
2202 4813 2414 4881 tandem
2445 4829 2695 4895 populus,
2730 4842 2961 4897 moxque
2989 4829 3201 4896 agmine
3223 4831 3412 4898 juncto

1927 4921 1966 4974 1)
1992 4937 2101 4974 ram
2135 4920 2324 4989 linquit
2355 4920 2573 4974 humum
2609 4919 2845 4973 tenebris
2874 4935 2935 4974 ac
2965 4921 3196 4975 luctibus
3235 4923 3443 4978 orbam.

1927 5014 2056 5068 Nam
2090 5014 2260 5068 vicina
2288 5013 2398 5066 dies
2432 5013 2668 5067 nondum
2699 5014 3030 5082 produxerat
3060 5031 3244 5069 ortus:

1927 5109 2052 5162 llmc
2080 5123 2182 5162 nox
2215 5107 2347 5162 festa
2379 5107 2489 5160 Deo
2516 5107 2866 5161 redeuntibus
2892 5123 3066 5163 annua
3099 5110 3269 5164 sacris

1931 5201 2053 5254 llaec
2084 5201 2256 5268 gentis
2288 5199 2544 5252 solemnis
2577 5201 2700 5261 erit,
2728 5215 2846 5264 quan
2877 5201 3104 5255 solvitur
3131 5202 3303 5257 hoste.

2003 5289 2182 5344 Primo
2208 5290 2530 5357 conspicuus
2557 5287 2796 5360 fulgebat
2825 5291 2876 5344 in
2908 5292 3097 5346 ordine
3121 5293 3310 5347 ductor

1934 5381 2162 5452 chifer,
2190 5382 2446 5449 adjuncto
2473 5383 2786 5449 prtecedens
2813 5383 3024 5451 agmina
3053 5385 3235 5441 fratre.

1938 5477 2064 5530 Post
2085 5489 2218 5545 quos
2247 5474 2515 5544 belligeras
2541 5474 2832 5543 disponunt
2861 5490 3007 5529 arma
3039 5477 3312 5541 cohortes,

1939 5569 2147 5624 Ducunt
2175 5576 2229 5622 et
2253 5567 2457 5622 validas
2481 5568 2743 5624 instructo
2771 5570 2966 5623 robore
2996 5578 3220 5624 turmas.

1938 5663 2098 5715 Arma
2133 5659 2306 5714 ferunt
2343 5660 2603 5724 humeris,
2637 5675 2795 5715 enses
2823 5677 2916 5730 per
2944 5662 3151 5731 singula
3178 5662 3316 5715 laavo

1943 5751 2254 5820 Dependent
2282 5751 2456 5815 lateri,
2489 5765 2676 5818 presso
2706 5761 2814 5805 tum
2849 5753 3049 5806 vertice
3079 5753 3248 5806 cassis

1942 5843 2152 5914 Fulget,
2183 5852 2234 5898 et
2266 5841 2463 5897 albenti
2491 5852 2658 5896 certat
2690 5843 2780 5898 lux
2808 5841 2856 5897 fe
2888 5858 2978 5897 rea
3012 5844 3171 5897 lunae.

3044 5931 3120 5994 12
