4516 6410
1061 387 1166 444 303
2339 381 2392 435 S.
2436 375 2614 435 AVITI
2658 376 3054 435 VIENNENSIS
4199 377 4300 434 εω

1065 503 1308 556 Νἱιιιηιυι·
1335 496 1526 568 iaculis
1552 495 1658 560 alii,
1689 495 2005 563 elypeosque
2032 491 2268 545 siuiStris

1067 590 1314 652 Volvunl,
1339 599 1394 643 et
1421 586 1602 654 rapido
1627 582 1945 638 meditantur
1975 581 2109 635 bella
2135 591 2330 638 rotatu.

1061 683 1266 736 Gaudet
1295 695 1416 749 pars
1442 681 1596 732 etiam
1623 674 1903 744 pharetris,
1937 673 2289 742 volucresque
2314 674 2528 740 sagittas

1066 772 1244 826 llostis
1271 772 1320 824 in
1343 779 1616 822 occursum
1645 761 1917 818 mittendis
1946 763 2206 816 mortibus
2230 772 2393 829 aptat.

1063 862 1166 914 Aut
1187 860 1230 913 si
1261 859 1392 911 forte
1417 855 1585 909 virum
1611 853 1860 920 fugientia
1891 860 2037 918 terga
2069 863 2340 917 sequatur,

1067 953 1129 1006 Lit
1156 959 1374 1018 pennata
1407 947 1550 1001 leves
1590 944 1952 998 transmittant
1979 941 2180 1008 spicula
2209 949 2410 993 ventos.

1140 1038 1341 1094 Incedit
1371 1035 1616 1106 pavidum
1646 1043 1909 1102 postrema
1937 1046 2030 1100 per
2057 1032 2265 1098 agmina
2296 1028 2500 1093 vulgus,

1060 1133 1172 1186 Non
1204 1133 1371 1198 impar
1410 1140 1652 1192 numero,
1679 1123 1870 1179 coelum
1901 1136 2019 1175 cum
2047 1119 2278 1189 pingitur
2302 1121 2482 1178 astris,

1058 1221 1268 1277 Aisluat
1297 1228 1386 1272 aut
1418 1225 1592 1271 motus
1624 1214 1790 1282 pelagi
1819 1209 2174 1276 criSpantibus
2202 1207 2378 1270 undis,

1061 1313 1263 1366 Littore
1291 1309 1376 1363 vel
1403 1314 1623 1376 quantas
1648 1302 1907 1356 convertit
1935 1300 2126 1353 fluctus
2153 1313 2362 1360 arenas,

1065 1401 1157 1454 Vel
1188 1398 1398 1468 quantis
1431 1393 1630 1447 stillant
1656 1389 1922 1442 bumentia
1952 1387 2129 1442 nubila
2159 1387 2341 1454 guttis.

1061 1490 1313 1543 Mirantur
1338 1484 1512 1540 Pharii
1542 1491 1785 1548 satrapa,
1817 1493 1916 1532 nec
1941 1478 2161 1531 credere
2191 1485 2391 1528 tantum

1063 1581 1132 1633 Se
1162 1576 1393 1646 potuisse
1419 1573 1598 1625 vident
1627 1585 1644 1624 :
1679 1570 1849 1639 placet
1872 1567 2097 1636 eiecisse
2125 1575 2202 1618 tot
2228 1565 2427 1618 hostes.

1061 1669 1163 1724 Sed
1195 1682 1298 1720 non
1325 1663 1566 1719 hac‘acie
1588 1661 1702 1716 duri
1732 1659 2006 1713 sa‘lvabere
2033 1657 2180 1711 ferri.

1058 1757 1361 1825 Quamlibet
1388 1751 1678 1808 innumeris
1707 1749 1936 1820 peditum
1967 1750 2166 1814 stipere
2194 1744 2440 1806 catervis,

1059 1849 1206 1903 Unus
1231 1843 1481 1915 pugnabit
1509 1841 1711 1896 cunctis
1738 1853 1832 1906 pro
1854 1836 2086 1891 millibus
2113 1845 2318 1889 auctor.

1060 1943 1128 1994 At
1156 1937 1380 2006 populus
1405 1935 1548 1989 lento
1570 1931 1873 1986 moderatus
1908 1928 2116 1982 tramite
2139 1941 2378 1996 gressum

1061 2032 1342 2096 Arreptum
1371 2025 1619 2093 carpebat
1648 2026 1766 2086 iter,
1801 2019 2100 2089 prmeedc-re
2131 2027 2328 2071 tantum

1060 2118 1338 2188 Aggressis
1364 2115 1605 2176 ducibus,
1633 2118 1885 2180 quantum
1916 2108 2001 2164 vel
2032 2109 2181 2163 tarda
2210 2115 2459 2162 senectus

1066 2209 1155 2261 Vel
1182 2205 1402 2262 rudibus
1429 2213 1645 2272 reptans
1675 2200 1888 2254 infantia
1915 2199 2142 2255 sustinet
2169 2198 2340 2260 annis,

1059 2299 1136 2351 Ne
1165 2293 1497 2365 pra-maturis
1517 2291 1757 2361 fragilem
1786 2289 2066 2344 contristet
2092 2290 2268 2344 eundo

1069 2389 1300 2442 Aitatem
1331 2399 1619 2453 scitumque
1649 2381 1814 2437 labor.
1843 2381 1932 2435 Sic
1957 2391 2145 2436 cuncta
2169 2395 2427 2451 supernus

1073 2481 1352 2547 Di~pensat
1392 2486 1568 2535 nutus.
1601 2474 1845 2544 plebique
1874 2472 2073 2526 assistit
2112 2473 2310 2525 ovanti.

1137 2573 1273 2638 Ergo
1303 2567 1388 2623 ubi
1421 2567 1638 2635 signatis
1665 2562 1917 2618 sederunt
1947 2562 2107 2615 millia
2137 2562 2343 2622 castris,

1061 2661 1412 2725 Armatusque
1441 2656 1602 2724 pedes
1636 2656 1821 2722 vulgus
1847 2653 2059 2706 vallavit
2092 2653 2314 2715 inerme,

1060 2753 1289 2820 Vespere
1316 2761 1423 2804 tum
1455 2748 1628 2818 primo
1655 2747 1811 2799 stanti
1833 2744 2138 2799 assimulata
2169 2745 2359 2798 coluuu
2383 2759 2410 2795 a

1058 2842 1309 2894 lnsistens
1339 2853 1471 2907 puro
1503 2835 1826 2905 rcspleuduit
1860 2834 2058 2887 aethere
2084 2832 2294 2886 flamma
2327 2850 2340 2884 :

1057 2929 1170 2982 Non
1200 2939 1372 2980 tamen
1404 2937 1459 2980 ut
1492 2936 1619 2978 noto
1648 2924 1817 2978 dirum
1851 2923 2007 2975 micat
2036 2923 2170 2990 ignis
2201 2922 2250 2973 in
2283 2937 2402 2981 axe,

1058 3019 1269 3072 f‘rodita
1301 3032 1420 3071 cum
1451 3017 1607 3070 terris
1636 3014 1756 3069 cotli
1789 3021 2028 3082 portenta
2059 3014 2350 3074 minantUr,

1055 3110 1158 3162 Sen
1202 3106 1399 3160 morbis
1429 3106 1655 3166 tristem,
1687 3104 1942 3172 bellisque
1972 3115 2060 3154 aut
2092 3103 2328 3155 cladibus
2356 3117 2580 3163 annum;

1055 3197 1154 3252 Sed
1177 3196 1336 3250 radiis
1361 3195 1585 3262 fulgens,
1615 3201 1668 3247 et
1689 3192 1886 3246 lumine
1909 3190 2128 3244 candida
2159 3190 2301 3253 laeto,

1056 3285 1297 3340 Ostendit
1328 3283 1548 3336 nitidum
1580 3281 1766 3335 Castris
1801 3280 2114 3333 mirantibus
2144 3280 2337 3348 ignem.

1061 3377 1344 3446 Diffugiunt
1374 3374 1623 3438 tenebrae,
1659 3371 1930 3440 vicinaque
1957 3370 2131 3424 sidera
2160 3371 2376 3424 cedunt.

1060 3468 1390 3535 Obstupuere
1419 3463 1513 3517 viri
1543 3463 1790 3530 primum,
1824 3459 2108 3528 perterruit
2136 3474 2342 3521 omnes,

1059 3555 1384 3622 tncussitque
1415 3561 1610 3606 metum
1642 3550 1872 3612 novitas,
1908 3558 2016 3602 tum
2047 3549 2262 3602 luminis
2287 3562 2412 3600 usus

1057 3643 1313 3698 Paulatim
1352 3640 1571 3695 cwleste
1607 3637 1764 3706 jubar
1788 3635 2125 3690 commendat
2150 3637 2339 3689 amori.

1126 3733 1347 3788 Maxima
1377 3742 1658 3783 nocturnas
1680 3728 1940 3796 jatu‘pars
1965 3736 2213 3795 exegerat
2244 3729 2422 3791 horas,

1058 3825 1123 3878 Et
1149 3821 1404 3877 volvenda
1434 3821 1547 3875 dies
1578 3819 1808 3873 instabat
1831 3829 1975 3872 sorte
2001 3817 2322 3887 prepinqua;

1058 3920 1375 3968 Cunctorum
1417 3922 1540 3964 ante
1567 3911 1751 3964 oculos
1779 3923 1873 3977 per
1896 3909 2088 3962 coalum
2114 3909 2225 3962 visa
2255 3911 2476 3971 moveri,

1061 4001 1402 4070 Arripuitque
1433 4001 1570 4051 viam
1603 3997 1798 4066 populo
1839 4005 2118 4066 spectante
2145 3999 2407 4052 columna.

1061 4092 1322 4146 Protinus.
1335 4090 1470 4144 hanc
1500 4097 1678 4158 patres
1707 4087 1876 4142 sancti
1906 4102 2124 4141 sensere
2150 4089 2497 4155 sequendam,

1058 4182 1186 4236 Esse
1213 4182 1506 4246 ducemque
1531 4179 1750 4242 ducum;
1796 4177 1900 4231 lact.
1930 4193 2048 4231 mox
2081 4181 2307 4245 praesule
2336 4188 2476 4234 tanta

1061 4276 1332 4340 Abrupere
1357 4285 1555 4333 moras,
1585 4268 1774 4323 castris
1801 4269 2062 4323 excedere
2095 4279 2319 4324 certant.

1061 4363 1204 4416 Tune
1231 4369 1287 4414 ut
1308 4373 1529 4428 quaeque
1554 4357 1719 4413 tribus
1749 4359 1973 4426 primum
2004 4360 2188 4411 sortita
2217 4359 2453 4414 laborem

1062 4453 1254 4507 Ordine
1284 4451 1451 4517 carpit
1482 4450 1602 4514 iter,
1629 4448 1868 4517 sequitur
1897 4457 2005 4502 tum
2033 4458 2224 4503 caetera
2257 4453 2440 4518 pubes.

1131 4546 1251 4598 Ihec
1279 4544 1414 4596 inter
1442 4541 1644 4596 clarum
1669 4541 1878 4596 rediens
1908 4541 1994 4594 lux
2026 4542 2204 4608 patulit
2235 4544 2520 4611 olympum,

1062 4638 1258 4689 Flamm
1295 4649 1324 4686 a
1355 4631 1594 4702 pallescit
1621 4641 1906 4700 conspecto
1935 4633 2048 4686 sole
2077 4632 2341 4685 columna.

1065 4726 1289 4778 Vertitur
1318 4725 1367 4776 in
1397 4724 1587 4777 nubem
1618 4731 1756 4777 totus
1780 4722 1866 4790 qui
1897 4722 2117 4776 fulserat
2148 4722 2300 4790 ignis,

1064 4817 1163 4869 Sed
1193 4815 1371 4882 specie
1399 4824 1596 4882 perstat
1626 4827 1788 4867 tersze
1818 4828 1977 4881 super
2003 4811 2201 4865 aethera
2235 4814 2432 4864 formae.

1065 4909 1236 4962 Tertia
1267 4917 1551 4960 nocturnos
1575 4906 1865 4961 deterserat
1895 4907 2018 4957 bvra
2051 4905 2304 4972 liquuies,

1065 5001 1126 5051 lit
1154 4999 1438 5049 matutinas
1464 4998 1724 5049 scandens
1751 4995 1830 5046 sol
1867 4995 2057 5047 vicerat
2089 4995 2300 5047 umbras
2327 5010 2340 5045 :

1064 5090 1196 5144 Ecce
1227 5100 1418 5140 novnm
1450 5085 1624 5150 dictu,
1655 5084 1790 5138 caelo
1820 5095 2022 5137 servata
2053 5099 2244 5137 sereno

1065 5176 1276 5246 Frigida
1311 5175 1535 5229 ferventi
1561 5175 1707 5242 jussa
1738 5184 1819 5227 est
1841 5188 2110 5240 Opponere
2141 5173 2305 5226 noles

1063 5267 1133 5322 Se
1157 5267 1324 5329 radio.
1354 5266 1680 5333 densumque
1712 5273 1860 5332 parat
1889 5263 2198 5317 tenuissima
2230 5273 2457 5333 tegmen.

1064 5357 1152 5410 Sic
1177 5356 1547 5424 rircumjectis,
1584 5356 1737 5409 tellus
1760 5358 1908 5422 queis
1935 5354 2086 5408 ardet
2112 5369 2229 5418 eoa,

1066 5446 1302 5501 Estibus
1330 5447 1534 5515 ignorat
1559 5445 1843 5515 genuinum
1873 5451 2020 5497 turba
2058 5445 2313 5508 calorem,

1070 5537 1313 5606 \‘csperis
1340 5546 1399 5591 ut
1425 5535 1613 5590 eredas
1646 5535 1747 5590 leni
1779 5548 2084 5602 respergere.
2114 5536 2258 5600 flatu,

1067 5624 1261 5679 Blanda
1292 5625 1371 5678 vel
1405 5625 1682 5678 humentes
1709 5622 2000 5677 difiundere
2032 5621 2226 5690 frigora
2256 5633 2460 5676 Ventos.

1066 5715 1173 5769 Nec
1202 5725 1374 5767 tamen
1398 5712 1534 5767 hanc
1560 5713 1750 5768 nubent
1784 5722 1919 5768 tetro
1947 5711 2139 5766 suffusa
2166 5712 2342 5767 calore

2648 493 2698 548 Λ
2731 491 2917 543 Forma
2944 491 3124 556 dabat,
3159 501 3254 543 nec
3275 498 3530 544 concreto
3555 489 3632 544 sic
3660 487 3873 543 horrida
3901 489 4068 555 vultu,

2733 582 2797 634 Ut
2829 590 3028 634 terrent
3058 580 3258 634 validos
3286 594 3406 634 cum
3437 589 3684 648 promunt
3718 578 3897 634 nubila
3926 580 4175 646 nimbos;

2727 670 2831 723 Sed
2860 672 3029 738 qualis
3053 670 3290 724 madidus
3315 668 3488 723 solem
3515 685 3637 723 cum
3663 669 3854 724 viderit
3881 683 4059 733 arcus,

2727 760 2893 814 Tanta
2930 760 3025 814 fuit
3055 761 3289 828 pulchrae
3317 759 3524 827 species
3551 768 3769 814 extenta
3799 760 4086 815 columnas.

2729 847 2978 905 Noctibus
3005 851 3141 919 ignis
3162 860 3298 914 erat,
3333 849 3618 916 luu-enq-ie
3648 862 3873 903 accensa
3903 849 4142 915 ferebat;

2725 938 2856 994 Cum
2882 940 2958 993 sol
2989 949 3235 1005 torreret,
3265 939 3426 1008 gelidi
3459 937 3618 992 dabat
3648 937 3865 992 humida
3893 938 4050 993 roris.

2727 1030 2833 1084 llas
2857 1031 3208 1083 alternantem
3238 1028 3439 1083 ducens
3475 1041 3596 1083 cum
3629 1035 3866 1095 tempore
3887 1037 4090 1082 sortem

2726 1122 2941 1176 Mutavit
2973 1130 3160 1174 natura
3189 1120 3354 1185 vices,
3383 1119 3675 1174 substantia
3705 1118 3910 1173 discors

2726 1210 3031 1264 Muneribus
3061 1209 3288 1278 propriis
3317 1211 3639 1264 concordem
3668 1208 3898 1263 reddidit
3923 1221 4101 1264 usum.

2724 1300 2777 1355 Si
2805 1316 2954 1356 maus
2978 1310 3018 1362 t,
3053 1314 3296 1354 mansere
3324 1300 3451 1362 viri;
3483 1300 3526 1352 si
3559 1307 3722 1361 mota,
3750 1298 3936 1354 secuti.

2726 1391 2780 1442 Si
2809 1389 2984 1443 multis
3013 1391 3174 1443 etiam
3202 1393 3312 1443 visa
3343 1397 3425 1443 est
3456 1389 3690 1456 pendere
3716 1389 3924 1441 diebus.

2725 1480 2944 1533 Subdita
2974 1481 3148 1534 defixo
3173 1481 3450 1534 tardabant
3471 1481 3678 1549 agmina
3706 1480 3860 1532 vallo.

2797 1570 2896 1623 Ista
2924 1568 3266 1635 quaterdenis
3291 1571 3461 1638 pietas
3488 1584 3593 1637 perc
3616 1569 3790 1622 rebuit
3809 1567 3980 1630 annis,

2727 1661 2859 1715 Dum
2889 1671 3063 1714 Vastus
3090 1665 3256 1716 eremi
3288 1664 3478 1725 curris,
3507 1660 3710 1720 Judaca,
3746 1673 4011 1724 recessus,

2729 1756 2907 1809 Vinc'a
2943 1755 3129 1820 pedum
3162 1755 3408 1807 firmante
3434 1753 3540 1818 via,
3571 1753 3699 1805 dum
3725 1761 3964 1817 tempore
3995 1757 4150 1802 tanto

2658 1829 2700 1886 Β
2728 1845 2840 1899 Non
2873 1848 3049 1898 attrita
3079 1859 3232 1898 suum
3257 1853 3531 1899 servarent
3559 1843 3788 1912 tegmina
3821 1839 4048 1909 pondus,

2725 1937 3048 2002 Mullitieque
3078 1949 3210 1988 nova
3237 1935 3396 2004 prisci
3421 1933 3680 1988 durantur
3707 1933 3953 1986 amictus.

2725 2025 2813 2081 Sic
2847 2027 3079 2093 lougmva
3103 2022 3250 2079 foret
3271 2069 3286 2093 ,
3317 2023 3456 2093 quod
3486 2038 3591 2077 non
3617 2024 3871 2076 damnosa
3899 2031 4166 2074 vetustas.

2727 2119 2858 2170 Dum
2884 2132 3090 2171 sacrum
3121 2117 3318 2185 populo
3349 2117 3548 2171 victum
3579 2114 3856 2169 candentia
3885 2128 4081 2168 manna

2726 2208 2765 2261 F
2768 2217 2968 2270 errent,
2993 2216 3047 2261 et
3067 2207 3186 2262 (ξαειί
3213 2206 3414 2276 frugem
3440 2217 3648 2259 terrena
3677 2205 3939 2258 viderent.

2726 2295 2825 2350 Per
2851 2311 3006 2366 quam
3030 2296 3269 2350 sublimis
3297 2294 3607 2363 przealicerct
3632 2305 3754 2348 ante
3783 2293 3945 2362 ﬁgura

2727 2385 3003 2439 Edendum
3034 2401 3097 2439 ex
3130 2394 3280 2438 utero
3312 2401 3498 2452 purum
3535 2385 3649 2438 sine
3678 2385 3881 2437 semine
3908 2396 4125 2450 corpus.

2725 2476 2840 2541 Quo
2870 2485 3083 2544 caperet
3115 2477 3376 2543 pascenda
3405 2476 3549 2529 salus
3576 2477 3642 2529 de
3665 2474 3793 2528 sede
3831 2483 4060 2542 superna

2726 2564 2976 2619 lllabente
3005 2565 3113 2619 Deo
3141 2565 3337 2620 sanctis
3363 2566 3620 2620 altaribus
3642 2579 3814 2620 escas.

2725 2653 2836 2708 Hoc
2863 2657 3013 2723 signo
3039 2669 3278 2708 summus
3307 2669 3552 2724 percussa
3583 2670 3715 2723 rupe
3743 2655 3992 2709 sacerdos

2726 2744 2951 2798 Protulit
2977 2748 3204 2813 irriguos
3231 2747 3438 2814 populis
3464 2745 3764 2799 sitientibus
3792 2745 4027 2798 haustus.

2721 2833 2990 2889 Christum
3030 2849 3257 2905 namque
3288 2836 3433 2890 vides
3462 2835 3703 2890 stabilem
3740 2835 4036 2889 consistere
4066 2844 4297 2902 petram,

2726 2926 3014 2979 Percussus
3041 2924 3220 2994 jacufo
3250 2925 3424 2993 largas
3449 2925 3537 2992 qui
3568 2925 3791 2994 pra-buiI
3821 2923 4011 2984 undas,

2727 3013 3072 3081 Porrexitque
3096 3014 3206 3066 suis
3237 3027 3392 3066 sacro
3417 3012 3484 3066 de
3508 3013 3730 3066 vulnere
3761 3020 3961 3080 potum.

2795 3101 3003 3155 Hebraei
3036 3102 3236 3156 inti-rea
3266 3101 3375 3155 [reti
3404 3103 3634 3155 ducente
3659 3101 3906 3153 columna

2647 3161 2691 3222 Ο
2725 3191 2826 3245 Per
2854 3201 3021 3246 terras
3044 3204 3251 3260 gressu,
3279 3205 3374 3258 per
3397 3190 3588 3244 ccelum
3624 3190 3818 3242 visibus
3847 3190 4015 3243 ibant.

2726 3281 2865 3335 Ecce
2892 3281 3082 3335 iterum
3109 3281 3314 3335 Phariis
3342 3281 3537 3335 insedit
3562 3278 3828 3334 mentibus
3858 3281 3956 3342 ira,

2727 3373 2788 3426 Et
2817 3373 3041 3440 populus
3065 3373 3184 3426 sine
3211 3387 3359 3428 more
3390 3372 3538 3427 ferox
3571 3373 3653 3425 bis
3685 3371 3906 3426 vocibus
3935 3382 4132 3437 armat,

2724 3461 2958 3516 Tandem
2984 3473 3278 3530 postremos
3303 3463 3472 3516 vicina
3501 3472 3671 3516 mone
3701 3463 3938 3516 furores:

2724 3552 2768 3605 0
2795 3551 3011 3606 nimium
3039 3567 3066 3606 s
3095 3553 3216 3607 ultis
3245 3555 3257 3606 i
3285 3555 3471 3606 ludens
3501 3554 3765 3607 meutibtts
3791 3566 3960 3617 error,

2725 3645 3117 3714 Praestigimque
3146 3646 3276 3700 satis
3304 3646 3556 3701 nebulosa
3586 3645 3639 3699 in
3673 3645 3856 3698 fraude
3887 3656 4140 3713 peractze.

2722 3732 2909 3787 Nonne
2937 3734 3098 3801 pudet
3129 3734 3375 3788 famulam
3408 3735 3555 3789 nullo
3581 3736 3871 3788 certamine
3902 3742 4119 3803 gentem

2725 3822 2813 3875 Sic
2840 3822 3053 3890 impune
3083 3822 3216 3890 rapi,
3240 3824 3378 3892 quod
3413 3823 3625 3877 nemine
3650 3824 3877 3888 prmsule
3903 3831 4084 3877 tantus

2727 3909 2967 3964 Deseruit
2994 3925 3189 3965 vacuas
3218 3912 3500 3966 discedens
3529 3912 3708 3966 accola
3745 3910 3953 3966 terras?

2725 3998 2863 4053 itura
2895 4011 3102 4067 vacant,
3128 4004 3318 4069 emptis
3344 4000 3611 4056 desistunt
3635 4001 3826 4069 oppida
3857 3999 4039 4053 muris.
4074 3991 4082 3999 ’

2725 4091 2836 4145 Non
2868 4091 3080 4145 solitum
3107 4092 3380 4159 consurgit
3408 4106 3560 4160 opus,
3584 4106 3682 4145 nec
3705 4091 3878 4144 cultor
3903 4089 3956 4143 in
3980 4089 4126 4157 agris

2728 4182 2954 4236 Exercet
2983 4184 3184 4237 validos
3213 4183 3392 4236 attrito
3419 4183 3579 4236 dente
3609 4183 3831 4251 ligones.

2723 4272 2987 4325 Turbidus
3013 4282 3166 4326 exact
3189 4288 3228 4325 .r
3254 4288 3282 4328 s
3305 4273 3416 4334 luit,
3449 4273 3697 4340 nulloque
3729 4272 3950 4324 tumultu

2725 4361 2950 4417 Fervida
2977 4372 3258 4417 consuetos
3288 4374 3532 4431 repetunt
3565 4363 3848 4432 suspendia
3875 4375 4090 4415 census.

2721 4455 2858 4520 Quin
2887 4454 3062 4523 potius
3086 4457 3307 4522 sumptis
3337 4457 3602 4510 exercitus
3631 4455 3799 4508 irruat
3825 4453 4008 4518 armis,

2648 4512 2698 4572 Β
2726 4544 3104 4612 lmbellemque
3131 4561 3363 4610 manum,
3393 4544 3748 4615 profugosque
3776 4544 3992 4598 reducat
4024 4545 4301 4600 alumnos.

2723 4634 2867 4696 Quos
2896 4633 2938 4686 si
2966 4633 3176 4688 servilis
3207 4643 3406 4687 tantum
3435 4635 3769 4688 succenderit
3799 4647 3983 4696 ausus,

2726 4725 2791 4776 Ut
2822 4723 2939 4776 talis
2968 4732 3172 4779 certare
3199 4725 3384 4788 velint,
3419 4739 3543 4778 mox
3574 4724 3784 4777 occidat
3809 4722 3985 4776 omnis

2723 4813 2948 4866 Confusa
2969 4829 3087 4867 cum
3123 4813 3276 4882 plebe
3305 4828 3491 4867 manus
3522 4832 3533 4865 :
3561 4813 3886 4868 fervent-bus
3912 4813 4078 4867 armis

2727 4905 3004 4959 Permixta:
3035 4915 3252 4973 pereant
3279 4905 3528 4960 confosso
3557 4917 3769 4973 pectore
3799 4917 4019 4970 matres,

2727 4994 2985 5048 Uberibus
3009 4996 3223 5062 junctos
3249 4998 3515 5065 conligant
3544 4997 3744 5065 spicula
3776 5005 3948 5049 natos.

2729 5083 2934 5138 Prulem
2959 5085 3181 5154 quisque
3209 5101 3357 5139 Suam
3389 5098 3612 5139 cernens
3642 5094 3766 5138 ante
3792 5097 3887 5138 ora
3915 5083 4223 5149 cadentem,

2725 5174 2927 5227 Ublatis
2955 5183 3102 5244 optet
3121 5174 3314 5245 iugulis
3342 5188 3655 5229 succurrere
3686 5182 3934 5228 mortem.

2726 5263 2976 5318 Orbatum
3006 5276 3216 5320 nostros
3242 5265 3400 5319 faciat
3424 5265 3592 5319 libare
3617 5264 3830 5319 dolores

2729 5355 2920 5410 Ultima
2947 5371 3063 5411 sors
3089 5358 3335 5426 populum
3364 5371 3377 5411 :
3406 5359 3485 5412 sic
3521 5357 3704 5412 vivens
3733 5356 3908 5412 omnia
3940 5355 4152 5425 perdat,

2725 5447 2857 5500 Tum
2893 5457 3103 5515 pereat;
3137 5450 3298 5503 densa
3323 5447 3498 5517 campi
3523 5448 3622 5503 sub
3643 5458 3821 5517 strage
3842 5447 4086 5516 iacentes

2725 5535 2884 5589 Tristi
2915 5537 3244 5591 eonunittaut
3278 5537 3546 5591 inhumata
3577 5537 3833 5592 cadavera
3864 5536 4022 5592 co:lo.

2726 5624 2850 5679 Inde
2875 5627 2959 5678 ubi
2983 5626 3090 5695 jam
3118 5637 3256 5681 totos
3283 5631 3444 5681 satiat
3457 5628 3558 5682 erit
3586 5642 3713 5682 ense
3737 5626 3986 5690 furores,-

2727 5715 2805 5769 Th
2841 5731 3026 5772 sauros
3051 5730 3264 5774 revocet
3303 5718 3563 5782 fugientes
3591 5719 3814 5775 dextera
3838 5720 4049 5774 victrix.
