4516 6470
503 469 600 526 56;.
1788 442 2167 507 vesanum
2208 440 2411 499 LIBER
2455 440 2515 494 v.
2650 370 2721 463 λ
3685 442 3786 495 ser.

570 583 789 639 Talibus
810 581 1015 637 exeitas
1037 578 1299 634 acuebant
1322 572 1534 631 flatibus
1567 571 1695 636 iras,

506 677 763 731 Irridente
793 674 926 741 Deo,
960 672 1106 727 solus
1132 669 1221 736 qui
1258 665 1484 736 despicit
1514 676 1727 721 omnem

505 768 766 822 Certatum
802 764 971 836 rigido
1003 760 1348 815 meditantem
1377 770 1509 810 vana
1540 755 1751 814 timore,

504 858 905 925 Consiliumque
935 855 1128 908 ducum
1159 860 1371 905 cassato
1398 846 1622 914 dissipat
1648 851 1794 895 actu.

507 948 647 1018 Ergo
674 948 809 1003 bella
842 952 1052 1015 rogant,
1088 942 1307 997 fervens
1339 938 1477 1007 rapit
1505 950 1653 990 arma
1680 934 1953 1003 juventus,

507 1043 831 1113 Spumantes
860 1036 1125 1090 ducuntur
1154 1033 1299 1102 equi,
1337 1027 1677 1097 pbalerisque
1710 1031 1954 1094 potentes

507 1130 852 1199 Suspendant
877 1127 1085 1180 alacres
1114 1122 1453 1193 splendentia
1480 1118 1629 1173 frena
1656 1114 1881 1186 jngales.

509 1222 729 1288 Pugnax
761 1230 952 1286 pompa
980 1214 1131 1279 nitet,
1166 1212 1439 1279 subjectos
1466 1205 1712 1262 curribus
1736 1218 1864 1259 axes

515 1316 717 1366 Anrato
750 1318 963 1364 temone
992 1304 1243 1367 trahunt;
1277 1313 1387 1356 tum
1419 1310 1611 1355 cartera
1652 1297 1819 1365 pubes

510 1400 755 1457 Induitur
775 1398 985 1467 ealybe,
1010 1405 1101 1449 aut
1122 1394 1265 1448 fulvo
1291 1391 1657 1448 circumdatur
1681 1404 1810 1443 aere.

513 1492 576 1544 lli
610 1492 893 1544 loricarum
925 1495 1075 1541 vasto
1107 1486 1206 1539 sub
1234 1483 1465 1553 tegmine
1494 1481 1748 1551 gaudent,

515 1580 709 1634 Intexit
730 1577 921 1632 creber
948 1576 1166 1632 sibimet
1194 1589 1326 1643 quas
1353 1573 1589 1628 circulus
1621 1572 1852 1632 haerens,

520 1671 698 1738 Atque
735 1668 971 1721 catenosi
999 1666 1265 1733 crepitant
1289 1679 1382 1732 per
1409 1676 1636 1731 corpora
1670 1659 1851 1731 panni.

516 1760 617 1813 Ast
644 1758 762 1812 aliis
790 1758 933 1812 tenui
956 1771 1285 1812 concurrens
1321 1753 1523 1807 lumina
1547 1751 1713 1813 ferro,

518 1850 629 1917 Qua
660 1864 719 1904 se
748 1848 1030 1903 succiduas
1052 1846 1279 1916 junctitn
1310 1844 1603 1899 scandente
1635 1857 1729 1909 per
1756 1854 1877 1895 oras

518 1942 801 2006 Flectitur,
832 1941 1002 1995 assuti
1028 1948 1205 1993 crates
1234 1946 1509 2005 compacta
1539 1932 1742 1987 metalli

518 2033 815 2087 llorrentes
842 2030 1056 2085 habitus
1082 2029 1296 2083 diversa
1330 2030 1523 2081 fecerat
1554 2035 1687 2079 arte.

522 2126 594 2181 Et
622 2135 799 2180 tamen
822 2124 1106 2177 ardentum
1136 2128 1325 2175 cuncta
1360 2119 1501 2172 inter
1528 2118 1630 2171 tela
1661 2117 1902 2169 virorum

519 2215 803 2271 Terribilis
835 2215 951 2283 plus
982 2213 1148 2266 forma
1181 2210 1276 2264 fuit
1304 2226 1317 2263 :
1350 2209 1467 2277 quis
1499 2221 1732 2276 namque
1762 2206 1997 2259 furentes

522 2311 767 2379 Spectet,
798 2322 933 2375 quos
966 2306 1117 2359 laetos
1148 2302 1238 2356 vix
1269 2301 1435 2370 possit
1472 2314 1695 2353 cernere
1723 2297 1935 2353 vultus?

522 2399 750 2455 lnclnsm
774 2396 939 2467 galeis
963 2396 1148 2459 facies,
1174 2404 1230 2447 et
1253 2392 1427 2447 ferrea
1451 2392 1619 2444 vestis

521 2489 780 2543 Cinxerat
802 2489 966 2540 iratas
992 2498 1267 2539 armorum
1301 2484 1418 2537 luce
1449 2480 1720 2535 tenebras.

532 2578 879 2648 Progreditur
900 2576 1125 2630 collecta
1161 2587 1385 2637 manus;
1417 2588 1510 2627 rex
1542 2572 1657 2641 ipse
1687 2571 1974 2625 frementes

524 2669 699 2733 Curru
731 2668 872 2737 cogit
908 2681 1107 2735 equos;
1154 2665 1276 2720 telis
1308 2674 1485 2718 tamen
1526 2662 1758 2731 undique
1786 2671 1970 2731 septus

526 2759 773 2826 Delituit,
799 2758 1027 2811 densam
1058 2756 1288 2810 reddunt
1318 2752 1532 2809 ha5tilia
1561 2752 1777 2807 silvam.

527 2850 843 2904 Concutitur
872 2846 1081 2916 pulsata
1116 2845 1250 2900 rotis
1279 2852 1334 2900 et
1365 2843 1601 2913 pondere
1633 2842 1812 2905 tellus,

531 2941 856 3009 Angustavit
881 2937 1099 2992 humum
1129 2937 1290 2991 latam
1318 2938 1514 3005 stipata
1536 2938 1809 3005 juventus,

532 3028 919 3098 Cenclusitque
946 3027 1091 3093 vias;
1118 3027 1381 3097 quidquid
1412 3026 1627 3081 virtutis
1652 3026 1851 3080 habere

534 3121 803 3191 Egyptus
833 3118 1025 3190 potuit,
1061 3127 1229 3174 totum
1263 3132 1411 3173 mors
1442 3117 1682 3187 proxima
1713 3116 1879 3171 ducit.

605 3212 866 3267 Junxerat
897 3212 1123 3275 interea,
1162 3218 1325 3277 ponto
1354 3224 1457 3277 qua
1489 3210 1764 3278 Magtlalus
1795 3209 1975 3271 instat,

533 3304 795 3360 Hebraeus
818 3304 1047 3373 ρονυιυε
1078 3304 1318 3356 rubranti
1339 3313 1513 3356 castra
1545 3300 1830 3371 profundo,

534 3395 745 3449 Evasos
774 3393 1005 3449 credens
1025 3393 1229 3448 securis
1260 3392 1529 3449 mentibus
1557 3393 1761 3445 hostes.

534 3484 671 3537 Dum
701 3482 958 3545 resident,
992 3482 1203 3551 ﬂxoqne
1231 3492 1421 3551 parant
1448 3483 1788 3551 requiescere
1816 3482 1973 3545 vallo,

532 3572 777 3626 Cernunt
801 3571 1083 3640 pulvereas
1108 3571 1159 3625 in
1186 3570 1380 3627 caelum
1409 3585 1632 3641 surgere
1661 3572 1855 3625 nubes.

534 3666 811 3721 Cunctatis
839 3666 1069 3732 primum
1096 3680 1221 3720 mox
1243 3668 1451 3736 agmina
1481 3680 1619 3721 saeva
1645 3674 1945 3734 patescunt,

535 3755 653 3810 Non
681 3766 858 3812 tamen
890 3756 1129 3811 infensas
1154 3758 1353 3825 patitur
1380 3758 1717 3813 committere
1748 3772 1925 3826 partes

536 3848 669 3902 Sole
697 3848 796 3901 sub
818 3847 1046 3902 occiduo
1068 3847 1274 3903 vicinus
1299 3850 1476 3918 prmlia
1510 3864 1719 3918 VBSpt'l‘.

538 3937 758 3992 Distulit
788 3940 838 3991 in
865 3938 1037 3993 lucem
1064 3939 1289 3994 vallatus
1323 3940 1463 3994 bella
1494 3951 1771 4010 tyrannus,

541 4029 611 4084 Et
638 4029 749 4084 fors
784 4029 1033 4085 ardentes
1067 4032 1301 4085 nondum
1335 4043 1704 4100 compesceret
1736 4032 1862 4094 iras,

536 4117 654 4173 Nec
676 4133 892 4173 servare
919 4119 1066 4174 furor
1096 4121 1356 4188 potuisset
1387 4120 1587 4176 foedera
1619 4122 1784 4184 nocti,

536 4210 916 4279 Auroramque
938 4211 1069 4265 velit
1089 4213 1246 4266 motis
1278 4212 1586 4282 praecedere
1610 4212 1798 4282 signis,

543 4301 823 4356 Flammea
850 4304 901 4356 ni
929 4310 1075 4357 retro
1101 4304 1401 4358 subsistens
1434 4302 1569 4358 forte
1592 4303 1841 4357 columna

539 4388 769 4457 Objectu
800 4391 979 4445 medio
1003 4401 1186 4460 gentes
1207 4391 1537 4447 discerneret
1557 4393 1765 4447 ambas.

538 4481 927 4548 Contemplans
950 4496 1039 4535 rex
1065 4482 1177 4551 ipse
1202 4492 1378 4537 tamen
1410 4484 1654 4539 mirabile
1684 4485 1884 4551 lumen,

540 4569 633 4625 Sic
658 4570 832 4639 ignem
858 4572 1067 4635 metuit,
1099 4570 1241 4640 quod
1271 4586 1430 4626 sensu
1464 4571 1700 4627 fervidus
1727 4575 1896 4629 ardet.

541 4660 913 4731 Paulatimque
940 4664 1072 4715 muri
1099 4679 1202 4716 non
1234 4664 1467 4729 proluit:
1499 4665 1604 4717 itur
1632 4666 1697 4718 ad
1726 4680 1886 4719 unam

539 4750 677 4819 Qua:
705 4751 916 4805 claudat
947 4761 1169 4807 cunctos
1199 4753 1385 4822 pelago
1412 4754 1679 4823 pandente
1715 4756 1945 4811 ruinam.

619 4841 779 4897 Plebs
809 4844 1039 4912 trepidat
1064 4844 1316 4899 conclusa
1342 4845 1483 4912 lucu,
1514 4846 1779 4915 finemque
1810 4857 2053 4916 sequenti

542 4931 836 5011 ExSpectat
865 4935 1143 5002 pavefacta
1172 4934 1280 5001 die,
1311 4950 1421 4990 nan
1453 4936 1577 4997 tela,
1614 4952 1716 4992 nec
1742 4940 1875 4993 ullas

542 5021 816 5076 Bellorum
848 5025 1032 5078 mnlita
1062 5025 1225 5089 vices,
1258 5026 1352 5081 sed
1382 5040 1513 5083 voce
1537 5027 1709 5083 levata

545 5111 774 5167 Vatibus
805 5114 1062 5168 insistens
1090 5131 1104 5169 :
1134 5116 1389 5186 Uterque
1409 5126 1705 5187 quaterque
1731 5120 1871 5174 beati
1897 5159 1911 5186 ,

540 5200 809 5273 AEgyptus
832 5217 969 5272 quos
991 5216 1163 5259 morte
1190 5206 1330 5271 tulit,
1366 5208 1555 5263 tellure
1588 5209 1673 5262 vel
1694 5211 1868 5279 ampla

545 5291 752 5363 llrnam
783 5292 1047 5350 defunctis
1077 5310 1323 5364 suprema
1350 5308 1495 5352 sorte
1527 5299 1770 5367 paravit!

543 5383 705 5450 Digni
735 5384 822 5452 qui
858 5392 1032 5437 tantos
1056 5395 1325 5455 nequeant
1354 5388 1553 5442 sentire
1581 5390 1818 5451 dolores.

541 5477 657 5530 Nec
685 5483 916 5545 stragem
946 5475 1133 5545 prolis,
1167 5478 1247 5532 vel
1280 5478 1499 5548 pignora
1526 5490 1677 5549 capta
1702 5480 1903 5535 videte.

542 5565 779 5623 Atitibus
805 5570 909 5624 nes
939 5582 1061 5622 esca
1090 5568 1218 5633 dati,
1244 5584 1344 5625 nec
1368 5571 1496 5627 sede
1521 5575 1751 5643 sepulcri

542 5642 773 5711 Cmnlita
803 5655 1019 5712 deserto
1043 5658 1318 5715 solventur
1346 5678 1571 5731 corpora
1588 5642 1772 5720 vasto.

540 5746 691 5800 Talia
722 5761 853 5803 voce
878 5748 1007 5813 viri;
1045 5749 1317 5819 respondit
1348 5752 1581 5807 luctibus
1607 5769 1768 5810 omne

544 5836 768 5905 Vulgus,
790 5846 843 5892 et
865 5852 1091 5894 accenso
1114 5854 1223 5909 per:
1240 5841 1369 5898 altat
1403 5842 1554 5899 turba
1580 5844 1826 5900 tumultu.

2121 564 2167 618 Α
2270 557 2403 612 Tum
2427 554 2597 611 sancti
2628 566 2844 623 ccepere
2867 552 3033 608 duces
3064 555 3325 623 promissa
3350 552 3571 617 referre,

2203 648 2487 717 Solarlque
2515 655 2741 709 metum,
2777 644 3038 713 ﬂetusque
3062 646 3370 714 abstergere
3396 645 3571 699 dictis.

2202 738 2526 805 Quaesumus
2556 737 2791 805 ingratos
2821 735 3073 802 deponite
3106 746 3284 789 mente
3317 735 3557 799 timores,

2204 828 2426 898 Experti
2456 828 2685 881 multum
2709 840 2811 881 nec
2838 825 3175 894 desperanda
3203 827 3401 895 putetis

2201 921 2332 989 Quae
2373 920 2536 975 tantis
2562 918 2833 989 spondent
2860 918 3102 973 ccelestia
3131 933 3353 973 munera
3382 918 3568 987 signis.

2205 1013 2459 1069 lnﬂdisne
2486 1022 2661 1082 potest
2687 1012 2825 1067 elabi
2852 1012 3109 1067 cordibus
3133 1026 3366 1081 unquam

2204 1103 2467 1175 A‘lgyptus
2488 1112 2568 1157 tot
2593 1116 2732 1157 caesa
2762 1103 2940 1167 malis,
2972 1103 3219 1173 interque
3239 1103 3447 1172 ﬂagella

2204 1197 2575 1255 Succumbens
2592 1212 2713 1267 qua:
2738 1196 2909 1252 sensit
2930 1197 3149 1265 humus,
3170 1211 3288 1262 vos,
3307 1207 3481 1253 cunct:
3503 1212 3605 1267 que
3628 1208 3798 1254 vestra

2208 1290 2425 1346 Afﬂicto
2456 1305 2624 1361 regno
2653 1290 2830 1344 salvos
2859 1290 3061 1345 vixisse
3089 1290 3191 1345 sub
3224 1290 3419 1345 hoste?

2208 1381 2347 1447 Quid
2376 1381 2443 1434 de
2468 1380 2751 1434 transactis
2778 1380 3025 1433 dicatur?
3055 1380 3256 1449 Nempe
3280 1380 3477 1435 videtis

2214 1471 2281 1527 Ut
2310 1470 2641 1526 mediatricis
2665 1481 2816 1525 curet
2847 1470 3007 1524 tutela
3040 1472 3331 1535 columnze,

2212 1562 2289 1617 Ne
2313 1562 2436 1629 quid
2466 1563 2532 1615 ab
2554 1562 2781 1617 adversa
2806 1562 2968 1616 liceat
2988 1576 3086 1615 nos
3121 1560 3304 1615 fraude
3328 1561 3521 1615 vereri.

2212 1653 2354 1719 Quin
2384 1653 2555 1722 magis
2587 1660 2797 1707 erectas
2822 1652 2975 1705 firma
3005 1666 3102 1721 spe
3135 1651 3302 1705 tollite
3330 1660 3559 1705 mentes.

2215 1742 2411 1798 Ultima
2437 1757 2672 1811 namque
2693 1742 2808 1796 dies
2836 1742 3013 1797 defixa
3044 1750 3128 1796 est
3157 1741 3393 1796 crastina
3422 1741 3588 1812 genti,

2216 1835 2347 1903 Qua:
2375 1848 2519 1890 nunc
2543 1834 2680 1889 bella
2707 1849 2939 1904 crepans
2970 1834 3203 1902 sumptis
3231 1834 3455 1887 conlidit
3487 1834 3537 1887 in
3566 1831 3756 1896 armis,

2146 1918 2192 1977 Β
2220 1929 2333 1983 Non
2357 1928 2434 1983 sic
2463 1943 2638 1997 pugna
2663 1926 2820 1992 feret,
2848 1941 2947 1981 nec
2970 1927 3094 1982 telis
3124 1928 3227 1981 tela
3265 1926 3454 1981 feretis

2216 2020 2407 2086 Obvia,
2437 2034 2537 2074 nec
2569 2030 2746 2073 vestro
2772 2018 2924 2074 vobis
2954 2020 3153 2074 sudore
3187 2018 3494 2087 triumphus

2219 2112 2330 2167 Hac
2360 2111 2477 2166 vice
2502 2112 2822 2180 proveniet;
2855 2110 2981 2166 cmli
3009 2111 3330 2179 pugnabitur
3354 2110 3454 2171 ira,

2217 2207 2333 2273 Qua
2363 2205 2515 2259 vobis
2538 2203 2749 2274 placido
2779 2213 3105 2274 peragentur
3128 2205 3308 2273 praelia
3344 2214 3498 2257 nutu.

2291 2297 2511 2351 Talibus
2539 2296 2731 2351 intenti
2761 2306 2913 2350 vates
2944 2294 3155 2365 dejecta
3185 2294 3439 2350 levabant

2223 2388 2397 2444 Corda
2427 2388 2619 2455 virum,
2646 2395 2838 2444 sancta
2867 2388 3119 2443 sedantes
3144 2404 3275 2444 voce
3305 2389 3573 2444 timorem.

2222 2484 2292 2535 At
2316 2488 2535 2549 pontum
2567 2479 2779 2534 validus
2808 2479 3039 2535 ferventi
3071 2480 3287 2534 ﬂamine
3312 2490 3503 2535 ventus

2222 2569 2447 2636 Urebat,
2474 2578 2582 2623 tota
2610 2583 2936 2624 consumens
2967 2578 3125 2624 nocte
3157 2569 3509 2641 profundum,

2221 2658 2419 2715 Contra
2446 2668 2696 2714 naturam
2727 2660 2953 2715 Genitor
2976 2660 3102 2715 dum
3131 2661 3375 2715 fulminat
3409 2661 3601 2725 undas,

2224 2750 2391 2805 Ardet
2432 2759 2485 2805 et
2517 2749 2732 2806 afﬂatus
2764 2765 3023 2820 percusso
3056 2752 3106 2805 in
3132 2753 3344 2821 gurgite
3373 2752 3587 2807 ﬂuetus.

2224 2841 2339 2895 Jatn
2370 2843 2687 2897 matutinum
2717 2853 3040 2911 pervenerat
3072 2844 3290 2898 horrida
3323 2856 3534 2913 tempus

2228 2932 2322 2986 Vix
2356 2934 2518 2996 acies,
2547 2932 2857 3001 primusque
2890 2935 3069 2988 nitens
3099 2950 3293 2989 aurora
3327 2938 3555 2990 rubores

2225 3021 2521 3091 Spargebat
2556 3024 2779 3090 mundo,
2807 3025 2959 3078 tetris
2988 3025 3113 3080 dum
3142 3027 3389 3095 protinus
3421 3044 3609 3083 manes

2226 3115 2526 3184 Erumpunt
2558 3116 2780 3182 castris,
2831 3117 3010 3171 fremit
3038 3118 3276 3189 undique
3302 3128 3447 3173 mota
3476 3120 3749 3187 juventus.

2227 3208 2296 3261 At
2326 3207 2529 3275 pavida:
2561 3209 2728 3277 plebis
2756 3218 3033 3278 postquam
3065 3211 3309 3280 pervenit
3331 3214 3397 3266 ad
3426 3229 3609 3276 aures,

2149 3276 2195 3337 ο
2229 3296 2645 3366 ClaugentiSque
2667 3276 2810 3353 tuba}
2841 3276 3103 3379 percussit
3132 3309 3347 3369 pectora
3381 3313 3573 3365 terror,

2228 3386 2507 3455 Arripiunt
2529 3398 2866 3459 carpuntque
2890 3390 3052 3457 viam,
3082 3407 3185 3460 qua
3215 3394 3461 3461 proxima
3496 3405 3642 3463 ponti

2227 3476 2434 3532 Littora
2457 3478 2742 3533 sollicitant
2768 3481 2932 3535 rubro
2961 3480 3213 3552 insignita
3236 3482 3465 3553 liquore.

2300 3568 2368 3623 Ut
2397 3582 2639 3623 summas
2669 3571 2841 3639 pelagi
2868 3571 3099 3639 populus
3130 3573 3380 3642 pervenit
3400 3573 3467 3628 ad
3498 3587 3645 3639 oras,

2229 3659 2408 3714 Cessit
2432 3660 2715 3716 confestim
2740 3662 2885 3716 ducti
2916 3665 3221 3719 reverentia
3251 3665 3465 3732 ﬂuctus,

2230 3748 2601 3821 Expanditque
2627 3754 2787 3817 viam,
2820 3753 2905 3807 cui
2940 3762 3140 3809 terram
3172 3755 3445 3811 clauserat
3488 3758 3679 3815 linstis.

2230 3841 2500 3910 Machina,
2546 3843 2801 3912 pendenti
2829 3845 3027 3900 struxit
3053 3861 3215 3916 quam
3241 3862 3401 3903 scena
3436 3849 3684 3919 liquoris,

2231 3932 2492 3989 Frenatas
2519 3934 2665 3991 celso
2696 3936 3058 4004 suspenderat
3088 3952 3215 3992 aere
3244 3939 3512 4009 lymphas.

2233 4025 2556 4095 Aggreditur
2578 4026 2812 4082 medium
2838 4028 3067 4099 fugiens,
3104 4030 3434 4100 vincensque
3468 4048 3757 4101 seq-centes

2233 4116 2377 4173 Gens
2400 4120 2572 4173 elecm
2599 4119 2714 4185 Dei,
2748 4121 2919 4189 figens
2948 4122 3172 4191 vestigia
3203 4125 3364 4179 terris

2232 4210 2288 4265 In
2314 4212 2531 4281 regione
2560 4213 2744 4275 maris,
2773 4214 3052 4269 calcantur
3074 4229 3202 4270 saxa
3235 4216 3509 4286 profundi,

2230 4300 2470 4357 Conterit
2500 4310 2555 4356 et
2577 4303 2774 4357 nudum
2805 4318 3127 4372 percurrens
3151 4307 3325 4361 orbita
3354 4309 3561 4364 limum.

2230 4394 2492 4449 Torridus
2515 4404 2791 4463 aspectum
2826 4397 3011 4451 scissis
3037 4397 3116 4451 sul
3151 4398 3345 4453 inserit
3369 4402 3543 4464 undis,

2232 4484 2578 4555 lgnotamque
2602 4500 2740 4541 novo
2767 4488 2989 4557 euntigit
3018 4488 3220 4543 lumine
3245 4499 3470 4553 terram;
3610 4548 3613 4555 ι

2234 4575 2465 4644 Longior
2493 4586 2546 4630 et
2572 4576 2750 4631 radius
2780 4578 3009 4644 spatium
3041 4579 3369 4634 descendere
3403 4588 3607 4637 tantum

2158 4636 2210 4697 θ
2233 4666 2491 4729 Certavit,
2524 4666 2832 4736 fessumque
2853 4669 3007 4735 jubar
3034 4669 3121 4723 vix
3154 4669 3335 4726 intulit
3364 4673 3504 4728 imis.

2305 4756 2551 4812 Credidit
2580 4758 2827 4811 excluSOs
2860 4760 2976 4826 prin
3003 4774 3115 4825 um,
3149 4759 3425 4830 fluctuque
3451 4766 3699 4833 rchlStlS

2237 4850 2400 4918 Inque
2432 4849 2609 4919 fugam
2640 4864 2831 4905 versos
2860 4852 3087 4905 Pharius
3116 4854 3247 4909 dare
3280 4866 3423 4927 terga
3459 4866 3742 4928 tyrannus.

2235 4939 2580 5008 Prrecipitare
2612 4956 2791 4995 moras
2820 4942 2907 4995 tali
2928 4943 3081 5010 jubet
3109 4944 3320 5012 agmina
3344 4948 3510 5003 verbo
3538 4965 3551 5003 :

2240 5031 2377 5086 Ecce
2401 5034 2592 5087 iterum
2631 5031 2855 5101 fugitiva
2884 5034 3082 5089 culmrs
3116 5036 3401 5104 pendentia
3432 5039 3571 5093 bella

2237 5122 2469 5189 Deserit,
2518 5124 2822 5190 auxilioque
2861 5125 3052 5192 pedum
3081 5126 3279 5180 confisa
3312 5131 3543 5194 recedit;

2240 5212 2366 5280 Vos,
2395 5214 2557 5267 armis
2592 5216 2840 5282 premite,
2864 5223 2918 5269 et
2939 5216 3137 5271 clausis
3170 5216 3400 5271 insistite
3431 5228 3664 5283 tantum;

2238 5303 2445 5359 Cretera
2480 5314 2671 5373 p0ntus
2700 5314 2841 5374 aget.
2879 5305 2972 5358 Vix
3001 5306 3116 5361 lnec
3142 5307 3469 5376 perdimrat.
3507 5312 3579 5363 illi

2240 5394 2554 5460 Prosiliunt,
2588 5409 2861 5464 cursuque
2884 5406 3047 5450 ruunt
3078 5400 3339 5469 attingi-re
3373 5402 3542 5456 littus.

2243 5484 2311 5540 Ut
2340 5500 2560 5550 venere,
2593 5486 2775 5539 vident
2805 5488 3008 5541 arentis
3044 5504 3189 5542 vasta
3220 5492 3474 5559 profundi

2237 5575 2513 5631 lnsolitam
2540 5577 2783 5646 prmbcre
2816 5578 2981 5644 viam,
3012 5594 3286 5650 pansoque
3309 5599 3527 5640 rece~su

2233 5668 2346 5724 Ceu
2372 5669 2608 5739 trepidas
2636 5668 2834 5739 fugisse
2863 5672 2964 5740 piis
2996 5673 3325 5730 calcantibus
3350 5679 3539 5733 undas.

2238 5760 2346 5815 llos
2369 5774 2579 5831 quoque
2604 5776 2701 5832 per
2725 5762 2926 5817 siccum
2960 5770 3103 5818 tutos
3130 5764 3466 5824 descendere
3495 5769 3686 5825 callem

2233 5850 2465 5909 Securos
2491 5851 2683 5921 pelagi,
2714 5860 2879 5921 atque
2900 5853 2980 5910 sui
3007 5870 3021 5917 ;
3055 5868 3163 5909 non
3194 5870 3364 5920 arma,
3411 5874 3508 5914 nec
3544 5860 3725 5921 ipznm
