4516 6436
1059 407 1158 458 567
2328 407 2385 462 S.
2425 406 2606 462 AVITI
2651 408 3048 471 VIENNENSIS
4196 407 4296 466 568

1061 519 1369 610 Formidare
1392 522 1521 575 satis
1551 519 1831 588 patientem
1855 516 2066 610 vincula
2098 527 2338 610 pontum.
2649 524 2689 580 Α
2720 523 3062 610 Oceurritque
3087 541 3316 598 sequens
3341 548 3354 593 ;
3387 535 3522 598 perit
3545 536 3668 589 undi
3692 551 3776 597 ine
3804 537 4185 610 circumjecius

1057 609 1312 665 Suhstitit
1334 610 1400 664 ad
1429 611 1692 664 modicum
1717 608 1980 677 restrictis
2007 608 2236 662 motibus
2263 623 2475 677 agmen,
2737 609 3077 670 Decurrentis
3097 631 3247 686 aqua:
3277 620 3466 677 laxatis
3493 638 3675 678 murus
3703 624 3947 681 habenis.

1059 698 1338 766 Frenaque
1368 711 1651 788 suspensos
1668 705 1963 788 tenuerunt
1983 697 2137 750 ducta
2159 686 2388 766 jugales.
2735 698 2829 755 Ille
2860 703 3010 758 ferus
3039 720 3271 776 semper,
3301 709 3409 773 jam
3442 714 3584 765 initis
3614 725 3784 769 morte
3809 716 3912 772 sub
3935 717 4068 788 ipsa,

1056 794 1231 859 Atque
1251 789 1455 857 aliquis,
1491 786 1576 840 cui
1601 785 1682 839 vel
1709 793 1921 840 tenuem
1955 795 2151 840 mutata
2178 786 2408 840 calorem
2727 787 2844 843 Non
2871 792 2982 845 lucc
3005 793 3250 850 humanis
3276 799 3416 851 cedit
3445 800 3666 854 victoria
3697 803 3872 868 bellis,

1054 879 1204 934 Tune
1234 877 1459 932 scintilla
1487 876 1645 930 dabat
1672 876 1846 940 cordi,
1885 878 1964 931 sic
1991 877 2128 931 [orte
2158 877 2370 932 locutus
2395 898 2407 932 :
2731 880 3121 950 Expugnantur,
3156 888 3250 952 ait,
3272 889 3517 958 .ca'loquc
3539 894 3835 947 evertimur
3855 897 4028 953 hoste.

1051 969 1178 1034 Quis
1206 967 1345 1020 Deus
1375 980 1405 1018 a
1439 969 1616 1034 prisco
1645 965 1928 1033 detorquet
1957 967 2174 1021 cardine
2200 967 2454 1021 mundum
2731 969 2911 1039 Etl‘uge
2938 975 3163 1042 quisque
3194 986 3363 1044 potes,
3403 979 3679 1049 victusque
3704 984 3872 1037 evade
3901 987 4145 1056 satelles,

1047 1059 1188 1128 Lege
1212 1072 1371 1123 nova,
1401 1066 1676 1124 mutatque
1705 1057 1870 1122 vices,
1901 1065 1956 1111 et
1984 1057 2194 1112 condita
2227 1057 2443 1112 turbat?
2723 1057 2834 1113 Nec
2848 1061 2955 1128 jam
2980 1062 3089 1116 tela
3121 1063 3234 1118 Deo
3263 1068 3538 1124 conatibus
3565 1069 3749 1139 ingere
3768 1075 3954 1128 cassis.

1049 1146 1180 1200 Nam
1207 1146 1252 1199 si
1283 1157 1530 1200 servatur
1568 1146 1727 1200 rebus
1756 1154 1939 1198 natura
1967 1147 2186 1211 creatis,
2724 1150 2768 1204 0
2793 1151 2836 1204 si
2867 1165 3214 1220 compunctas
3239 1155 3470 1213 humana
3497 1161 3746 1229 superbia
3771 1171 3976 1218 mentes

1047 1238 1398 1291 blonstrilerae
1427 1254 1545 1303 qua:
1573 1250 1731 1291 causa
1755 1236 1891 1290 viae?
1917 1236 2042 1305 quid
2066 1236 2295 1306 denique
2323 1245 2507 1298 restat,
2723 1239 2859 1293 Ante
2885 1241 3086 1296 obitum
3118 1255 3322 1302 mutare
3352 1249 3475 1304 velit
3503 1252 3515 1304 !
3549 1249 3684 1317 Quid
3714 1249 3942 1321 denique
3967 1255 4192 1324 prodest

1043 1328 1097 1380 Si
1123 1341 1270 1381 mare
1297 1327 1553 1380 transitur
1571 1340 1779 1396 gressu,
1807 1324 1905 1378 nisi
1937 1325 2158 1380 navibus
2178 1341 2305 1379 arva
2721 1327 2866 1382 Tunc
2895 1329 3050 1385 linem
3073 1335 3317 1401 posuisse
3342 1339 3518 1400 malis,
3544 1355 3666 1393 cum
3697 1341 3952 1398 terminus
3973 1355 4153 1414 urget,

1045 1415 1355 1478 Snlcentur,
1403 1415 1702 1481 coelumque
1734 1428 1792 1467 se
1817 1415 2064 1470 decurrat
2087 1415 2155 1470 ab
2177 1431 2298 1480 axe,
2720 1416 3001 1475 Przesentis
3023 1422 3146 1477 vita:
3170 1424 3400 1493 spatium
3420 1441 3540 1480 cum
3561 1430 3788 1485 cmditur
3807 1432 3955 1486 tem?

1041 1507 1100 1559 in
1129 1520 1347 1572 superos
1373 1503 1578 1558 inferna
1613 1506 1808 1568 levent,
1843 1505 1993 1574 plaga
2024 1503 2225 1560 fervida
2255 1507 2375 1562 creti
2717 1510 2768 1560 liv
2795 1511 3054 1578 nlitearis,
3081 1516 3175 1580 ait,
3203 1531 3384 1582 sanus,
3419 1519 3705 1588 scriptura,
3732 1523 4045 1592 valensque,

1039 1597 1244 1662 Algeat,
1274 1595 1508 1649 alilatam
1537 1595 1825 1650 succendat
1851 1596 2094 1665 scorpius
2120 1611 2296 1650 ursam
2319 1598 2343 1646 ‘l
2717 1601 2770 1655 Si
2802 1611 2924 1657 tunc
2955 1616 3228 1672 peccatum
3256 1609 3536 1678 quisquam
3562 1611 3833 1668 dimittere
3861 1616 4007 1670 vovit

1038 1685 1162 1776 Haec
1194 1686 1293 1739 nisi
1324 1685 1577 1740 confisus
1607 1700 1788 1740 rerum
1818 1686 2142 1776 subverterit
2168 1688 2327 1776 ordo,
2713 1695 2844 1750 Cum
2871 1714 3092 1765 peccare
3124 1702 3328 1771 nequit,
3358 1703 3481 1756 luxu
3503 1702 3790 1759 dimittitur
3818 1706 3952 1776 ipse.

1034 1775 1151 1831 Non
1184 1776 1317 1831 duce
1349 1791 1432 1830 me
1462 1781 1741 1845 quisquam
1784 1791 1983 1830 savum
2021 1775 2360 1830 descenderit
2400 1791 2603 1844 aequor,
2785 1787 2923 1855 Ergo
2948 1789 3200 1857 exaltatis
3227 1790 3467 1858 pendens
3493 1793 3793 1849 διιειοιιίιιιι-
3820 1795 3977 1850 undis

1036 1865 1118 1918 Sit
1143 1874 1385 1933 suspecta
1410 1866 1536 1917 mihi
1563 1879 1666 1932 qua
1688 1864 1881 1919 semita
1907 1864 2085 1934 dirigit
2115 1863 2342 1919 hostem.
2630 1871 2676 1931 Β
2708 1876 2819 1929 Mox

2630 1871 2676 1931 Β
2708 1876 2820 1929 Mox
2847 1877 3132 1946 mergenda
3161 1877 3388 1948 phalanx
3415 1898 3430 1934 :
3463 1881 3800 1951 lympharum
3845 1892 4031 1942 monte
4073 1887 4275 1958 levata,

1033 1960 1162 2014 Nam
1192 1961 1234 2014 si
1263 1961 1399 2015 bella
1431 1960 1555 2013 velit
1585 1960 1785 2013 librans
1812 1958 2033 2027 aequalia
2064 1973 2283 2023 numen,
2712 1963 2955 2021 Pandere
2983 1967 3209 2022 telorum
3239 1970 3533 2037 premitur,
3563 1972 3833 2042 lundoque
3861 1975 4033 2030 tenaci

1031 2052 1196 2106 Obice
1236 2064 1444 2105 servata
1477 2051 1749 2120 fugitivum
1776 2051 2039 2103 clauserat
2067 2063 2280 2117 agmen.
2709 2053 2955 2108 lndutum
2988 2057 3249 2111 revehunt
3282 2057 3566 2112 morientia
3587 2073 3814 2126 corpora
3838 2061 4058 2116 ferrum.

1032 2141 1406 2208 Nuncaheant,
1427 2150 1734 2208 tantumque.
1750 2152 1907 2207 vagos
1924 2152 2019 2191 sua
2033 2146 2268 2191 monstra
2290 2148 2599 2206 sequantur.
2707 2145 2836 2198 Pars
2865 2148 3152 2201 exarmatis
3182 2163 3301 2201 cum
3334 2150 3560 2214 trimum
3585 2149 3754 2218 libera
3783 2151 4039 2204 membris

1028 2233 1137 2286 Nec
1162 2233 1292 2285 satis
1316 2231 1629 2299 amplector,
1658 2231 1855 2283 siccum
1879 2226 2230 2284 circumvenit
2255 2227 2361 2282 alte
2705 2231 2965 2300 lmplicuit
2989 2246 3179 2289 nantes
3200 2237 3411 2292 miseris
3433 2237 3800 2306 complexibus
3821 2249 3990 2305 artus,

1028 2322 1176 2388 Quod
1207 2321 1454 2390 pelagus,
1489 2320 1630 2372 nudo
1659 2319 1838 2373 celans
1866 2317 2174 2373 discrimina
2207 2316 2390 2371 fundo.
2702 2323 2920 2377 Auxilio
2949 2324 3167 2394 decepta
3191 2329 3348 2396 perit,
3381 2329 3685 2397 pariterque
3729 2341 3950 2384 euentes

1029 2411 1238 2479 Excipit
1269 2412 1383 2465 hagc
1412 2410 1606 2464 ardens
1633 2423 1753 2462 cum
1786 2406 2049 2462 seditione
2075 2406 2355 2472 tumultuS,
2702 2411 2930 2468 Eterno
2959 2416 3057 2470 sub
3080 2416 3222 2472 l'asce
3248 2428 3428 2482 ruunt,
3457 2420 3684 2486 nexiqnc
3713 2431 3988 2476 necantur.

1027 2501 1380 2569 Instantisque
1407 2501 1581 2556 latens
1611 2507 1764 2567 urget
1799 2497 2063 2551 sententia
2092 2495 2245 2550 lelhi-
2703 2509 2796 2558 Ast
2825 2505 2940 2572 alii,
2972 2507 3164 2561 lassata
3195 2509 3286 2562 diu
3312 2509 3434 2562 dum
3461 2509 3674 2563 brachia
3695 2510 3917 2578 jartant,

1097 2591 1307 2645 Vicerat
1331 2605 1633 2660 aequoream
1664 2587 1886 2656 ledihus
1915 2586 2061 2655 plebs
2092 2587 2286 2656 inclyta
2312 2585 2521 2655 vallem,
2701 2596 2879 2652 ιηςυιιτ

2312 2585 2521 2655 νθιῗοιη,
2701 2596 2982 2652 Incurrunt
3001 2614 3179 2660 enses,
3201 2600 3498 2669 iaculisque
3530 2601 3832 2655 natantibus
3862 2600 4092 2666 haerent,

1024 2684 1259 2752 θυτϐίιίδ
1283 2693 1336 2736 ει
1369 2682 1518 2736 νθειιί
1545 2694 1783 2734 comem
1807 2679 2075 2732 νο¹υ¹ηίη³
2103 2679 2368 2747 linquens,
2696 2687 2958 2744 Concolor
2985 2698 3040 2744 et
3059 2690 3219 2744 rubro
3242 2691 3494 2744 miscetur
3524 2691 3786 2756 sanguine
3817 2701 4031 2758 pontus.

1023 2773 1150 2826 Post
1180 2773 1484 2826 barathrum
1516 2785 1738 2837 superas
1768 2768 2059 2823 scandebat
2091 2769 2269 2822 littore
2292 2777 2482 2822 terras.
2764 2779 2900 2844 Quin
2926 2787 2980 2833 ει
3000 2781 3319 2847 conspicuus
3349 2781 3596 2848 princeps
3620 2780 3980 2848 Memphitidis
4003 2784 4168 2846 aulae,

1025 2865 1256 2919 Eliertur
1280 2863 1414 2933 nigri
1446 2863 1549 2916 dux
1573 2861 1824 2930 agminis,
1857 2867 1910 2913 et
1940 2859 2268 2912 Pharaonem
2692 2866 2995 2922 Candenles
3019 2867 3220 2922 ducens
3249 2868 3400 2935 nigro
3423 2877 3634 2923 rectore
3657 2869 3882 2937 jugalcs,

1020 2959 1097 3012 Ira
1130 2957 1272 3011 ειὼὶῑ
1302 2957 1520 3024 proprio
1541 2955 1829 3007 vocitatqu
1865 2950 2079 3006 nomine
2106 2949 2420 3004 Cenchrem.
2697 2959 2970 3027 [nspeclor
2996 2959 3162 3012 cladis
3187 2957 3440 3027 proprie,
3475 2957 3756 3027 gentisque
3779 2968 4056 3026 superstes

1020 3047 1297 3114 Απίρίυηῑ
1323 3048 1524 3113 Pam"
1557 3041 1778 3097 Γθδθτειίί
1805 3054 2035 3094 concava
2068 3041 2234 3108 Ροιηίν
2697 3049 2925 3105 Ultimus
2952 3048 3203 3117 ingressis
3235 3064 3330 3115 per
3354 3063 3565 3101 currum
3589 3049 3865 3113 nauli-agat
3895 3046 4065 3100 undis.

1019 3138 1380 3207 invaduntque"
1401 3140 1562 3190 viam.
1591 3135 1726 3203 Quid
1756 3151 1858 3188 non
1887 3136 2032 3188 furor
2061 3135 2252 3188 audeat
2280 3137 2502 3188 amens?
2695 3139 2838 3194 Bella
2861 3148 3049 3192 vacant
3080 3147 3345 3206 pugnante
3370 3137 3504 3200 salo,
3532 3137 3802 3205 vincitque
3827 3136 4042 3206 quietus

1016 3231 1148 3283 llinc
1174 3244 1272 3298 equ
1301 3240 1406 3280 tum
1437 3242 1557 3295 pars
1578 3242 1766 3294 aguten
1799 3229 1926 3293 agit,
1957 3239 2079 3293 pars
2106 3225 2229 3279 inde
2257 3224 2432 3278 citatis
2618 3225 2661 3286 C
2695 3228 2855 3282 lsrael
2877 3229 2990 3281 solo
3017 3242 3275 3297 peragens
3301 3228 3597 3280 certamina
3622 3227 3757 3281 visu.

1026 3323 1106 3376 ire
1131 3321 1280 3389 jubet
1301 3321 1458 3373 simu
1485 3320 1527 3372 is
1554 3317 1764 3387 rapidas
1791 3332 1952 3386 super
1976 3331 2098 3371 arva
2127 3317 2427 3387 quadrigas.
2689 3319 2823 3372 Tum
2854 3318 3003 3372 vallis
3027 3319 3287 3386 completa
3318 3318 3472 3386 perit.
3504 3316 3774 3386 ﬂuctuque
3800 3331 4026 3373 reverso

1016 3410 1081 3466 lit
1112 3409 1343 3464 medium
1377 3409 1521 3462 venit
1544 3407 1799 3460 frendens
1829 3407 2094 3475 equitatus
2116 3407 2166 3460 in
2193 3421 2396 3475 aequor,
2689 3409 2909 3463 Ducitur
2940 3416 3212 3463 extentum
3239 3407 3436 3472 planati
3461 3408 3684 3476 gurgitis
3711 3423 3912 3475 aequor.

1016 3501 1352 3566 Accusatque
1384 3513 1560 3551 inuras
1590 3507 1695 3550 tam
1727 3495 1818 3549 lati
1850 3497 2072 3565 gurgitis
2093 3495 2286 3550 ardens
2687 3500 2889 3553 Littore
2916 3499 3183 3567 jactantur
3212 3506 3322 3550 tum
3356 3507 3488 3550 tetra
3518 3498 3774 3550 cadavera
3807 3506 3939 3559 toto,

1016 3590 1091 3644 lra
1122 3591 1319 3652 virum,
1347 3587 1527 3641 tremit
1559 3595 1763 3640 aretato
1788 3600 1908 3653 pars
1936 3584 2369 3656 alteraunundo:
2689 3589 3051 3655 Erpnsuitque
3072 3601 3225 3639 suum
3256 3585 3474 3654 pelagus
3507 3600 3667 3654 super
3693 3601 3823 3638 arva
3858 3586 4221 3654 triumphum.

1016 3684 1144 3737 Tum
1174 3697 1270 3750 per
1297 3680 1575 3734 sublimem
1605 3693 1646 3746 s,
1671 3679 1902 3733 lendenti
1930 3678 2068 3734 nube
2089 3677 2302 3732 column
2342 3693 2391 3728 Ill
2755 3677 2988 3746 lnclytus
3014 3677 3285 3745 egregium
3318 3675 3544 3728 solemni
3577 3673 3817 3728 carmine
3849 3674 4042 3730 duelor

1013 3773 1086 3826 De
1108 3771 1248 3826 ccelo
1279 3785 1378 3824 vox
1409 3770 1572 3823 missa
1603 3777 1770 3829 tonat.
1797 3769 2049 3838 verbique
2077 3768 2298 3838 superni
2689 3767 2945 3822 Describit
2978 3767 3196 3834 factum,
3228 3775 3339 3820 toto
3363 3766 3503 3835 quod
3531 3766 3772 3832 psallitur
3799 3766 3949 3829 orbe,

1011 3864 1300 3930 interpres,
1325 3869 1568 3913 Sanctum
1602 3860 1932 3928 compellans
1962 3858 2177 3913 nomine
2199 3858 2421 3919 Μηδείῃ,
2683 3857 2814 3911 Cum
2845 3866 3062 3926 purgata
3084 3857 3252 3911 sacris
3278 3855 3488 3910 deletur
3515 3856 3669 3924 culpa
3703 3854 3937 3917 ﬂuentis,

1012 3952 1188 4017 Venit,
1228 3953 1319 4015 ait,
1356 3960 1564 4018 tempus
1593 3964 1709 4002 mea
1739 3963 1844 4016 quo
1873 3947 2119 4002 mandata
2148 3949 2471 4018 probantur;
2686 3949 2994 4018 Emittitque
3022 3963 3212 4004 novam
3244 3949 3498 4017 parientis
3530 3949 3744 4018 lympha
3775 3949 3972 4004 lavacri

1013 4042 1243 4111 IEgypto
1265 4041 1371 4108 jam
1402 4041 1522 4092 linis
1549 4043 1670 4103 erit,
1694 4039 1800 4107 jam
1829 4039 1980 4093 clade
2003 4053 2251 4105 suprema
2687 4041 2916 4102 Prolem,
2940 4047 3060 4107 post
3079 4047 3288 4093 veteres
3307 4051 3441 4106 quos
3469 4038 3637 4093 edidit
3664 4039 3771 4093 Eva
3808 4050 4011 4094 reatus.

1011 4131 1110 4185 Tot
1136 4129 1442 4201 castigatam
1473 4129 1671 4181 vicibus
1700 4129 1961 4181 sententia
1995 4140 2226 4180 tuentem
2685 4129 2757 4183 De
2779 4143 2878 4197 qua
2903 4140 3205 4182 sermonem
3228 4127 3504 4196 praemisso
3535 4128 3771 4182 carmine
3793 4128 4041 4196 sumpsit,

1012 4225 1199 4277 Puniet
1218 4237 1523 4290 expugnans
1549 4238 1563 4272 :
1593 4221 1738 4274 ensis
1767 4223 1991 4276 succede
2015 4219 2258 4290 uagi-llis.
2683 4220 2963 4275 Luctilicos
2988 4219 3211 4288 replicat
3243 4221 3414 4273 tenuis
3443 4220 3566 4273 dum
3593 4222 3779 4288 pagina
3805 4220 4003 4288 lapsus.

1009 4316 1087 4368 Tu
1119 4311 1277 4366 modo
1306 4311 1416 4365 divi
1449 4327 1533 4362 um
1560 4315 1704 4378 virga
1729 4310 1836 4380 jam
1867 4319 2084 4379 percute
2113 4313 2350 4376 ﬂuctum,
2681 4313 2738 4367 Si
2770 4314 2894 4383 quid
2927 4313 3075 4366 tri-te
3106 4311 3224 4377 fuit,
3257 4313 3455 4366 dictum
3487 4321 3569 4367 est
3594 4313 3734 4382 quod
3773 4327 4007 4382 paupere
4034 4329 4222 4380 versu,

1009 4407 1179 4473 Atque
1203 4403 1418 4459 reducta
1443 4418 1569 4456 suos
1593 4413 1869 4456 assumant
1894 4417 2105 4471 mquora
2136 4404 2334 4457 vultus.
2679 4404 2916 4457 Terserit
2943 4403 3044 4457 hoc
3065 4403 3202 4457 sacri
3234 4403 3597 4456 memorabilis
3631 4405 3766 4456 unla
3799 4403 4074 4472 triumphi,

1081 4497 1172 4551 Ille
1196 4511 1332 4565 genu
1365 4498 1469 4548 lixo
1499 4497 1680 4548 εἱειειιὶ
1708 4495 1959 4564 marginis
1979 4509 2122 4559 oras,
2681 4493 2882 4547 Gaudia
2908 4508 3016 4563 quo
3045 4499 3322 4557 resonant,
3348 4494 3552 4546 crimen
3585 4508 3689 4562 quo
3718 4493 3922 4546 tollitur
3948 4508 4113 4547 omne

1012 4589 1078 4643 Et
1102 4588 1250 4642 littus
1275 4587 1359 4641 cui
1392 4586 1581 4639 ﬂuctus
1612 4588 1779 4652 abest,
1827 4603 1947 4640 mox
1975 4588 2156 4656 jussus
2180 4588 2368 4643 adesse
2599 4579 2651 4641 D
2679 4587 2779 4641 Per
2811 4588 3102 4651 lavacrum,
3125 4587 3359 4654 vivitque
3383 4600 3550 4638 novus
3579 4595 3836 4653 pereunte
3868 4599 4122 4640 veterno:

1013 4679 1272 4743 Perculit,
1296 4677 1484 4747 ins'gni
1514 4677 1741 4733 credens
1767 4680 2018 4746 mysteria
2047 4679 2209 4748 ligno.
2678 4677 2795 4744 Quo
2821 4677 2957 4731 bona
2979 4684 3325 4746 consurgunt,
3354 4691 3458 4745 quo
3487 4676 3642 4729 noxia
3668 4675 3806 4729 facta
3835 4687 4118 4740 necantur,

1011 4771 1145 4825 Hinc
1174 4771 1380 4824 subitus
1404 4790 1414 4818 ι
1435 4768 1664 4836 repitare
1704 4769 1906 4838 fragor,
1940 4777 2085 4822 tonat
2113 4769 2343 4837 undique
2375 4771 2572 4827 circum
2682 4769 2840 4823 Israel
2871 4782 3027 4823 verus
3048 4769 3216 4823 sacris
3252 4783 3358 4838 quo
3389 4767 3611 4837 tingitur
3643 4768 3818 4833 undis,

1009 4861 1246 4931 Lympha
1269 4873 1453 4922 ruens,
1490 4861 1822 4927 primumque
1853 4858 1959 4912 illic
1987 4860 2336 4914 committitur
2359 4862 2514 4928 unda,
2678 4859 2924 4915 Consona
2957 4873 3063 4928 quo
3091 4868 3309 4914 resonat
3333 4859 3640 4928 persultans
3668 4859 3820 4911 turha
3848 4869 4131 4927 tropaeum,

1006 4956 1118 5021 Qua
1151 4953 1481 5005 monstrabat
1505 4951 1605 5002 iter
1629 4950 1820 5003 Phario
1851 4963 1966 5003 sors
1993 4950 2180 5002 ultima
2216 4953 2342 5018 ιη-ᾳῐ.
2679 4952 2794 5016 Quo
2819 4949 3200 5020 prmcurrentis
3225 4951 3562 5020 complentur
3582 4949 3718 5004 dona
3745 4951 3943 5017 ligurzc,

1007 5044 1292 5111 Postquam
1319 5041 1496 5094 clau~a
1537 5041 1613 5092 via
1638 5048 1740 5101 est,
1771 5039 2068 5107 ﬂuctusque
2097 5040 2307 5108 repellit
2334 5050 2571 5108 euntem,
2679 5044 2807 5109 Quae
2830 5042 2946 5109 pius
2967 5041 3223 5110 explicuit
3249 5056 3342 5109 per
3367 5045 3601 5109 quinque
3630 5040 3892 5095 volumina
3922 5052 4095 5104 vates,

1003 5136 1236 5189 Paruitet
1266 5134 1438 5186 intrati
1468 5133 1575 5200 jam
1603 5131 1846 5199 gurgitis,
1880 5141 1932 5184 et
1961 5131 2079 5199 luga
2104 5147 2283 5185 serum
2683 5133 2898 5201 Nosque
2937 5131 3118 5185 tubam
3157 5129 3353 5199 stipula
3388 5130 3682 5198 sequimur,
3735 5144 4126 5200 numerumque
4181 5141 4256 5184 te-

1003 5226 1210 5279 Molitur
1239 5221 1462 5276 reditum
1489 5238 1500 5272 :
1535 5220 1738 5289 trepida
1763 5221 1889 5273 dant
1923 5231 2066 5288 terga
2099 5222 2365 5284 cohortes,
3925 5219 4150 5292 [nentes

1005 5319 1270 5381 Armaque
1292 5309 1607 5380 projiciunt;
1635 5317 1827 5378 pontus
1857 5309 2182 5378 fugientibus
2216 5313 2395 5377 instat,
2683 5315 2737 5366 Pi
2763 5315 2934 5366 nimus
2962 5313 3063 5365 hoc
3095 5310 3236 5364 tenui
3266 5310 3471 5380 cymbae
3495 5325 3636 5366 nunc
3663 5311 3845 5365 littore
3877 5323 4113 5381 portum.

1899 5488 2322 5552 PBJEFATIO
2365 5493 2444 5553 ΙΝ
2489 5493 2788 5555 LIBRUM
2832 5490 3312 5566 SEQUENTEM

1075 5592 1297 5647 Domino
1317 5597 1523 5652 sancto,
1554 5586 1862 5643 beatissimo
1897 5599 1950 5642 et
1993 5589 2232 5657 piissimo
2261 5606 2520 5660 germano
2539 5633 2558 5660 ,
2665 5594 2828 5645 luerat
2852 5591 3010 5644 edidit
3052 5590 3319 5658 dispositio
3341 5606 3474 5654 mea,
3504 5591 3593 5644 sed
3622 5600 3708 5643 tua
3734 5590 4095 5656 sodaliumque
4131 5607 4261 5658 quo-

1009 5683 1290 5753 Apullinari
1318 5680 1590 5748 episcopo,
1615 5679 1800 5733 Avitus
1833 5678 2015 5733 frater.
2669 5683 2904 5736 rumdam
2935 5683 3020 5746 pia
3043 5681 3320 5750 festinatio,
3345 5679 3624 5748 affectuose
3651 5681 3857 5749 quidem
3880 5721 3894 5742 ,
3947 5679 4037 5735 sed
4080 5682 4261 5734 iucun-

1080 5771 1203 5828 Post
1229 5770 1708 5828 consummationem
1732 5769 2017 5823 libellormu
2045 5787 2169 5839 quos
2207 5788 2306 5826 non
2333 5773 2460 5827 sicut
2488 5789 2574 5828 oo-
2680 5773 2818 5827 mlta
2841 5773 3138 5842 praeripuit;
3159 5771 3296 5843 rogis
3320 5772 3530 5841 insuper
3551 5771 3641 5826 tibi
3661 5770 4061 5840 specialiude
4089 5788 4270 5827 versus
