4516 6466
236 432 341 487 369

1480 422 1855 478 POEMATUDI
1896 420 2101 477 LIBER
2143 419 2229 475 VI.

3407 415 3509 468 570

232 548 349 600 illos
386 560 512 615 quos
542 544 609 597 ad
645 543 977 598 venerabilem
1008 538 1291 594 Fuscinam
1320 554 1548 593 sororem
1591 544 1815 591 nostram
1848 539 1892 599 Α
1920 536 2107 599 metiri,
2132 534 2271 602 quod
2295 533 2358 586 de
2378 543 2637 603 germana:
2662 528 3076 583 sanctimonialis
3102 525 3289 593 affectu
3326 537 3512 579 secreta

233 639 295 691 de
324 634 669 689 consolatoria
696 635 944 689 castitatis
970 631 1146 686 Laude
1170 632 1469 701 conscripsi.
1508 630 1649 696 Quos
1697 640 1815 682 tunc

233 743 351 780 cum
382 742 476 796 ego
503 735 616 793 post
641 724 990 779 denuntiatum
1019 728 1265 792 poematis
1295 725 1471 793 finem,
1496 724 1814 791 epigramma

233 817 419 869 rectius
440 815 685 879 dicerem,
711 821 766 866 tu
786 814 1007 882 primum
1034 815 1149 868 libri
1180 815 1384 867 nomine
1407 813 1639 866 vocitasti
1662 851 1679 878 ,
1722 814 1815 865 hoc

234 908 427 959 scilicet
450 905 751 958 vocabulum
793 905 1078 973 prolixitati
1106 908 1221 977 ejus
1251 919 1479 957 asserem
1526 904 1812 957 convenire.

234 998 556 1065 Quapropt.r
578 994 706 1048 ltabe
732 1012 809 1049 me
834 997 987 1048 etiam
1015 996 1068 1049 in
1089 994 1186 1047 Itac
1200 1005 1346 1065 parte
1367 996 1706 1063 famulantem
1722 995 1819 1061 ju-

228 1087 385 1152 dicio,
404 1086 508 1139 imo
537 1088 707 1152 potius
743 1085 952 1151 effectui
988 1096 1107 1150 tuo;
1143 1089 1386 1156 quoniam
1431 1086 1660 1157 profecto
1714 1086 1813 1138 ini.

227 1190 386 1242 quum
414 1183 509 1239 est,
534 1183 591 1227 ut
616 1175 697 1227 cui
720 1176 871 1241 parui
897 1176 951 1227 in
980 1176 1278 1246 maioribus,
1308 1177 1361 1228 in
1382 1176 1579 1246 exiguis
1611 1183 1816 1228 contra-

230 1261 425 1315 dicam.
460 1260 750 1315 Meminerit
776 1270 945 1316 autem
970 1265 1131 1333 pietas
1162 1273 1278 1329 tua,
1304 1264 1440 1316 hunc
1487 1265 1655 1334 ipsum
1695 1265 1814 1333 quia

228 1353 304 1405 sic
332 1368 478 1407 vocas
500 1352 750 1416 libellum,
782 1354 859 1407 vel
886 1354 953 1407 de
997 1356 1242 1425 religione
1283 1364 1553 1424 parentum
1584 1371 1811 1409 commu-

230 1444 394 1507 nium,
424 1444 499 1497 vel
518 1444 583 1497 de
601 1444 880 1514 virginibus
920 1456 1107 1500 nostra:
1135 1448 1347 1516 familia:
1388 1447 1701 1514 familiarius
1729 1446 1809 1499 di-

228 1541 539 1603 sputantem,
571 1533 677 1587 illis
707 1536 1059 1588 tantummodo
1082 1537 1354 1604 legendum
1384 1535 1532 1601 dare,
1565 1553 1690 1605 quos
1732 1553 1812 1589 re-

228 1638 346 1675 vera
370 1622 530 1689 nobis,
557 1634 646 1677 aut
671 1624 929 1679 vinculum
954 1626 1469 1695 prapinquitatis,aut
1492 1629 1810 1698 prOpositum

230 1710 489 1779 religionis
511 1713 755 1767 adnectit.
802 1712 957 1768 Potes
1002 1716 1134 1768 enim
1175 1730 1239 1768 ea:
1282 1718 1507 1770 materia:
1559 1716 1807 1786 qualitate

1918 625 2250 677 meditatione
2269 622 2627 691 compositum,
2654 618 2738 673 via:
2766 619 2843 671 vel
2872 617 2965 671 tibi
2989 616 3166 671 crebra
3201 616 3362 669 victus
3400 620 3515 688 jus-

1917 717 2065 777 sione
2087 716 2351 783 confiteor,
2382 717 2590 782 quando
2620 724 2709 765 aut
2736 712 2957 778 qualiter
2986 710 3155 763 venire
3178 709 3232 761 in
3252 719 3512 763 extraneo-

1916 824 2030 861 rum
2058 823 2239 863 manus
2268 806 2417 860 velim
2450 821 2469 859 :
2498 821 2624 857 sane
2652 820 2684 858 a
2726 802 2977 873 faciendis
3020 801 3249 855 versibus
3276 801 3513 870 pedibus-

1916 916 2011 969 que
2039 899 2323 969 jungendis
2352 897 2530 965 pedem
2570 896 2635 948 de
2661 906 2844 949 cwtero
2874 894 3133 947 relaturus
3157 932 3175 959 ,
3230 894 3327 947 nisi
3382 895 3516 962 forte

1916 992 2162 1046 evidentis
2192 1006 2364 1045 causa
2398 991 2534 1043 ratio
2564 989 2837 1043 extorserit
2869 989 3091 1057 alicujus
3130 986 3516 1054 epigrammatis

1919 1084 2309 1148 necessitatem;
2340 1086 2489 1153 cujus
2518 1090 2715 1133 tantam
2742 1080 3074 1151 exiguitatem
3102 1079 3214 1145 fore
3244 1080 3511 1149 polliceor,

1918 1183 1972 1226 ut
2000 1173 2043 1227 ei
2071 1172 2218 1226 aliud
2250 1188 2431 1226 nomen
2460 1187 2721 1225 assumere
2750 1187 2839 1225 nec
2870 1172 2979 1239 ipse
3006 1186 3309 1240 prtesumas.
3358 1168 3515 1224 Decct

1919 1266 2053 1315 enim
2070 1264 2265 1315 dudum
2287 1261 2679 1329 professionem,
2700 1276 2834 1313 nunc
2857 1263 3011 1313 etiam
3031 1269 3232 1314 aetatem
3259 1270 3507 1324 nostram,

1916 1354 1962 1405 si
1992 1352 2119 1421 quid
2148 1352 2542 1422 scriptitandum
2570 1360 2665 1415 est,
2699 1351 2923 1421 graviori
2947 1352 3116 1419 potius
3139 1350 3273 1420 ston
3304 1368 3512 1419 operam

1918 1456 1980 1493 ac
2001 1452 2197 1509 tempus
2226 1443 2501 1505 insumere,
2533 1456 2624 1495 nec
2662 1458 2717 1493 in
2757 1458 2818 1495 eo
2863 1442 3127 1494 immorari
3152 1442 3290 1511 quod
3334 1443 3511 1509 paucis

1917 1532 2313 1603 intelligentibus
2339 1548 2634 1585 mensuram
2682 1532 2997 1601 syllabarum
3037 1533 3288 1586 servando
3333 1544 3509 1594 canat.

1917 1625 2005 1677 sed
2028 1625 2163 1692 quod
2186 1623 2464 1695 legentibus
2497 1624 2671 1677 multis
2702 1634 2997 1677 mensurata
3029 1626 3152 1693 fidei
3203 1628 3509 1681 astruclione

1916 1715 2182 1770 deserviat.

1249 1919 1731 2026 LIBER
1809 1921 2471 2029 SEXTUS.

250 2071 344 2127 DE
375 2072 893 2130 CONSOLATORIA
929 2075 1159 2131 LAUDE
1198 2074 1618 2144 CASTI'I‘ATIS,
1660 2082 1749 2134 AD
1792 2080 2137 2137 FUSCINAM
2178 2081 2517 2139 SOROREM'
2544 2086 2683 2141 DEO
2720 2085 3052 2143 VIRGINEM
3091 2088 3486 2146 SACBATAM.

296 2187 541 2255 Suscipe,
570 2188 955 2255 complectens,
978 2188 1194 2244 Christo
1223 2190 1535 2259 dignissima
1560 2193 1734 2261 virgo,
1800 2222 1805 2233 κ
1847 2194 1894 2253 Β
1921 2192 2037 2259 Quo
2065 2192 2434 2263 dependentes
2457 2209 2714 2250 ornarent
2742 2201 2961 2253 vu’nera
2991 2200 3189 2265 baccae,

232 2278 466 2332 Alcimus
491 2278 587 2331 ista
623 2278 712 2332 tibi
738 2294 857 2348 qua
881 2280 1046 2333 mittit
1075 2296 1296 2335 munera
1342 2282 1529 2347 frater,

231 2368 395 2436 Inque
416 2368 521 2421 levi
549 2368 757 2422 calamo
784 2383 1066 2424 causarum
1099 2373 1311 2435 respice
1343 2372 1575 2440 pondus,

231 2459 298 2514 Et
329 2460 503 2514 tenuis
529 2459 721 2516 fortem
750 2462 1094 2517 commendet
1115 2473 1306 2517 cantus
1333 2478 1596 2518 artiorem.

229 2546 364 2603 Nam
391 2550 603 2618 quoties
630 2561 873 2604 sanctum
904 2552 1253 2620 compleverit
1278 2554 1464 2607 ordine
1486 2568 1699 2608 cursum
1728 2594 1741 2616 ,

232 2638 486 2693 Alternos
514 2637 761 2693 recinens
792 2640 933 2693 dulci
960 2641 1327 2696 modulamine
1358 2642 1593 2710 psalmos

228 2728 376 2794 Quos
406 2723 594 2783 vivens
629 2730 681 2783 in
713 2731 877 2785 corde
898 2732 1108 2801 chelys,
1139 2732 1335 2787 virtute
1354 2747 1572 2797 canora,

227 2818 488 2874 Interiore
516 2835 653 2874 sono
680 2821 842 2874 castis
866 2823 1217 2878 cancentibus
1244 2833 1391 2892 aptat
1423 2839 1439 2879 :

232 2914 370 2969 Tum
398 2915 523 2970 licet
550 2929 781 2971 excusso
813 2916 973 2970 libeat
996 2918 1087 2971 tibi
1112 2917 1297 2973 ludere
1327 2932 1509 2981 versu,

227 3007 406 3074 Atque
435 3006 702 3075 fatigatam
736 3007 1042 3061 meditando
1071 3009 1353 3065 absolvere
1375 3016 1632 3065 mentem.

226 3095 341 3150 Neu
377 3096 463 3151 hic
483 3094 661 3150 fallaci
690 3095 923 3166 tingetur
952 3097 1187 3153 barbitos
1213 3098 1385 3164 unda,

227 3187 463 3256 Pegasus
490 3188 629 3242 unde
660 3188 805 3243 leves
836 3199 1161 3257 praevertens
1204 3192 1440 3248 motibus
1466 3206 1626 3248 auras

227 3276 470 3345 Fingitur
495 3288 769 3346 assumpto
790 3279 1027 3347 pendens
1061 3280 1301 3336 hinnisse
1327 3283 1529 3348 volatu,

228 3365 365 3421 Dum
394 3365 623 3421 ferretur
652 3368 773 3437 equi
806 3370 986 3437 gravis
1008 3372 1203 3440 ungula
1238 3384 1471 3442 praepete
1499 3390 1692 3445 penna.

229 3457 334 3513 Sed
365 3473 461 3511 nec
490 3457 671 3513 Pierio
699 3459 897 3514 ducent
924 3460 1010 3515 hic
1040 3466 1245 3519 cantica
1276 3465 1425 3530 ludo,

226 3546 373 3612 Quas
397 3548 497 3602 sibi
529 3559 611 3603 ter
634 3560 812 3604 ternas
839 3553 1102 3607 mentitur
1132 3553 1271 3610 fama
1295 3572 1530 3614 sorores.

226 3634 329 3690 Dat
354 3637 445 3691 tibi
475 3653 810 3707 germanum,
845 3642 937 3696 sed
962 3658 1124 3697 verax
1151 3647 1349 3701 musica
1374 3648 1660 3716 plectrum,

224 3725 295 3780 Et
319 3725 593 3783 Christum
623 3745 883 3786 resonans
911 3733 1189 3789 claudatur
1216 3737 1389 3794 Iistula
1414 3739 1636 3796 Phoebo.

299 3816 477 3872 Edidit
507 3830 563 3873 ut
589 3832 831 3889 quartam
855 3827 1083 3893 genitrix
1110 3828 1368 3885 Audentis
1401 3833 1627 3900 prolem,

225 3907 408 3974 Teque
433 3909 581 3965 dedit
609 3913 792 3980 generi
822 3925 973 3982 partu
1010 3914 1233 3970 fecunda
1258 3934 1511 3987 supremo
1540 3939 1556 3987 ;

221 3995 518 4053 Confestim
550 4015 763 4070 parcam
790 4004 1050 4070 pr0mittit
1073 4006 1272 4062 ducere
1302 4010 1486 4068 vitam.

222 4092 301 4141 Ac
328 4087 580 4159 deinceps
620 4092 836 4159 paribus
859 4106 1064 4149 castum
1088 4111 1306 4154 servare
1330 4101 1505 4157 cubile

220 4175 512 4231 Constituit
542 4178 675 4234 votis
705 4195 947 4236 carorum
979 4199 1103 4238 cura
1138 4199 1439 4254 parentum.

222 4264 293 4320 Et
317 4267 437 4335 quia
468 4269 793 4337 principium
827 4280 931 4326 tam
957 4277 1125 4329 sancti
1158 4278 1373 4335 foederis
1394 4297 1565 4348 esses,

220 4354 302 4408 Tn
330 4357 488 4410 simul
516 4358 723 4414 oll‘erris
752 4360 983 4429 Christo,
1010 4367 1097 4434 qui
1125 4371 1365 4436 protinus
1396 4374 1525 4441 ipsis

220 4445 430 4514 Accipit
458 4446 511 4500 in
538 4449 691 4503 cunis
724 4450 973 4506 lactentia
1004 4458 1243 4513 membra
1270 4460 1484 4517 dicatis.

217 4536 311 4588 Sic
337 4538 625 4605 quondam,
661 4555 779 4594 cum
809 4543 979 4611 prima
1010 4561 1150 4601 novo
1173 4551 1571 4617 splendesccrct
1594 4567 1716 4613 ortu

219 4621 386 4677 Terra
418 4626 617 4692 nitens,
642 4630 1001 4702 pulchrasque
1026 4636 1216 4691 darent
1244 4654 1339 4694 sua
1368 4647 1570 4699 semina
1602 4646 1806 4720 fruges,

219 4714 498 4770 Viventem
528 4718 728 4774 ducens
756 4722 820 4773 ad
854 4734 1035 4779 sancta
1065 4728 1251 4783 altaria
1276 4731 1438 4786 fetum
1466 4775 1481 4801 ,

218 4804 471 4859 lnnocuis
498 4810 740 4864 sonuisse
768 4812 877 4867 Deo
902 4814 1167 4872 balatibus
1193 4836 1415 4889 agnum,

220 4891 529 4951 In~inuante
557 4898 659 4954 fide
680 4899 855 4969 justus
881 4918 1208 4974 cognoverat
1230 4911 1387 4979 Abel,

216 4982 291 5038 Et
316 4985 491 5051 capite
512 4988 693 5045 oblato
725 4993 923 5058 placuit
946 5010 1077 5065 grex
1109 5007 1253 5055 totus
1281 5002 1349 5057 ab
1377 5021 1507 5061 uno.

217 5073 364 5143 Ergo
396 5077 481 5131 ubi
514 5080 689 5134 vitalis
718 5081 845 5137 fovit
872 5094 923 5139 te
953 5087 1165 5156 lympha
1193 5092 1411 5159 lavacri.

216 5166 443 5236 Jamque
470 5183 621 5224 suum
652 5179 857 5245 peperit
886 5179 1120 5233 ccclestis
1139 5187 1305 5251 grata
1331 5187 1543 5256 pignus,

217 5258 335 5313 Non
370 5261 461 5315 tibi
492 5275 758 5332 gemmato
790 5284 1017 5337 posuere
1037 5274 1251 5329 monilia
1278 5278 1442 5345 collo,

215 5348 329 5404 Nec
351 5361 403 5406 te
433 5354 688 5423 contexit,
715 5367 838 5413 neto
871 5378 993 5428 quin
1021 5362 1251 5434 fulgurat
1275 5383 1407 5424 auro
1428 5411 1441 5433 ,

220 5440 397 5498 Vestis
426 5445 714 5503 ductilibus
750 5452 1076 5510 concludens
1102 5458 1187 5510 fila
1223 5459 1459 5519 talentis.

215 5532 329 5589 Nec
355 5545 406 5591 te
432 5536 686 5597 Sidrnem
708 5541 789 5596 bis
818 5544 954 5598 cocti
985 5547 1203 5603 muricis
1232 5563 1435 5605 oszrum

213 5625 412 5694 Induit,
438 5640 531 5684 aut
553 5634 710 5688 rutilo
741 5637 1022 5703 perlucens
1054 5656 1287 5710 purpura
1319 5644 1475 5711 ineo,

212 5718 392 5775 Mollia
415 5723 499 5776 vel
530 5732 665 5777 tactu
691 5741 806 5794 qua:
830 5729 1046 5783 mittunt
1080 5734 1276 5789 vellera
1299 5735 1479 5790 Seres.

207 5811 319 5868 Nec
350 5813 444 5868 tibi
469 5814 776 5873 transfossis
803 5820 1031 5874 ﬁxerunt
1057 5824 1277 5881 auribus
1306 5842 1524 5896 aurum,

1922 2285 1983 2338 Et
2016 2287 2245 2352 pretiosa
2279 2288 2493 2356 quidem
2527 2290 2668 2345 mala
2698 2291 2792 2344 sed
2826 2306 2951 2344 saxa
2983 2303 3296 2361 gravarent.

1921 2376 2102 2429 Latius
2127 2376 2241 2430 haec
2264 2393 2390 2431 vero
2413 2390 2635 2434 sanctus
2656 2381 2917 2435 describit
2944 2383 3152 2447 Esaias.

1918 2466 2254 2535 Ornatusque
2286 2467 2452 2523 refert
2481 2470 2661 2525 varios
2690 2473 2779 2541 qui
2810 2474 3049 2529 membra
3075 2487 3386 2538 venustam,

1918 2556 2048 2622 ριιω
2078 2572 2203 2610 mox
2234 2560 2516 2626 pascendis
2540 2562 2857 2629 praebebunt
2879 2566 3155 2622 vermibus
3184 2583 3387 2635 escam,

1920 2647 1987 2700 Et
2010 2646 2185 2701 forsan
2209 2648 2334 2702 dum
2364 2650 2468 2703 vita
2494 2664 2699 2719 manet,
2728 2670 3043 2722 percurrere
3070 2660 3248 2714 verbis

1921 2738 2227 2793 Morborum
2254 2747 2334 2795 tot
2357 2755 2496 2797 saeva
2531 2752 2708 2813 potest
2738 2746 3048 2802 discrimina
3078 2767 3257 2817 nemo,

1920 2828 2060 2883 Ante
2086 2829 2291 2884 obitum
2317 2832 2497 2887 cuncti
2528 2849 2646 2903 quae
2672 2835 2962 2894 formidare
2992 2840 3269 2897 docemur.

1923 2917 2142 2986 Singula
2170 2920 2255 2975 vel
2287 2922 2412 2975 totis
2443 2923 2680 2977 obnoxia
2712 2930 2976 2983 mortibus
3010 2948 3151 2997 esse,

1918 3007 2109 3061 Omnia
2133 3008 2260 3063 dum
2290 3012 2506 3079 proprio
2537 3015 2817 3072 solvantur
2838 3033 3063 3089 corpora
3096 3025 3218 3087 line,

1918 3096 2094 3164 Atque
2121 3114 2257 3153 unus
2286 3110 2505 3167 prmstct
2536 3104 2774 3174 reliquos
2804 3108 3064 3166 desistere
3084 3128 3256 3169 casus.

1920 3186 1986 3242 Et
2009 3192 2135 3258 quid
2169 3192 2394 3262 quisque
2423 3196 2572 3264 cupit
2600 3201 2895 3267 periturum
2924 3217 3143 3261 cernere
3176 3210 3400 3275 vultum,

1924 3278 2154 3335 Interior
2182 3282 2307 3336 dum
2332 3286 2515 3339 sordet
2537 3287 2720 3356 homo,
2744 3305 2807 3345 ac
2836 3308 2896 3347 se
2917 3294 3146 3352 crimine
3179 3308 3358 3367 turpat
3382 3304 3404 3355 ἓ

1988 3370 2091 3424 Sed
2116 3371 2210 3424 tibi
2236 3388 2359 3426 cum
2383 3377 2656 3442 geminum
2679 3381 2967 3449 tetigerunt
2986 3396 3231 3455 tempora
3263 3390 3486 3447 lustrum

1916 3458 2036 3513 Mox
2068 3461 2204 3516 stola
2237 3463 2451 3519 sincero
2484 3466 2625 3522 velat
2654 3477 2709 3524 te
2735 3473 2958 3527 candida
2988 3475 3159 3543 cultu,

1836 3551 1882 3613 C
1918 3552 2150 3624 Virginis
2176 3570 2238 3610 os
2266 3555 2614 3627 habitumque
2635 3562 2837 3619 decens
2856 3608 2870 3632 ,
2916 3577 2966 3622 et
2994 3570 3230 3640 concipit
3260 3589 3473 3630 omnem

1916 3645 2163 3701 Floribus
2190 3648 2455 3718 imprimis
2476 3650 2586 3719 jam
2618 3668 2771 3709 mens
2798 3666 3003 3712 matura
3036 3661 3320 3727 pudorem.

1913 3736 2063 3792 Haud
2091 3753 2247 3794 secus
2278 3741 2552 3796 exsultans
2578 3746 2801 3812 sterilis,
2838 3762 2956 3817 post
2985 3749 3180 3807 damna
3202 3753 3438 3823 juventa:

1913 3828 2217 3883 Fecundata
2242 3847 2438 3887 novum
2468 3848 2592 3889 cum
2626 3834 2793 3892 ferret
2817 3838 3015 3895 femina
3044 3841 3228 3913 fetum,

1914 3916 2129 3973 Vestem
2155 3920 2273 3974 lana
2297 3937 2395 3977 suo
2425 3938 2642 3991 parvam
2666 3928 2887 3983 texebat
2907 3932 3147 3998 alumno,

1915 4005 2155 4063 Disceret
2177 4018 2234 4063 ut
2264 4010 2478 4066 Samuel
2498 4013 2607 4079 jam
2640 4024 2750 4069 tum
2783 4033 2918 4085 puer
2932 4034 3053 4075 esse
3082 4027 3360 4081 sacerdos.

1914 4097 2005 4153 Sic
2033 4109 2084 4153 te
2105 4101 2227 4155 Iazta
2259 4102 2455 4157 domus
2478 4108 2681 4159 sanctis
2707 4108 2968 4166 altaribus
3000 4123 3212 4181 aptans,

1914 4195 2147 4248 Assueto
2169 4195 2351 4250 docuit
2379 4197 2593 4266 dignam
2620 4214 2970 4257 concrescere
3000 4207 3220 4276 templo,

1911 4284 2165 4340 Scribens
2195 4288 2246 4339 in
2280 4289 2541 4343 thalamos
2574 4305 2635 4345 ac
2661 4295 2841 4361 magni
2868 4295 3068 4350 fmdera
3102 4302 3266 4369 regis.

1913 4378 1981 4433 Et
2005 4382 2151 4447 cupit
2178 4382 2403 4435 electam
2437 4385 2671 4451 speciem
2698 4385 2799 4439 sibi
2823 4388 3050 4459 jungere
3078 4389 3327 4450 Christus
3349 4438 3362 4460 ,

1911 4470 2115 4523 Ornatu
2148 4472 2298 4525 vario
2327 4472 2463 4526 ditat
2490 4488 2647 4543 quam
2680 4478 2851 4544 gratia
2886 4480 3116 4549 pollens.

1986 4561 2107 4615 llaec
2135 4562 2223 4616 ubi
2256 4564 2528 4629 reSpirans
2557 4568 2820 4634 praevenit
2847 4572 3039 4638 gaudia
3067 4582 3260 4639 mater,

1910 4655 1986 4709 Ac
2009 4656 2099 4709 tibi
2123 4657 2376 4711 collatum
2410 4674 2577 4725 parvo
2608 4663 2891 4730 conspexit
2916 4665 2965 4718 in
2990 4681 3109 4722 aevo

1910 4743 2126 4798 Grande
2149 4745 2369 4809 bonum,
2398 4748 2596 4801 teneris
2624 4749 2750 4803 dum
2776 4752 2948 4806 virtus
2970 4756 3209 4810 creditur
3236 4774 3391 4816 annis
3411 4804 3427 4829 ,

1909 4833 2091 4903 Teque
2120 4836 2486 4905 reparturieus
2507 4840 2701 4893 melius
2729 4858 2889 4911 quam
2920 4847 3163 4914 corporis
3183 4848 3327 4918 alvo,

1833 4901 2196 4995 1)Spemque.
2236 4937 2545 4997 metumque
2600 4901 2763 4997 inter,
2818 4901 3119 5001 quanquam
3176 4938 3280 4993 iam
3314 4901 3498 4998 ,libera

3282 5046 3427 5098 νοὶο,

3282 5048 3345 5087 vo

1908 5107 2035 5161 Fort
2052 5117 2225 5161 tamen
2256 5112 2511 5165 attonitas
2542 5114 2617 5166 sic
2648 5113 2764 5168 lata
2794 5115 2936 5185 quod
2966 5118 3124 5172 anxia
3150 5031 3310 5175 curls
3331 5165 3347 5183 .

1907 5198 2191 5252 Insinuans
2230 5214 2445 5254 causam
2479 5202 2751 5272 lacrymis,
2784 5214 2894 5259 tum
2928 5207 3052 5262 talia
3081 5212 3301 5266 mandat
3334 5232 3347 5266 :

1904 5290 2037 5344 Ortu
2067 5302 2252 5359 quarta
2280 5293 2518 5361 quidem.
2552 5311 2708 5351 sacro
2730 5300 2825 5352 sed
2859 5314 3084 5357 munere
3112 5304 3311 5372 prima,

1911 5383 2090 5437 Dulcis
2120 5392 2240 5437 nata
2268 5385 2419 5450 mihi,
2443 5387 2582 5442 caelo
2609 5402 2767 5457 quam
2798 5403 2962 5447 carne
2984 5392 3195 5464 ﬁdeque

1908 5474 1997 5528 Bis
2019 5476 2199 5545 genui,
2230 5476 2551 5547 Christoque
2574 5480 2762 5535 rudem
2792 5481 2861 5536 de
2884 5494 3075 5540 ventre
3103 5484 3301 5554 dicavi,

1908 5566 2175 5621 liuetenus
2199 5568 2303 5623 hoc
2324 5580 2569 5625 nostrum
2604 5573 2799 5639 fuerat,
2832 5576 2927 5630 sed
2958 5588 3200 5648 tempore
3227 5582 3389 5637 ducto

1903 5656 2021 5711 Jam
2051 5659 2206 5713 decet
2234 5676 2353 5715 esse
2377 5670 2555 5727 tuum;
2591 5680 2713 5718 nam
2740 5669 2882 5733 quod
2931 5671 3237 5739 servabere,
3269 5674 3439 5745 virgo,

1904 5752 1949 5801 A
1982 5765 2068 5804 me
2100 5752 2438 5820 principium,
2473 5754 2567 5808 tibi
2599 5757 2877 5823 pervenit;
2905 5764 3086 5817 omnia
3124 5780 3282 5833 posse

1903 5837 2150 5909 Incipias,
2185 5856 2303 5897 cum
2327 5843 2465 5897 velle
2496 5846 2687 5902 subest
2721 5865 2734 5902 :
2765 5851 3242 5921 vestigiafervent,
