4316 6432
878 415 970 470 371
2140 407 2196 464 S.
2241 405 2420 463 Αγιτι
2460 403 2582 461 νιεξ

2460 403 2858 464 VIENNENSIS
4014 411 4125 470 372

881 528 981 581 Per
1008 540 1074 594 qu
1092 540 1123 578 c
1153 531 1360 579 sectato
1381 521 1703 578 conscendas
1727 519 1941 574 tramite
1964 518 2191 583 caelum;

880 615 988 670 Nec
1015 615 1211 670 desunt
1238 613 1474 682 exentpla
1495 612 1659 667 domi.
1688 610 1820 666 Nam
1851 612 2058 681 respice
2075 619 2300 681 quantas

884 705 1184 777 Virginibus
1214 704 1406 759 ﬂorens
1423 703 1532 772 jam
1557 711 1802 757 nostrum
1824 713 2050 759 stemma
2075 714 2301 756 coronas

882 798 1083 854 Miserit
1108 797 1161 851 in
1189 795 1400 858 cmlum,
1431 801 1618 848 sancto
1647 807 1781 863 quas
1800 793 2051 862 dogmate
2082 800 2256 847 mater

880 885 1164 942 Severiana
1196 883 1398 948 levans,
1428 891 1484 938 et
1511 890 1564 936 te
1589 879 1900 950 conjungier
1926 886 2081 948 opat.

884 977 989 1032 Nec
1015 974 1183 1030 multo
1211 974 1410 1042 senior,
1442 986 1584 1028 nunc
1611 972 1844 1042 gaudens
1873 969 2094 1039 Aspida,
2127 965 2397 1038 quondam

876 1068 1147 1121 Sacratum
1176 1066 1350 1120 velata
1380 1074 1557 1135 caput,
1588 1073 1673 1119 tua
1703 1065 1881 1116 mun’a
1913 1061 2162 1130 sumpsit,

881 1159 1130 1213 liissenos
1153 1156 1380 1225 jungens
1407 1155 1603 1210 sanctis
1629 1151 1885 1206 altaribus
1914 1164 2103 1206 annos.

876 1247 1044 1314 Quam
1076 1246 1201 1302 licet
1229 1237 1360 1300 hinc
1379 1242 1538 1299 celeri
1568 1241 1745 1296 tulerit
1765 1255 1882 1296 sors
1905 1241 2084 1296 ultima
2116 1239 2279 1302 letho,

875 1335 960 1393 Nil
989 1345 1168 1392 tamen
1196 1343 1283 1392 est
1309 1333 1540 1389 subitum
1565 1345 1778 1402 semper
1797 1331 2029 1400 migrare
2055 1328 2275 1399 paratis.

881 1428 1074 1499 Aspice
1098 1440 1238 1484 nunc
1264 1423 1527 1488 columen,
1555 1420 1765 1491 gemina
1787 1419 1928 1492 quod
1954 1417 2160 1490 virgine
2185 1418 2366 1490 fulget,

879 1517 1247 1585 Eximiumqne
1275 1513 1460 1580 decus,
1490 1512 1643 1581 cujus
1671 1521 1726 1566 tu
1750 1510 1873 1582 jure
1903 1508 2196 1580 prepinqua

878 1606 1155 1662 Fuscinam
1181 1602 1405 1659 Fuscine
1444 1601 1648 1666 refers;
1678 1613 1777 1656 nec
1804 1599 2019 1669 segnius
2046 1597 2214 1666 illam,

871 1696 1001 1764 Qure
1026 1694 1221 1765 pietate
1251 1701 1460 1763 potens,
1492 1699 1519 1730 ι
1552 1688 1707 1746 Graia
1737 1689 1784 1745 si
1812 1701 1939 1744 voce
1963 1696 2206 1750 sanetur.

873 1786 1149 1857 Significat
1172 1782 1439 1854 propriam
1468 1789 1680 1851 sumpto
1703 1779 1770 1836 de
1798 1779 2014 1834 nomine
2037 1787 2291 1833 mentem.

868 1875 1032 1944 Queis
1057 1874 1180 1930 licet
1207 1872 1489 1930 emeritum
1515 1870 1704 1926 cedant
1722 1883 1817 1925 sua
1843 1869 2040 1925 secula
2059 1869 2293 1936 culmen,

869 1965 1098 2033 Vitaque
1122 1962 1339 2036 sublimi
1363 1962 1569 2018 cunctis
1596 1960 1906 2030 prapolleat
1925 1974 2080 2027 arce;

867 2055 978 2110 llas
999 2066 1257 2120 generosa
1289 2061 1466 2107 tamen
1495 2060 1693 2106 matres
1718 2049 1763 2105 si
1789 2049 1953 2106 corde
1979 2050 2239 2120 sequaris,

868 2145 1190 2202 Gaudebunt
1217 2143 1355 2199 vinci
1383 2143 1508 2198 dum
1547 2141 1780 2212 proficis,
1804 2154 1867 2196 ac
1897 2141 1992 2196 tibi
2011 2155 2271 2198 summam

866 2234 1070 2304 Sponte
1097 2232 1298 2288 dabunt
1326 2231 1554 2300 palmam
1584 2229 1854 2301 superanti
1880 2236 2000 2284 vota
2029 2231 2311 2300 magistra.

863 2324 992 2380 Haec
1015 2325 1198 2380 dicens
1221 2332 1435 2379 teneros
1457 2332 1640 2378 sancto
1666 2321 2040 2378 exhortamine
2066 2336 2257 2379 sensus

863 2413 1096 2485 impulit,
1123 2412 1421 2469 accendens
1441 2412 1508 2467 ad
1536 2411 1850 2482 virginitatis
1876 2427 2137 2468 amorem.

864 2506 958 2561 Sic
986 2513 1156 2560 mater
1180 2503 1407 2560 fecunda
1435 2512 1610 2570 utero,
1636 2502 1912 2560 fecundior
1934 2512 2074 2568 actn,

863 2594 1166 2650 Machabaea
1194 2601 1400 2664 potens,
1429 2601 1485 2648 et
1509 2593 1675 2663 prolis
1702 2592 1890 2649 funere
1916 2592 2062 2660 felix,

862 2686 1051 2742 Orbari
1077 2686 1338 2756 gaudens,
1364 2687 1544 2740 animo
1573 2686 1818 2741 vincente
1842 2699 2134 2750 senectam,

859 2773 1061 2830 l-Jdocet
1086 2774 1348 2830 hortando
1375 2774 1614 2830 sobolem
1643 2789 1746 2829 non
1775 2773 1967 2829 cedere
1994 2773 2214 2841 mundo,

859 2862 1262 2933 lnllammatque
1293 2862 1409 2932 pios
1435 2862 1501 2917 ad
1527 2861 1686 2918 fortia
1714 2862 1850 2920 facta
1881 2863 2107 2918 furores.
2224 2869 2230 2875 '

858 2953 1000 3022 Quid
1028 2963 1114 3010 tua
1143 2968 1286 3010 nunc
1316 2963 1573 3025 repetam,
1601 2961 1784 3010 tenero
1807 2969 1928 3026 qua;
1958 2954 2141 3010 fortior
2166 2967 2300 3020 avo,

859 3047 998 3100 Ante
1024 3057 1192 3100 annos
1219 3043 1560 3114 animumque
1585 3057 1797 3114 gerens,
1823 3057 2078 3114 responsa
2107 3043 2339 3100 dedisti?

858 3134 975 3190 Non
1005 3135 1119 3190 haec
1142 3149 1304 3204 parva
1334 3142 1478 3189 tuam
1507 3135 1746 3205 suscepit
1771 3136 1963 3206 pagina
1988 3134 2222 3192 laudem.

856 3221 1046 3278 Exitus
1067 3222 1285 3292 impleto
1310 3224 1487 3278 veniet
1505 3238 1625 3279 cum
1657 3233 1896 3294 tempore
1917 3224 2109 3288 victor,

857 3313 1000 3368 Laus
1027 3311 1220 3368 melius
1245 3312 1475 3380 canitur,
1499 3328 1620 3370 cum
1638 3314 1749 3386 jam
1774 3313 2036 3370 clamante
2059 3312 2349 3385 triumpho,

857 3404 1240 3462 Consummata
1273 3405 1377 3459 tuis
1399 3404 1690 3462 reddentur
1707 3406 1923 3476 praemia
1950 3404 2126 3461 factis.

857 3498 1012 3554 Nunc
1037 3498 1192 3555 decet
1217 3500 1471 3556 attonitos
1498 3507 1650 3554 cauta
1681 3507 1735 3555 te
1759 3512 1892 3554 voce
1921 3511 2161 3564 monere,

858 3589 1124 3647 Sollicitas
1151 3599 1324 3646 tecum
1353 3590 1536 3659 partiri
1564 3604 1628 3646 ac
1656 3591 1874 3648 volvere
1899 3606 2079 3658 curas,

857 3682 1030 3750 Atque
1047 3679 1242 3749 juvare
1270 3687 1388 3733 tuos
1416 3677 1682 3735 hortantia
1707 3680 1846 3737 dicta
1879 3681 2112 3748 labores,

857 3771 994 3826 Dum
1023 3779 1224 3842 pugnat
1244 3770 1425 3825 varius
1447 3785 1543 3841 per
1569 3772 1754 3827 crebra
1787 3771 2016 3842 pericula
2045 3785 2226 3840 casus,

859 3858 1084 3917 Lubrica
1111 3860 1239 3916 dum
1268 3860 1440 3931 fragili
1471 3863 1638 3917 currit
1663 3861 1766 3917 sub
1794 3862 2007 3918 tramite
2033 3861 2161 3931 vita,

860 3953 995 4008 Dum
1020 3960 1111 4007 tua
1141 3951 1375 4008 calcatus
1402 3961 1580 4022 captat
1606 3951 1821 4023 vestigia
1846 3965 2092 4024 serpens,

860 4040 1170 4096 Ascendens
1190 4041 1379 4095 dextro
1399 4053 1556 4108 quem
1587 4048 1826 4096 conterat
1850 4050 2044 4111 aggere
2069 4040 2271 4110 planta.

861 4128 947 4185 Nil
974 4142 1078 4186 non
1107 4130 1367 4184 intentum
1391 4129 1675 4199 praesentia
1703 4129 1901 4184 saecula
1924 4129 2144 4197 ducunt,

863 4221 977 4278 Nec
1003 4234 1187 4277 secura
1215 4220 1373 4275 datur
1393 4219 1603 4290 requies
1628 4220 1683 4275 in
1713 4233 1875 4294 carne
1898 4219 2118 4276 caduca.

859 4312 1154 4369 Vertuntur
1179 4325 1470 4380 namsa’pe
1491 4303 1638 4376 boni,
1673 4310 1814 4379 perit
1841 4309 2030 4365 obruta
2059 4309 2247 4378 virtus,

862 4404 1123 4472 Panaque
1147 4407 1429 4456 transactae
1454 4398 1716 4455 decedunt
1746 4398 1960 4468 praemia
1988 4397 2200 4456 laudis:

864 4495 944 4549 Ac
971 4492 1279 4562 plerumque
1307 4491 1464 4556 solet,
1492 4489 1668 4545 subito
1692 4503 1952 4546 succensa
1976 4490 2177 4556 calore,

2471 517 2520 576 Α
2548 513 2832 570 Ilundanis
2855 512 3042 570 ludens
3070 512 3209 569 facili
3243 527 3381 570 nunc
3406 528 3598 586 aggere
3618 518 3804 586 currit,

2543 606 2792 666 Strictior
2821 606 2962 660 hunc
2981 619 3168 660 carcer
3189 605 3394 661 crudeli
3420 616 3564 662 sorte
3594 606 3790 676 ligabit.

2615 698 2696 753 'l'n
2725 696 2974 754 modoida
2999 697 3226 763 veniam,
3260 699 3350 767 qui
3377 709 3428 753 te
3451 699 3786 763 exhortatur,
3816 703 4004 766 amori,

2543 786 2964 856 Currentemque
2986 795 3188 853 monet,
3211 801 3330 842 cum
3362 788 3449 842 vix
3478 798 3652 844 tamen
3683 789 3796 859 ipse
3822 801 4114 861 sequatur:

2545 877 2745 934 Suadet
2772 876 2940 933 veloci
2972 877 3157 932 tardus
3183 876 3502 946 compendia
3524 891 3761 946 gressus.

2544 967 2785 1038 Namque
2809 966 2874 1022 ad
2897 966 3218 1031 doctrinam,
3236 966 3474 1022 canimus
3501 982 3659 1036 quam
3689 982 3918 1035 paupere
3938 984 4116 1037 versu,

2542 1057 2623 1113 Tu
2649 1057 2837 1113 melius
2857 1056 2968 1126 jam
3001 1055 3157 1112 docta
3180 1055 3352 1122 venis,
3384 1070 3504 1126 quas
3525 1056 3707 1124 junior
3727 1068 3863 1125 ortu,

2550 1147 2846 1219 liciligione
2876 1147 3041 1215 prior,
3072 1146 3283 1202 vivendi
3304 1145 3424 1216 jura
3456 1145 3668 1203 dicasti.

2545 1241 2926 1307 Annommque
2949 1251 3199 1307 sequens,
3230 1239 3539 1293 meritorum
3566 1245 3714 1300 sorte
3737 1246 4031 1306 superstas.

2543 1329 2694 1396 Quod
2722 1327 2767 1382 si
2798 1325 3192 1396 consequimur,
3220 1327 3332 1396 jam
3361 1335 3602 1382 nostrum
3632 1325 3769 1382 forte
3798 1315 4040 1394 putetur;

2542 1423 2691 1490 Quod
2735 1420 3025 1492 sequimur,
3073 1431 3248 1477 tamen
3293 1419 3459 1476 hocce
3499 1428 3646 1476 tuum
3686 1429 3768 1476 est
3793 1437 3806 1472 :
3833 1420 4118 1475 conversio

3787 1509 4034 1583 [fratrum

2542 1604 2798 1674 Exemplo
2826 1603 3068 1660 debenda
3098 1601 3205 1673 pio,
3245 1611 3297 1657 te
3326 1600 3546 1670 respicit
3563 1608 3769 1665 auctor,

2539 1695 2913 1760 Primitiasque
2943 1694 2996 1749 in
3030 1703 3081 1750 te
3104 1692 3274 1748 sacris
3299 1692 3368 1748 de
3396 1689 3656 1747 fructibus
3679 1690 3865 1762 oﬂ'ert;

2537 1785 2731 1841 Indicit
2759 1784 2854 1840 sed
2886 1792 3069 1839 sancta
3099 1783 3256 1848 fides,
3289 1791 3344 1838 ut
3371 1782 3534 1838 corde
3560 1782 3858 1853 propinquo

2465 1865 2513 1926 Β
2538 1873 2854 1944 Participata
2882 1872 3028 1929 levet
3051 1872 3344 1928 fraternum
3367 1871 3573 1927 sarcina
3605 1870 3829 1942 pondus.

2537 1963 2617 2019 'l‘u
2637 1978 2911 2035 germana,
2939 1965 3082 2032 pium
3109 1975 3229 2031 quae
3255 1960 3406 2016 ducis
3425 1961 3494 2015 ab
3526 1959 3690 2017 ubere
3719 1959 3938 2022 fascem.

2536 2054 2653 2110 Non
2678 2053 2874 2119 carnis,
2898 2052 2994 2108 sed
3019 2053 3150 2122 legis
3174 2051 3341 2107 babes
3367 2049 3578 2107 cervice
3604 2036 3751 2106 lideli

2535 2144 2754 2200 Subdita
2779 2144 2922 2199 ferre
2943 2141 3154 2213 iugum,
3185 2155 3286 2196 nec
3314 2140 3488 2196 vincla
3512 2140 3564 2196 in
3594 2141 3840 2211 conjugis
3862 2142 3979 2198 ire:

2536 2235 2828 2291 Mundanas
2854 2234 3035 2291 odisse
3068 2233 3203 2298 vias,
3229 2246 3543 2302 percurrere
3571 2233 3824 2296 mundas;

2537 2327 2687 2382 lllinc
2713 2325 2856 2382 nolle
2878 2334 3048 2391 toros,
3077 2323 3203 2380 hinc
3223 2338 3476 2394 sponsum
3501 2337 3743 2391 querere
3765 2323 4065 2389 Christum,

2535 2418 2627 2474 Sic
2651 2416 2817 2472 taedas
2843 2415 3153 2486 tempsisse,
3175 2415 3262 2485 pio
3288 2413 3428 2483 quod
3451 2428 3634 2470 amore
3659 2415 3858 2484 calere,

2535 2506 2690 2578 Pigra
2717 2505 2972 2576 voluptati
3001 2504 3303 2561 fervescere
3330 2503 3494 2559 corda
3526 2503 3720 2568 labori,

2533 2595 2786 2666 lgnorare
2803 2595 3000 2662 virum,
3025 2593 3161 2650 fetus
3189 2602 3366 2650 nmen
3392 2593 3556 2650 edere
3575 2593 3733 2659 tales,

2531 2685 2678 2753 Quos
2705 2687 2874 2741 tristis
2902 2699 3171 2756 nunquam
3203 2683 3371 2754 possit
3401 2682 3498 2738 tibi
3529 2683 3718 2740 tollere
3744 2697 3920 2740 casus.

2601 2769 2716 2830 Non
2741 2775 2925 2831 orbata
2953 2788 3136 2846 gemes
3163 2773 3408 2830 fecundae
3426 2774 3648 2845 pignora
3678 2775 3824 2841 vitaz,

2526 2865 2638 2922 Nec
2663 2864 2876 2922 viduam
2903 2879 3102 2936 sponso
3127 2873 3334 2922 metues
3356 2878 3642 2934 superesse
3668 2866 3913 2936 perenni,

2529 2957 2737 3027 Expers
2763 2958 2875 3027 ipsa
2905 2957 3066 3024 mali;
3090 2971 3190 3014 nec
3217 2967 3270 3014 te
3297 2956 3562 3013 sententia
3593 2966 3773 3029 tanget

2529 3049 2643 3117 Qua
2672 3048 2837 3118 prolis
2866 3049 3158 3118 mortisque
3183 3062 3378 3117 parens
3399 3048 3738 3117 compellitur
3775 3047 3909 3115 Eva,

2527 3138 2769 3196 Occisam
2800 3141 3011 3209 pariens
3037 3139 3274 3195 subolem
3305 3139 3513 3194 vivente
3537 3147 3705 3195 reatu.

2448 3221 2495 3284 C
2525 3229 2656 3296 Quae
2675 3229 2916 3298 subjecta
2941 3229 3056 3284 viro
3081 3227 3358 3284 dominum
3389 3243 3606 3297 passura
3635 3229 3846 3298 cubilis,

2525 3319 2701 3378 Servit
2722 3319 2774 3374 in
2796 3320 3032 3374 obsceno
3061 3317 3297 3374 tolerans
3324 3319 3776 3375 connubia-lecto.

2524 3410 2613 3466 Sic
2638 3410 2845 3479 captiva
2885 3408 3011 3476 tori,
3041 3422 3164 3464 cum
3191 3415 3368 3478 portet
3392 3423 3586 3464 nomen
3613 3409 3791 3476 inane,

2524 3498 2780 3571 Coniugis
2808 3510 2863 3555 et
2885 3513 3023 3556 vana
3053 3498 3261 3560 dicatur
3289 3499 3518 3570 imagine
3539 3513 3784 3562 consors.

2525 3590 2653 3648 Sola
2675 3592 2803 3662 iugo
2830 3592 3088 3661 premitur
3109 3605 3217 3647 non
3241 3604 3447 3662 equam
3472 3591 3673 3648 ducere
3695 3599 3918 3646 sortem.

2525 3681 2734 3737 Etcum
2765 3680 2920 3752 longa
2947 3680 3134 3738 decem
3159 3681 3380 3738 tulerint
3405 3681 3616 3736 fastidia
3645 3695 3882 3749 menses,

2524 3769 2875 3841 Perfectoque
2903 3771 3083 3841 gravis
3112 3770 3220 3826 fetu
3243 3770 3563 3828 distenditur
3587 3770 3760 3838 alvus,

2524 3860 2739 3918 Semina
2769 3875 2889 3931 qua:
2922 3861 3087 3930 patris
3118 3860 3346 3927 fuerant,
3378 3860 3494 3916 haec
3521 3860 3756 3930 pondera
3782 3860 3939 3916 matri

2525 3950 2776 4020 lnlligunt
2795 3950 2962 4007 duros
2983 3961 3137 4007 utero
3161 3958 3407 4022 tergente
3434 3951 3672 4007 dolores.

2526 4039 2658 4095 Nam
2685 4054 2809 4096 cum
2839 4039 3038 4095 luctato
3062 4040 3343 4096 solvuntur
3369 4040 3573 4096 viscera
3603 4049 3782 4111 partu,

2531 4128 2645 4187 Una
2675 4128 2795 4195 luit,
2816 4136 2965 4185 tanto
2983 4128 3160 4184 carnis
3177 4127 3486 4184 discrimine
3509 4127 3752 4198 pendens

2525 4216 2678 4285 Quod
2697 4218 2876 4274 coiere
2902 4216 3042 4284 duo;
3070 4232 3195 4288 spes
3217 4218 3397 4289 palpat
3424 4216 3564 4274 forte
3586 4217 3875 4287 dolentem,

2528 4308 2718 4365 Editus
2745 4308 2798 4364 in
2822 4309 2991 4364 lucem
3016 4308 3062 4364 si
3087 4308 3231 4364 vivat
3258 4307 3400 4364 illius
3423 4325 3440 4374 ;
3469 4307 3615 4378 atqui

2525 4398 2797 4468 Contingit
2818 4398 3134 4470 plerumque
3159 4413 3380 4471 gemens
3409 4405 3470 4454 ut
3500 4405 3709 4454 mortua
3736 4397 3942 4454 fundat.

2527 4491 2682 4560 Saepe
2705 4489 2865 4546 etiam
2888 4489 3059 4545 soboli
3086 4503 3185 4544 nec
3211 4489 3401 4545 mortis
3427 4498 3665 4558 tempore
3684 4497 3825 4544 natae

862 4581 1078 4650 Frigida
1104 4596 1223 4651 quae
1252 4594 1420 4650 nuper
1445 4579 1635 4647 fuerat,
1683 4594 1836 4635 mens
1873 4580 2114 4651 linquere
2148 4582 2425 4650 mundum,
2455 4565 2504 4628 ο
2530 4578 2666 4634 Dant
2706 4579 2976 4649 geminum
3022 4579 3207 4633 matris
3245 4586 3577 4635 commortua
3637 4576 3874 4635 membra
3919 4578 4110 4649 sepul-

863 4672 1039 4742 Atque
1065 4669 1342 4740 repentino
1371 4669 1696 4739 restringere
1719 4667 1941 4725 cn’mina
1966 4669 2137 4727 freno.

865 4761 956 4820 Sic
982 4763 1333 4817 alternantem
1355 4768 1683 4815 commutant
1711 4759 1815 4816 fata
1843 4769 2098 4828 rotatum,

865 4853 1064 4923 lmp‘us
1091 4861 1147 4906 ut
1169 4858 1351 4921 speret
1376 4849 1607 4916 veniam,
1629 4850 1910 4921 iustusque
1934 4849 2172 4906 timendo

869 4941 1178 5006 Proliciens,
1207 4938 1476 4995 cumulum
1505 4939 1710 5008 magnis
1729 4938 2013 4994 virtutibus
2037 4941 2218 4996 addat.

865 5030 997 5086 Nam
1021 5029 1250 5084 studium
1273 5026 1448 5082 sancti
1475 5026 1617 5081 laxet
1643 5027 1686 5081 si
1718 5027 1852 5083 forte
1879 5029 2096 5096 laboris,

867 5121 1128 5190 Pigraque
1148 5125 1431 5172 consuetas
1458 5115 1753 5171 dissolvant
1778 5117 1882 5172 otia
1912 5132 2088 5186 curas,

867 5208 1088 5264 Labitur
1115 5207 1169 5262 in
1196 5215 1437 5275 prmeeps
1459 5203 1731 5259 damnosa:
1759 5204 1920 5274 gloria
1948 5207 2092 5262 vitm.

866 5299 1024 5352 Stare
1053 5295 1234 5365 nequit
1263 5293 1530 5359 meritum,
1560 5295 1604 5349 si
1636 5307 1740 5348 non
1771 5295 1996 5365 acquirit
2019 5297 2212 5364 eundo.

868 5385 1077 5440 Amittit
1100 5383 1346 5446 rediens;
1377 5381 1647 5437 nitendum
1673 5391 1757 5439 est
1782 5383 1985 5440 viribus
2011 5387 2224 5458 amplis,

868 5477 937 5530 Ut
963 5475 1092 5530 satis
1116 5482 1398 5543 angustum
1421 5472 1702 5529 observent
1723 5474 1945 5546 vestigia
1967 5475 2179 5533 callem.

870 5565 999 5620 Nam
1027 5567 1115 5637 qui
1145 5564 1388 5621 diliusam
1410 5566 1584 5637 spatio
1610 5566 1820 5626 laxante
1848 5568 2074 5640 plateam

947 5753 971 5781 ⁸
1005 5746 1354 5816 Euphrosine.

2965 4718 2970 4723 .
3837 4667 4037 4741 [crum.

2533 4756 2667 4813 illud
2691 4757 2801 4827 jam
2831 4757 3001 4813 levius
3033 4758 3239 4828 quoties
3265 4757 3574 4829 intervenit,
3605 4759 3717 4830 ipsa

2535 4846 2606 4902 Ut
2636 4857 2814 4915 pereat
2839 4857 2950 4902 tum
2976 4847 3089 4902 sola
3118 4861 3334 4916 parens,
3361 4862 3425 4903 ac
3453 4849 3690 4916 pondere
3713 4847 3832 4904 fuso

2537 4937 2754 4994 Emittat
2775 4953 2897 4994 cum
2923 4938 3075 5009 prole
3100 4938 3369 4993 animam?
3397 4938 3536 5006 Quid
3567 4938 3704 4996 forte
3731 4938 3964 4996 levatum

2535 5028 2907 5098 Nutritumque
2936 5027 3027 5084 diu
3055 5029 3261 5097 rapitur
3287 5029 3335 5084 si
3362 5029 3548 5086 funere
3575 5030 3787 5100 pignus,

2539 5119 2699 5176 Unica
2725 5118 2868 5190 quod
2894 5119 3092 5175 crebro
3117 5132 3241 5187 spes
3259 5115 3497 5189 respicit,
3521 5127 3577 5174 et
3605 5119 3744 5188 perit
3770 5133 3934 5173 omne

2535 5211 2686 5279 Quod
2715 5211 2816 5267 sibi
2838 5213 3114 5280 conceptis
3137 5209 3471 5280 spondebant
3490 5209 3682 5280 gaudia
3708 5209 3880 5265 votis?

2535 5302 2794 5358 Omnibus
2819 5303 2906 5359 his
2935 5301 3068 5358 illud
3093 5300 3327 5372 gravius,
3355 5303 3401 5357 si
3433 5301 3567 5358 forte
3591 5310 3863 5358 carentem

2535 5394 2752 5450 leesti
2779 5394 2996 5452 lavacro
3029 5403 3270 5450 tenerum
3301 5408 3446 5450 mors
3473 5393 3651 5451 invida
3683 5403 3868 5448 natum

2535 5484 2815 5555 Praeripiat
2841 5485 2976 5542 dura
3003 5495 3318 5557 generatum
3346 5494 3491 5542 sorte
3519 5485 3797 5557 gehennae.

2536 5577 2763 5651 Quique,
2788 5579 3060 5651 genitricis
3083 5588 3258 5638 cessat
3282 5593 3402 5637 cum
3433 5580 3569 5638 filius
3592 5593 3730 5647 esse,
