4316 6410
380 421 482 476 375

380 531 697 589 Perditionis
722 527 859 593 erit;
893 525 1070 581 tristes
1100 533 1223 577 tunc
1250 520 1392 576 edita
1424 518 1629 581 nolunt,

380 624 509 690 Qua:
537 621 765 675 ﬂammis
792 628 995 672 tantum
1028 620 1348 685 genuerunt,
1396 610 1636 665 membra
1686 623 1953 677 parentes.

380 713 508 782 Quis
536 723 834 766 memorare
863 716 1024 777 queat
1052 704 1181 758 tanti
1207 702 1513 758 discrimina
1544 714 1722 765 uisus,

381 806 435 858 ln
472 798 592 873 qua:
620 801 946 872 pertrahitur
970 795 1183 851 dilectae
1212 795 1378 864 gloria
1402 791 1621 847 carnis?

380 896 451 951 At
476 895 583 950 late
608 894 871 963 longeque
897 900 1041 943 tuam
1066 888 1375 943 discernere
1399 892 1602 939 sortem

380 988 622 1043 Libertas
645 1000 762 1043 cum
793 982 910 1051 lege
934 988 1110 1052 potest
1134 992 1237 1047 qua
1262 976 1515 1041 necteris,
1544 984 1601 1029 ut
1626 982 1681 1030 te

380 1078 543 1144 Impia
576 1074 810 1129 fallentis
838 1088 941 1126 non
968 1072 1232 1140 attingant
1260 1068 1468 1122 vincu'a
1495 1065 1699 1119 mundi.

377 1168 458 1224 'l'u
487 1167 704 1222 Mariam
733 1163 995 1234 sequeris,
1024 1162 1167 1217 dune
1193 1158 1279 1215 cui
1306 1156 1528 1228 contigit
1554 1156 1665 1211 alto

385 1257 617 1327 Virginis
645 1266 698 1313 et
725 1258 910 1311 matris
936 1255 1147 1325 gemina
1176 1249 1410 1323 gaudere
1438 1262 1658 1314 corona,

377 1347 700 1419 Conciperet
726 1361 848 1403 cum
874 1359 1037 1401 carne
1070 1344 1260 1408 Deum,
1288 1337 1520 1411 cmlique
1543 1338 1769 1395 Creator

378 1441 606 1496 latraret
633 1438 871 1493 clausum
901 1451 1152 1492 reserans
1178 1432 1430 1504 mysteria
1460 1439 1727 1487 ventrem.

378 1535 423 1586 A
455 1529 719 1600 genitrice
745 1539 915 1592 satus,
943 1528 1037 1584 sed
1068 1542 1225 1597 quam
1254 1524 1575 1579 formaverat
1603 1521 1741 1590 ipse,

380 1620 553 1687 Elegit
578 1618 800 1673 nitidam
827 1617 901 1689 de,
924 1632 1027 1686 qua
1060 1615 1377 1687 procederet
1404 1614 1607 1676 alvum,

379 1710 539 1767 Solus
575 1711 662 1777 qui
691 1710 871 1764 carnis
900 1709 1176 1779 proprium
1208 1705 1520 1773 disponeret
1548 1709 1749 1767 ortum,

382 1802 769 1867 l’ra-sciretque
795 1784 939 1853 diem
965 1798 1141 1865 longe,
1169 1804 1484 1862 tempusque
1512 1790 1719 1845 videret

379 1889 500 1956 Quo
526 1889 810 1957 pariendus
838 1893 957 1943 erat
980 1900 998 1941 :
1025 1882 1299 1954 praecessit
1326 1881 1562 1936 membra
1588 1880 1856 1933 voluntas.

378 1978 499 2048 Ipse
526 1978 665 2035 Deus
691 1976 948 2037 Verbum,
980 1974 1254 2039 vestitum,
1282 1971 1489 2026 viscere
1516 1976 1751 2036 sumpto,

378 2072 481 2139 Qui
511 2086 632 2127 cum
665 2070 822 2126 Patre
842 2068 1015 2138 jubet,
1045 2074 1291 2121 materno
1316 2064 1373 2117 in
1399 2074 1628 2131 corpore
1652 2058 1843 2119 servit,

376 2159 619 2229 Suscipit
641 2167 696 2215 et
724 2157 979 2213 famulum
1013 2155 1288 2217 Dominus,
1313 2152 1405 2223 qui
1428 2150 1668 2221 iusserat
1695 2164 1893 2203 :evum.

378 2249 645 2318 Tempora
678 2264 771 2318 per
796 2256 1022 2318 patrem,
1051 2260 1147 2313 per
1170 2251 1396 2301 matrem
1418 2240 1623 2297 semina
1652 2239 1842 2294 nescit.

378 2340 478 2395 illa
507 2339 722 2410 quidem
749 2338 971 2394 fecunda
1002 2335 1121 2401 fuit,
1150 2349 1272 2405 qua
1298 2331 1533 2403 pondere
1558 2341 1705 2384 casto

378 2430 664 2486 Factorem
694 2438 912 2499 portare
932 2442 1111 2490 suum,
1142 2425 1535 2493 Dominumque
1559 2434 1854 2491 perennem

378 2518 557 2575 Edere
585 2517 905 2589 promeruit;
931 2516 1027 2571 sed
1060 2530 1160 2571 nec
1178 2515 1270 2569 tibi
1291 2514 1458 2584 gloria
1480 2512 1614 2569 tanti

381 2610 622 2667 Defuerit
652 2611 799 2679 facti,
828 2610 1103 2665 Christum
1127 2609 1171 2661 si
1200 2605 1414 2661 credula
1442 2604 1608 2660 corde

378 2701 726 2772 Coneipiens,
758 2714 982 2768 epernm
1010 2698 1184 2767 parias
1213 2697 1297 2767 pia
1334 2696 1578 2765 germina
1603 2694 1763 2751 calo.

377 2791 438 2847 Si
462 2792 603 2859 quis,
624 2790 720 2855 ait,
751 2799 987 2845 nostram
1015 2786 1364 2856 compleverit
1391 2784 1580 2840 ordine
1615 2785 1785 2853 legem
1806 2828 1822 2851 ,

380 2882 484 2938 llic
507 2881 638 2937 mihi
666 2894 879 2951 semper
900 2882 1006 2936 erit
1033 2879 1221 2942 frater,
1246 2887 1546 2947 materque,
1568 2889 1851 2947 sororque.

378 2972 596 3041 Aspicis
620 2980 678 3027 ut
704 2987 835 3027 sexu
855 2980 1035 3026 careat
1060 2969 1297 3025 caelestis
1324 2969 1521 3037 imago,

379 3060 616 3117 Interior
642 3064 865 3116 sortitus
897 3060 1059 3116 homo
1093 3073 1252 3127 quam
1283 3066 1465 3113 mente
1493 3057 1757 3113 retentat?

377 3152 617 3208 Praebuit
647 3153 950 3221 exemplum
981 3164 1210 3219 surgens
1236 3164 1265 3202 a
1293 3157 1466 3205 morte
1492 3147 1800 3218 redemptor

376 3241 700 3299 Femineum
730 3241 964 3297 maribus
988 3254 1111 3295 cum
1138 3240 1218 3294 sic
1247 3254 1375 3308 prae;
1394 3239 1509 3294 onit
1537 3238 1818 3294 honorem.

378 3334 631 3391 Gustavit
656 3344 921 3405 sumptam
953 3342 1137 3389 nostro
1166 3348 1261 3401 pro
1286 3332 1511 3388 crimine
1539 3342 1790 3396 mortem,

378 3426 445 3482 In
475 3427 650 3482 crucis
674 3425 890 3482 excelso
927 3426 1169 3495 pendens
1195 3423 1313 3479 sine
1341 3423 1569 3480 crimine
1596 3423 1861 3480 Christus.

370 3521 561 3588 Atque
581 3518 837 3581 animam,
870 3517 1019 3573 vivos
1050 3530 1169 3585 qua
1193 3529 1317 3571 mox
1349 3523 1616 3570 remearet
1641 3514 1694 3571 in
1723 3525 1895 3582 artus,

378 3609 550 3664 Fixus
575 3607 751 3665 adhuc
773 3620 961 3665 sancto
988 3608 1152 3663 clavis
1178 3607 1450 3662 efﬂaverat
1471 3622 1586 3662 ore.

378 3699 634 3755 Deseruit
663 3699 841 3769 βορηιί
869 3698 1172 3771 spectacula
1197 3698 1320 3753 talia
1348 3708 1542 3759 cmtus.

374 3788 660 3859 Signaque
688 3788 829 3845 ferre
857 3790 1061 3859 nequit,
1092 3788 1288 3845 emittm
1319 3802 1440 3859 quae
1471 3788 1623 3844 triste
1644 3790 1897 3845 minatur.

373 3876 520 3933 Nam
549 3877 629 3933 sol
653 3878 940 3946 obductus,
965 3879 1275 3948 vultumque
1307 3887 1541 3932 retortus
1567 3878 1635 3931 ab
1655 3879 1806 3947 orbe,

374 3971 638 4025 Cesserat
664 3969 889 4039 injustas
921 3971 1197 4026 nocturnis
1223 3970 1454 4025 luctibus
1482 3968 1663 4033 horas,

371 4062 565 4131 Atque
592 4062 886 4131 peregrinis
911 4062 1112 4118 aditum
1136 4060 1285 4117 dedit
1310 4060 1429 4130 ipse
1456 4061 1715 4128 tenebris,

372 4154 743 4223 Temporibus
768 4170 962 4225 magno
991 4156 1207 4210 mutatis
1233 4154 1422 4209 ordine
1449 4170 1650 4209 rerum.

370 4244 500 4300 Nox
528 4254 645 4300 erat
670 4245 722 4300 in
747 4247 978 4314 superis.
1009 4246 1290 4316 lucemque
1317 4246 1521 4301 inferna
1551 4246 1802 4302 videbant

369 4336 725 4391 Contremuit
754 4335 936 4401 tellus,
967 4344 1021 4392 et
1045 4337 1163 4391 nisu
1195 4338 1389 4393 mmnia
1418 4350 1613 4407 magno

366 4425 675 4480 Concussis
702 4440 914 4481 summo
940 4427 1198 4482 nutabant
1224 4428 1424 4484 vertice
1443 4428 1643 4484 cristis.

368 4517 687 4571 Senserunt
703 4527 904 4571 motum
932 4518 1120 4587 priscis
1141 4517 1470 4574 descendere
1493 4533 1623 4573 saxa

365 4609 543 4665 Jnssa
573 4610 724 4677 locis,
754 4612 1073 4681 sonitusque
1097 4626 1267 4671 novos
1295 4611 1479 4667 collisa
1507 4612 1793 4669 dederunt.

368 4700 495 4754 llos
524 4699 665 4753 inter
691 4701 968 4770 strepitus,
997 4702 1206 4758 cunctis
1236 4701 1582 4773 fugientibus,
1615 4703 1721 4758 illa:

369 4790 718 4856 Decernunt,
741 4803 1044 4861 quanquam
1073 4792 1304 4862 trepido,
1333 4792 1624 4859 persistere
1647 4802 1865 4859 matres,

366 4878 617 4948 Pervigil
641 4887 701 4936 ut
717 4888 906 4935 sancto
937 4880 1014 4937 sic
1043 4884 1227 4935 vivens
1263 4895 1390 4935 cura
1416 4882 1668 4950 sepulcro

362 4974 621 5039 Serviat,
650 4983 707 5029 et
727 4986 851 5030 voto
881 4990 1119 5043 prmsens
1144 4975 1418 5045 persolvat
1442 4975 1722 5031 honorem.

364 5064 609 5135 Pinguia
639 5064 891 5131 fragranti
919 5074 1249 5133 componunt
1278 5064 1407 5119 illita
1435 5081 1617 5130 succo,

361 5157 515 5223 Quae
542 5155 759 5211 salvans
784 5156 989 5210 salvum
1012 5167 1289 5211 servarent
1316 5157 1478 5210 lintea
1508 5172 1723 5225 corpus.

366 5250 477 5305 llis
504 5262 665 5303 amor
688 5250 943 5325 expensis
970 5249 1208 5319 lugubria
1237 5249 1378 5303 dona
1411 5250 1650 5317 parabat,

359 5340 707 5411 Supremum
728 5340 952 5394 credens
978 5348 1148 5394 semet
1177 5340 1483 5407 persolvere
1508 5356 1723 5396 munus.

365 5433 439 5489 Et
468 5446 603 5488 cum
632 5432 711 5486 sic
737 5432 967 5509 breviter
994 5433 1312 5502 przevcncrit
1333 5433 1429 5486 ista
1453 5440 1761 5504 resurgens,

369 5521 545 5593 Quod
578 5518 898 5577 credebamr
923 5522 1243 5576 servandum
1276 5537 1496 5591 poscere
1522 5539 1715 5581 munus

369 5616 503 5685 Quo
531 5628 640 5668 non
666 5611 911 5681 indiguit,
946 5613 1185 5680 placatur
1215 5628 1438 5669 munere
1458 5606 1723 5669 Christus.

366 5710 489 5766 Pro
512 5721 626 5775 quo
648 5704 980 5774 respondens
1008 5704 1293 5760 confestim
1314 5707 1508 5776 gratia,
1537 5718 1754 5772 prastat

364 5805 536 5870 Auge
564 5799 674 5854 icos
705 5807 926 5853 cernant
954 5796 1185 5853 humana
1215 5810 1268 5853 ut
1298 5798 1498 5855 lumina
1525 5799 1719 5853 vultus.

1603 440 1613 452 .
1647 402 2026 460 POEMATUM
2068 401 2269 457 LIBER
2311 401 2404 457 Vl.

1984 522 2026 574 Λ
2060 516 2350 583 Splendida
2379 515 2643 571 candebat
2670 511 2876 569 ccclesti
2909 513 2961 566 in
2990 523 3218 579 corpore
3245 507 3429 571 vestis,

3551 398 3657 454 δτι

2068 611 2128 664 Et
2157 608 2361 662 vultum
2390 606 2582 661 rutilus
2606 612 2942 673 resperserat
2966 602 3202 670 undique
3229 599 3423 668 fulgor,

2066 700 2325 755 Matribus
2349 709 2411 753 ut.
2428 697 2602 766 dignis
2634 695 2857 751 verbum
2884 696 3107 749 cte'este
3136 700 3375 754 sonaret,

2065 792 2302 861 Angelus
2325 790 2626 860 alloquitur
2645 798 2831 844 sancto
2863 801 2996 857 quas
3021 784 3201 841 taliter
3223 797 3339 838 ore.

2067 882 2322 938 Femineo
2351 897 2482 938 sexu
2507 890 2716 937 mentes
2747 880 2970 935 transite
2995 878 3199 944 viriles,

2070 974 2178 1028 Nec
2206 974 2466 1042 trepidate
2496 988 2635 1027 novo
2662 971 2950 1027 fortissima
2980 969 3142 1025 corda
3173 968 3422 1024 tumultu.

2070 1066 2339 1120 Adversus
2367 1065 2482 1119 haec
2508 1064 2657 1134 signa
2689 1072 2899 1135 petunt,
2929 1075 3025 1117 vos
3050 1061 3192 1115 nulla
3216 1060 3438 1116 timendi

2066 1156 2247 1211 Causa
2273 1164 2471 1220 manet,
2501 1170 2634 1225 quas
2654 1169 2784 1210 cura
2824 1154 2895 1224 pii
2929 1152 3213 1208 confirmat
3242 1149 3457 1205 amoris.

2069 1248 2338 1315 Quatritis,
2362 1260 2620 1318 agnosco,
2648 1248 2881 1318 pretiosa
2910 1247 2964 1301 in
2989 1245 3119 1301 sede
3145 1245 3378 1315 sepulcri

2068 1339 2305 1396 Solemni
2330 1354 2501 1410 nuper
2531 1340 2849 1394 tumulatum
2882 1337 3067 1394 funere
3089 1336 3293 1392 Jesum.

2068 1431 2175 1487 Sed
2207 1431 2517 1486 meminisse
2542 1430 2698 1485 decet
2722 1428 2847 1500 quid
2876 1428 3134 1499 praescius
3160 1442 3255 1482 ore
3284 1425 3425 1480 ﬁdeli

2070 1521 2274 1577 Dixerit
2302 1531 2427 1577 ante
2447 1521 2673 1579 obitum.
2701 1521 2899 1591 duplici
2926 1533 3034 1574 non
3065 1517 3294 1588 amplius
3322 1517 3429 1571 ulla

2067 1613 2403 1669 Servandum
2430 1629 2490 1669 se
2518 1623 2698 1677 noete,
2721 1624 2775 1669 et
2797 1614 2907 1683 jam
2928 1612 3040 1683 jam
3070 1614 3261 1668 tertius
3288 1610 3377 1665 hic
3404 1618 3487 1665 est

2069 1705 2169 1771 Qui
2198 1706 2431 1773 complet
2459 1704 2721 1774 promissa
2744 1703 2860 1760 dies
2884 1722 2896 1757 :
2926 1711 3071 1773 patet
3098 1716 3225 1758 ecce
3250 1701 3567 1772 sepulcrum-

1994 1800 2041 1857 κ
2073 1792 2563 1848 Deseruitvacuum
2594 1796 2733 1848 victa
2766 1796 2904 1863 quo!
2938 1803 3110 1848 morte
3140 1806 3449 1862 resurgens.

2145 1882 2351 1937 Taliter
2378 1883 2623 1939 excelsus
2640 1884 2793 1952 jussu
2817 1898 3071 1939 sermone
3098 1882 3365 1946 minister,

2077 1972 2373 2040 Sparsurus
2401 1973 2601 2026 mundo
2629 1972 2811 2027 vitalis
2842 1973 2979 2027 dona
3009 1970 3287 2040 triumphi,

2079 2062 2184 2117 llas
2216 2063 2443 2131 primum
2469 2063 2704 2133 gaudere
2733 2064 2903 2128 dedit,
2936 2066 3183 2133 luctuque
3210 2062 3422 2118 levavit.

2078 2153 2228 2208 Ibant
2249 2154 2529 2223 impavida:
2558 2155 2684 2209 laeto
2700 2154 2811 2223 jam
2840 2166 3057 2225 pectore
3090 2163 3309 2220 matres,

2076 2243 2307 2299 Credula
2335 2253 2609 2315 conceptae
2636 2256 2916 2302 servantes
2942 2246 3103 2301 corda
3134 2246 3316 2313 saluti,

2072 2335 2207 2391 Cum
2238 2336 2475 2392 medium
2503 2351 2626 2393 sese
2654 2335 2901 2392 Christus
2920 2338 3290 2409 gradientibus
3319 2338 3499 2403 offert,

2074 2424 2413 2496 [ignoscique
2429 2425 2605 2494 jubet,
2629 2426 2826 2482 blando
2849 2436 2905 2483 et
2932 2442 3183 2484 sermone
3210 2429 3428 2483 salutat.

2075 2515 2172 2579 lle,
2204 2514 2301 2579 ait,
2328 2522 2381 2568 et
2407 2516 2608 2570 nostris
2647 2514 2764 2571 hac
2789 2516 2899 2584 jam
2914 2515 3174 2571 mandata
3206 2516 3409 2573 referte

2084 2604 2379 2673 Discipulis,
2406 2605 2590 2660 norint
2622 2613 2679 2660 ut
2708 2607 3023 2661 surrexisse
3049 2607 3388 2677 magistrum.

2087 2694 2186 2749 illa:
2206 2695 2502 2765 complexis
2525 2695 2762 2766 deligunt
2787 2698 2972 2753 oscula
2994 2698 3212 2767 plantis,

2085 2790 2253 2858 Atque
2277 2788 2345 2844 ad
2376 2789 2671 2859 discipulos
2693 2790 2857 2846 alacri
2886 2805 3009 2847 cum
3049 2799 3233 2846 mente
3252 2801 3559 2853 recurrunt,

2083 2877 2442 2949 Doctoresque
2463 2879 2679 2946 docent,
2711 2888 2769 2935 et
2786 2896 2907 2950 qum
2932 2881 3230 2951 spargenda
3253 2896 3350 2951 per
3374 2882 3562 2938 orbem

2077 2968 2313 3023 Primum
2344 2968 2596 3026 femineis
2625 2972 2874 3027 instructi
2903 2971 3115 3027 discere
3140 2972 3346 3041 verbis,

1996 3097 2042 3156 ε
2077 3058 2390 3156 Agnoscunt
2421 3060 2652 3115 animam
2680 3060 2857 3130 potius
2886 3076 3046 3131 quam
3070 3061 3254 3117 vivere
3277 3077 3490 3118 sexum.

2146 3148 2458 3204 Communis
2489 3153 2660 3206 virtus
2686 3152 2865 3223 igitur,
2893 3168 3180 3209 commune
3207 3155 3466 3223 periclum

2076 3238 2333 3295 Matribus
2360 3250 2522 3310 atque
2546 3242 2707 3308 viris;
2738 3243 2880 3301 nulla
2911 3254 2996 3299 est
3022 3243 3276 3299 distantia
3305 3245 3526 3301 cordis:

2077 3332 2299 3388 Rectum
2329 3333 2464 3389 velle
2492 3334 2700 3404 subest,
2727 3336 2773 3391 si
2798 3338 2968 3405 gratia
2991 3345 3204 3392 constat
3226 3339 3487 3408 utrisque,

2074 3424 2172 3480 Cui
2202 3434 2381 3481 tamen
2410 3436 2619 3482 attento
2651 3427 2882 3483 desudet
2906 3429 3013 3484 vita
3044 3429 3247 3485 labore.

2076 3518 2184 3573 Aut
2209 3518 2338 3587 quid
2368 3518 2509 3574 dona
2532 3519 2722 3589 juvant
2749 3519 3044 3590 hominem,
3074 3523 3118 3576 si
3147 3530 3331 3578 mente
3350 3522 3523 3579 soluta

2076 3607 2272 3677 Turpia
2303 3609 2557 3665 collatum
2588 3610 2909 3682 disperdant
2935 3614 3041 3667 otia
3074 3613 3307 3666 munus?

2077 3698 2347 3755 Auxilium
2377 3711 2600 3757 conatus
2621 3710 2767 3757 amat
2795 3720 2810 3756 :
2838 3702 2957 3773 quis
2978 3717 3210 3773 namque
3230 3713 3510 3759 vacantem

2075 3790 2326 3859 Adjuvet.
2350 3803 2443 3847 aut
2470 3803 2666 3848 somno
2690 3794 2939 3849 virtutem
2965 3792 3156 3862 jungat
3186 3793 3390 3848 inerti?

2146 3881 2396 3939 Caelestis
2417 3898 2509 3938 rex
2538 3881 2649 3947 ille,
2683 3898 2878 3950 parans
2903 3882 3188 3939 discedere
3214 3883 3392 3946 terris,

2082 3974 2373 4045 Argentum
2400 3972 2638 4039 famulis,
2666 3980 2728 4027 ut
2750 3972 2874 4041 quis
2897 3973 3094 4027 virtute
3123 3972 3357 4034 valebat,

2080 4063 2326 4133 Quinque
2356 4062 2528 4118 minas
2552 4062 2747 4131 primo,
2777 4060 3047 4130 duplicem
3077 4060 3169 4115 dat
3197 4070 3345 4116 sorte
3375 4061 3636 4119 secundo.

2080 4158 2257 4225 Atque
2282 4155 2456 4226 impar
2482 4155 2689 4225 magnis
2714 4155 2955 4222 suscepit
2986 4154 3178 4209 tertius
3202 4168 3387 4211 unam.

2079 4248 2230 4304 Tunc
2252 4249 2331 4304 sic
2356 4247 2642 4303 discedens
2671 4246 2900 4301 fanmlos
2928 4246 3089 4301 simul
3111 4246 3327 4301 instruit
3355 4260 3564 4303 omnes.

2080 4339 2233 4395 Nunc
2252 4339 2298 4394 si
2319 4338 2440 4408 quis
2468 4349 2706 4393 vestrum
2728 4336 2918 4392 devota
2941 4345 3124 4392 mente
3154 4334 3329 4391 ﬁdelis

2076 4428 2333 4500 Experiar
2361 4428 2543 4495 fuerit,
2573 4437 2784 4498 quaestu
2811 4427 3115 4484 noscendas
3134 4428 3203 4482 ab
3233 4427 3339 4483 isto

2076 4523 2192 4590 Qua
2218 4522 2338 4592 quis
2366 4521 2437 4577 sit
2467 4520 2662 4577 virtute
2689 4532 2904 4593 potens,
2935 4535 3043 4592 qua
3074 4520 3331 4585 pra-ditus
3356 4527 3498 4577 arte.

2077 4610 2383 4665 Thesauros
2409 4610 2681 4681 geminato
2709 4624 2882 4675 meos,
2911 4624 3117 4679 usuque
3140 4610 3327 4679 polite,

2079 4700 2263 4756 Livida
2294 4716 2362 4757 ne
2388 4700 2556 4756 facies
2583 4701 2724 4771 pulla
2750 4699 3001 4771 rubigine
3024 4700 3197 4768 tingat

2081 4792 2338 4862 Accipitis
2364 4793 2593 4849 nitidum
2627 4808 2759 4860 pura
2789 4792 2933 4864 quod
2962 4792 3139 4849 fronte
3166 4792 3465 4850 metallum.

2085 4884 2141 4940 St
2171 4883 2410 4950 redeam,
2434 4883 2642 4941 meritis
2664 4885 2932 4940 addentur
2964 4884 3181 4954 prmmia
3200 4885 3360 4953 justis

2000 4388 2052 4448 D

2088 4976 2251 5043 Dixit,
2280 4986 2337 5031 et
2364 4978 2618 5033 abscessu
2646 4979 2885 5033 coelestia
2916 4992 3080 5047 regna
3111 4976 3323 5046 petivit.

2085 5066 2378 5123 Incubuere
2400 5068 2509 5122 duo
2537 5068 2697 5123 studii
2727 5069 3023 5124 certamine
3047 5082 3249 5123 vernat.

2090 5157 2321 5214 lt‘enerat
2342 5159 2431 5213 ille
2460 5158 2596 5213 citus
2626 5169 2834 5228 partem
2865 5158 3200 5229 splendentis
3229 5158 3431 5225 acervi,

2090 5249 2422 5320 Pauperibus
2451 5250 2598 5318 largo
2620 5249 2943 5319 dispensans
2970 5252 3200 5319 plurima
3231 5248 3394 5313 dono,

2089 5339 2297 5397 Crescit
2324 5350 2378 5396 et
2406 5340 2458 5395 in
2480 5340 2725 5395 cumulos
2752 5340 3008 5410 quidquid
3032 5339 3307 5396 confertur
3334 5341 3543 5413 egenis.

2091 5431 2380 5501 Exponens
2405 5432 2542 5485 alter
2562 5432 2701 5486 sacri
2723 5431 2980 5501 mysteria
3010 5432 3183 5496 verbi,

2094 5524 2294 5581 Usuras
2322 5532 2511 5577 sancto
2536 5522 2732 5593 gaudet
2758 5537 3111 5578 concrescere
3137 5524 3309 5590 lucro,

2092 5615 2160 5671 Et
2183 5614 2406 5683 cupidus
2435 5615 2567 5669 recti
2596 5616 2759 5669 vitam
2790 5615 2915 5669 dum
2939 5615 3199 5684 praedicat
3223 5616 3393 5673 addit.

2094 5712 2161 5761 At
2183 5707 2331 5761 solus
2360 5704 2584 5759 minimo
2606 5708 2835 5775 sumpsit
2860 5706 2949 5776 qui
2976 5705 3215 5775 pondere
3246 5706 3453 5770 librant,

2098 5797 2333 5853 Defossis
2361 5797 2643 5854 scrobbus
2683 5801 2953 5871 marsupia
2981 5814 3156 5856 mersa
3190 5796 3406 5867 locavit,
