4316 6412
882 389 984 442 3'75
2135 390 2190 446 S.
2234 391 2416 448 AViTl
2463 392 2857 455 VIENNENSIS
3985 407 4091 462 376

880 498 1240 568 Degenerique
1268 498 1436 553 ﬂuens
1463 499 1619 569 elegit
1649 502 1824 556 vivere
1852 502 1997 556 luxu.

881 589 984 642 Sed
1010 589 1175 658 judex
1210 590 1421 645 tandem
1450 591 1596 644 finito
1626 601 1862 661 tempore
1892 595 2075 648 mundi

884 676 1213 747 Regreditur,
1246 679 1500 748 cujusque
1525 694 1724 733 moram
1748 682 2082 750 despexerat,
2115 698 2308 740 excors

879 768 1184 823 Contemnit
1211 785 1394 835 servus
1419 770 1672 830 reditum;
1703 779 1828 825 tunc
1855 774 2100 830 omnibus
2130 775 2220 829 ille

883 863 950 914 IJt
975 861 1200 939 doceant
1226 863 1427 914 ratione
1451 862 1621 930 jubet,
1647 873 1807 933 ‘quem
1833 875 2070 934 tempore
2101 874 2251 922 tanto

885 953 1125 1008 Poscenti
1154 952 1376 1007 reddant
1402 963 1619 1020 operata
1651 958 1856 1025 negotia
1889 957 2136 1011 fructum.

882 1047 1170 1110 Argentum
1198 1040 1390 1111 gemini
1415 1043 1680 1110 geminata
1705 1046 1842 1099 mole
1869 1045 2093 1100 ministri

882 1133 1156 1195 Promunt,
1185 1141 1239 1188 et
1265 1133 1385 1186 laeto
1414 1134 1655 1189 referunt
1682 1138 2001 1192 commercia
2031 1137 2202 1190 vultu.

880 1222 1090 1276 Tertius
1117 1223 1204 1277 ille
1231 1224 1379 1291 piger
1405 1223 1712 1278 dracjimam
1742 1225 1932 1281 tellure
1960 1227 2209 1282 latentem

880 1313 1102 1380 Promit,
1134 1330 1253 1382 quae
1275 1314 1443 1382 juncti
1473 1321 1694 1370 sorbens
1722 1317 1966 1385 contagia
1993 1318 2132 1373 cteni

879 1405 1178 1460 Perdiderit
1207 1408 1449 1474 proprios
1481 1408 1680 1462 incluso
1703 1408 1903 1464 lumine
1935 1410 2130 1464 vultus.

879 1496 1031 1550 Illum
1064 1496 1285 1551 terribili
1312 1497 1556 1552 dominus
1579 1507 1702 1553 ttae
1727 1499 1968 1568 increpat
2003 1517 2133 1555 ore:

881 1585 1117 1640 Tantane
1147 1596 1198 1640 te
1221 1588 1385 1641 nostri
1418 1599 1633 1645 tenuere
1659 1589 1851 1645 oblivia
1874 1607 2112 1661 segnem,

881 1675 1044 1730 Serve
1070 1676 1237 1745 piger,
1271 1677 1576 1746 red'tusque
1601 1681 1703 1734 mei
1733 1680 1812 1735 sic
1841 1697 1963 1736 cura
1993 1681 2220 1750 refugit?

879 1766 1202 1839 Argentum,
1223 1767 1383 1822 nitida
1413 1769 1553 1839 quod
1583 1785 1772 1838 purum
1803 1772 1920 1828 luce
1950 1773 2135 1836 tulisti,

2481 508 2522 565 Α
2553 504 2900 577 Describeus,
2933 507 3125 563 mentis
3153 510 3324 563 varias
3352 524 3473 564 cum
3495 525 3719 580 corpore
3744 530 3948 586 pugnas

2551 599 2804 657 Prudenti
2831 601 3096 671 quondam
3119 603 3316 657 cecinit
3347 604 3665 659 Prudentius
3687 623 3805 662 ore.

2550 694 2786 763 Namque
2816 695 2884 748 ibi
2907 694 3179 758 bellatrix,
3205 705 3258 749 et
3285 697 3440 762 pieno
3467 697 3657 750 robore
3685 699 3890 765 pollrns

2551 785 2837 854 Virginitas
2865 787 3267 854 armataqvenit;
3302 795 3457 855 quam
3493 789 3628 842 foeda
3655 787 3820 844 libido

2550 876 2784 943 Appetit.
2819 885 2869 928 et
2895 889 3050 929 casso
3081 884 3237 930 vocat
3265 876 3317 930 in
3347 879 3634 932 certamina
3675 879 3816 934 nisu.

2549 965 2635 1017 Sic
2665 964 2992 1019 bellatricem
3019 973 3070 1019 te
3099 966 3294 1020 sentiat
3319 969 3539 1022 a'mulus
3561 971 3767 1040 anguis,

2549 1054 2786 1123 Cumque
2811 1055 3073 1110 lacessitos
3095 1057 3388 1112 concedent
3413 1059 3595 1128 praelia
3626 1061 3874 1129 palmam,

2551 1142 2691 1197 Laeta
2725 1143 2859 1197 feras
2883 1157 3150 1198 summum
3178 1139 3379 1200 calcato
3408 1161 3470 1201 ex
3507 1149 3660 1204 hoste
3683 1158 3960 1218 troptcum.

2621 1231 2750 1284 Nam
2781 1231 3029 1300 quidquid
3061 1247 3228 1287 sacrae
3248 1234 3426 1288 divina
3457 1237 3724 1291 volumina
3752 1239 3883 1308 legis

2553 1320 2773 1388 Eioquio
2802 1335 3065 1390 sensuque
3088 1322 3300 1385 docent.
3333 1323 3473 1392 quod
3499 1325 3748 1392 praedicat
3773 1327 3887 1396 ipse

2549 1412 2810 1478 Antiquus
2841 1413 3020 1467 mttndi
3045 1415 3306 1479 replicans
3331 1416 3547 1470 exordia
3575 1424 3744 1482 vates,

2550 1500 2670 1555 Sive
2697 1503 2785 1556 ille
2826 1503 3071 1556 historias
3112 1511 3280 1567 texat,
3311 1518 3406 1557 seu
3431 1505 3567 1560 forte
3598 1507 3812 1575 figuras,

2549 1593 2697 1657 Quod
2721 1593 2929 1646 diversa
2959 1603 3101 1647 retro
3130 1593 3416 1648 multorum
3449 1603 3688 1662 tempora
3721 1609 3905 1664 regum

2555 1683 2677 1735 Post
2707 1683 2846 1735 Ruth
2876 1683 3129 1738 succiduo
3158 1695 3434 1752 gesserunt
3461 1687 3651 1740 ordine
3683 1701 3926 1753 magnum

2556 1770 2647 1825 Vel
2677 1787 2809 1840 quos
2841 1781 2960 1839 post
2989 1775 3271 1841 reprobum
3320 1774 3566 1829 Davidica
3601 1790 3758 1844 regna
3791 1775 4013 1829 Sanlem

879 1855 961 1909 En
987 1864 1176 1911 tetrum
1205 1873 1555 1929 pressumque
1580 1861 1768 1918 refers.
1794 1862 1924 1918 Nam
1945 1865 2153 1933 cognita
2179 1863 2442 1934 quondam
2475 1847 2521 1907 Β
2549 1863 2653 1915 Ter
2682 1863 3052 1931 quinquageno
3082 1865 3414 1932 scripserunt
3453 1865 3687 1918 carmine
3718 1865 3949 1933 psalmos

879 1945 1118 2012 Delituit,
1150 1962 1249 2002 nec
1279 1950 1627 2018 respondens,
1647 1962 1702 2006 ut
1729 1967 1869 2021 saepe
1889 1955 2112 2016 solebat,

879 2034 1071 2092 Forma
1101 2040 1248 2102 mihi.
1279 2042 1558 2112 vultusque
1579 2045 1682 2098 mei
1711 2059 1815 2099 non
1848 2057 1997 2114 paret
2023 2047 2197 2116 imago

882 2126 1159 2195 Assiguata
1186 2129 1304 2193 tibi;
1339 2131 1432 2185 sed
1457 2133 1500 2186 si
1529 2132 1793 2188 ferrentur
1819 2137 1883 2190 ad
1917 2151 2062 2201 usus,

880 2219 1177 2289 Altarisqde
1204 2223 1306 2277 mei
1339 2224 1636 2293 tetigissent
1659 2227 1860 2282 credita
1881 2243 2138 2295 mensam,

881 2312 1159 2368 Cresceret
1181 2315 1463 2386 inscriptus
1489 2327 1674 2374 nostro
1700 2321 1765 2375 de
1793 2322 2014 2377 nomine.
2037 2337 2304 2377 nummus.

880 2404 1032 2459 Nunc
1063 2407 1218 2474 igitur
1244 2407 1426 2463 famuli
1467 2426 1559 2465 vos
1585 2421 1749 2466 totum
1783 2413 1916 2468 ferte
1944 2415 2151 2479 fideles,

877 2492 1054 2548 Addat
1083 2505 1140 2548 ut
1169 2497 1386 2553 utilibus
1413 2513 1530 2554 sors
1557 2501 1760 2569 ultima,
1794 2504 1942 2557 tollat
1970 2504 2150 2558 inerti.

881 2583 1157 2650 improbus
1185 2587 1234 2639 in
1268 2588 1448 2655 paucis
1471 2590 1554 2643 hic
1577 2591 1769 2659 dignus
1794 2607 1900 2646 non
1923 2595 2024 2648 erit
2044 2595 2162 2648 ullis
2187 2611 2200 2648 :

880 2672 1116 2743 Quisque
1141 2678 1465 2732 voluntatem
1496 2694 1723 2735 noscens
1744 2685 2037 2738 contemnit
2062 2685 2303 2748 herilem,

879 2763 1111 2818 Caeditur
1146 2765 1230 2820 hic
1260 2767 1459 2830 multis,
1493 2771 1673 2835 paucis
1698 2772 1784 2838 qui
1818 2773 2023 2827 nescies
2053 2783 2218 2839 errat,

883 2855 1023 2923 Ergo
1042 2869 1159 2925 age,
1191 2857 1475 2912 succinctis
1505 2858 1572 2912 ad
1599 2859 1752 2915 fortia
1780 2863 1960 2930 prelia
1993 2862 2186 2919 lumbis

879 2947 1096 3000 Armata
1125 2961 1243 3001 cum
1271 2959 1450 3004 mente
1475 2950 1616 3015 veni,
1649 2965 1750 3006 nec
1778 2952 1972 3007 femina
2003 2953 2198 3008 bellum

879 3037 1163 3094 Formides
1181 3041 1322 3108 quod
1350 3055 1500 3096 mens
1530 3044 1730 3112 peragit
1755 3060 1769 3097 :
1800 3059 1920 3100 nam
1947 3046 2115 3115 gloria
2140 3047 2339 3102 dudum

882 3126 1054 3184 Sexus
1074 3129 1172 3183 ista
1197 3132 1271 3184 tui
1297 3143 1417 3187 nota
1448 3141 1530 3186 est
1557 3133 1654 3188 tibi
1679 3148 1822 3204 saepe
1847 3135 2094 3204 legendo.

881 3217 990 3273 Nec
1012 3219 1222 3272 dubiam
1258 3230 1308 3275 te
1332 3235 1491 3276 nosse
1519 3236 1663 3288 reor,
1693 3238 1814 3277 cum
1844 3223 2048 3280 Debora
2075 3225 2341 3294 quondam

883 3311 1111 3367 Duceret
1138 3311 1424 3367 instructas
1446 3323 1562 3381 post
1594 3313 1749 3370 fortia
1770 3315 1990 3371 classica
2022 3325 2242 3386 turmas,

880 3402 944 3455 Et
966 3402 1158 3456 mulier
1178 3411 1390 3472 sumpto
1416 3403 1742 3472 praecederet
1761 3405 1969 3476 agmina
1994 3408 2169 3477 signo,

878 3490 1124 3546 Mirantes
1155 3492 1359 3546 hortata
1386 3493 1547 3558 viros,
1577 3507 1711 3563 quos
1736 3493 1848 3562 ipsa
1878 3495 2095 3561 ducatu,

883 3580 1139 3649 Exemplo
1166 3582 1431 3651 verboque
1459 3586 1680 3638 monens
1705 3586 1950 3639 accendit
1969 3585 2022 3639 in
2049 3587 2277 3640 hostem.

881 3672 986 3726 Sed
1019 3681 1298 3740 postquam
1324 3673 1524 3730 ducens
1553 3672 1799 3743 princeps
1826 3675 2064 3728 animosa
2102 3683 2341 3730 catervas

811 3755 814 3757 λ
881 3761 1092 3831 Impulit
1118 3761 1417 3816 accendens
1443 3772 1679 3832 vegetata
1709 3764 1980 3820 furoribus
2000 3780 2168 3830 arma,

882 3854 1178 3908 Barbariem
1206 3855 1450 3909 cecidere
1475 3855 1694 3923 manus;
1722 3855 2026 3912 dissolvitur
2045 3858 2220 3913 omnis

882 3947 1099 4003 Hostilis
1127 3948 1311 4013 virtus,
1343 3959 1397 4005 et
1416 3965 1516 4018 qua
1545 3963 1604 4004 se
1634 3950 1828 4005 femina
1861 3951 2139 4016 monstrat,

883 4040 1128 4094 Palantes
1159 4040 1286 4093 dant
1309 4049 1452 4108 terga
1480 4041 1599 4106 viri,
1623 4041 1987 4112 latebramque
2013 4053 2254 4110 petentes

883 4130 938 4184 Si
968 4130 1166 4194 vivant,
1199 4128 1391 4184 vicisse
1418 4139 1622 4198 putant.
1644 4131 1796 4186 Tunc
1823 4133 2087 4186 maximus
2114 4134 2246 4201 ipse,

883 4222 1071 4276 Forma
1103 4223 1378 4290 gigantzeaa
1400 4222 1576 4287 junxit
1602 4238 1757 4288 quem
1785 4237 2010 4293 corpore
2033 4224 2209 4285 mulis.

883 4315 1304 4380 ltnmensamque
1335 4313 1520 4365 levans
1543 4311 1790 4379 produxit
1814 4314 2022 4367 verticis
2046 4327 2244 4376 arcem.

883 4401 991 4457 Rex
1022 4402 1194 4456 Sisara
1224 4403 1417 4471 fugam,
1449 4403 1672 4456 telorum
1704 4403 1843 4458 fasce
1863 4403 2060 4473 reiecto

883 4493 1222 4549 incomitatus
1245 4496 1371 4563 agit,
1405 4501 1646 4550 metuens
1671 4496 1894 4550 sublime
1923 4498 2092 4552 notari

884 4584 1110 4654 Corpus,
1140 4592 1195 4640 et
1221 4585 1430 4639 excelsa
1461 4586 1731 4655 fugitivum
1761 4587 1988 4654 prodere
2016 4589 2204 4641 massa.

884 4672 991 4728 Sed
1025 4681 1301 4742 postquam
1327 4674 1542 4728 latuisse
1570 4685 1776 4743 putans,
1805 4684 2051 4745 tectoque
2078 4684 2340 4746 receptus,

885 4763 1056 4818 Mollia
1088 4765 1346 4832 perpetuo
1369 4764 1569 4818 dimisit
1595 4765 1792 4820 lumina
1815 4780 2025 4831 somno,

886 4852 1038 4907 Hunc
1061 4853 1219 4908 etiam
1247 4855 1434 4908 sternit
1465 4854 1672 4919 mulier,
1705 4864 1952 4926 terraque
1972 4856 2170 4925 iacenti

885 4944 1102 5000 Malleus
1130 4944 1290 4999 infixo
1321 4947 1599 5001 transfodit
1627 4957 1864 5016 tempora
1893 4949 2064 5003 clavo.

885 5037 1168 5093 Femineus
1189 5037 1266 5090 sic
1291 5037 1379 5090 ille
1404 5037 1497 5090 fuit
1521 5053 1613 5105 per
1635 5049 1821 5094 cuneta
1849 5039 2166 5107 triumphus.

885 5131 954 5182 At
986 5137 1063 5193 tu,
1095 5127 1243 5196 virgo
1273 5127 1386 5192 Dei,
1420 5129 1616 5182 Sanctis
1644 5145 1801 5198 quam
1826 5131 2064 5185 moribus
2085 5141 2276 5184 ornant

889 5223 1022 5276 llinc
1045 5221 1232 5292 pudor,
1258 5222 1379 5275 inde
1405 5222 1552 5287 fides,
1587 5223 1808 5278 internis
1837 5224 2025 5278 fortior
2055 5227 2218 5278 armis

889 5313 1028 5370 Bella
1058 5316 1220 5383 geris,
1247 5316 1402 5384 justis
1423 5331 1593 5369 saevus
1615 5329 1732 5385 quze
1754 5328 2053 5372 commovet
2083 5318 2251 5372 hostis

887 5405 1021 5474 Spes
1050 5407 1139 5460 tibi
1168 5407 1270 5460 fida
1304 5409 1435 5462 foret
1462 5406 1586 5461 felix
1609 5407 1662 5461 in
1688 5409 1884 5463 vertice
1911 5409 2098 5472 cassis,

889 5497 1164 5550 Contineat
1200 5497 1408 5550 lumbus
1435 5498 1648 5565 pretiosi
1683 5514 1814 5552 zona
1844 5497 2084 5567 pudoris,

893 5589 1115 5642 Justitire
1142 5589 1305 5642 lorica
1336 5600 1451 5642 tuos
1480 5590 1807 5658 constringat
1833 5590 2080 5653 amictus,

892 5677 996 5732 Pro
1026 5679 1198 5746 gladio
1226 5679 1444 5732 verbum
1467 5692 1680 5746 semper
1705 5688 1912 5732 tueatur
1939 5687 2176 5732 acutum.

897 5769 1001 5823 llas
1031 5770 1235 5822 virtutis
1262 5785 1410 5838 opes,
1445 5770 1559 5823 haec
1584 5770 1661 5824 sic
1689 5770 1874 5824 solatia
1908 5771 2031 5826 belli

2551 1952 2809 2006 Ρδίὶῐὶους
2839 1952 3093 2021 quidquid
3125 1953 3226 2007 lati
3259 1955 3398 2009 inter
3422 1965 3629 2021 sceptra
3660 1955 3911 2010 Salomon

2551 2042 2845 2096 Obscurum
2870 2056 3029 2096 sensu
3059 2057 3168 2109 per“
3182 2043 3325 2097 clara
3363 2043 3640 2112 proverbia
3669 2044 3798 2096 dixit
3823 2060 3836 2095 :

2550 2131 2806 2199 Quodque
2829 2133 2908 2186 bis
2927 2133 3106 2187 octoni
3141 2143 3261 2202 post
3285 2149 3344 2189 se
3363 2133 3540 2188 videre
3572 2134 3860 2201 prOphetae,

2551 2225 2702 2291 Quod
2730 2225 2966 2278 clausum
2998 2224 3100 2279 Job
3121 2227 3268 2284 mitis
3290 2225 3364 2279 ait
3393 2239 3514 2279 cum
3545 2225 3763 2279 vulnere
3784 2233 3988 2292 aperto.

2557 2316 2748 2372 Esther
2778 2317 2900 2385 quid
2930 2330 3246 2385 memorem,
3278 2325 3331 2372 et
3362 2325 3521 2372 castte
3544 2316 3813 2371 mendacia
3843 2315 4052 2379 .ludith,

2553 2409 2734 2461 Urnali
2759 2422 2876 2459 cum
2917 2404 3103 2461 fraude
3130 2417 3336 2475 satraps
3365 2409 3676 2462 accenditur
3699 2409 3826 2471 oris,

2551 2498 2681 2551 Cum
2714 2507 2853 2550 meat
2883 2496 3111 2551 illudens
3139 2499 3426 2552 obscenum
3461 2498 3651 2552 femina
3675 2498 3867 2550 lectum
3888 2536 3903 2560 ,

2555 2588 2884 2656 Desectoque
2913 2586 3052 2641 feros
3069 2588 3361 2656 compescit
3384 2587 3583 2642 vertice
3603 2586 3786 2639 visus?

2551 2681 2702 2746 Quod
2730 2682 2918 2735 melius
2942 2695 3168 2736 cernens
3197 2690 3396 2735 caecato
3425 2681 3474 2734 in
3501 2695 3726 2749 corpore
3751 2679 3907 2745 Tobi,

2550 2773 2678 2840 Qua:
2717 2784 2919 2828 secreta
2944 2774 3129 2829 videns
3156 2775 3465 2845 perscripsit
3493 2775 3738 2828 conditor
3763 2773 3978 2828 Esdras.

2549 2864 2812 2932 Quidquid
2840 2875 2961 2936 post
2989 2867 3220 2936 priscam
3251 2867 3544 2920 succedens
3570 2867 3737 2935 gratia
3770 2866 3939 2936 legem

2550 2953 2779 3022 intonat,
2804 2965 2965 3025 atque
2985 2955 3117 3010 Novi
3141 2956 3395 3010 miracula
3416 2956 3746 3011 Testamenti

2552 3045 2683 3099 Hinc
2715 3034 2947 3102 hominis
2971 3049 3165 3102 clamat
3192 3048 3375 3113 facies,
3406 3063 3500 3103 vos
3522 3048 3644 3102 inde
3675 3047 3876 3116 leonis,

2553 3135 2622 3189 Et
2648 3138 2836 3206 pernix
2862 3137 3057 3206 aquila,
3079 3145 3137 3191 et
3161 3136 3315 3192 fortis
3341 3137 3642 3192 certamine
3672 3147 3874 3189 taurus.

2476 3198 2523 3260 Ο
2556 3198 2681 3281 Inde
2703 3236 2889 3297 quater
2912 3198 3054 3282 terni
3089 3229 3235 3297 puris
3265 3227 3405 3296 quod
3438 3226 3703 3282 mentibus
3727 3225 3846 3294 agni

2552 3319 2783 3388 Egerunt
2810 3327 2920 3373 toto
2941 3328 3258 3388 spargentes
3289 3319 3493 3373 semina
3517 3316 3737 3372 mundo.

2549 3409 2639 3463 Bis
2662 3421 2882 3478 septena
2910 3408 2980 3479 pii
3010 3399 3150 3486 quod
3185 3408 3386 3477 spargit
3407 3408 3633 3476 epistola
3665 3406 3832 3470 Pauli,

2548 3500 2707 3567 Quod
2743 3500 2932 3555 Petrus
2954 3499 3290 3568 Jacobusque
3319 3499 3535 3564 docent,
3557 3499 3697 3568 quod
3723 3497 3905 3566 ludas,
3937 3508 3985 3553 et
4013 3499 4131 3569 ipse

2549 3591 2651 3658 Qui
2671 3599 2954 3657 conspecta
2983 3590 3149 3644 refert
3176 3589 3296 3644 cadi
3318 3600 3521 3644 secreta
3553 3588 3804 3644 Joannes.

2551 3681 2690 3748 Quin
2717 3689 2771 3734 et
2797 3680 3018 3735 veridici
3048 3693 3164 3749 qua:
3193 3679 3763 3747 plurimatractato‘res

2551 3770 2858 3838 Exposnere
2885 3768 2995 3823 suis
3022 3771 3276 3838 mysteria
3300 3769 3455 3838 digna
3484 3768 3679 3824 libellis
3699 3811 3713 3827 .

2550 3859 2678 3914 Haec
2707 3867 2759 3914 tu
2789 3867 2980 3914 cuncta
3013 3868 3199 3913 tenens
3220 3859 3401 3913 animo
3429 3855 3870 3914 sititane-bibisti.

2549 3948 2657 4004 Nec
2684 3949 2728 4003 si
2757 3949 2882 4019 quid
2909 3962 3118 4002 sacrum
3147 3951 3314 4003 nostri
3341 3951 3587 4002 cecinere
3617 3957 3790 4016 poeta

2549 4041 2626 4096 Te
2654 4042 2803 4106 latet,
2833 4042 3147 4110 agnostique
3173 4041 3378 4109 legens,
3410 4048 3464 4094 et
3493 4039 3710 4095 condita
3739 4049 3946 4106 servas,

2551 4133 2722 4201 Atque
2748 4132 2919 4185 aliena
2947 4139 3038 4185 tuo
3063 4131 3407 4186 commendas
3425 4131 3659 4185 carmina
3684 4124 3869 4195 cantu,

2552 4225 2686 4291 Quid
2719 4231 2887 4278 totum
2918 4222 3212 4292 replicem?
3233 4220 3312 4275 Tu
3340 4221 3586 4277 sensibus
3610 4232 3760 4280 utere
3788 4215 3995 4298 diaetis,

2555 4319 2619 4372 Et
2638 4333 2754 4388 quas
2776 4325 2899 4371 nota
2927 4316 3045 4382 tibi,
3071 4315 3152 4368 vel
3173 4329 3293 4384 qum
3322 4310 3574 4386 percursa
3606 4311 3832 4380 legendo
3849 4315 3872 4376 ,'

2551 4411 2631 4466 Ad
2654 4411 2867 4465 virtutis
2883 4424 3018 4479 opus
3047 4407 3225 4463 studio
3242 4413 3495 4462 converte
3526 4403 3685 4457 virili.

2554 4504 2682 4558 Nam
2713 4503 2810 4558 nisi
2839 4500 3096 4557 doctrina:
3124 4499 3379 4568 jungatur
3409 4496 3514 4549 vita
3550 4493 3720 4548 fidelis
3748 4533 3766 4560 ,

2553 4595 2779 4667 Agnosci
2808 4593 3023 4664 gravius
3048 4606 3153 4648 nou
3185 4587 3522 4644 observanda
3554 4585 3785 4639 nocebit.

2623 4688 2825 4744 Esuriit
2851 4692 3134 4756 postquam
3159 4682 3441 4744 Dominus,
3477 4694 3597 4735 cum
3612 4672 3759 4734 forte
3785 4677 3948 4732 vianti

2550 4780 2891 4849 ConSpicitnr
2916 4776 3106 4832 diffusa
3153 4776 3255 4830 levi
3293 4773 3515 4828 ﬁculnea
3547 4771 3767 4834 fronde,

2550 4873 2659 4928 Nec
2684 4873 2793 4941 jam
2824 4880 3090 4925 maturum
3126 4866 3376 4936 praadicta
3407 4879 3473 4918 ex
3505 4863 3696 4917 arbore
3717 4859 3947 4914 fructum

2552 4966 2784 5032 Carpere
2815 4974 3023 5030 tempus
3044 4970 3180 5023 erat,
3211 4974 3367 5028 quam
3399 4973 3518 5011 mox
3551 4965 3609 5009 nt
3635 4952 3872 5023 repperit
3893 4952 3984 5008 ille

2559 5055 2795 5109 indutam
2822 5062 3024 5108 tantum
3053 5050 3214 5116 foliis,
3245 5050 3338 5104 sed
3365 5049 3601 5117 germine
3632 5046 3843 5107 nudam,
3902 5061 3904 5063 '

2561 5145 2784 5199 Prorsus
2814 5145 2968 5196 inane
2993 5143 3168 5195 virens
3197 5149 3414 5194 ornatus
3444 5139 3643 5193 inutilis
3667 5138 3879 5200 horret;

2562 5233 2861 5290 Perculitur
2891 5233 3064 5287 subito
3095 5232 3245 5286 radix
3269 5231 3440 5284 amata
3464 5230 3668 5295 calore,

2562 5326 2717 5379 Aruit
2735 5335 2790 5379 et
2817 5325 2986 5392 posito
3015 5337 3285 5377 "ramorum
3313 5323 3548 5390 tegmine
3575 5330 3812 5375 truncus.

2563 5415 2877 5470 lnstruimur
2901 5414 2991 5468 tali
3020 5416 3190 5484 legem
3219 5427 3540 5481 cognoscere
3565 5413 3740 5480 signo,

2564 5505 2639 5560 Ne
2664 5505 2860 5559 Christi
2889 5505 3103 5572 famulo,
3133 5503 3248 5556 solo
3275 5517 3518 5559 sermoite
3551 5501 3732 5556 fatenti
3752 5543 3766 5564 ,

2563 5595 2787 5650 Nomine
2810 5594 3055 5650 confesso
3085 5595 3269 5648 vivens
3296 5594 3532 5662 Operatio
3549 5593 3706 5647 desit.

2564 5686 2694 5740 Nam
2722 5685 2767 5739 si
2797 5683 3144 5740 Christicolas
3171 5692 3381 5739 nosmet
3399 5691 3718 5752 sanctosque
3734 5687 3986 5750 putamus
4012 5722 4027 5744 ,

2567 5778 2832 5846 Aggravat
2859 5776 2961 5833 hoc
2985 5777 3169 5846 etiam,
3203 5777 3255 5832 ni
3287 5774 3486 5832 dictum
3515 5775 3647 5830 facta
3679 5780 3988 5842 sequantur.
