4316 6418
474 434 575 491 377

471 550 563 605 Sic
584 558 638 604 et
660 545 934 614 virginitas
954 556 1109 598 sacro
1135 541 1327 596 devota
1360 538 1583 609 pudori,

472 640 675 708 lndiget
694 634 958 704 adjunctis
980 631 1262 687 virtutibus
1286 646 1300 695 ;
1332 637 1385 685 et
1406 630 1505 683 nisi
1536 636 1769 681 mentem

472 731 724 786 [unctam
752 739 972 781 servans
996 735 1142 778 casto
1170 738 1290 777 cum
1314 734 1542 789 corpore
1564 720 1773 787 jungat,

473 818 785 877 Succumbit
810 817 979 880 vitiis;
1014 828 1111 869 uec
1136 823 1336 868 castam
1360 811 1542 866 dicere
1564 823 1781 863 carnem

466 912 595 965 .lure
628 915 829 978 potest,
857 907 1069 961 animus
1096 919 1253 975 quam
1285 904 1361 957 sic
1388 900 1686 967 corrumpit
1707 898 1939 953 adulter.

469 1002 571 1065 Ira,
608 999 772 1062 furor,
806 996 1211 1063 mteror‘livor,
1236 994 1525 1055 discordia,
1552 992 1731 1053 luxus,

469 1088 668 1156 Lingua
697 1087 915 1157 duplex,
944 1088 1228 1140 constricta
1261 1098 1469 1146 manus,
1505 1083 1675 1133 laxata
1704 1080 1973 1147 voluptas,

463 1184 795 1238 “(ecitantur
822 1198 943 1237 cum
972 1184 1132 1237 corde
1171 1182 1421 1244 hominis,
1449 1189 1557 1233 tum
1581 1179 1789 1233 semine
1820 1179 2009 1231 mortis

462 1274 623 1328 Fetus
654 1274 841 1328 mortis
868 1274 1037 1327 alunt.
1082 1274 1157 1325 En
1187 1288 1293 1340 quo
1324 1272 1631 1341 perducitur
1661 1269 1861 1335 omnis,

460 1365 687 1419 Nomine
709 1365 952 1433 virgineo
981 1379 1100 1433 qute
1124 1380 1180 1417 se
1206 1364 1331 1416 dum
1354 1363 1581 1431 iactitat,
1617 1362 1759 1415 intus

458 1456 780 1511 Criminibus
797 1455 1069 1525 gravidam
1091 1456 1257 1507 nescit
1282 1463 1589 1522 turgescere
1615 1459 1870 1504 mentem.

463 1548 598 1602 Ecce
631 1548 721 1601 tibi
755 1563 784 1600 e
815 1547 995 1600 multis
1028 1561 1209 1609 unum,
1244 1561 1348 1614 quo
1378 1528 1568 1597 cmtera
1596 1557 1817 1608 noscas,

459 1638 791 1705 Exemplum.
818 1637 1073 1690 Dominus
1105 1636 1310 1704 plebem
1342 1650 1461 1688 cum
1490 1635 1627 1688 forte
1649 1634 1866 1687 doceret

456 1731 703 1800 Pervigili
735 1746 859 1783 cura
894 1745 1202 1797 supremum
1230 1744 1451 1783 noscere
1482 1738 1711 1796 tempus,

456 1821 779 1889 Exspectare
808 1822 949 1874 diem
988 1836 1093 1889 qui)
1124 1820 1277 1885 iudex
1307 1821 1547 1872 immittet
1571 1818 1711 1879 orbi,

454 1912 756 1981 Virginibus
779 1920 965 1964 sancto
990 1912 1227 1979 signatos
1257 1910 1548 1963 chrismate
1570 1907 1798 1971 confert,

451 2004 663 2072 llasque
690 2004 875 2058 decem
913 2003 1069 2057 nobis
1099 2003 1403 2056 documenti
1434 2003 1484 2055 in
1517 2003 1719 2055 vertice
1746 2006 2035 2064 monstrat,

448 2096 681 2163 Quarum
703 2099 935 2165 quinque
958 2106 1136 2148 tamen
1166 2096 1424 2163 sapientia
1454 2095 1604 2148 dives
1631 2094 1889 2159 adornat,

448 2189 544 2241 Ast
568 2186 688 2241 aliis
715 2187 966 2241 stolidmn
1000 2186 1221 2239 lcntavit
1248 2186 1440 2239 inertia
1475 2200 1711 2241 sensum.

446 2276 659 2347 Sopitas
689 2280 887 2346 p'iriter
915 2278 1126 2345 requies
1149 2276 1523 2349 complectitur
1547 2289 1675 2339 una,

444 2368 621 2437 Atque
640 2370 842 2421 obitum
876 2372 1089 2435 s’gnans
1112 2366 1379 2435 depressit
1409 2366 1607 2419 lumina
1639 2378 1883 2417 somnus.

445 2460 753 2514 Transierat
784 2460 1017 2514 medium
1048 2460 1131 2512 vix
1164 2460 1299 2513 forte
1328 2458 1547 2528 quietis,
1572 2467 1626 2512 et
1655 2457 1786 2509 illud

443 2549 679 2618 Tempus
700 2558 816 2604 erat
839 2550 1031 2614 noctis,
1066 2566 1172 2619 quo
1198 2549 1443 2603 Christus
1470 2563 1634 2603 carne
1659 2554 1895 2613 recepta.

443 2639 697 2710 Fregerat
738 2640 1057 2704 obstructas,
1086 2650 1340 2708 perrupto
1368 2639 1587 2693 cardine
1620 2640 1769 2707 lethi,

441 2732 559 2787 Jam
589 2742 788 2801 portas,
817 2732 1217 2797 inferne,.tuas,
1249 2739 1539 2801 spretoque
1565 2733 1813 2800 sepulcro

446 2825 673 2878 Devictis
702 2824 820 2878 laeta
845 2824 1114 2880 remeabat
1154 2825 1270 2877 luce
1296 2824 1453 2901 tench
1489 2824 1554 2877 is.

442 2916 776 2985 Perstrepuit
806 2917 1013 2970 subitus
1044 2917 1345 2983 rumpitque
1378 2916 1589 2969 silentia
1612 2912 1839 2979 clamor,

440 3008 679 3063 Tandem
709 3022 938 3077 sponsus
968 3008 1139 3075 adest,
1176 3018 1467 3061 nocturnus
1490 3020 1720 3072 corpore
1744 3013 1929 3073 torpor

439 3099 729 3165 Abscedat,
764 3098 965 3167 sapida:
990 3101 1180 3167 raptim
1207 3105 1492 3167 properate
1526 3090 1738 3164 puelle.

438 3189 689 3244 Protinus
716 3190 972 3245 exsilmnt
1000 3204 1187 3242 omnes
1210 3230 1222 3249 ,
1248 3193 1538 3257 stratisque
1568 3188 1790 3251 relictis,

435 3281 703 3349 Aplavere
724 3293 847 3333 suas
868 3279 1092 3347 qutesitn
1115 3278 1312 3331 lumine
1329 3276 1592 3331 ﬂammas.

434 3372 588 3426 Tunc
615 3371 706 3424 sed
737 3371 989 3440 quinque,
1012 3368 1204 3439 quibus
1229 3368 1379 3422 cordi
1402 3368 1617 3423 solertia
1644 3368 1839 3438 major.

354 3492 359 3500 -
431 3462 693 3530 Quamvis
718 3460 991 3525 festinant,
1018 3460 1194 3516 oleum
1224 3470 1402 3514 tamen
1426 3459 1627 3516 addere
1646 3460 1877 3530 sumptis

431 3555 747 3611 Sulaii-itudo
776 3553 872 3607 fuit
898 3552 1040 3607 vasis
1064 3597 1078 3618 ,
1110 3550 1403 3623 pinguique
1435 3552 1643 3620 liquore

431 3646 648 3715 ignibus
677 3646 897 3698 armatis
917 3643 1252 3714 squalentem
1284 3657 1536 3709 rumpere
1567 3655 1804 3699 noctem.

427 3742 499 3795 At
520 3754 640 3810 qua:
668 3739 969 3808 negleCtum
992 3738 1145 3806 liquit
1168 3750 1289 3806 pars
1320 3738 1487 3789 altera
1516 3749 1766 3804 succum,

423 3830 656 3887 Sumcns
686 3832 1044 3900 ﬂammigeras
1068 3830 1426 3899 nequicquam
1451 3830 1665 3885 sustulit
1686 3829 1887 3887 hastas.

425 3921 633 3975 Emicat
660 3921 886 3993 exiguus
914 3923 1167 3995 commoti
1194 3920 1413 3977 luminis
1446 3922 1581 3991 ignis
1600 3964 1615 3987 ,

421 4013 531 4070 Sed
565 4014 759 4067 virtute
779 4028 971 4068 carens
1000 4014 1343 4082 languentem
1385 4013 1626 4082 lampada
1660 4011 1840 4066 fervor

420 4104 663 4167 Deserit,
694 4113 749 4159 et
774 4104 971 4158 siccam
1001 4103 1266 4174 percurrit
1291 4101 1506 4157 ﬂamma
1538 4118 1797 4173 papyrum
1820 4144 1836 4170 ,

418 4203 597 4267 Atque
626 4198 765 4252 inter
792 4198 929 4266 picei
961 4196 1215 4252 nebulosa
1245 4196 1518 4251 volumina
1549 4196 1679 4251 fumi

417 4294 728 4348 Vanescunt
750 4292 907 4364 pigra
936 4300 1245 4347 crescentes
1270 4293 1410 4365 mole
1437 4290 1653 4346 favillze.

416 4382 489 4440 Ut
510 4398 630 4439 sese
651 4382 897 4454 indignas
929 4382 1018 4437 tali
1039 4382 1222 4438 videre
1247 4391 1467 4453 paratu,

415 4474 718 4529 Occurrant
742 4489 944 4544 sponso
973 4489 1094 4545 qua:
1114 4476 1361 4549 cominus
1383 4472 1713 4538 advenienti.

415 4565 592 4620 Tarda
625 4574 804 4620 movet
826 4566 985 4622 lentis
1014 4565 1383 4636 pudibundum
1412 4580 1543 4621 cura
1566 4565 1835 4622 laborem.

413 4662 550 4727 Quae
578 4675 737 4729 prece
764 4661 1029 4717 submissa
1060 4660 1240 4717 stultis
1268 4670 1378 4715 tum
1408 4661 1627 4717 vocibus
1650 4670 1828 4726 orant,

414 4754 487 4808 Ut
515 4761 755 4820 porrecta
782 4767 970 4807 manus
999 4760 1274 4821 torpentes
1298 4752 1521 4808 suscitet
1551 4753 1723 4821 ignes,

412 4840 627 4895 Dividat
648 4850 701 4896 et
726 4841 1000 4910 preprinm
1032 4841 1293 4911 sapientia
1322 4843 1537 4911 pinguis
1567 4842 1790 4896 olivum.

412 4934 763 5003 Respondent
794 4936 992 5003 pariter
1033 4936 1121 4990 tali
1144 4950 1398 4991 sermone
1426 4951 1645 4991 sorores
1673 4955 1687 4991 :

412 5030 509 5082 Est
534 5026 832 5083 miseranda
864 5029 1078 5099 quidem
1103 5040 1409 5086 vestrorum
1432 5046 1598 5086 causa
1630 5032 1895 5086 malorum
1916 5075 1931 5099 ,

411 5119 519 5175 Sed
551 5128 729 5173 tamen
760 5122 843 5175 hic
870 5122 1045 5175 oleum
1066 5137 1169 5175 noa
1198 5124 1316 5191 plus
1354 5138 1512 5193 quam
1544 5123 1745 5179 sufﬂcit
1774 5124 1934 5180 aﬂert

411 5202 794 5280 Unusqtiisque
823 5212 948 5275 sibi.
976 5222 1186 5269 constat
1207 5214 1329 5283 quia
1360 5215 1512 5283 copia
1539 5216 1684 5269 vasis
1702 5256 1717 5281 ,

412 5304 481 5357 Et
507 5301 742 5371 perfecta
766 5317 923 5358 suum
948 5314 1127 5358 servat
1147 5319 1397 5359 mensura
1424 5305 1711 5375 liquorem.

411 5394 522 5450 Nec
552 5394 630 5449 fas
652 5395 931 5464 quaesitum
955 5398 1137 5464 partiri
1156 5405 1249 5451 aut
1274 5398 1503 5465 perdere
1528 5412 1747 5453 succum
1775 5439 1793 5467 ,

411 5487 490 5541 Ne
510 5487 758 5555 dispersa
781 5492 925 5544 Caris
946 5486 1125 5541 desint
1146 5486 1378 5543 fomenta
1412 5488 1653 5544 lucernis
1673 5534 1688 5557 ,

412 5582 653 5651 Cumque
682 5581 885 5635 lucrum
909 5580 1056 5635 vobis
1086 5580 1364 5651 dispendia
1393 5590 1575 5636 nostra
1606 5581 1898 5650 parabun:,

412 5675 548 5731 Tota
574 5676 732 5730 simul
761 5674 916 5729 fessis
940 5683 1245 5743 torpescaut
1273 5674 1476 5729 lumina
1507 5676 1768 5729 ﬂammis.

412 5766 631 5822 Talibus
659 5767 883 5832 abiectae
910 5766 1080 5832 dictis,
1110 5768 1357 5835 tristique
1384 5767 1600 5835 repulsa
1634 5807 1650 5832 ,

415 5860 749 5918 Perlustrant
769 5873 1082 5930 quocunque
1104 5859 1206 5917 loci
1237 5859 1559 5916 commercia
1590 5858 1821 5922 fervent,

1727 419 2101 477 POEMATUM
2140 418 2341 474 Lissn
2382 396 2472 475 ‘Vl.

2085 532 2135 591 Δ
2166 536 2503 609 Vena'esque
2526 555 2713 595 manus
2740 544 2869 606 ;sed
2899 545 3024 599 dum
3048 546 3375 614 disceditur,
3397 563 3527 605 ecce

3650 436 3754 491 578

2159 630 2367 685 Introiit
2394 647 2622 699 sponsus
2650 634 2962 698 thalamum,
2995 634 3306 707 induxitque
3340 650 3567 707 paratas,

2158 726 2331 791 Atque
2356 738 2519 791 vagas
2543 720 2790 791 linquens
2824 728 3045 781 exclusit
3079 740 3227 796 porta
3259 740 3496 785 sorores.

2156 816 2343 871 Cernis
2363 820 2585 886 virginei
2620 830 2801 887 pereat
2828 821 2968 889 quod
2989 834 3185 875 nomen
3220 822 3461 889 honoris,

2153 908 2215 961 Ni
2247 909 2414 962 fertur
2432 919 2653 963 sanctus
2678 910 2930 964 thalamis
2958 912 3271 968 coelesuhus
3299 914 3458 983 ignis.

2153 999 2307 1053 Felix
2340 999 2424 1053 illa
2450 1015 2639 1052 manus
2658 1042 2671 1061 ,
2708 1002 2867 1070 largis
2898 1016 3019 1071 qua:
3047 1004 3269 1070 provida
3296 1004 3453 1058 donis

2153 1097 2450 1147 Acciensum
2482 1108 2609 1159 pura
2645 1093 2773 1147 fovit
2803 1095 3124 1165 pinguedine
3158 1096 3359 1151 lumen.

2151 1180 2379 1239 Tantum
2409 1200 2640 1251 namque
2664 1187 2765 1239 olei
2794 1189 2933 1241 vasis
2964 1188 3274 1242 diffunditur
3305 1188 3519 1259 amplis,

2148 1278 2417 1341 Quantum
2453 1279 2689 1341 poscenti
2716 1279 2979 1331 miserans
3002 1282 3239 1347 porrexit
3259 1294 3452 1349 egeno.

2150 1367 2282 1421 lline
2309 1368 2565 1422 Dominus
2602 1369 2792 1436 palmis
2824 1369 3074 1424 ardentes
3103 1370 3245 1425 ferre
3275 1372 3523 1426 lucernas

2145 1456 2411 1510 Admonet
2443 1474 2454 1509 :
2486 1457 2587 1511 hoc
2616 1474 2750 1525 opus
2772 1472 2875 1523 est,
2912 1460 3025 1514 haec
3051 1462 3208 1515 clara:
3235 1462 3401 1531 gloria
3433 1459 3578 1518 vitce.

2145 1548 2404 1615 Suppetat
2431 1561 2559 1615 ergo
2589 1548 2683 1601 tibi
2708 1548 2893 1614 pietas.
2924 1550 3175 1617 patientia
3199 1594 3213 1616 ,
3244 1554 3447 1620 virtus;

2145 1636 2247 1691 Sed
2276 1638 2444 1690 virtus
2465 1637 2659 1701 animi;
2690 1638 2902 1707 fragiles
2932 1656 3054 1693 nam
3081 1656 3243 1695 carne
3278 1643 3484 1710 puellas

2142 1728 2366 1781 Protulit
2395 1727 2658 1781 interdum
2690 1733 2829 1783 ρωῖο
2856 1732 3154 1785 constantia
3184 1736 3401 1798 mentis.

2216 1818 2466 1887 Eugenite
2497 1818 2695 1872 dudum
2730 1826 2840 1872 toto
2862 1820 3217 1875 celeberrima
3242 1822 3444 1878 mundo

2066 1895 2112 1954 Β
2144 1910 2304 1964 Fama
2331 1908 2447 1973 fuit,
2476 1910 2601 1965 dum
2626 1912 2714 1963 dat
2739 1908 2935 1965 Christi
2971 1929 3065 1979 pro
3098 1917 3314 1970 nomine
3340 1916 3525 1971 vitam.

2143 2003 2281 2055 Ante
2300 2012 2474 2055 tamen
2500 2001 2694 2055 mulier
2730 2004 2892 2057 fortes
2922 2010 3183 2073 processit
3213 2008 3265 2060 in
3296 2019 3480 2077 actus,

2138 2090 2273 2144 Cum
2305 2091 2536 2158 stipante
2564 2091 2731 2145 choro
2763 2105 3072 2147 sanctorum
3108 2095 3262 2149 fieret
3291 2096 3457 2152 abbas
3478 2138 3491 2160 ,

2139 2184 2315 2251 Atque
2346 2192 2549 2250 patrem
2580 2184 2856 2251 eomplens
2882 2184 3080 2239 celaret
3115 2187 3350 2255 tegmine
3382 2198 3627 2244 matrem.

2139 2275 2242 2329 Sed
2261 2284 2539 2343 postquam
2570 2286 2756 2328 sancto
2786 2277 2995 2330 cunctis
3022 2270 3314 2345 perelaruit
3343 2294 3439 2333 ore
3458 2321 3471 2341 ,

2140 2365 2204 2417 Et
2232 2364 2435 2418 meritis
2463 2365 2726 2433 annisque
2752 2381 2972 2434 graves,
2999 2366 3261 2436 longaque
3282 2369 3547 2423 verendos

2136 2455 2433 2527 Relligione
2461 2472 2618 2511 senes
2638 2458 2861 2527 juvenili
2894 2461 3031 2514 rexit
3056 2461 3107 2513 in
3140 2476 3288 2525 aevo;

2136 2547 2421 2613 impatiens
2445 2549 2596 2613 rccti,
2629 2557 2739 2602 tcto
2763 2550 2852 2617 qui
2882 2557 3125 2617 tempore
3146 2565 3375 2619 serpens

2134 2640 2277 2695 Mille
2309 2640 2535 2695 nocendi
2560 2648 2726 2704 artes,
2762 2640 3100 2710 stimulisque
3130 2642 3425 2695 inﬂammat
3450 2642 3649 2696 amoris

2131 2734 2248 2800 Quo
2277 2732 2469 2787 famam
2494 2734 2696 2787 violare
2726 2733 2873 2802 cupit
2892 2776 2905 2797 ,
2940 2734 3088 2788 dedit
3115 2734 3240 2789 inde
3261 2748 3539 2788 coronam.

2129 2826 2444 2878 Commovet
2478 2828 2665 2878 insano
2697 2827 2782 2893 qui
2812 2826 2974 2895 ﬁngat
2996 2840 3180 2879 amore
3212 2826 3403 2895 pue7lte

2128 2915 2361 2969 Accendi
2394 2916 2707 2985 Eugeniam,
2743 2926 3000 2985 motuque
3024 2916 3213 2970 ardere
3242 2917 3401 2970 virili.

2128 3006 2308 3060 Turba
2331 3022 2520 3061 senum
2554 3006 2761 3060 turbata
2789 3008 2915 3071 coit,
2943 3009 3083 3075 quod
3106 3009 3331 3065 crimine
3362 3018 3508 3063 tanto

2127 3095 2260 3149 Tam
2285 3096 2507 3164 rigidam
2542 3112 2713 3163 nuper
2744 3099 3007 3164 potuisset
3038 3097 3249 3152 solvere
3273 3100 3432 3152 vitam

2133 3189 2281 3242 Mens
2311 3188 2514 3257 dejecla
2550 3189 2675 3254 viri,
2700 3190 3020 3259 viduataque
3037 3193 3269 3266 praesule
3294 3208 3506 3250 summo

2052 3246 2101 3311 θ
2134 3279 2213 3333 Nil
2241 3296 2346 3332 non
2377 3296 2535 3348 posse
2562 3282 2708 3334 dolet
2728 3283 2960 3335 titubans
2984 3246 3241 3349 perfectio
3262 3297 3501 3338 carnem.

2131 3368 2355 3424 Ducitur
2380 3371 2478 3422 iste
2511 3370 2625 3423 foro
2649 3370 2882 3438 juvenis,
2911 3386 3221 3439 scevumque
3252 3373 3481 3427 tribunal

2130 3462 2299 3517 Intrat
2328 3462 2501 3515 adhuc
2534 3461 2865 3525 monachus;
2892 3463 3052 3516 vincit
3086 3463 3377 3517 concordia
3405 3463 3604 3519 fraudis
3626 3505 3641 3528 ,

2131 3554 2195 3608 Et
2220 3556 2330 3623 jam
2360 3556 2578 3622 jamque
2606 3568 2754 3606 reum
2786 3553 2979 3607 secreti
3014 3554 3192 3623 ignara
3219 3556 3437 3609 tenebat

2127 3643 2343 3697 Publica
2368 3643 2469 3707 vis,
2498 3643 2623 3696 odio
2656 3651 2861 3695 tantum
2894 3641 3159 3697 ﬂammata
3188 3645 3430 3699 sinistro.

2126 3734 2356 3789 Conscia
2382 3744 2489 3788 tum
2519 3748 2677 3788 sexus
2709 3734 2932 3803 proprii,
2962 3736 3247 3805 cordisque
3280 3737 3480 3805 pudici,

2130 3826 2369 3880 Vincitur
2400 3837 2452 3879 ut
2484 3826 2663 3879 vincat
2692 3827 2800 3895 jam
2831 3828 3066 3893 prodens
3094 3828 3292 3881 femina
3316 3827 3593 3895 fraudem,

2124 3917 2381 3983 Quamvis
2403 3917 2640 3970 exterius
2662 3922 2878 3969 Carnem
2903 3919 3177 3984 compulsa
3206 3917 3382 3983 fateri,
3576 3900 3579 3907 ’

2123 4008 2385 4062 Interiore
2418 4018 2597 4061 tamen
2622 4015 2834 4060 servato
2856 4018 3140 4075 permanet
3163 4008 3321 4063 heros

2121 4102 2350 4169 Semper
2376 4109 2483 4153 tuta
2502 4092 2599 4153 fuit
2627 4100 2760 4153 casti
2784 4100 3023 4152 custodia
3048 4100 3187 4163 voti,

2120 4191 2426 4257 Quamlibet
2452 4190 2727 4258 impugnet
2755 4189 2939 4243 misi-ri
2965 4186 3107 4243 fraus
3130 4189 3321 4243 callida
3342 4189 3521 4244 mundi
3551 4232 3567 4257 ,

2126 4283 2497 4349 Extendatque
2524 4282 2664 4336 dolis
2690 4282 2931 4350 laqueos,
2958 4280 3237 4335 mendacia
3261 4290 3458 4347 nectat,

2120 4375 2235 4430 Non
2268 4375 2413 4428 venit
2443 4373 2509 4429 ad
2535 4388 2759 4443 pronam
2793 4389 2945 4428 mens
2966 4373 3139 4441 culpte
3158 4375 3341 4443 ignara
3369 4374 3602 4429 ruinam.

2119 4468 2374 4535 Quosque
2404 4466 2638 4521 fremens
2662 4467 2832 4522 hostis
2860 4466 3034 4520 fallaci
3066 4458 3289 4521 tribulat
3310 4450 3460 4532 astu,

2121 4558 2436 4629 Purgandns
2460 4568 2648 4612 sancto
2679 4558 2932 4626 patientia
2969 4557 3189 4612 discutit
3220 4558 3353 4627 igni.

2168 4650 3040 4719 Vendideratquondamjuvenem
3060 4665 3249 4704 manus
3262 4650 3451 4704 aemula
3462 4648 3709 4717 fratrum,

2115 4745 2181 4799 Et
2211 4744 2461 4798 famulum
2487 4744 2689 4813 Joseph
2717 4744 2873 4798 tellus
2906 4742 3210 4813 Memphitis
3235 4743 3495 4809 habebat;

2116 4837 2345 4892 Pertulit
2370 4837 2458 4889 ille
2479 4835 2695 4903 quidem
2727 4836 3025 4899 dominum,
3058 4850 3183 4888 cum
3210 4834 3437 4889 crimine
3469 4832 3605 4888 falso

2117 4932 2394 4987 Coutictus
2418 4930 2650 4985 voluisse
2676 4930 2825 4985 nefas
2844 4973 2857 4997 ,
2882 4930 3025 4997 quod
3052 4929 3203 4983 triste
3226 4928 3457 4997 refugit,

2117 5024 2384 5080 Sustinuit
2417 5023 2653 5076 tolerans
2680 5022 2972 5091 ergastula,
3003 5021 3203 5083 vincla,
3230 5030 3488 5085 catenas,

2117 5120 2251 5172 Dum
2278 5117 2507 5185 spatium
2531 5116 2797 5184 replicans
2820 5115 3065 5185 geminos
3096 5114 3177 5167 sol
3200 5115 3455 5182 junxerat
3476 5127 3669 5167 annos.

2115 5210 2323 5263 Oblitus
2350 5210 2459 5276 jam
2492 5206 2624 5261 lucis
2656 5214 2793 5269 erat,
2822 5206 2925 5269 iam
2955 5205 3105 5257 crine
3136 5198 3320 5257 ﬂuenti

2115 5301 2357 5355 Nutritus
2389 5299 2562 5353 macie
2588 5298 2835 5365 tangi-bat
2860 5308 3005 5365 terga
3026 5294 3274 5361 capillus.

2113 5391 2217 5446 Sed
2241 5398 2523 5459 vegetante
2548 5388 2657 5441 Deo
2685 5402 2836 5441 mens
2864 5370 3026 5439 nullis
3047 5387 3225 5439 clausa
3258 5383 3495 5439 tenebris

2117 5483 2386 5541 Praevidet
2424 5496 2677 5535 arcanum
2712 5477 2966 5549 quidquid
3001 5487 3125 5547 post
3154 5476 3333 5532 exitus
3358 5478 3563 5547 implet.

2115 5576 2357 5645 Denique
2392 5574 2651 5643 produeto
2673 5574 2917 5626 certatim
2942 5572 3112 5640 gloria
3149 5570 3350 5635 fertur,

2113 5669 2227 5724 Non
2260 5679 2461 5721 tantum
2494 5667 2679 5728 venia;
2704 5676 2757 5718 et
2790 5664 3035 5731 precibus
3066 5673 3190 5716 tunc
3221 5662 3337 5731 ipse
3361 5666 3599 5730 rogatus,

2110 5762 2182 5818 Ut
2203 5761 2447 5817 diadema
2479 5759 2652 5815 libens
2671 5758 2914 5826 captivos
2947 5758 2997 5811 in
3022 5758 3224 5811 vertice
3246 5761 3452 5818 sumat,

2114 5852 2371 5910 Exsilium
2400 5868 2565 5919 rcgno
2585 5858 2881 5905 commutat
2905 5892 2917 5916 ,
2948 5847 3188 5917 principe
3215 5858 3453 5900 servum.
