4516 6400
969 403 1074 462 579

966 513 1191 572 Praemia
1212 510 1404 566 servati
1432 506 1608 563 cordis
1633 505 1709 558 sic
1736 500 1959 571 percipit
1991 499 2113 553 iste.

1035 607 1330 661 Susannam
1362 609 1481 670 post
1504 595 1844 662 huncdignis
1868 593 1989 660 quis
2019 591 2262 658 laudibus
2290 602 2517 652 unquam

969 695 1189 749 Excolat
1207 734 1222 756 ,
1253 691 1476 746 infirmis
1500 685 1762 756 quondam
1784 698 1906 752 qum
1928 683 2052 736 vicit
2082 682 2133 734 in
2161 680 2313 734 annis

963 783 1206 852 improba
1236 790 1352 836 vota
1375 791 1577 841 senum,
1609 773 2023 842 coniuratosque
2051 771 2292 825 furores?

964 876 1199 930 Primum
1218 872 1484 940 disiuncta
1511 882 1648 937 quos
1671 869 1985 934 cepitcausa
2008 861 2206 915 viritim

959 963 1215 1028 Consilio,
1247 960 1496 1028 solusque
1521 956 1621 1012 sibi
1655 955 1898 1025 promisit
1924 963 2150 1022 uterque

960 1053 1119 1123 Spem
1149 1054 1347 1118 culpae,
1373 1051 1468 1107 sed
1492 1058 1645 1117 turpe
1675 1047 1854 1103 calens
1881 1045 1933 1100 in
1960 1043 2212 1098 cordibus
2239 1041 2376 1113 ignis

958 1143 1220 1196 Conflavit
1236 1150 1464 1197 mentem
1487 1139 1706 1195 sceleris
1728 1138 1937 1191 fornace
1956 1133 2204 1188 duorum.

957 1233 1308 1299 Conveniunt,
1333 1248 1456 1288 nam
1478 1230 1612 1287 forte
1635 1230 1720 1284 die
1738 1229 1816 1282 sic
1839 1225 2062 1294 contigit
2078 1240 2203 1289 una,

957 1324 1225 1378 Abseessu
1257 1323 1380 1377 ficto
1409 1323 1610 1376 diversa
1638 1328 1695 1374 ut
1731 1327 1881 1386 parte
1911 1315 2166 1372 redirent.

958 1409 1120 1478 inque
1151 1426 1340 1466 nemus
1361 1423 1554 1465 venere
1582 1406 1766 1471 simul,
1798 1405 2010 1475 vulgata
2041 1402 2276 1458 vicissim

957 1498 1213 1554 Panditur
1233 1500 1438 1554 alterno
1469 1499 1698 1566 flagrans
1735 1495 1788 1550 in
1815 1494 1979 1549 corde
2005 1494 2264 1563 voluptas.

960 1591 1106 1646 ilicet
1135 1593 1397 1646 incautam
1428 1589 1670 1644 fallentes
1691 1586 1877 1641 fraude
1903 1583 2132 1653 puellam

955 1682 1240 1748 Appetiere
1267 1679 1459 1744 simul;
1492 1685 1717 1748 poscunt
1751 1675 2052 1731 consentiat
2077 1665 2201 1728 ante

956 1747 1245 1824 Dedecoris
1274 1777 1476 1824 tantum
1497 1747 1715 1824 moveat
1731 1781 1887 1836 quam
1914 1765 2051 1820 fama
2075 1765 2279 1831 rebelli,

955 1857 1181 1925 Noxque
1203 1857 1618 1926 retorquendum
1637 1855 1863 1925 facinus,
1887 1854 1939 1908 ni
1963 1853 2139 1917 cedat,
2166 1853 2217 1908 in
2243 1851 2414 1923 ipsam

958 1945 1198 2001 Confessi
1224 1947 1470 2002 ardorem
1494 1945 1688 2014 pariter
1715 1943 1988 1999 mendacia
2015 1942 2243 2012 produnt

956 2036 1253 2107 Disposita,
1289 2048 1344 2092 et
1389 2037 1609 2107 laqueos
1656 2034 1913 2105 pandunt,
1961 2047 2100 2104 quos
2153 2042 2365 2088 nectere
2418 2032 2525 2088 vel-

2290 2120 2310 2196 [
2325 2123 2456 2179 lens.

957 2220 1172 2288 Anceps
1193 2219 1282 2274 illa
1313 2220 1404 2274 diu
1430 2232 1610 2274 secum
1635 2217 1878 2284 luctatur,
1901 2221 1956 2271 et
1979 2212 2192 2270 harena

955 2309 1200 2366 Fluctuat
1222 2311 1436 2364 incertat
1463 2322 1569 2379 quo
1601 2315 1821 2377 vergant
1845 2305 2082 2374 pondera
2113 2304 2345 2360 mentis:

954 2397 1064 2452 Lex
1086 2411 1307 2467 peccare
1333 2403 1494 2461 vetat,
1524 2407 1820 2464 rursusque
1848 2391 2065 2448 infamia
2099 2398 2268 2447 terret

954 2486 1088 2543 liinc
1114 2486 1310 2543 iterum
1339 2487 1506 2542 duros
1532 2485 1785 2564 precibus
1807 2482 2017 2538 mollire
2038 2481 2248 2537 furores

953 2575 1167 2642 Tenta9,
1194 2584 1250 2631 et
1265 2577 1526 2631 obscenas
1552 2574 1806 2644 lacrymis
1834 2572 2167 2641 restinguere
2189 2569 2454 2627 ﬂammas.

959 2669 1068 2726 Sed
1095 2679 1372 2738 postquam
1404 2668 1564 2723 nullis
1598 2665 1845 2735 precibus
1872 2664 2194 2732 monitisque
2219 2674 2456 2719 remotos

954 2760 1358 2829 Obstrictosque
1384 2772 1542 2814 senes
1570 2756 1696 2812 vicit
1723 2763 1945 2825 cognata
1974 2752 2172 2818 libido,

955 2849 1173 2906 Fetnina
1199 2848 1458 2919 praeclaro
1479 2857 1708 2902 mentem
1729 2857 1984 2901 succensa
2015 2844 2221 2913 pudore

954 2941 1204 2997 Decrevit
1234 2950 1361 2996 tunc
1382 2948 1527 2994 casta
1551 2939 1687 2994 mori
1707 2979 1722 3002 ,
1749 2952 1818 2991 ne
1845 2935 2070 2993 crimine
2096 2943 2245 2989 tanto

957 3033 1235 3089 Διιώἱηιηι
1264 3032 1511 3086 miseram
1538 3027 1716 3085 carnis
1736 3027 2060 3084 commercia
2090 3025 2253 3079 vitam

959 3122 1167 3178 Caelum
1191 3133 1328 3178 teste
1350 3129 1520 3186 vocat,
1549 3120 1848 3187 famamque
1871 3127 2080 3173 recusat
2111 3118 2323 3172 inanem

958 3214 1166 3271 Iudicio
1190 3221 1438 3269 contenta
1459 3226 1560 3267 suo
1587 3228 1602 3264 :
1633 3225 1754 3266 eum
1775 3207 1985 3265 conscia
2014 3208 2187 3279 corda

958 3300 1309 3359 Commendat
1334 3315 1540 3370 supera:
1565 3298 1710 3366 ﬂdei,
1738 3305 2020 3366 servatque
2046 3295 2257 3350 futuris.

958 3393 1142 3449 Maluit
1169 3392 1259 3448 ille
1287 3401 1464 3447 tamen
1486 3391 1679 3447 secreti
1710 3390 1977 3459 inspector
2004 3395 2246 3455 apertum

961 3484 1200 3539 Examen
1222 3493 1480 3553 prastare
1504 3483 1652 3548 loco,
1684 3481 1992 3549 facinusque
2013 3477 2276 3534 reclusum

958 3574 1219 3641 Pandere,
1244 3584 1299 3629 et
1328 3573 1565 3644 obiectas
1594 3571 1798 3642 laqueis
1828 3569 2121 3639 producere
2150 3567 2383 3624 fraudes.

959 3664 1242 3734 Spectabat
1271 3663 1423 3718 vanis
1451 3670 1773 3718 commotam
1802 3658 2015 3715 ﬂetibus
2034 3657 2219 3713 urbem

959 3756 1149 3812 Juuior
1170 3755 1261 3810 ille
1287 3769 1450 3825 puer,
1480 3756 1663 3822 pueris
1680 3750 1852 3806 tribus
1872 3751 1995 3819 ipse
2020 3747 2228 3803 futurus

959 3845 1082 3901 Post
1113 3860 1316 3906 comes.
1339 3843 1555 3899 undanti
1581 3854 1715 3912 quos
1733 3840 1865 3911 jecit
1894 3837 2135 3894 Parthica
2162 3837 2388 3892 ﬂamma:

960 3919 1281 4006 Contempto
1311 3934 1538 4004 imperio
1563 3932 1794 3988 ﬂammis
1823 3930 2116 3986 ferventior
2145 3931 2246 3984 ira.

962 4027 1110 4082 Arsit
1139 4033 1415 4081 contracto
1442 4023 1640 4093 pariter
1659 4030 1938 4078 crescente
1963 4019 2144 4077 calore

961 4115 1100 4171 hinc
1123 4114 1291 4179 furor,
1313 4113 1438 4168 inde
1461 4110 1617 4178 ﬂdes,
1638 4109 1839 4166 sanctis
1861 4108 1987 4163 dum
2016 4105 2228 4162 mollior
2255 4105 2393 4174 ignis

959 4205 1156 4262 Serviit
1175 4245 1198 4272 ,
1222 4212 1278 4260 et
1299 4202 1479 4273 tepido
1498 4200 1763 4257 conclusit
1788 4213 1956 4269 pruna
1986 4197 2211 4262 rubore;

962 4297 1144 4350 Donec
1171 4293 1395 4349 miratus
1424 4304 1640 4348 cessare
1667 4287 1912 4346 incendia
1941 4297 2151 4357 satraps

961 4385 1150 4455 Jussit,
1175 4395 1230 4441 et
1247 4393 1484 4441 astantes
1503 4384 1834 4439 ﬂammarum
1858 4379 2012 4450 copia
2040 4379 2224 4434 cinxit.

967 4474 1076 4531 ilus
1106 4476 1552 4545 meritismquans
1583 4471 1814 4528 Dauieiis
1832 4471 2070 4541 proxima
2093 4471 2264 4526 virtus

963 4563 1189 4618 ilorrida
1212 4563 1546 4619 frendentnm
1576 4561 1902 4644 compescuit
1925 4574 2016 4616 ora
2046 4559 2278 4626 leonum,

959 4654 1096 4709 Dum
1121 4656 1268 4724 prius
1285 4652 1496 4712 accensi
1525 4651 1756 4707 stimulis
1778 4649 1936 4704 famis
1959 4657 2120 4720 atque
2149 4649 2342 4706 furoris
2367 4691 2384 4716 ,

963 4744 1298 4816 Freuatoque
1323 4743 1483 4799 simul
1511 4749 1813 4798 sternentes
1840 4754 2068 4810 corpora
2088 4741 2240 4808 rictu,

965 4835 1285 4892 incolumem
1313 4836 1554 4891 lambunt
1581 4835 1720 4889 inter
1742 4831 1938 4902 ieiunia
1970 4842 2208 4901 pastum,

963 4924 1094 4980 Cum
1148 4935 1323 4982 sumat
1374 4935 1551 4980 tamen
1605 4925 1704 4981 iste
1756 4923 1927 4991 cibos,
1975 4936 2109 4996 quos
2155 4923 2352 4979 vertice
2400 4938 2528 4992 pcn-

2299 5012 2456 5086 [deus

964 5107 1216 5177 Angelica
1244 5106 1472 5161 librante
1494 5116 1650 5159 manu
1679 5117 1774 5174 per
1799 5103 1956 5160 inane
1979 5105 2174 5160 citatus
2190 5143 2207 5168 ,
2291 5120 2295 5123 ·

964 5198 1243 5265 Subiectas
1260 5196 1475 5251 calcans
1503 5195 1736 5250 immotis
1762 5192 2034 5264 gressibus
2057 5209 2244 5264 auras,

970 5287 1146 5345 Intulit
1166 5291 1342 5344 illatus
1370 5287 1530 5344 fascis
1555 5302 1673 5342 cum
1699 5285 1842 5340 fasce
1872 5285 2147 5356 pr0pbeta.

967 5381 1188 5451 Excepit
1217 5379 1397 5435 Daniel
1429 5379 1770 5434 transmissos
1789 5378 2018 5446 desuper
2041 5391 2211 5432 escas.

967 5469 1184 5524 Feronia
1216 5469 1514 5540 longinquis
1534 5469 1763 5538 migrant
1795 5468 2052 5522 ferventia
2073 5468 2247 5531 terris,

969 5566 1361 5627 Asscrvantque
1386 5572 1511 5612 suos
1541 5557 1817 5626 peregrina
1846 5558 1898 5611 in
1927 5556 2054 5613 sede
2079 5572 2318 5625 sapores.

969 5647 1065 5702 llic
1094 5661 1218 5714 ergo
1251 5648 1494 5716 impubes
1523 5647 1816 5701 Susannam
1847 5651 1976 5702 forte
2002 5647 2217 5710 videbat

970 5737 1027 5790 lu
1058 5747 1317 5793 tormenta
1340 5737 1475 5807 rapi,
1503 5737 1614 5792 veri
1642 5750 1800 5808 quam
1828 5736 2038 5792 nescius
2059 5746 2180 5792 ante

1841 389 1896 444 S.
1938 387 2116 443 AViTi
2159 382 2556 442 VIENNENSIS
2597 380 2967 438 POEMATUM
3007 380 3208 437 ιιυειι
3251 379 3339 436 γι.

2555 497 2610 553 Α
2637 492 2835 563 Vulgus
2854 493 3145 549 inauditam
3167 494 3510 551 damnaverat
3527 535 3542 561 ,
3573 507 3628 553 et
3651 497 3808 552 simul
3837 513 4028 556 omnes

4098 381 4214 440 580

2630 582 2860 639 insontis
2885 593 3094 640 sontem
3117 586 3394 640 certabant
3416 600 3637 641 cernere
3660 596 3919 655 mortem;

2627 671 2757 725 Cum
2783 673 2957 727 subito
2982 673 3036 728 in
3058 673 3292 729 medium
3331 675 3539 744 juvenis
3560 691 3621 731 se
3643 678 3868 747 proripit
3897 694 4092 749 agmen
4113 720 4132 744 ,

2626 759 2922 816 Accensuut
2955 769 3135 817 tenera
3158 763 3422 834 castigans
3451 780 3581 821 voce
3608 766 3915 832 tumultum,

2624 849 2735 905 Cur
2754 860 2898 906 tanto
2920 869 2983 907 ex
3012 863 3155 910 emtu
3175 857 3354 920 nullus
3384 872 3499 912 rem
3524 857 3749 927 iudicat,
3771 874 3835 914 ac
3861 873 3922 916 se

2626 939 2787 998 Liber
2813 943 2879 997 ad
2906 944 3158 1012 iniustum
3185 949 3382 1002 clamat
3408 963 3512 1001 non
3537 939 4030 1006 currere'lcthnm?

2625 1029 2874 1087 Protinus
2900 1035 2964 1088 ad
2994 1034 3216 1090 verbum
3246 1037 3399 1106 pueri
3427 1046 3667 1107 permota
3699 1041 3959 1108 repressit

2623 1119 2801 1177 Turba
2822 1137 3018 1192 sequax
3038 1127 3244 1181 animos
3265 1143 3280 1189 ;
3299 1126 3462 1196 judex
3484 1121 3794 1186 decernitur
3819 1132 3958 1199 ipse.

2623 1211 3014 1284 Consultorque
3035 1229 3245 1284 senum,
3273 1231 3370 1286 per
3393 1232 3552 1288 quem
3579 1220 3661 1273 via
3682 1235 3809 1276 vera
3839 1229 4103 1290 patescat.

2622 1297 2865 1356 Consulit
2892 1304 3104 1359 avulsos
3125 1305 3368 1372 quisnam
3389 1308 3460 1363 sit
3481 1308 3721 1364 criminis
3739 1310 3876 1366 ordo
3896 1352 3913 1377 ,

2622 1387 2728 1445 Sed
2753 1388 2881 1446 dum
2905 1391 3216 1449 discordans
3241 1403 3554 1463 responsum
3586 1397 3792 1466 prabet
3810 1410 4058 1472 uterque,

2621 1482 2972 1554 Coniunctnm
2993 1486 3196 1543 facinus
3215 1488 3477 1558 disiuncta
3500 1504 3632 1546 voce
3655 1489 3910 1546 fatentur.

2621 1571 2772 1627 Tunc
2825 1589 3015 1631 omnes
3064 1577 3265 1647 pariter
3319 1580 3480 1634 timor
3530 1579 3768 1650 accipit:
3809 1580 4047 1652 undique
4096 1584 4209 1639 cia-

3983 1671 4132 1744 [mor

2620 1753 2867 1823 Tollitur,
2893 1767 3144 1814 auctores
3171 1759 3392 1816 sceleris
3415 1759 3568 1831 plebs
3595 1761 3772 1819 obruit
3789 1764 3986 1831 omnis,

2552 1843 2600 1904 B
2624 1845 3001 1919 Laudaturque
3025 1837 3168 1906 Deus
3187 1891 3204 1917 ,
3234 1853 3324 1922 qui
3355 1869 3626 1924 nunquam
3649 1866 3770 1911 vota
3797 1855 4062 1912 bonorum

2633 1940 2859 2001 Deserit.
2887 1941 3246 2012 auxiliumque
3267 1958 3423 1999 suum
3451 1959 3550 2016 pro
3579 1957 3819 2017 tempore
3845 1955 4137 2004 monstrat.

2629 2025 2695 2081 Et
2725 2037 2900 2084 tamen
2930 2029 3012 2084 bis
3042 2031 3189 2100 prior
3216 2042 3298 2088 est
3327 2049 3444 2103 quae
3470 2035 3777 2106 virginitate
3802 2038 3993 2108 pudica

2628 2115 2887 2174 intactum
2916 2123 3129 2191 pmfert
3165 2124 3232 2180 ad
3262 2134 3383 2180 vota
3413 2127 3670 2196 perennia
3699 2143 3919 2200 corpus.

2627 2205 2756 2261 Nam
2785 2209 2829 2262 si
2860 2217 3070 2265 terrena
3093 2214 3379 2270 nubentem
3411 2215 3528 2286 lege
3547 2217 3778 2287 puellam

2628 2299 2950 2356 Asservasse
2977 2310 3152 2370 toros,
3185 2314 3344 2376 atque
3363 2320 3524 2362 unum
3549 2323 3712 2365 nosse
3736 2309 3913 2366 cubile
3931 2352 3948 2375 ,

2627 2389 2838 2447 Hortali
2870 2402 3072 2449 tantum
3094 2395 3345 2452 laudatur
3356 2396 3541 2468 judice
3569 2410 3744 2471 creto,

2625 2478 2844 2551 Conjice
2870 2483 3124 2554 'virgineis
3149 2495 3406 2555 quantum
3425 2488 3726 2558 disponitur
3745 2491 3852 2546 illic

2628 2568 2746 2637 Quo
2770 2569 3016 2627 Christus
3035 2583 3192 2630 vocat
3211 2574 3336 2632 hinc
3364 2579 3571 2634 meritis
3589 2623 3604 2646 ,
3634 2579 3722 2636 ubi
3749 2581 3878 2636 sede
3899 2594 4139 2651 superna

2629 2656 2927 2715 ilumanum
2950 2662 3002 2716 in
3029 2672 3208 2732 partes
3228 2664 3440 2722 dirimet
3461 2683 3636 2738 genus
3656 2669 3862 2725 arbiter
3889 2671 4063 2726 orbis.

2612 2744 2808 2814 ,Agnos
2829 2746 3018 2803 dextra
3041 2749 3227 2806 levans
3247 2793 3264 2818 ,
3293 2753 3454 2810 laves
3479 2764 3786 2813 contemnet
3809 2768 3867 2814 ut
3895 2759 4107 2829 hmdos,

2626 2835 2852 2892 Stabunt
2881 2839 3108 2909 angelici
3138 2842 3394 2900 mirantes
3416 2844 3551 2900 facta
3579 2845 3865 2908 bonorum

2627 2927 3041 3001 Laudantesque
3062 2931 3212 2987 chori
3246 2951 3260 2987 :
3291 2937 3501 2990 cunctis
3529 2951 3816 2993 commune
3843 2937 4050 3007 patebit

2631 3018 2884 3076 Decursis
2905 3023 3084 3078 carnis
3105 3025 3388 3093 meritum;
3418 3025 3568 3080 fraus
3591 3027 3734 3082 nulla
3765 3027 4001 3083 tem-bris

2628 3108 2841 3166 Abdere
2857 3151 2876 3178 ,
2897 3113 2981 3167 vel
3015 3122 3168 3168 notas
3193 3115 3392 3185 poterit
3419 3115 3721 3174 subducere
3746 3118 3954 3188 culpas.

2553 3183 2602 3248 C
2633 3199 2745 3258 lilie
2770 3210 2895 3256 nota
2917 3204 3009 3260 tibi
3035 3183 3338 3261 subsistens
3367 3208 3472 3263 vita
3497 3218 3711 3277 petatur
3727 3249 3746 3274 ,

2632 3284 2746 3350 Quo
2762 3290 2936 3360 justus
2967 3292 3102 3349 ditat
3128 3294 3448 3365 dispensans
3478 3300 3694 3368 pramia
3712 3298 3903 3369 iudex.

2711 3381 2992 3450 Quondam
3018 3386 3218 3441 succint
3237 3396 3290 3443 te
3313 3388 3454 3458 quod
3478 3388 3680 3446 dictum
3706 3399 3793 3447 est
3812 3405 3910 3448 ore
3938 3393 4222 3464 magistri,

2630 3472 2763 3527 Dum
2787 3474 2929 3543 viget
2948 3473 3124 3531 officio
3149 3475 3416 3535 famulans
3439 3481 3657 3536 solertia
3684 3482 3929 3551 κει-ὼε,

2631 3564 3013 3636 Attentamque
3035 3574 3184 3623 tenet
3196 3569 3346 3625 verbi
3373 3569 3571 3625 virtute
3590 3583 3857 3638 sororem,

2630 3651 2768 3707 Cura
2795 3653 2917 3710 cibo
2946 3655 3136 3712 melior
3157 3700 3172 3726 ,
3209 3667 3362 3728 pastu
3389 3673 3511 3730 quae
3523 3659 3682 3732 digna
3713 3662 3957 3732 perenni.

2632 3743 2783 3798 Tunc
2804 3760 3000 3802 vacuas
3029 3747 3254 3804 Domino
3280 3749 3606 3821 depromens
3628 3749 3836 3807 Martha
3863 3754 4142 3824 querelas,

2629 3834 2675 3890 0
2701 3845 2910 3903 doctor,
2943 3853 3048 3892 non
3078 3839 3277 3908 cernis,
3309 3840 3406 3910 ait,
3433 3841 3577 3911 quod
3596 3843 3712 3898 sola
3743 3852 3931 3913 paratu

2636 3925 2834 3993 Vesor,
2861 3935 2916 3982 et
2945 3927 3060 3984 haec
3084 3929 3286 3985 nuiinm
3314 3931 3526 3989 confert
3547 3947 3801 4004 gemana
3829 3935 4075 3992 levamen
4093 3938 4119 3991 ἳ

2631 4014 2728 4071 Cui
2753 4014 3000 4073 Christus
3024 4019 3105 4075 sic
3127 4018 3268 4077 forte
3296 4022 3462 4078 refert
3489 4040 3504 4077 :
3537 4021 3674 4080 Sunt
3701 4025 3929 4095 plurima
3950 4041 4073 4096 qua
4094 4038 4149 4084 te

2634 4102 2956 4159 Obstrictam
2979 4106 3230 4172 retinent,
3262 4110 3455 4165 melior
3469 4110 3565 4167 sed
3585 4125 3746 4167 causa
3770 4114 3997 4184 quietis,

2633 4193 2902 4265 Lectaque
2939 4211 3039 4252 nec
3065 4198 3263 4268 poterit
3289 4200 3468 4255 Marize
3499 4216 3622 4270 pars
3649 4203 3848 4273 optima
3869 4203 4008 4260 solii.

2704 4285 2816 4352 Sic,
2843 4301 3115 4356 germana,
3142 4289 3256 4346 suis
3279 4291 3405 4346 dum
3428 4293 3652 4363 ﬂagrant
3675 4295 3872 4369 saecula
3901 4298 4071 4364 curis.

2633 4375 2871 4431 Eiectam
2897 4392 3114 4437 servare
3135 4380 3230 4436 tibi
3260 4395 3368 4437 non
3393 4381 3582 4439 desine
3602 4395 3830 4454 partem.

2637 4467 2716 4523 'l‘e
2741 4469 2932 4525 meruit
2963 4471 3188 4540 primam
3209 4473 3459 4544 cognatio
3489 4482 3600 4528 tota
3629 4484 3930 4545 patronam.

2555 4535 2608 4597 Ῐ)
2632 4558 2750 4614 1am
2780 4568 2834 4615 te
2860 4535 3164 4632 signiferam
3190 4535 3490 4635 sequimur,
3507 4535 3814 4638 vexillaque
3838 4535 4040 4624 Christi

2632 4651 2709 4708 Te
2732 4662 2982 4722 portante
3006 4655 3178 4712 libens
3199 4666 3441 4713 sectatur
3465 4667 3692 4715 stemma
3723 4671 4035 4731 parentum;

2631 4742 2776 4810 Quos
2801 4741 2927 4799 licet
2954 4744 3172 4816 antiquo
3201 4747 3432 4804 mundus
3459 4747 3717 4806 donasset
3751 4751 3991 4817 honore,

2633 4833 2703 4891 Et
2721 4835 2887 4890 titulis
2908 4845 3170 4893 monstret
3191 4853 3456 4908 generoso
3474 4854 3692 4909 semper
3717 4841 3786 4897 ab
3809 4856 3929 4896 ortu
3955 4860 3972 4909 ;

2633 4924 2762 4983 Plus
2789 4937 2968 4983 tamen
2993 4929 3202 4984 ornavit
3221 4928 3464 4985 divinum
3494 4930 3704 5001 insigne
3722 4941 3994 5003 gerentes,

2633 5014 2833 5073 Ordine
2859 5017 3000 5080 quod
3029 5018 3247 5088 proprio
3280 5028 3493 5076 sanctas
3520 5036 3768 5079 meruere
3792 5025 4102 5082 cathedras.

2632 5106 2746 5162 Non
2766 5119 2948 5163 atavos
2969 5108 3079 5177 iam
3107 5123 3246 5164 nunc
3275 5109 3482 5166 tibimet
3506 5125 3837 5183 proavosque
3858 5124 4123 5181 retexam.

2633 5193 2752 5250 Vita
2774 5199 3079 5255 sacerdotes
3107 5214 3243 5269 quos
3272 5199 3503 5256 reddidit
3531 5202 3730 5273 inclyta
3759 5205 3947 5275 dignos
3978 5223 3991 5258 :

2634 5285 2946 5343 Pontificem
2985 5291 3144 5359 sacris
3173 5300 3504 5360 assumptum
3534 5295 3742 5358 respice
3764 5302 3996 5364 patrem.

2632 5373 2874 5445 Cumque
2902 5377 2996 5431 tibi
3022 5379 3236 5448 genitor
3263 5379 3348 5434 vel
3381 5382 3679 5438 avunculus
3706 5383 3939 5454 undique
3968 5389 4148 5458 magni

2637 5467 2764 5522 Post
2790 5467 2962 5524 fasces
2987 5473 3230 5538 placeant
3259 5472 3575 5542 populorum
3603 5489 3817 5530 sumere
3845 5475 4067 5542 fascem.

2635 5557 2860 5627 Suscipe
2887 5574 3022 5625 quos
3051 5561 3280 5618 humiles
3311 5570 3517 5631 patrum
3542 5564 3609 5620 ad
3639 5569 3905 5623 consortia
3943 5568 4111 5628 fratre

2634 5647 2827 5728 Officio
2852 5649 3056 5705 simiies
3083 5660 3302 5707 nectens
3329 5651 3564 5710 Ecclesia
3592 5654 3786 5723 iunxit.

2641 5738 2747 5795 Pro
2767 5738 2960 5810 quibus
2987 5742 3228 5799 assiduas
3249 5740 3465 5801 Christo
3491 5745 3798 5816 persolvere
3829 5757 4030 5819 grates,
