4316 6416
883 399 986 455 383

1653 387 1744 442 AD
1781 378 2291 443 SIBMONDIANA.“
2332 376 2514 432 AVITI
2555 375 2918 433 EDITIONEM
2958 375 3380 436 AUCTARIUM.

4020 385 4125 439 581

882 531 970 574 aut
991 531 1219 577 uxorem.
1241 522 1330 568 aut
1360 512 1515 582 ﬁlios,
1540 520 1625 562 aut
1654 523 1802 578 agros
1818 515 2028 575 prapter
2057 518 2238 556 nomen
2257 514 2447 576 meum,
2481 497 2530 555 Α
2562 508 2770 551 rentum
2802 500 3244 555 consuetudinem
3276 501 3386 554 sive
3410 507 3610 553 sectam
3641 499 3830 553 melius
3854 500 4123 554 credendo

908 608 1169 678 entupfum
1180 605 1390 671 accipiet
1401 645 1414 665 ,
1431 611 1480 656 et
1496 601 1642 655 vitam
1653 608 1892 653 (sternam
1909 594 2199 664 possidebit.
2213 593 2448 661 Namque

887 717 1008 755 cum
1039 701 1093 752 in
1122 695 1411 766 Scripturis
1431 697 1628 748 sanctis
1649 690 1985 745 centenarius
2024 701 2274 742 numerus
2301 685 2442 737 omni

883 790 1211 860 perfectione
1252 797 1488 840 sacratus
1535 781 1625 843 sit,
1653 781 1945 834 discernite
1975 777 2112 842 quod
2156 776 2445 830 reddantur

885 881 939 932 in
962 876 1289 945 centuplum,
1319 889 1421 926 non
1473 885 1592 940 qua:
1645 870 1948 922 tribuuntur
1977 867 2172 920 Christi
2211 865 2443 927 nomine,

884 968 978 1022 sed
1008 982 1124 1036 quae
1154 979 1250 1033 pro
1276 961 1468 1016 Christi
1503 961 1717 1013 nomine
1748 961 2147 1026 relinquuntur:
2181 956 2300 1024 quia
2327 955 2452 1008 licet

886 1070 1076 1124 magna
1101 1054 1351 1109 salutaris
1381 1054 1553 1121 prosit
1579 1066 1784 1104 merces
1831 1049 2183 1116 eleemosynte
2205 1087 2218 1109 ,
2249 1047 2452 1098 incom-

885 1145 1191 1213 parabiliter
1223 1153 1398 1198 tamen
1439 1143 1612 1209 majus
1636 1152 1718 1196 est
1755 1139 1930 1193 omnia
1971 1138 2260 1199 dimittere,
2291 1151 2448 1204 quam

885 1237 1110 1304 plurima
1137 1236 1467 1304 dispensare.
1510 1234 1767 1298 Quocirca
1813 1230 2028 1284 deﬁniat
2073 1230 2240 1297 gloria
2271 1241 2450 1283 vestra

885 1326 952 1380 de
971 1327 1086 1380 solo
1116 1325 1252 1379 istud
1279 1324 1531 1393 martyrio
1562 1321 1859 1390 prmdicari,
1891 1321 2044 1386 cujus
2086 1335 2301 1373 corona:
2329 1321 2449 1374 nul-

890 1418 998 1470 lum
1032 1417 1243 1485 penitus
1268 1416 1509 1466 meritum
1545 1411 1755 1464 humani
1784 1413 1964 1477 operis
1991 1420 2319 1478 exmquntur.
2350 1410 2453 1464 Iste

885 1515 972 1558 est
994 1503 1313 1558 centesimus
1359 1500 1562 1555 fructus
1590 1502 1678 1568 qui
1715 1502 1763 1553 in
1805 1500 2006 1552 futuro
2031 1499 2245 1568 quidem
2287 1500 2449 1554 vitam

886 1604 1138 1649 aeternam
1177 1603 1469 1660 exspectat,
1501 1592 1594 1644 sed
1644 1593 1693 1643 in
1727 1591 1976 1660 praesenti
2007 1606 2216 1660 quoque
2248 1592 2451 1646 saeculo

885 1683 1058 1738 illatas
1083 1683 1400 1753 martyribus
1422 1683 1770 1736 contumelias
1791 1681 2071 1736 mirificato
2093 1681 2292 1737 honore
2306 1696 2454 1737 com-

881 1781 1089 1843 pensat.
1123 1771 1274 1827 Unde
1300 1781 1353 1824 et
1380 1771 1486 1826 alio
1511 1771 1782 1840 Evangelii
1806 1771 1924 1825 loco
1951 1771 2248 1825 dominicus
2273 1786 2452 1826 sermo

2554 600 2867 657 commutet,
2918 605 3015 644 nec
3068 599 3312 646 teneatur
3361 591 3636 660 privilegio
3683 591 4118 659 consuetudinis,

2552 695 2674 735 cum
2708 683 2905 738 veritas
2933 693 3180 748 provocat
3211 683 3277 736 ad
3310 683 3647 737 dilectionem
3675 681 3878 746 salutis,
3920 683 4120 737 utiliter

2555 771 2640 826 hic
2697 781 2977 842 parentes,
3029 775 3221 826 fratres
3245 812 3262 836 ,
3302 787 3624 841 sororesque
3670 770 3892 826 dimittit
3925 787 3941 824 :
3973 771 4121 825 velut

2552 861 2820 916 Abraham
2850 862 3026 928 dives,
3057 863 3146 931 qui
3175 862 3382 916 cunctis
3403 860 3709 917 cm'estibus
3733 861 3886 915 donis
3915 858 4117 926 fruens,

2559 951 2702 1016 filiis,
2733 952 2964 1016 famulis,
2997 968 3151 1018 auro,
3188 964 3430 1023 argento,
3479 954 3816 1022 patrimonio,
3847 952 4119 1008 matrimo-

2553 1046 2644 1099 nio
2674 1056 2817 1099 recte
2840 1059 2988 1109 usus,
3039 1049 3225 1113 patri-1e
3270 1061 3329 1101 se
3374 1054 3549 1101 tamen
3597 1053 3653 1100 et
3679 1046 3974 1115 cognationi
4003 1060 4116 1099 sua:

2557 1144 2686 1188 voto
2714 1136 2980 1189 mutandae
3001 1136 3277 1204 religionis
3302 1137 3562 1201 excussit,
3583 1148 3648 1191 'et
3674 1135 3980 1190 imminente
4001 1135 4110 1201 jam

2553 1227 2722 1289 senio,
2754 1226 2963 1295 signum
2990 1227 3414 1282 circumcisionis
3443 1242 3548 1297 quo
3588 1227 3957 1283 Christianitas
3975 1225 4112 1295 figu-

2553 1319 2791 1384 rabatur,
2823 1319 3114 1385 accipiens,
3149 1327 3428 1388 provectos
3472 1319 3583 1388 jam
3632 1333 3726 1386 per
3753 1326 3959 1372 atatem
3986 1331 4118 1371 con-

2553 1409 2799 1463 versione
2847 1425 3042 1478 pueros
3074 1409 3188 1464 ﬁeri
3241 1425 3396 1476 posse
3429 1411 3765 1476 prmmonuit.
3816 1409 3891 1464 De
3927 1408 4118 1476 quibus.

2553 1507 2604 1550 et
2619 1497 2959 1564 propheticus
2984 1513 3190 1553 sermo:
3220 1498 3379 1563 Puer,
3411 1498 3603 1567 inquit,
3636 1509 3832 1552 centum
3857 1513 4112 1550 annorum

2555 1590 2799 1642 morietur
2827 1587 2983 1657 (Isai.
3013 1605 3140 1657 ιη,
3174 1590 3307 1658 20):
3350 1591 3401 1645 id
3429 1600 3512 1646 est
3549 1590 3852 1658 centuplum
3895 1589 4120 1658 accipiet

2554 1677 2694 1746 quod
2720 1693 2850 1746 puer
2877 1678 3049 1733 factus
3077 1688 3198 1746 est;
3248 1695 3406 1750 quem
3439 1680 3657 1749 prasfata
3687 1680 3878 1748 sacrati
3915 1678 4122 1733 numeri

2557 1767 2854 1835 pluralitate
2886 1777 3252 1838 prtestantem,
3300 1771 3442 1824 sicut
3485 1778 3641 1824 aetate
3680 1775 3883 1821 matura
3909 1767 4122 1822 vivendi

885 1871 1108 1917 testatur
1134 1862 1276 1930 quod
1308 1863 1372 1914 ad
1402 1861 1766 1914 centenariam
1789 1859 1994 1930 frugem
2031 1861 2228 1914 cadens
2256 1861 2307 1914 in
2335 1871 2446 1916 ter-
2479 1851 2527 1910 Β
2555 1859 2760 1912 novitas
2792 1859 2919 1914 fecit
2941 1854 3285 1928 puerum,sie
3310 1861 3573 1916 custodita
3603 1859 3883 1916 renovatio
3905 1857 4123 1924 immor-

884 1965 997 2005 ram
1025 1952 1218 2005 bonam
1247 1951 1461 2004 nutritae
1490 1952 1747 2006 sementis
1773 1965 1990 2019 germen
2013 1952 2223 2005 exierit.
2254 1952 2453 2006 Paren-

884 2051 966 2099 tes
995 2058 1142 2112 ergo.
1174 2057 1418 2108 uxorem,
1449 2041 1535 2096 vel
1567 2042 1723 2105 ﬁlios,
1755 2043 1868 2096 sive
1915 2042 2108 2097 fratres
2137 2058 2231 2110 pro
2255 2042 2453 2098 Christi

884 2142 1087 2188 tantum
1114 2141 1395 2188 consecrat
1434 2133 1646 2187 nomine
1669 2132 2065 2202 relinquendos,
2100 2133 2149 2185 id
2197 2142 2299 2194 est,
2331 2149 2452 2189 cum

883 2238 980 2291 pro
995 2224 1279 2279 asserenda
1293 2224 1518 2277 nominis
1540 2222 1900 2288 confessione,
1916 2237 2018 2276 non
2040 2231 2240 2276 tantum
2266 2223 2450 2293 hujus-

881 2313 1024 2368 modi
1049 2315 1517 2378 necessitudinum,
1566 2316 1657 2368 sed
1701 2315 1998 2370 animarum
2039 2331 2253 2386 quoque
2298 2318 2452 2372 nobis

880 2417 1274 2472 corporumque
1306 2405 1546 2458 facienda
1570 2391 1781 2474 jactura
1805 2407 1897 2460 sit.
1952 2406 2027 2461 De
2062 2421 2166 2475 qua
2193 2409 2453 2464 divisione

879 2492 1020 2548 idem
1055 2494 1307 2548 Dominus
1335 2495 1439 2550 alio
1465 2496 1581 2549 loco
1611 2512 1624 2548 :
1657 2496 1806 2561 Veni,
1839 2497 2030 2566 inquit,
2059 2515 2294 2569 separare
2317 2501 2454 2568 ﬁlios

881 2581 1122 2639 adversus
1145 2595 1397 2654 parentes,
1423 2601 1606 2637 nurum
1635 2586 1875 2640 adversus
1907 2603 2108 2666 aegrum
2143 2588 2356 2661 (Matth.
2392 2607 2450 2658 ι,

879 2670 973 2739 35)
1000 2689 1014 2724 :
1049 2671 1098 2724 id
1123 2683 1225 2733 est.
1261 2682 1318 2727 ut
1345 2675 1700 2743 quorumlibet
1731 2674 2012 2730 affectuum
2043 2673 2310 2746 personas,
2337 2689 2456 2736 ten-

881 2761 1128 2818 dentibus
1169 2764 1321 2818 nobis
1351 2765 1414 2817 ad
1439 2765 1730 2833 Christum,
1780 2769 1824 2821 si
1870 2756 2112 2824 comitari
2157 2771 2449 2842 noluerint,

879 2852 1216 2906 deserantur.
1245 2854 1485 2921 Excepto
1515 2862 1690 2909 autem
1735 2856 1835 2910 hoc
1865 2871 2050 2922 sensu,
2079 2861 2450 2930 propinquita-

879 2949 962 2996 tes
989 2942 1116 2996 istas
1140 2958 1242 2997 nou
1295 2959 1508 3012 semper
1555 2947 1704 3000 nobis
1731 2955 1789 3000 ut
1827 2947 2204 3016 praejudicatns
2249 2952 2450 3007 debere

881 3031 1095 3093 dimitti,
1119 3041 1166 3086 et
1195 3035 1452 3102 exemplis
1497 3044 1550 3088 et
1599 3037 1806 3090 ratione
1850 3038 2137 3106 colligitur.
2169 3041 2277 3094 Nec
2308 3043 2449 3095 enim

2557 1949 2677 2002 talis
2698 1949 2856 2004 faciet
2883 1951 3218 2020 longaevitate
3237 1951 3553 2016 profectum.

3117 2039 3445 2096 EPISTOLA
3489 2040 3550 2093 ll.

2589 2146 2741 2185 ΒΕΔΤΙ
2782 2145 2925 2185 Ανιτῐ
2962 2145 3190 2185 EPISCOPI
3221 2149 3285 2185 Δῐὶ
3316 2145 3609 2185 ιιιυετκειι
3641 2145 3804 2186 VIIUI
3844 2145 4082 2186 AIIGII‘I.

2622 2220 2810 2274 Avitus
2836 2221 3121 2290 episcopus
3144 2223 3254 2274 viro
3284 2221 3447 2274 illustt
3463 2223 3646 2275 issimo
3669 2220 3870 2290 Arigio.

2626 2311 2751 2367 Scio
2778 2312 2992 2382 quidem
3040 2323 3251 2380 quanta:
3278 2313 3578 2367 dev0tionis
3606 2312 3796 2367 aﬂectu
3833 2312 3910 2368 ire
3938 2324 4025 2366 me
4051 2312 4119 2366 ad

2553 2400 2685 2455 festa
2715 2406 3017 2457 communia
3066 2403 3332 2470 voluistis,
3363 2413 3728 2459 verumtamen
3779 2403 3847 2457 ita
3879 2411 3936 2456 ut
3961 2417 4120 2472 quem

2554 2496 2856 2561 gavisurum
2883 2493 3251 2548 tantummodo
3279 2493 3575 2557 vobiscum,
3625 2510 3727 2548 non
3761 2493 3957 2562 aliquid
4001 2509 4122 2559 pro-

2557 2583 2817 2650 futurum,
2840 2583 3061 2638 credere
3089 2579 3403 2638 debueritis.
3443 2586 3571 2636 Nam
3597 2600 3716 2637 cum
3750 2584 3898 2638 vobis
3937 2598 4121 2638 sacer-

2555 2672 2710 2726 dotes
2750 2681 2805 2728 et
2832 2677 3006 2742 magni
3040 2674 3232 2728 merito
3259 2684 3313 2728 et
3351 2675 3498 2729 multi
3531 2689 3752 2727 numero
3779 2673 3935 2743 digne
3961 2683 4121 2742 atque

2553 2765 2851 2818 ambienter
2887 2766 3242 2829 occurrerint,
3277 2780 3376 2834 ego
3423 2769 3572 2819 so'us
3599 2763 3795 2820 damno
3837 2765 4118 2834 percellor,

2551 2854 2640 2923 qui
2667 2855 2957 2923 singularis
2994 2855 3201 2922 patroni
3233 2855 3439 2925 gandi's
3469 2855 3727 2911 interesse
3757 2870 3859 2908 non
3891 2870 4120 2910 mereor.

2552 2946 2759 3010 Quibus
2779 2946 2822 2999 si
2857 2949 3139 3013 prre~entia
3170 2962 3286 3000 mea
3327 2945 3619 3001 secundum
3649 2945 3970 3000 desiderium
4001 2960 4124 3014 pro-

2553 3034 2811 3098 venisset,
2842 3035 2980 3089 sicut
3000 3045 3309 3104 Optaveram
3333 3037 3400 3091 de
3427 3036 3584 3091 laude
3611 3036 3739 3090 tanti
3767 3037 3943 3105 operis
3961 3051 4124 3106 quos-

881 3133 935 3176 et
967 3123 1041 3176 illi
1075 3126 1352 3194 propinqui
1375 3125 1679 3181 dimittendi
1705 3138 1851 3195 sunt,
1885 3131 1972 3199 qu’i
1999 3131 2064 3184 ad
2091 3132 2340 3188 etelestes
2361 3149 2451 3188 co-
2494 3195 2521 3199 _
2555 3137 2764 3195 ουηψιε
2789 3125 2936 3197 άῑεηί
2958 3129 3222 3182 sermonis
3251 3127 3486 3182 alldimm
3509 3171 3524 3195 ν
3556 3127 3646 3195 (illi
3669 3129 3917 3182 omnibus
3957 3143 4124 3182 ηιθω·

883 3227 1043 3266 ronas
1094 3222 1402 3283 contemptu
1457 3218 1636 3270 saeculi
1673 3217 1874 3272 calcata
1903 3195 2106 3276 'mnrte
2161 3221 2448 3289 festinam;
2478 3195 2525 3258 ο
2559 3216 2669 3270 bris
2695 3195 2909 3272 fabricze
2937 3217 3181 3273 sublimis
3208 3219 3478 3286 inspectis.
3507 3229 3862 3288 congruenter
3906 3227 4124 3288 possent

883 3319 1053 3372 neque
1097 3306 1323 3360 suadere
1379 3305 1625 3361 fidelibus
1669 3323 1952 3377 possumus
1979 3320 2034 3363 ut
2085 3312 2329 3382 coniugia
2369 3315 2451 3370 vel

881 3404 1131 3463 parentes
1161 3395 1433 3465 abjiciant,
1463 3411 1582 3451 cum
1632 3398 1888 3454 Dominus
1931 3400 2129 3454 clamet
2165 3403 2303 3471 quod
2345 3421 2449 3459 non

882 3487 1036 3542 liceat
1067 3487 1268 3543 homini
1297 3488 1563 3542 dimittere
1593 3504 1836 3544 uxorem.
1885 3489 1952 3544 Et
1994 3495 2130 3558 quod
2174 3494 2332 3559 Deus,
2366 3497 2450 3550 in-

881 3577 1014 3645 quit,
1069 3579 1354 3647 conjunxit,
1407 3581 1556 3632 Itomo
1586 3596 1686 3634 non
1739 3590 1934 3651 separet
1990 3583 2202 3652 (Matth.
2245 3603 2353 3652 xix,
2383 3589 2450 3651 6;

883 3667 1052 3721 Marc.
1076 3685 1130 3733 x,
1161 3669 1237 3738 9).
1270 3669 1642 3739 EtApostolus
1671 3681 1996 3739 protestetur
2031 3674 2080 3741 (ι
2103 3675 2238 3730 Tim.
2294 3694 2347 3741 v,
2394 3679 2451 3750 8)

881 3758 1020 3826 quod
1047 3758 1270 3826 quisuis
1299 3769 1353 3814 et
1384 3761 1615 3815 maxime
1646 3763 1959 3833 pr0pinquis
1992 3767 2257 3834 providet,
2291 3767 2448 3822 ﬁdem

880 3858 1055 3918 neget,
1083 3848 1260 3918 sitque
1289 3849 1527 3906 deterior
1554 3852 1774 3908 inﬁdeli.
1805 3855 2086 3912 Dominum
2116 3858 2327 3927 Petrus,
2353 3860 2452 3917 Pe-

881 3949 1020 3994 trum
1051 3942 1250 4007 conjnx
1299 3943 1509 4010 propria
1556 3945 1898 4014 sequebatur.
1955 3947 2209 4004 Cessante
2245 3953 2449 4007 carnali

879 4045 999 4094 usu,
1027 4031 1275 4084 manebat
1316 4033 1557 4098 spiritale
1605 4034 1874 4088 solatium.
1942 4036 2007 4089 Et
2061 4039 2352 4094 comitante
2394 4055 2453 4096 se

880 4120 1091 4173 Antlrea
1112 4135 1393 4189 germano,
1422 4136 1519 4176 nec
1549 4121 1766 4176 fratrem
1791 4139 1888 4179 nec
1907 4141 2125 4180 uxorem
2149 4127 2450 4196 dimiserat,

878 4210 930 4264 in
963 4224 1186 4278 quorum
1238 4212 1589 4267 contubernio
1617 4211 1816 4269 Christi
1842 4218 2084 4286 veSIigiis
2117 4219 2449 4277 adhterebat.

875 4298 1214 4369 Quapropter
1239 4317 1494 4369 personas
1523 4302 1824 4373 hujusmodi
1869 4321 1974 4361 non
2021 4308 2211 4365 obesse
2267 4312 2446 4379 nobis,

875 4391 970 4444 sed
993 4391 1248 4460 impedire
1273 4395 1564 4450 timendum
1595 4407 1698 4452 est.
1717 4398 1846 4452 Nam
1873 4414 1994 4453 cum
2022 4402 2244 4456 omnino
2276 4403 2450 4458 homi-

878 4497 1003 4536 num
1036 4485 1235 4552 generi,
1295 4487 1491 4549 ordini,
1542 4488 1784 4557 dignitati
1837 4489 2184 4546 obtinendum
2229 4493 2449 4549 caeleste

2558 3307 2823 3376 ascribere
2843 3309 3105 3363 conditori
3126 3309 3179 3362 in
3205 3309 3608 3377 dispositionum
3629 3309 3884 3378 qualitate
3903 3309 4120 3378 elegan-

2555 3398 2704 3462 tiam,
2733 3401 2783 3453 in
2806 3386 3160 3466 éxpensarum
3195 3401 3500 3466 prolusione
3521 3401 3803 3469 jacturam,
3837 3401 3888 3452 in
3917 3399 4122 3454 dimen-

2553 3489 2762 3543 sionum
2792 3493 2996 3545 ratione
3017 3493 3382 3555 concordiam,
3403 3492 3454 3544 in
3478 3491 3663 3559 spatiis
3681 3490 4040 3554 dimisionem,
4068 3491 4118 3544 in

2554 3581 2874 3638 culminibus
2916 3581 3325 3646 celsitudinem,
3367 3585 3418 3635 in
3451 3581 3748 3636 humilitate
3783 3582 4118 3646 ﬁrmitatem,

2554 3675 2794 3743 espolire
2847 3676 3128 3743 praeconiis
3177 3688 3501 3728 marmorum
3549 3672 3878 3744 dignitatem,
3930 3673 4122 3742 quibus

2552 3777 2884 3832 gemmarum
2916 3778 3113 3818 nomen
3140 3763 3253 3818 sola
3299 3761 3680 3833 magnitudinis
3711 3761 3858 3816 tollat
3881 3761 4076 3817 invidia
4102 3803 4119 3829 ,

2551 3855 2835 3908 collectum
2865 3853 3096 3920 quodam
3147 3853 3305 3908 modo
3345 3861 3503 3923 atque
3554 3853 3815 3907 inclusum
3861 3852 4119 3907 industria

2551 3944 2712 4010 diem,
2733 3945 3095 4001 emolumento
3117 3946 3450 3999 metallorum
3473 3945 3865 4013 splendentium
3895 3945 4012 3999 luce
4031 3960 4121 4000 ve-

2552 4037 2749 4104 getari,
2797 4036 2987 4105 hisque
3026 4037 3274 4091 omnibus
3325 4039 3534 4107 pompis
3579 4037 3737 4107 digne
3783 4036 3963 4091 inferri
3994 4035 4119 4091 reli-

2553 4127 2722 4196 quias,
2747 4127 2937 4196 quibus
2960 4127 3190 4182 mundus
3218 4128 3460 4198 indignus
3483 4136 3583 4182 est.
3611 4128 3734 4182 Haec
3763 4129 3921 4196 igitur
3941 4142 4106 4196 exag-

2551 4217 2784 4289 geranda
2830 4219 3137 4275 melioribus
3162 4219 3284 4289 jure
3321 4235 3713 4275 concesseram.
3743 4219 4118 4275 Verumtamen

2552 4309 2877 4378 peculiarem
2909 4310 3009 4364 sibi
3040 4310 3342 4364 mercedem
3372 4324 3525 4363 suam
3569 4325 3748 4364 sermo
3776 4324 3926 4364 meus
3950 4308 4122 4364 fuerat

2551 4401 2934 4468 vindicaturus,
2965 4401 3205 4455 recolens
3229 4401 3410 4469 utique
3433 4411 3640 4468 tempus
3663 4401 3790 4455 illud
3815 4399 3954 4470 quod
3982 4400 4121 4453 inter

2551 4493 2875 4548 saevissimas
2897 4493 3354 4562 perturbationum
3379 4493 3670 4560 procellas,
3699 4507 3818 4547 cum
3841 4493 3959 4547 facti
3988 4509 4120 4560 ope-

877 4585 1097 4641 regnum
1125 4574 1342 4630 divinus
1361 4591 1536 4631 sermo
1557 4555 1840 4646 preponat,
1861 4588 1944 4634 est
1968 4583 2283 4637 temerarius
2312 4599 2448 4652 praa-
2473 4555 2529 4616 D
2553 4582 2630 4636 ris
2662 4582 2866 4635 ﬁrmam
2890 4555 3212 4636 soliditatem
3244 4555 3392 4647 quasi
3425 4555 3808 4650 gubernatores
3850 4555 4117 4636 invictiad

871 4661 1102 4742 pdicator,
1134 4665 1440 4725 necessitati
1489 4668 1789 4736 principum
1833 4684 1952 4738 qua:
1983 4685 2204 4739 regnum
2252 4672 2446 4728 divinis

877 4751 1093 4806 nutibus
1146 4754 1502 4823 administrat,
1550 4756 1595 4810 si
1643 4758 1822 4812 omnia
1858 4773 1980 4829 qua:
2027 4774 2188 4828 supra
2215 4760 2445 4816 diximus

878 4843 1220 4914 relinquenda
1277 4851 1541 4913 suaserit;
1580 4864 1701 4906 cum
1760 4861 1938 4906 tamen
1988 4852 2148 4907 etiam
2203 4857 2446 4923 personis

879 4932 1037 5002 hujus
1064 4935 1315 4990 culminis
1343 4949 1678 5008 contemptus
1706 4940 1888 4995 mundi
1918 4943 2152 5013 suggeri,
2185 4955 2240 5000 et
2277 4946 2444 5000 caelo-

878 5035 994 5074 rum
1017 5038 1237 5092 regnum
1256 5027 1571 5093 repromitti,
1598 5031 1872 5097 Apostolo,
1891 5032 2026 5085 sicut
2043 5033 2300 5101 recolitis,
2326 5050 2443 5104 pro-

879 5123 1105 5169 testante
1141 5117 1491 5187 locupletibus
1517 5121 1565 5192 (1
1604 5122 1735 5178 Tim.
1762 5140 1834 5189 Vl,
1892 5123 2105 5195 i7-f9),
2149 5135 2205 5182 ut
2251 5127 2445 5182 divites

878 5205 982 5258 sint
1010 5207 1058 5258 in
1083 5208 1332 5273 omnibus
1357 5210 1531 5275 bonis,
1555 5225 1606 5266 et
1633 5214 1988 5268 thesaurizeut
2008 5216 2105 5270 sibi
2133 5217 2444 5272 fundamen-

879 5306 986 5349 tum
1020 5298 1236 5363 bonum,
1273 5313 1328 5353 ut
1356 5304 1754 5371 apprehendant
1786 5322 1961 5361 veram
2008 5311 2189 5362 vitam.
2241 5311 2443 5377 Quisz

878 5388 1163 5441 secundum
1195 5393 1328 5445 hanc
1356 5397 1667 5450 sententiam
1696 5413 1939 5467 agrorum
1963 5401 2075 5455 sive
2099 5401 2361 5456 redituum
2388 5412 2438 5456 tl

881 5479 1131 5540 prodesse
1158 5495 1286 5534 usus
1318 5484 1528 5549 poterit,
1555 5487 1595 5538 si
1623 5503 1724 5540 non
1759 5491 2000 5544 nocuerit
2028 5493 2316 5560 appetitus.
2351 5494 2443 5548 Est

882 5577 1056 5620 tamen
1109 5579 1161 5624 et
1196 5573 1336 5624 aliud
1384 5577 1681 5632 sanctitatis
1708 5595 1890 5648 genus,
1933 5583 1984 5635 in
2013 5597 2118 5650 quo
2158 5585 2201 5636 si
2233 5593 2442 5651 tempus

883 5662 1262 5719 persecutionis
1319 5662 1572 5729 assistat,
1616 5673 1925 5739 martyrium
1962 5673 2224 5741 quoddam
2282 5675 2438 5743 plena

874 5744 1139 5800 confessio
1161 5760 1316 5818 queat
1341 5752 1557 5809 imitari.
1601 5758 1654 5812 Si
1697 5762 1817 5829 quis
1861 5763 2001 5816 enim
2033 5765 2299 5833 antiquam
2335 5780 2431 5834 pa-

2552 4672 2902 4728 dedicationis
2925 4684 3137 4742 portum
3163 4672 3714 4726 circumstridentibns
3738 4673 3968 4740 undique
3990 4687 4120 4724 nau—

2551 4764 2840 4834 fragiorum
2868 4765 3082 4819 casibus
3123 4765 3341 4834 impune
3368 4765 3625 4830 duxisti-=,
3657 4781 3762 4827 me,
3796 4778 3847 4818 ut
3879 4781 3941 4819 ex
3972 4780 4118 4820 com-

2551 4857 2697 4910 muni
2752 4858 3070 4912 necessitate
3125 4859 3387 4922 recolitis,
3441 4873 3535 4924 pro
3586 4857 3794 4925 gaudiis
3850 4857 4118 4927 lacrymas

2551 4949 2882 5017 dependente
2906 4949 3024 5004 :cui
3057 4963 3177 5002 cum
3211 4949 3382 5017 ipsqu
3409 4957 3742 5017 praematura:
3765 4949 4117 5001 innovationis

2553 5040 3065 5105 ardore,causarum
3107 5043 3314 5095 ratione
3343 5041 3554 5103 librata,
3583 5053 3688 5092 non
3720 5038 3896 5092 minus
3925 5053 4118 5106 conge-

2553 5146 2670 5184 rere
2696 5133 2894 5186 suadeo
2914 5146 3070 5200 quam
3124 5132 3402 5199 plangere:
3434 5130 3554 5197 quia
3586 5145 3689 5183 non
3716 5137 3773 5183 ut
3811 5139 3989 5198 nuptas
4026 5130 4117 5182 tali

2555 5235 2752 5287 Sponso
2773 5222 2857 5276 cui
2891 5231 3039 5289 pacta
3088 5221 3278 5286 fuerat,
3322 5221 3754 5289 qualitercunque
3791 5218 4112 5289 jungendrc,

2553 5313 2652 5366 etsi
2691 5315 2818 5366 satis
2862 5313 3306 5367 desiderabantur
3351 5321 3642 5366 strumenta
3691 5311 3947 5374 cultuum,
4000 5309 4118 5376 plus

2555 5413 2729 5456 tamen
2779 5403 3050 5457 formidari
3101 5402 3338 5471 oportuit
3391 5402 3496 5456 tela
3526 5411 3821 5470 raptorum.
3857 5400 4114 5466 Quocirca

2551 5492 2634 5545 his
2681 5493 2924 5547 omnibus
2954 5493 3180 5546 consilio
3228 5495 3485 5561 pensatis,
3531 5495 3776 5546 mutastis
3819 5490 3918 5554 viri
3973 5489 4117 5543 forts

2549 5583 2864 5638 constantia:
2884 5599 3070 5652 genus,
3085 5595 3138 5640 et
3154 5584 3478 5652 deponentes
3499 5600 3603 5654 quo
3621 5583 3919 5651 adpessitne
3938 5581 4118 5653 [Forte

2547 5676 2825 5745 aptissimel
2854 5676 3055 5732 floretis
3089 5677 3364 5732 stecularis
3390 5677 3613 5731 ducatus
3644 5673 3942 5740 audaciam,
3969 5673 4115 5741 quid-

2547 5767 2670 5837 quid
2697 5767 2764 5822 al)
2787 5767 3006 5823 adversa
3041 5778 3187 5838 parte
3215 5768 3536 5823 discriminis
3566 5767 3906 5836 incubuerat,
3933 5766 4117 5820 timore
