4316 6412
422 415 528 471 585

968 410 1024 466 S.
1070 408 1254 465 AVITI
1294 406 1720 463 FRAGMENTA
1762 407 1939 463 LIBRI
1983 408 2073 463 DE
2114 405 2510 463 DIVINITATE
2550 404 2866 463 SPIIllTC’S
2904 404 3169 461 SANCTI.

3613 408 3721 463 586

422 527 645 586 viciSlis.
671 528 1011 597 Quapropter
1032 527 1207 581 omnis
1233 526 1321 595 qui
1354 524 1548 579 viderit
1568 538 1750 578 coram
1780 526 2005 591 positam
2036 529 2090 587 Α
2116 522 2417 577 absentium
2437 532 2695 591 estquam
2709 521 3057 590 prtesentium
3074 518 3717 594 ofﬁciiscelebrate(sic).

415 620 825 689 jocunditatem,
856 619 1035 673 laudet
1060 617 1385 688 pmteritam
1414 616 1838 671 festinationem.
1871 616 2012 670 Con-

418 708 569 763 venit
595 698 1038 779 dispositionibus
1066 707 1258 763 vestris
1286 720 1436 776 rapta
1477 708 1546 760 de
1573 704 1900 761 adversitate
1931 720 2014 759 sea.

417 805 640 856 caritas.
674 799 813 856 Ante
830 802 1007 855 decuit
1036 809 1275 855 nostrum
1301 801 1439 867 fieri,
1464 800 1608 869 quod
1633 798 1810 853 taliter
1840 800 2011 854 libue-

416 901 502 946 rat
522 894 721 947 ornari.
760 893 871 961 Ego
919 901 1096 945 autem
1131 902 1191 947 ut
1234 891 1424 945 borum
1456 891 1618 943 modo
1654 891 1860 944 visione
1901 905 2011 944 non

422 987 685 1053 perfruar,
716 996 768 1040 et
799 1003 918 1053 qua:
947 1002 1107 1040 causa
1133 986 1320 1051 faciat,
1363 994 1420 1040 et
1450 984 1659 1039 nobiles
1688 983 1923 1053 patroni,
1955 992 2013 1038 et

414 1081 600 1145 quales
625 1077 836 1144 arbitri,
870 1078 1077 1132 etiamsi
1128 1086 1398 1144 taceatur,
1430 1074 1729 1130 advertitis.
1756 1075 2011 1144 Aposto-

419 1172 593 1225 lorum
618 1184 848 1237 namque
870 1170 1132 1223 festivitas
1154 1169 1550 1223 Viennensibus
1569 1167 1788 1236 quidem
1812 1168 2007 1222 vestris

413 1263 556 1316 inter
584 1277 818 1316 annuum
860 1260 1174 1331 martyrium
1205 1260 1319 1315 dies
1362 1258 1615 1327 peculiari
1642 1258 1821 1313 studio
1849 1258 2000 1314 vivit.

412 1352 597 1407 Habeo
648 1353 989 1421 pmsentiam
1042 1352 1290 1419 tempori,
1334 1366 1443 1420 quo
1496 1350 1602 1405 diei
1632 1351 1897 1418 passionis
1925 1350 2005 1403 fa-

411 1444 632 1498 brieulre
660 1458 819 1511 quam
852 1444 1023 1497 nostis
1068 1443 1282 1497 videtur
1311 1442 1546 1511 iniuncta
1590 1455 1711 1496 esse
1732 1440 2002 1496 dedicatio

412 1537 650 1589 virorum
672 1578 687 1602 ,
721 1536 846 1605 quia
878 1536 1012 1590 nihil
1056 1546 1139 1591 est
1172 1536 1238 1589 ad
1280 1535 1419 1603 quod
1444 1536 1682 1589 animum
1708 1549 1885 1589 meum
1911 1549 2003 1590 ve-

410 1636 525 1679 ster
555 1626 829 1680 destinare
875 1640 980 1681 non
1014 1628 1184 1697 possit
1228 1628 1473 1680 allectus.
1521 1626 1799 1679 Excusans
1834 1625 2001 1694 plebi-

409 1715 549 1768 cnlte
593 1715 927 1781 absentiam,
961 1732 1133 1772 meam
1182 1727 1567 1784 anteponerem
1624 1715 2001 1770 consuetudini

409 1804 864 1875 singularitatem,
899 1806 1024 1870 nisi,
1051 1817 1105 1860 ut
1137 1806 1326 1873 nostis,
1377 1809 1427 1860 iu
1455 1806 1585 1874 ip~is
1617 1807 2000 1874 paenitentibus

404 1873 607 1952 nostris
638 1898 815 1953 fervor
842 1907 1101 1968 appetens
1130 1897 1315 1953 vitium
1359 1873 1592 1953 vicinum
1621 1873 1714 1951 diu
1747 1900 2003 1953 formaret
2036 1893 2083 1951 B
2112 1873 2349 1930 “emes”

409 1996 571 2055 atque
597 1990 913 2057 strepitum;
943 2002 1062 2043 cum
1085 2004 1115 2043 e
1146 1988 1343 2043 nostris
1365 1989 1586 2043 ambitio
1608 1989 1839 2055 aliquos,
1862 1989 1999 2042 alios

407 2079 719 2134 sollicitudo
754 2079 1150 2135 adolescentior
1174 2122 1189 2146 ,
1226 2080 1423 2133 multos
1464 2080 1585 2149 gula
1621 2089 1849 2135 tractura
1907 2084 1997 2135 sit.

407 2169 619 2224 Veritus
647 2184 765 2224 sum
795 2185 863 2225 ne
909 2169 1047 2225 forte
1086 2172 1130 2224 si
1164 2171 1245 2227 vel
1294 2186 1491 2240 paucos
1534 2173 1623 2239 qui
1649 2172 1825 2227 forent
1862 2185 1999 2242 quos

404 2263 580 2318 aliena
636 2262 1001 2331 declinantes,
1052 2279 1166 2319 sua:
1218 2265 1387 2333 magis
1432 2264 1710 2319 festivitati
1759 2265 1997 2319 studium

403 2354 831 2409 mansuetudinis
876 2364 1212 2426 aggregarct,
1264 2356 1403 2423 apud
1434 2356 1642 2425 aliquos
1672 2356 1908 2423 animus,
1940 2367 2002 2412 ut

399 2446 541 2500 solet
566 2446 618 2499 in
642 2446 732 2500 tali
760 2447 1080 2511 turbatione,
1110 2456 1286 2501 motus
1306 2448 1389 2501 isti
1411 2448 1559 2515 quasi
1588 2463 1680 2516 per
1701 2447 1998 2503 absentiam

402 2552 601 2602 meam,
649 2552 716 2592 eo
746 2538 835 2593 die
884 2552 1077 2594 cursus
1111 2550 1311 2593 nosme
1363 2540 1663 2596 devotionis
1724 2550 2001 2607 putaretur

401 2626 601 2693 omitti,
630 2642 737 2697 quo
761 2628 988 2683 diversae
1029 2639 1209 2698 partes
1240 2630 1559 2695 videbantur
1589 2631 1815 2685 institui.
1847 2631 2001 2687 Unde

401 2722 804 2777 excusationem
835 2738 1126 2779 meremur.
1156 2726 1211 2782 Si
1244 2728 1503 2780 rationem
1538 2726 1635 2782 rite
1658 2788 1661 2791 λ
1684 2730 1997 2798 agnovistis,

404 2812 688 2881 ignoscite,
736 2829 1074 2871 communem
1108 2817 1453 2872 festivitatem
1494 2821 1889 2888 praeteritorum
1918 2835 2000 2874 re-

404 2905 737 2969 cordatione,
771 2908 1112 2973 prmsentinm
1148 2910 1476 2975 plenitudine
1527 2912 1858 2979 cognoscite,
1893 2922 1998 2965 tam

2117 610 2344 667 Confido
2364 612 2433 667 de
2460 611 2831 667 misericordia
2864 610 2956 666 Dei
2988 610 3157 666 nostri
3202 611 3346 680 quod
3392 612 3557 666 etiam
3588 614 3719 667 mihi

2117 704 2169 758 in
2199 703 2303 759 hoc
2328 708 2449 759 loco
2477 703 2910 773 quandocunque
2936 704 3289 771 opportunius
3318 702 3466 756 verbi
3497 712 3722 770 praesta-

2116 796 2194 848 bit
2222 794 2453 861 aditum,
2478 794 2675 864 quibus
2702 796 2993 864 geminatae
3032 792 3456 847 consecrationis
3482 793 3721 846 ornatio-

2118 901 2229 939 rem
2262 886 2535 940 concessit
2559 885 2832 940 eﬂ'ectum.

2683 995 3019 1052 EPISTULA
3065 996 3150 1050 III.

2188 1127 2346 1165 DEATI
2390 1127 2538 1165 AVITI
2580 1125 2815 1165 EPISCOPI
2858 1127 2923 1163 AD
2964 1124 3280 1163 STEPIIANUH
3323 1122 3641 1162 EPISCOPUII.

2185 1223 2377 1277 Avitus
2403 1223 2689 1290 episc0pus
2716 1220 2993 1289 Stephano
3017 1221 3299 1289 episcOpo.

2183 1314 2314 1368 Post
2344 1322 2583 1367 sanctam
2618 1312 2963 1366 festivitatem
2982 1352 2997 1377 ,
3024 1326 3184 1379 quam
3233 1311 3359 1366 licet
3387 1311 3532 1364 avidi
3562 1320 3723 1380 atque

2111 1404 2283 1469 anxii,
2338 1416 2522 1459 vestro
2567 1412 2747 1457 tamen
2800 1403 3105 1455 interventu
3156 1401 3448 1471 divinaque
3497 1402 3724 1456 tuitione

2113 1498 2497 1564 transivimus,
2532 1494 2717 1549 debito
2764 1491 3054 1546 famulatus
3101 1493 3365 1561 obsequio
3414 1507 3479 1546 ac
3521 1491 3723 1545 sedula:

2108 1588 2493 1643 sollicitudinis
2525 1587 2812 1642 devotione
2842 1588 3130 1649 servimus,
3163 1584 3425 1654 quidquid
3469 1583 3596 1637 illud
3626 1599 3723 1637 no-

2110 1678 2321 1733 biscum
2347 1679 2552 1733 meritas
2592 1678 2901 1746 asperitatis
2930 1686 3044 1741 est,
3088 1676 3250 1730 solari
3298 1684 3519 1741 vestrae,
3562 1690 3722 1743 quant

2113 1770 2257 1823 Dens
2314 1783 2531 1838 semper
2582 1778 2811 1839 augeat,
2868 1766 3249 1837 prosperitatis
3302 1766 3579 1835 agnitione
3624 1779 3721 1819 cu-

2687 1951 3027 2006 EPISTOLA
3065 1948 3154 2005 IV.

2279 2078 2427 2116 .AVITI
2473 2078 2700 2117 EI‘ISCOPI
2742 2080 2808 2117 AD
2860 2076 3164 2118 GREGORIU“
3209 2074 3519 2114 EPISCOI’UH.

2177 2178 2370 2231 Avitus
2400 2177 2689 2247 episcopus
2718 2178 2984 2248 Gregorio
3012 2178 3292 2247 episcopo.

2178 2268 2317 2323 Meis
2350 2269 2530 2337 potius
2553 2268 2768 2323 ascribo
2800 2270 3059 2337 peccatis,
3103 2268 3245 2337 quod
3276 2282 3373 2320 vos
3400 2266 3468 2320 ad
3495 2266 3650 2336 dispo
3682 2267 3725 2319 io

2112 2362 2307 2416 tionem
2348 2362 2605 2431 piissimus
2644 2362 2937 2416 voluntatis
2969 2362 3215 2429 corporis
3255 2359 3591 2428 inaequalitas
3620 2362 3723 2413 im-

2110 2451 2337 2519 pedivit,
2371 2467 2680 2521 quanquam
2717 2461 2977 2507 consueta
3010 2450 3252 2519 dignatio
3282 2449 3524 2503 oratione
3548 2463 3645 2503 nos
3669 2459 3725 2504 et

2107 2544 2390 2598 oblatione
2431 2544 2685 2597 comitata
2738 2544 2827 2595 sit.
2861 2541 3013 2597 Unde
3045 2539 3390 2595 salutationis
3418 2538 3591 2593 oflicia
3622 2554 3718 2607 pa-

2106 2634 2229 2703 gina
2257 2633 2558 2689 famulante
2591 2633 2926 2701 persolvens,
2962 2646 3125 2702 supra
3155 2646 3315 2701 quam
3348 2637 3603 2686 sermone
3634 2646 3727 2686 va—

2111 2726 2196 2780 leo
2222 2742 2271 2796 gt
2294 2727 2432 2781 atias
2456 2741 2578 2796 ago,
2608 2726 2751 2796 quod
2785 2725 3136 2779 festivitatem
3160 2732 3401 2777 nostram
3437 2723 3599 2791 pleno
3626 2735 3723 2775 vos

2106 2817 2386 2871 desiderio
2442 2819 2739 2881 sitientem,
2770 2816 2932 2871 etiam
2974 2818 3019 2871 si
3064 2832 3170 2871 non
3200 2817 3436 2870 satiaSIis
3482 2829 3724 2885 prasen-

2110 2914 2201 2975 tia,
2236 2912 2511 2969 refecistis
2534 2926 2793 2981 expensa.

615 3259 641 3287 ⁸
672 3262 1290 3343 FRAGMENTA
1342 3267 1608 3346 LIBRI
1662 3267 1794 3343 DE
1844 3267 2459 3346 DIVINITA'I‘E
2520 3269 2988 3346 SPIRITUS
3040 3268 3432 3347 SANCTI.

483 3675 711 3732 Sanctus
739 3678 915 3732 Avitus
943 3679 995 3732 in
1024 3678 1117 3733 illo
1147 3679 1275 3733 libro
1296 3696 1445 3749 quem
1480 3681 1543 3735 de
1572 3681 1852 3737 Divinitate
1883 3662 2005 3755 spt-
2035 3685 2081 3747 C
2115 3700 2219 3739 non
2250 3685 2488 3741 dicendo
2518 3689 2785 3756 processit,
2816 3691 2913 3743 sed
2941 3690 3193 3759 procedit,
3220 3705 3330 3746 non
3364 3699 3578 3761 tempus
3606 3709 3733 3763 pro-

405 3769 536 3823 ritus
563 3771 725 3823 sancti
755 3780 933 3823 contra
956 3770 1336 3826 Gundobadum
1376 3775 1629 3827 Arianum
1678 3791 1845 3845 regem
1870 3777 2001 3829 scri-

407 3861 531 3929 psit,
566 3862 938 3930 processionent
970 3862 1198 3933 Spiritus
1244 3864 1407 3917 sancti
1436 3880 1467 3917 a
1496 3864 1657 3919 Patre
1684 3876 1732 3919 et
1759 3865 1902 3919 Filio
1930 3867 2004 3920 ita

404 3958 656 4011 declarat.

479 4047 508 4085 ι)
534 4048 611 4102 De
640 4048 920 4104 divinitate
964 4050 1196 4119 Spiritus
1238 4049 1432 4117 sancti,
1465 4065 1626 4120 quem
1658 4065 1760 4105 nec
1803 4051 2003 4105 factum

404 4140 664 4210 legimus,
694 4157 792 4195 nec
823 4143 1082 4211 genitum,
1112 4157 1212 4195 nec
1242 4153 1507 4207 creatum,
1554 4141 1695 4195 Deus
1724 4150 1823 4207 est,
1865 4141 2006 4196 Deus

403 4234 500 4302 qui
546 4246 801 4301 operatur
848 4236 1026 4288 omnia
1080 4236 1130 4289 in
1182 4235 1453 4289 omnibus.
1487 4235 1553 4289 Et
1590 4235 1784 4289 eodem
1843 4235 2003 4290 loco:

408 4326 600 4379 Omnia
628 4337 797 4380 autem
820 4326 928 4380 hate
952 4339 1193 4395 operatur
1214 4344 1348 4381 unus
1378 4336 1527 4396 atque
1565 4328 1700 4381 idem
1733 4326 1963 4397 Spiritus
1984 4369 2001 4394 ,

404 4418 640 4470 dividens
667 4418 885 4487 singulis
916 4427 1070 4485 prout
1101 4419 1206 4471 vult
1235 4416 1286 4487 (I
1311 4418 1430 4471 Cor.
1458 4433 1555 4481 stt,
1582 4417 1691 4487 ll).
1728 4418 1792 4472 Et
1814 4418 2008 4473 Petrus

406 4509 465 4563 in
499 4507 722 4562 Actibus
751 4510 1117 4577 apostolorum
1148 4526 1161 4564 :
1204 4509 1343 4574 Quid
1372 4509 1626 4573 convenit,
1652 4510 1850 4579 inquit,
1874 4512 2007 4565 inter

403 4620 497 4658 eos
529 4602 729 4655 mentiri
764 4601 987 4668 Spiritui
1009 4614 1186 4655 sancto
1211 4603 1351 4672 (Act.
1376 4618 1430 4668 v,
1456 4601 1558 4672 '5)?
1595 4601 1661 4656 Et
1690 4611 1810 4669 post
1837 4620 1847 4655 :
1880 4602 2007 4657 Non

403 4712 459 4750 es
492 4695 730 4747 mentitus
762 4694 1073 4759 hominibus,
1116 4696 1203 4746 sed
1239 4694 1344 4748 Deo
1392 4693 1582 4761 (lbid.,
1630 4693 1710 4763 4).
1746 4693 1873 4748 Item
1900 4696 2008 4751 alio

402 4787 527 4840 loco
555 4803 567 4836 :
597 4784 820 4839 Nescitis
845 4785 964 4855 quia
987 4785 1233 4854 templum
1270 4783 1366 4838 Dei
1389 4786 1525 4850 estis,
1570 4796 1618 4839 et
1645 4785 1881 4855 Spiritus
1911 4788 2008 4842 Dei

404 4879 605 4930 habitat
629 4878 683 4931 in
712 4878 848 4931 vobis
879 4875 933 4947 (Ι
952 4877 1070 4933 Cor.
1098 4893 1178 4941 tu,
1208 4876 1298 4947 16)
1317 4878 1338 4931 7
1359 4878 1427 4933 Et
1455 4878 1580 4933 alibi
1606 4896 1621 4933 :
1656 4878 1716 4933 Si
1745 4881 1857 4949 quis
1880 4880 2006 4949 Spi-

399 4972 564 5025 ritum
594 4970 687 5024 Dei
714 4988 816 5024 non
840 4969 1011 5035 habet,
1053 4970 1137 5024 ltic
1166 4988 1268 5024 non
1298 4982 1370 5025 est
1400 4973 1512 5039 eius
1546 4970 1725 5043 (Rom.
1780 4988 1892 5038 vttl,
1920 4972 1999 5043 9).

2113 3777 2359 3831 cedentis
2390 3778 2594 3843 do'cnit,
2626 3782 2720 3835 sed
2767 3782 3041 3849 praeterito
3095 3781 3384 3852 luturoque
3430 3784 3683 3840 submoto
3710 3829 3726 3854 ,

2111 3869 2210 3923 sub
2240 3868 2658 3926 interminabilis
2683 3874 2983 3926 aeternitate
3007 3874 3311 3942 praesentiae
3334 3875 3587 3930 virtutem
3611 3892 3730 3944 pro-

2112 3961 2380 4018 cessiOnis
2437 3964 2714 4029 ostendit;
2770 3973 2828 4017 ut
2874 3964 3014 4018 sicut
3059 3976 3143 4020 est
3175 3968 3451 4035 proprium
3506 3967 3731 4037 Spiritui

2114 4066 2304 4109 sancto
2329 4071 2356 4108 a
2392 4056 2559 4112 Patre
2600 4057 2844 4125 Filioque
2896 4060 3195 4129 procedere
3218 4103 3234 4127 ,
3272 4062 3413 4116 istud
3466 4064 3732 4117 catholica

2113 4144 2271 4213 ﬁdes,
2302 4146 2521 4203 etiamsi
2555 4148 2906 4202 renuentibus
2948 4165 3054 4204 non
3111 4154 3475 4221 persuaserit,
3521 4154 3574 4207 in
3618 4168 3729 4208 sua-

2114 4248 2291 4295 tamen
2326 4240 2632 4311 disciplinae
2670 4242 2851 4311 regula
2884 4257 2994 4297 non
3022 4244 3259 4301 excedit.

2732 4390 2863 4429 ITE!
2907 4389 3118 4431 AVITUS.

2183 4507 2437 4577 Spiritum
2469 4518 2727 4565 tsanctum
2761 4525 2915 4579 aeque
2954 4511 3126 4566 Patris
3156 4520 3209 4566 et
3256 4510 3379 4565 Filii
3409 4525 3532 4566 esse
3559 4512 3730 4564 confl-

2114 4606 2255 4661 teor,
2288 4615 2529 4669 eumque
2560 4616 2588 4653 a
2622 4601 2777 4654 Patre
2810 4602 2896 4655 vel
2929 4602 3065 4656 Filio
3090 4602 3341 4657 similiter
3371 4602 3507 4656 mitti
3543 4620 3555 4653 ε
3586 4604 3729 4671 quod

2112 4706 2323 4746 mecum
2381 4692 2592 4761 prolata
2634 4708 2848 4762 quoque
2903 4694 3150 4760 Apostoli
3202 4695 3471 4748 sententia
3521 4695 3733 4747 videtur

2112 4786 2459 4853 approbasse.
2520 4786 2653 4840 Nam
2700 4788 2965 4856 legimus:
3004 4787 3336 4852 Puraclitus,
3375 4805 3527 4855 quem
3568 4790 3733 4841 mittet

2118 4876 2277 4930 Pater
2304 4879 2358 4931 in
2390 4880 2605 4932 nomine
2652 4896 2763 4933 meo
2791 4879 2985 4951 (Joan.
3036 4896 3145 4945 xw,
3179 4880 3297 4949 26).
3333 4881 3397 4933 Et
3423 4881 3530 4933 alio
3565 4880 3682 4932 loco
3718 4922 3729 4934 .

2116 4969 2279 5033 Quem
2308 4987 2401 5039 ego
2432 4972 2639 5027 mittam
2682 4974 2822 5026 vobis
2854 4990 2885 5025 a
2928 4972 3086 5026 Patre
3112 4972 3295 5043 (Joan.
3328 4989 3415 5037 xv,
3465 4973 3579 5039 26).
3626 4972 3734 5026 Nec

400 5062 518 5119 Nos
543 5076 677 5117 vero
701 5061 962 5134 Spiritum
985 5072 1226 5118 sanctum
1263 5065 1496 5119 dicimus
1520 5080 1549 5118 a
1583 5064 1720 5119 Filio
1750 5074 1806 5120 et
1845 5064 2006 5121 Patre
2033 5063 2087 5124 D
2115 5071 2290 5118 tamen
2316 5074 2373 5119 ut
2417 5081 2597 5136 nuper
2653 5066 2830 5120 habita
2872 5066 2980 5122 coll
3019 5068 3240 5120 cutione
3275 5076 3295 5103 ο
3341 5066 3691 5141 tractavimus
3716 5106 3733 5131 ,

401 5154 724 5226 procedere.

768 5242 892 5281 IDEM
931 5241 1124 5281 AVITUS
1162 5242 1213 5281 IN
1242 5242 1417 5283 EODEM
1459 5244 1637 5284 ιιΒιιο.

475 5336 595 5408 Ipse
614 5337 763 5393 certe
790 5352 885 5405 per
904 5351 963 5391 se
996 5339 1274 5406 Dominus,
1310 5338 1588 5409 Spiritum,
1620 5339 1814 5411 inquit,
1866 5342 2001 5396 veri-

400 5431 525 5484 tatis
546 5429 634 5501 qui
662 5445 696 5483 a
729 5427 888 5482 Patre
935 5432 1163 5499 procedit
1204 5429 1381 5501 (Joan.
1427 5447 1516 5499 xv,
1548 5431 1664 5503 26).
1706 5434 1993 5490 Enimvero

473 5718 499 5746 ι
527 5708 616 5764 Vir
635 5708 845 5767 ctariss.
867 5709 1173 5779 Stephanus
1188 5709 1435 5766 Balttzius
1457 5712 1509 5766 in
1536 5714 1831 5771 Miscellatt.
1853 5716 1943 5772 lib.
1977 5732 1994 5771 ι

399 5780 515 5836 btee
547 5779 842 5850 fragmenta
869 5781 1037 5836 edidit
1066 5796 1135 5836 ex
1169 5783 1335 5837 veteri
1367 5782 1552 5839 codice
1583 5800 1687 5840 ms.
1721 5797 1994 5843 monaste-

399 5854 461 5913 rii
491 5852 675 5906 Sancti
708 5850 844 5907 Galli
882 5852 935 5907 in
967 5851 1231 5907 llelvetia.

2112 5160 2378 5215 scinditur
2406 5177 2510 5217 una
2554 5178 2905 5230 personarum
2937 5162 3264 5216 discretione
3288 5160 3573 5215 Divinitas.
3598 5159 3731 5225 Quia

2111 5251 2155 5306 si
2186 5252 2441 5321 Spiritus,
2472 5266 2540 5307 ωε
2570 5255 2945 5322 acquiescitis,
2981 5269 3009 5305 a
3038 5252 3197 5307 Patre
3224 5252 3471 5321 Filioque
3504 5252 3585 5304 vel
3614 5252 3733 5303 mih

2112 5343 2242 5401 titur
2295 5349 2378 5403 vel
2427 5363 2524 5419 pro
2543 5348 2702 5413 cedit,
2757 5364 2865 5403 non
2921 5357 3102 5419 potest
3155 5348 3356 5403 missus
3403 5348 3732 5415 mittensqne

2110 5439 2345 5507 misceri,
2377 5445 2433 5495 et
2462 5456 2529 5497 ex
2570 5455 2679 5511 quo
2720 5441 2967 5512 procedit
2995 5440 3405 5512 procedensque
3445 5437 3728 5495 confundi.

2177 5719 2205 5760 δ
2240 5722 2371 5797 Υἱάο
2398 5739 2519 5797 supr
2545 5741 2573 5781 a
2605 5725 2801 5782 Alcuni
2825 5740 3048 5797 operum
3073 5724 3374 5797 fragmenta
3400 5739 3548 5779 num.
3580 5725 3668 5779 15.

2179 5802 2200 5831 ο
2239 5793 2312 5849 Ea
2338 5793 2515 5856 collati
2539 5813 2569 5853 ο
2590 5808 2673 5854 est
2704 5813 2824 5868 qua:
2850 5793 3111 5867 sequitur.
