4316 6424
878 418 973 472 587
1629 411 1717 465 AD
1756 406 2268 464 SlliliONDl.&VA.\l
2308 405 2488 460 AVITI
2532 403 2894 460 EDITIONEM
2936 401 3353 461 AUCTARIUH.

3821 12 3908 23 ..ν-,-
3933 14 3938 15 γ
3957 0 4208 16 ---⁵-
4231 0 4255 13 ε

4027 404 4135 458 588

1693 618 2324 727 COLLATIO
2377 619 3316 758 EPISCOPOBUM,

1310 821 1957 896 PRAESERTIM
2029 817 2345 893 AVITI
2416 817 3072 892 VIICNNENSIS
3143 821 3682 918 EPISCOPI,

1620 971 1857 1028 CORAM
1915 971 2100 1028 REGE
2157 968 2614 1028 GUNDEBALDO
2662 969 3021 1028 ADVERSUS
3074 971 3386 1029 ARIANOS.

945 1195 1263 1253 Providente
1284 1194 1509 1250 Domino
1538 1193 1788 1248 Ecclesia:
1811 1207 1944 1258 sitas,
1969 1203 2024 1246 et
2047 1194 2339 1262 inspirante
2360 1208 2454 1260 pro
2483 1199 2532 1255 Α
2561 1193 2824 1249 habebitis
2846 1203 2900 1248 et
2927 1206 3048 1249 cum
3077 1194 3310 1262 canet-is,
3339 1203 3394 1250 et
3417 1207 3521 1248 non
3547 1193 3908 1264 pus-valebunt
3928 1196 4131 1252 inimici

877 1288 1046 1342 salute
1095 1287 1260 1338 totius
1287 1288 1458 1353 gentés
1487 1298 1582 1335 eor
1611 1281 1791 1334 domui
1842 1282 2088 1349 Remigii,
2130 1282 2220 1351 qui
2263 1282 2460 1348 ubique

878 1375 1070 1430 altaria
1099 1375 1409 1428 destruebat
1439 1373 1720 1435 idolorum,
1747 1379 1802 1424 et
1829 1386 2010 1424 veram
2035 1372 2194 1425 [idem
2215 1381 2462 1440 petenter

879 1482 1004 1521 cum
1048 1465 1387 1522 multitudine
1417 1466 1687 1532 signorum
1717 1462 2096 1530 amplificabat,
2130 1461 2329 1516 factum
2379 1468 2460 1514 est

881 1568 942 1613 ut
971 1558 1207 1628 episcopi
1235 1559 1412 1624 plures
1450 1569 1555 1607 non
1587 1553 1990 1609 contradicente
2022 1568 2146 1623 rege
2167 1567 2460 1622 congrega-

881 1658 1099 1710 rentur,
1150 1649 1195 1700 si
1247 1644 1359 1698 fieri
1409 1655 1609 1709 posset,
1662 1652 1720 1696 ut
1770 1643 1974 1710 Ariani,
2007 1645 2094 1712 qtti
2147 1643 2459 1712 religionem

878 1740 1237 1794 Christianam
1269 1734 1604 1799 scindebant,
1624 1735 1688 1788 ad
1717 1736 1974 1788 unitatem
2004 1745 2217 1802 possent
2244 1732 2458 1787 reverti.

878 1831 1029 1899 Quod
1063 1838 1118 1884 ut
1150 1827 1342 1883 melius
1389 1827 1559 1892 fleret,
1603 1827 1980 1895 videreturque
2008 1825 2058 1879 id
2087 1841 2191 1880 non
2239 1823 2460 1880 consilio

879 1920 1139 1975 accidisse
1164 1918 1262 1972 sed
1311 1918 1615 1980 occasione,
1642 1919 1873 1971 domnus
1902 1917 2203 1984 Stephanus
2247 1916 2463 1983 scripsit

880 2012 948 2066 ad
973 2012 1254 2080 episcopos
1285 2011 1500 2074 mu'tos,
1526 2018 1579 2062 et
1608 2010 1848 2060 invitavit
1878 2006 2000 2060 illos
2024 2006 2090 2060 ad
2117 2006 2460 2060 festivitatem

882 2104 946 2159 S.
972 2102 1134 2167 Justi,
1166 2117 1284 2170 qua:
1312 2101 1563 2165 instabat,
1594 2101 1644 2154 in
1671 2115 1770 2168 qua
1811 2099 1879 2153 ob
1911 2099 2256 2168 frequentiam
2302 2099 2465 2151 mira-

881 2195 1122 2250 culorum
1155 2193 1313 2246 liebat
1355 2205 1646 2246 concursus
1693 2191 1951 2259 plurimus
1982 2190 2322 2258 p0puloruttt.
2360 2189 2462 2243 Ve-

881 2294 1076 2341 nerttnt
1107 2287 1284 2353 itaque
1311 2285 1378 2338 de
1411 2284 1610 2336 Vienna
1637 2285 1843 2347 Avitus,
1871 2282 1940 2336 de
1963 2281 2178 2336 Arelate
2209 2282 2459 2349 (Eonius,

879 2379 947 2431 de
978 2375 1216 2430 Valentia
1242 2413 1256 2426 .
1288 2413 1302 2427 .
1332 2412 1346 2426 .
1377 2411 1392 2426 .
1425 2414 1440 2438 ,
1466 2373 1533 2427 de
1582 2373 1811 2426 Massilia
1839 2412 1851 2426 .
1881 2412 1895 2426 .
1924 2412 1938 2428 .
1975 2411 1990 2426 .
2013 2410 2028 2426 .
2048 2373 2127 2427 ius
2150 2412 2166 2436 ,
2203 2383 2257 2427 et
2285 2375 2463 2441 p‘ures

883 2465 995 2528 alii.
1028 2478 1216 2518 omnes
1246 2463 1526 2517 catholicae
1564 2463 1917 2532 professionis
1947 2471 2002 2516 et
2033 2461 2314 2516 laudabilis
2340 2463 2462 2516 vita

2565 1292 2746 1336 \‘eslrt.
3609 1332 3618 1342 .

2632 1372 2730 1426 Cui
2781 1387 2925 1430 rex:
2973 1371 3157 1426 Nonne
3187 1373 3356 1441 legem
3409 1373 3502 1430 Dei
3551 1375 3844 1445 profiteor?
3887 1375 3979 1432 sed
4007 1377 4131 1446 quia

2563 1462 2690 1516 nolo
2719 1474 2829 1517 tres
2863 1462 3022 1531 Deos,
3051 1462 3226 1518 dicitis
3257 1464 3376 1532 quia
3408 1479 3511 1518 non
3541 1463 3794 1532 profiteor
3815 1465 3981 1534 legem
4013 1465 4130 1519 Dei.

2564 1553 2620 1607 ltt
2656 1553 2932 1622 Scriptura
2975 1562 3156 1608 sancta
3201 1567 3306 1608 non
3337 1553 3437 1623 legi
3470 1557 3646 1624 plures
3674 1568 3795 1608 esse
3827 1555 3997 1620 Deos,
4031 1555 4129 1608 sed

2564 1659 2747 1697 unum.

2633 1734 2711 1788 Ad
2749 1748 2868 1803 qua:
2914 1733 3143 1788 domnus
3194 1736 3418 1790 Avitus:
3454 1737 3627 1805 Absit,
3657 1753 3690 1792 ο
3721 1751 3835 1802 rex,
3870 1747 3924 1790 ut
3951 1737 4133 1807 plures

2564 1822 2702 1877 Deos
2731 1823 2969 1879 colamus
2995 1841 3007 1876 :
3044 1823 3188 1878 Unus
3217 1836 3289 1878 est
3341 1825 3473 1879 Deus
3504 1838 3640 1896 tuus,
3673 1844 3701 1880 ο
3732 1827 3896 1880 Israel
3950 1825 4132 1896 (Deut.

2567 1929 2642 1978 vt,
2673 1915 2738 1978 ις
2770 1913 2936 1968 Marc.
2971 1930 3062 1977 xtt,
3083 1914 3210 1985 29);
3239 1917 3333 1970 sed
3369 1918 3454 1971 iile
3478 1934 3611 1971 unus
3640 1919 3774 1971 Deus
3801 1919 3850 1971 itt
3878 1918 4129 1980 essentia,

2565 2015 2648 2061 est
2678 2007 2845 2060 tritius
2874 2007 2924 2058 itt
2965 2007 3238 2074 persmis;
3285 2015 3340 2061 et
3387 2005 3553 2061 Filius
3575 2018 3629 2063 et
3653 2008 3882 2078 Spiritus
3919 2016 4134 2062 sanctus

2568 2111 2670 2150 non
2715 2106 2837 2148 sunt
2866 2095 2954 2148 alii
2989 2096 3102 2160 Dei,
3145 2095 3238 2150 sed
3283 2111 3416 2150 unus
3448 2098 3604 2165 Deus,
3640 2099 3790 2166 cujus
3814 2099 3977 2167 prima
4009 2113 4134 2166 per-

2563 2199 2694 2240 sona
2722 2196 2804 2239 est
2834 2186 3009 2252 Pater,
3043 2188 3276 2240 secunda
3319 2186 3503 2253 Filius,
3547 2190 3700 2247 tertia
3753 2189 3981 2258 Spiritus
4010 2204 4135 2242 san-

2564 2284 2722 2342 ctus;
2761 2277 2858 2332 sed
2890 2277 3030 2331 Patri
3057 2292 3159 2332 non
3192 2290 3272 2332 est
3302 2280 3403 2333 alia
3440 2281 3730 2334 substantia
3772 2296 3924 2350 quam
3961 2280 4094 2334 Filio
4119 2321 4135 2345 ,

2564 2379 2618 2423 et
2645 2367 2863 2436 Spiritui
2888 2379 3072 2422 sancto
3096 2384 3199 2422 tton
3229 2379 3312 2424 est
3337 2370 3437 2423 alia
3461 2385 3619 2440 quam
3643 2371 3784 2426 Patri
3811 2381 3862 2425 et
3889 2371 4051 2435 Filio;
4084 2382 4137 2425 et

2567 2459 2655 2514 ille
2687 2459 2829 2514 Deus
2857 2461 2945 2527 qui
2987 2459 3112 2514 olim
3143 2461 3351 2515 locutus
3379 2471 3461 2516 est
3501 2476 3594 2531 per
3623 2463 3926 2532 pr0pltetas,
3960 2463 4137 2515 novis-

881 2557 935 2610 in
966 2555 1212 2608 Domino.
1243 2553 1344 2620 Qui
1394 2565 1582 2606 omnes
1631 2551 1698 2606 ad
1745 2552 2119 2606 salutationem
2172 2551 2313 2620 regis
2340 2566 2460 2605 cum
2493 2541 2538 2601 Β
2568 2550 2704 2604 sime
2732 2549 2941 2604 locutus
2983 2558 3068 2605 est
3095 2551 3145 2604 in
3178 2551 3333 2620 Filio,
3364 2562 3420 2607 et
3442 2552 3614 2608 adhuc
3643 2554 3873 2623 loquitur
3897 2553 4138 2619 quotidie

882 2647 1082 2700 domno
1107 2644 1378 2713 Stephano
1407 2642 1472 2695 ad
1502 2641 1892 2708 Sarbiniacum,
1917 2643 2003 2696 ttbi
2029 2651 2154 2696 tunc
2175 2649 2310 2704 erat,
2336 2655 2461 2709 pro-

884 2739 1006 2793 fecti
1031 2746 1172 2791 sunt.
1189 2737 1352 2789 Erant
1371 2735 1582 2803 quidam
1599 2733 1728 2788 inibi
1755 2734 1822 2788 de
1843 2734 2229 2802 patentioribus
2250 2734 2462 2790 Arianis

880 2841 1003 2882 cum
1033 2839 1126 2889 eo;
1168 2824 1254 2893 qtti
1301 2824 1344 2878 si
1376 2823 1692 2891 potuissent,
1717 2823 2114 2892 prohibuissent
2149 2834 2457 2879 nostrorum

887 2929 1163 2970 accessum
1196 2914 1260 2969 ad
1307 2929 1519 2984 regem;
1551 2913 1646 2968 sed
1679 2913 1900 2968 Domino
1930 2923 2281 2983 cooperante,
2330 2915 2460 2969 nihil

886 3006 1251 3076 profecerunt.

959 3097 1084 3150 Post
1138 3094 1514 3149 salutationem
1564 3093 1755 3149 factam
1777 3132 1794 3160 ,
1837 3092 2062 3149 domnus
2093 3095 2311 3159 Avitus,
2339 3094 2458 3157 cui,

887 3193 1011 3246 licet
1035 3207 1138 3246 non
1162 3198 1307 3246 esset
1331 3189 1510 3244 senior
1532 3205 1629 3243 nec
1650 3188 1924 3257 dignitate,
1955 3203 2052 3243 nec
2081 3196 2259 3255 aelate,
2286 3199 2462 3243 tamen

887 3281 1173 3350 plurimum
1200 3279 1569 3346 deferebatur,
1599 3278 1734 3332 dixit
1762 3278 1825 3331 ad
1855 3292 2030 3346 regem
2055 3295 2067 3330 :
2102 3277 2157 3332 Si
2190 3278 2461 3333 excellen-

889 3371 959 3424 tia
990 3379 1163 3424 vestra
1189 3369 1352 3424 vellet
1399 3383 1690 3438 procurare
1736 3383 1920 3435 parem
1965 3368 2247 3434 Ecclesiae,
2294 3369 2460 3438 parati

887 3475 1074 3517 sumus
1123 3460 1279 3515 fidem
1311 3471 1548 3515 nostram
1600 3470 1704 3514 tam
1754 3461 1898 3513 clare
1935 3459 2308 3514 demonstrare
2344 3474 2464 3515 esse

887 3552 1184 3606 secundum
1215 3551 1559 3618 Evattgelium
1587 3559 1642 3603 et
1683 3548 2002 3618 Apostolos,
2030 3550 2169 3618 quod
2212 3549 2337 3605 nulli
2367 3551 2463 3605 du-

889 3642 1037 3697 bium
1063 3642 1166 3698 crit
1195 3641 1336 3696 illam
1378 3657 1536 3710 quam
1565 3642 1806 3696 retinetis
1853 3655 1956 3696 non
2007 3655 2125 3696 esse
2169 3641 2462 3696 secundum

890 3733 1056 3788 Deum
1085 3741 1139 3788 et
1184 3733 1499 3787 Ecclesiam.
1537 3732 1752 3786 Habetis
1785 3732 1870 3786 hic
1893 3732 1962 3786 de
1989 3731 2184 3786 vestris
2213 3733 2300 3801 qui
2339 3741 2465 3786 sunt

889 3824 1132 3878 instructi
1164 3823 1214 3878 itt
1247 3825 1491 3878 omnibus
1516 3824 1792 3878 scientiis:
1829 3823 2062 3892 jubeatis
2101 3834 2156 3878 ut
2186 3824 2460 3882 nobiscum

2567 2640 2619 2696 in
2650 2641 2855 2710 Spiritu
2908 2650 3112 2698 sancto.
3166 2643 3230 2696 Et
3255 2645 3496 2712 quamvis
3526 2644 3650 2698 olim
3680 2659 3774 2714 per
3809 2645 4094 2713 prophetas
4121 2685 4135 2708 ,

2567 2746 2690 2785 mox
2721 2746 2816 2800 per
2848 2730 3057 2797 Filium,
3107 2748 3246 2786 nunc
3278 2748 3372 2802 per
3398 2734 3670 2804 Spiritum,
3723 2749 3857 2788 unus
3895 2737 4137 2805 idemque

2567 2821 2705 2876 Deus
2728 2823 2996 2890 loquitur;
3040 2825 3132 2878 sed
3162 2826 3240 2880 sic
3277 2826 3472 2881 dicitur
3512 2827 3578 2881 ad
3601 2827 3992 2882 diSIinctioncttt
4016 2844 4135 2895 pcr-

2564 2927 2841 2978 sonarum,
2873 2930 2994 2970 cum
3027 2931 3211 2972 revera
3250 2919 3360 2972 sint
3402 2929 3680 2974 coaeternus
3710 2929 3763 2975 et
3790 2921 4138 2975 consubstan-

2568 3006 2742 3063 tiales.
2780 3008 2891 3063 lloc
2917 3007 3232 3076 profitentur
3259 3019 3313 3064 et
3341 3013 3511 3078 parati
3542 3025 3724 3066 sumus
3761 3012 4065 3066 ostendere.

2642 3098 2708 3152 Et
2729 3112 2850 3152 cum
2875 3097 3080 3154 videret
3107 3113 3285 3168 regem
3311 3101 3528 3165 pacillce
3554 3103 3875 3167 audientem,
3911 3105 4139 3171 protela-

2568 3188 2643 3242 vit
2666 3203 2968 3244 sermonem
2999 3201 3052 3244 et
3097 3190 3331 3246 dixit:U
3366 3193 3410 3246 si
3449 3191 3607 3248 vellet
3651 3193 3912 3262 sagacius
3961 3205 4135 3248 vestra

2566 3291 2892 3348 cognoscere
2917 3294 3077 3348 quam
3104 3279 3238 3335 bene
3267 3280 3480 3334 fundata
3501 3282 3574 3335 sit
3595 3292 3773 3337 nostra
3791 3282 3939 3348 fides,
3969 3298 4136 3353 quatt-

2568 3378 2677 3424 tum
2715 3369 2841 3424 boni
2872 3369 3022 3425 vobis
3066 3379 3120 3423 et
3149 3371 3345 3439 populo
3400 3380 3576 3426 vestro
3626 3373 3749 3428 inde
3794 3374 4135 3443 proveniret:

2567 3473 2687 3512 nam
2717 3469 2773 3513 et
2815 3459 3050 3515 cmlestis
3071 3459 3240 3528 gloria
3287 3460 3436 3515 vobis
3483 3475 3587 3516 non
3616 3461 3845 3528 deesset,
3874 3471 3928 3517 et
3963 3478 4064 3534 pax
4087 3476 4138 3517 et

2567 3550 2890 3606 abundantia
2942 3551 2996 3605 in
3048 3552 3282 3606 turribus
3331 3554 3519 3610 vestris
3560 3554 3729 3626 (Psal.
3755 3571 3898 3622 cxxt,
3927 3557 4002 3626 7).
4031 3557 4134 3614 Sed

2567 3644 2730 3698 vestri
2751 3657 2872 3696 cum
2893 3643 3002 3697 sint
3017 3643 3214 3699 inimici
3239 3643 3457 3712 Christi,
3480 3661 3639 3718 super
3666 3663 3884 3719 regnum
3903 3665 3988 3706 ves
3998 3662 4132 3706 trum

2566 3741 2620 3786 et
2644 3748 2806 3803 super
2835 3735 3083 3804 populum
3111 3734 3243 3790 iram
3270 3737 3497 3801 desuper
3525 3741 3856 3806 accendunt;
3887 3743 4046 3810 quod,
4082 3753 4136 3798 ut

2565 3837 2862 3894 speramus,
2887 3839 2991 3880 non
3021 3835 3182 3893 esset,
3209 3827 3253 3881 si
3273 3829 3476 3883 velletis
3503 3829 3687 3885 audire
3708 3832 3906 3886 monita
3932 3845 4132 3896 nostra,

888 3917 1260 3985 colloquantur
1297 3925 1350 3972 et
1377 3917 1589 3972 videant
1627 3917 1669 3970 si
1715 3919 1924 3985 ptiaSllll
1949 3917 2274 3982 respondere
2303 3918 2465 3973 r.ttio-
2489 3899 2535 3962 C
2568 3923 2623 3968 et
2647 3914 2836 3979 jubere
2866 3925 2921 3969 ut
2942 3918 3104 3971 vestri
3149 3919 3455 3974 sacerdotes
3479 3920 3546 3973 de
3571 3919 3653 3974 his
3683 3921 3958 3976 nobiscum
3975 3924 4136 3978 collo-

890 4005 1044 4058 nibus
1067 4006 1264 4059 nostris
1282 4045 1297 4070 ,
1324 4015 1382 4059 ut
1409 4008 1578 4075 parati
1606 4021 1789 4059 sumus
1821 4006 2145 4074 respondete
2169 4007 2467 4062 rationibus

892 4109 1103 4149 eorum.

960 4185 1042 4239 Ad
1067 4173 1191 4254 qua-
1217 4200 1309 4239 rex
1361 4185 1674 4254 respondit:
1720 4185 1776 4241 Si
1804 4197 1982 4242 vestra
2025 4187 2153 4244 fides
2193 4197 2275 4244 est
2299 4205 2423 4245 vera
2448 4231 2464 4255 .

893 4289 1059 4346 quare
1089 4275 1321 4344 episcopi
1353 4276 1513 4329 vestri
1548 4292 1650 4331 non
1683 4277 1980 4346 impediunt
2027 4292 2204 4348 regem
2231 4280 2466 4336 Francov

888 4381 1037 4430 rum,
1071 4365 1157 4433 qui
1206 4365 1334 4418 mihi
1381 4366 1577 4420 bellum
1627 4369 1856 4434 indixit,
1907 4379 1961 4424 et
2011 4384 2191 4425 secum
2237 4371 2467 4429 inimicis

889 4457 1024 4509 meis
1049 4455 1275 4509 sociavit
1300 4465 1357 4510 ut
1399 4471 1484 4511 me
1513 4456 1895 4514 destruerent?
1926 4460 2055 4515 Nam
2086 4476 2192 4516 non
2219 4473 2299 4517 est
2330 4463 2464 4519 fides

890 4543 978 4597 ubi
1006 4552 1086 4598 est
1128 4546 1427 4614 appetentia
1475 4548 1630 4602 alieni
1673 4561 1728 4603 et
1773 4551 1890 4605 sitis
1937 4553 2208 4622 sanguinis
2238 4555 2463 4623 populo-

891 4649 1006 4687 rum
1044 4647 1057 4688 :
1093 4637 1340 4689 ostendat
1368 4636 1524 4691 fidem
1553 4654 1648 4706 per
1672 4654 1834 4708 opera
1861 4655 1976 4693 sua.

957 4723 1108 4775 Tunc
1140 4723 1415 4779 humiliter
1467 4729 1742 4792 respondit
1772 4730 2002 4784 domnus
2047 4731 2234 4787 Avitus
2274 4732 2461 4790 faciem

892 4811 1095 4866 habens
1125 4815 1416 4881 angelicam
1456 4825 1512 4868 ut
1551 4826 1604 4869 et
1650 4832 1998 4872 sermonem:
2043 4820 2381 4890 lgnatramus,
2431 4841 2464 4879 ο

888 4917 977 4955 rex
1000 4945 1012 4968 ,
1061 4918 1166 4968 qtto
1204 4903 1429 4957 consilio
1470 4916 1524 4960 et
1572 4921 1671 4972 qua
1703 4907 1770 4960 de
1819 4923 1979 4964 causa
2011 4927 2105 4964 rex
2134 4911 2459 4970 Francorum

889 4995 1014 5048 facit
1055 4995 1196 5062 quod
1243 4997 1445 5060 dicitis;
1491 4999 1584 5052 sed
1637 5000 1910 5068 Scriptura
1968 5018 2065 5057 nos
2112 5005 2270 5060 ducet
2320 5009 2460 5076 quod

889 5094 1106 5152 propter
1137 5087 1534 5141 derelictionem
1567 5089 1696 5156 legis
1748 5091 1839 5146 Dei
1888 5108 2030 5161 sa'pe
2082 5096 2464 5154 srbvertuntur

888 5188 1070 5243 regna,
1103 5183 1155 5228 et
1179 5165 1505 5231 suscitantur
1531 5179 1729 5234 inimici
1772 5182 1916 5234 omni
1945 5199 2008 5236 ex
2036 5197 2202 5253 parte,
2237 5188 2344 5242 illis
2373 5191 2462 5258 qui

2569 4012 2799 4072 quantur
2827 4019 3008 4059 coram
3039 4007 3367 4064 sublimitate
3390 4020 3565 4064 vestra
3596 4019 3650 4066 et
3689 4014 3882 4080 populo
3920 4023 4132 4069 vestro:

2573 4107 2631 4150 ut
2649 4096 2832 4151 sciatis
2854 4097 2974 4166 quia
3008 4098 3262 4154 Dominus
3287 4101 3443 4156 .lesus
3465 4113 3547 4158 est
3575 4108 3758 4158 :eterni
3793 4106 3959 4160 Patris
3979 4115 4136 4161 ater-

2572 4201 2669 4241 nus
2699 4186 2884 4251 Filius,
2929 4197 2984 4242 et
3014 4189 3225 4259 utrique
3268 4201 3568 4248 coaeternus
3621 4194 3850 4264 Spiritus
3885 4205 4132 4262 sanctus,

2571 4294 2706 4334 unus
2724 4279 2866 4335 Deus
2886 4280 3196 4337 benedicms
3222 4282 3274 4338 in
3296 4285 3511 4354 saecula,
3530 4286 3794 4357 simulque
3817 4295 3940 4344 ante
3961 4289 4134 4344 omnia

2571 4381 2807 4440 tempora
2837 4379 2893 4427 et
2920 4372 3122 4442 absque
3162 4373 3271 4428 ullo
3299 4373 3468 4432 initio.

2639 4462 2772 4517 Cum
2805 4464 2918 4519 haac
2946 4465 3167 4520 dixisset
3188 4467 3415 4534 procidit
3441 4467 3506 4522 ad
3551 4468 3712 4538 pedes
3749 4470 3910 4540 regis,
3940 4479 3993 4526 et
4023 4485 4132 4524 am-

2567 4554 2805 4622 plectens
2833 4569 2927 4610 eos
2965 4555 3129 4611 flebat
3155 4571 3372 4624 amare;
3417 4561 3810 4630 procubuerunt
3853 4571 3905 4616 et
3951 4575 4133 4616 omnes

2566 4646 2803 4715 episcopi
2844 4661 2964 4700 cum
2988 4661 3053 4701 eo
3080 4664 3092 4698 :
3125 4648 3265 4703 unde
3295 4664 3392 4705 rex
3421 4651 3575 4706 valde
3595 4659 3894 4706 commotus
3930 4661 4031 4716 est,
4081 4661 4129 4704 et

2566 4738 2827 4794 inclinans
2873 4754 2934 4794 se
2981 4755 3149 4810 usque
3197 4742 3264 4796 ad
3289 4757 3406 4810 eos,
3447 4744 3619 4798 erexit
3637 4744 3890 4798 dotnnum
3922 4745 4132 4798 Avitum

2565 4845 2684 4883 cum
2718 4833 2946 4898 exteris,
2979 4832 3168 4902 quibus
3199 4835 3550 4890 amicabiliter
3572 4837 3705 4890 dixit
3733 4851 3791 4891 se
3823 4851 4133 4903 restionsutn

2566 4919 2816 4974 daturum
2849 4921 2954 4976 illis
2978 4937 3142 4991 super
3163 4924 3510 4992 petitionibus
3540 4926 3778 4980 illorum.

2638 5013 2786 5078 Quod
2819 5022 2873 5067 et
2902 5015 3129 5068 crastina
3161 5014 3247 5068 die
3273 5012 3469 5069 factum
3498 5025 3616 5070 est:
3647 5032 3767 5070 ttatn
3797 5032 3888 5070 rex
3921 5031 4014 5084 per
4041 5017 4136 5072 Sa-

2565 5116 2756 5171 gonam
2785 5102 2999 5158 rediens
3032 5102 3098 5157 ad
3131 5103 3340 5168 urbem,
3384 5105 3523 5159 misit
3557 5107 3621 5159 ad
3651 5107 3876 5160 domuos
3909 5105 4134 5175 Stepha-

2567 5207 2690 5245 num
2719 5202 2774 5248 et
2799 5193 3036 5257 Avitum,
3069 5201 3125 5247 ut
3154 5193 3394 5249 venirent
3421 5196 3559 5264 apud
3583 5196 3750 5250 illum.
3778 5195 3875 5263 Qui
3899 5210 4017 5250 cum
4049 5211 4134 5248 ve-

885 5281 944 5320 se
975 5268 1217 5359 inimicos
1241 5269 1496 5323 adversus
1546 5271 1712 5326 Deum
1743 5277 2090 5330 constituunt.
2133 5278 2236 5333 Sed
2282 5257 2452 5338 redite
2495 5257 2543 5317 ι)
2568 5283 2793 5349 nissent,
2827 5300 2918 5339 rex
2955 5284 3090 5339 dixit
3115 5283 3181 5338 ad
3218 5283 3376 5341 illos:
3418 5257 3636 5342 llahetis
3674 5257 3823 5358 quod
3839 5287 4132 5359 postulatis,

885 5370 1004 5409 cum
1035 5358 1231 5426 populo
1259 5369 1437 5413 vestro
1455 5361 1520 5414 ad
1548 5361 1714 5430 legem
1738 5364 1852 5430 Dei,
1881 5376 1933 5420 et
1953 5367 2066 5436 ipse
2093 5367 2237 5424 dabit
2265 5386 2450 5440 pacem

888 5445 939 5500 in
988 5447 1180 5502 finibus
1227 5450 1446 5515 vestris;
1473 5467 1592 5506 nam
1620 5455 1663 5508 si
1697 5455 1902 5511 habetis
1952 5473 2135 5527 paceni
2165 5475 2286 5518 cum
2329 5465 2456 5526 illo.

958 5651 981 5678 ει
1017 5641 1160 5719 lianc
1205 5643 1287 5719 vir
1331 5644 1534 5719 elatiss.
1581 5649 1744 5704 Lucas
1796 5651 2085 5710 Dacltcrius
2131 5673 2194 5712 ex
2241 5661 2452 5719 schedis

887 5719 1013 5767 tom.
1051 5712 1084 5766 ν
1127 5712 1419 5784 Spicilegii.

2569 5389 2688 5429 nant
2710 5377 3020 5432 sacerdotes
3050 5379 3153 5432 mei
3183 5379 3349 5448 parati
3372 5389 3496 5434 sunt
3523 5380 3672 5435 vobis
3694 5383 3976 5436 ostendere
3998 5380 4134 5448 quod

2568 5459 2743 5520 nullus
2772 5474 2948 5535 potest
2974 5482 3093 5524 esse
3119 5478 3413 5525 eoaternus
3434 5480 3488 5527 ct
3513 5472 3977 5528 consubstantialis
4008 5473 4131 5527 Deo.

2490 5663 2806 5737 Hieronymi
2856 5669 3084 5740 Vigttcrii
3117 5683 3417 5744 congregat.
3463 5675 3613 5732 Orat.
3669 5677 3728 5732 D.
3765 5676 3811 5733 .l.
3867 5679 4032 5736 edidit
4083 5681 4131 5736 itt
