4316 6426
401 426 501 482 589

1230 402 1571 464 COLl.ATlU
1615 394 2098 455 Ei‘lSCUl‘ORUM
2143 387 2511 447 ADVERSUS
2552 384 2872 441 ARIANUS.

3592 383 3700 437 590

402 540 507 596 Sed
535 536 659 591 nolo
681 543 740 587 ιιι
769 530 818 584 itl
850 528 941 582 flat
969 538 1155 581 coram
1178 522 1321 575 onmi
1353 517 1578 587 populo,
1612 530 1680 569 ne
1708 513 1879 567 turba:
1904 526 1991 564 ex.
2024 511 2078 569 Α
2104 506 2266 571 dicta,
2302 504 2623 573 promittens
2661 515 2721 555 se
2749 502 2909 596 etiam
2949 510 3337 596 responsurum
3382 498 3448 550 ad
3488 512 3551 596 ea
3580 514 3698 566 qua:

398 632 660 691 citentur;
691 623 788 679 sed
816 630 1019 676 tantum
1046 629 1227 670 coram
1252 610 1593 666 senatoribus
1626 606 1759 660 meis
1787 614 1841 658 et
1861 602 1987 655 aliis

399 730 537 787 quos
563 715 777 783 eligam,
805 712 942 765 sicut
966 721 1063 760 vos
1088 702 1296 773 eligetis
1323 716 1389 756 ex
1417 698 1612 752 vestris
1641 692 1989 787 quos-volue-

400 784 547 872 ritis;
573 806 669 861 sed
714 818 817 858 non
859 802 911 854 in
936 790 1136 866 magno
1164 806 1409 855 numero,
1448 800 1502 844 et
1542 788 1593 841 id
1636 789 1725 839 liet
1753 784 1838 838 die
1868 798 1989 838 cra-

399 900 543 952 stina
574 896 625 949 in
666 893 769 947 hoc
806 891 943 944 loco.
986 888 1103 953 Quo
1131 885 1274 939 dicto
1320 879 1557 949 episcopi
1590 876 1822 930 salutato
1863 887 1989 943 rege

399 990 783 1047 discesserunt,
812 990 869 1037 et
888 978 1090 1035 reversi
1112 985 1236 1030 sunt
1255 983 1313 1027 ut
1332 971 1509 1026 omnia
1540 970 1849 1023 intimarent
1872 967 1991 1020 aliis

402 1075 687 1146 episc0pis.
715 1072 845 1127 Erat
866 1080 1044 1124 autem
1066 1068 1241 1137 vigilia
1269 1064 1622 1119 solemuitatis
1645 1060 1702 1114 S.
1734 1059 1895 1114 Justi.
1922 1058 1987 1113 Et

403 1170 529 1221 licet
549 1164 877 1234 optavissent
901 1159 1042 1231 quod
1070 1159 1170 1211 hoc
1193 1158 1346 1211 ﬁeret
1371 1155 1459 1209 die
1485 1152 1883 1207 solemnitatem
1899 1165 1991 1205 se-

400 1259 609 1328 quenti,
644 1256 930 1311 noluerunt
960 1264 1132 1305 tamen
1169 1258 1381 1318 propter
1401 1254 1603 1301 tantum
1634 1246 1833 1298 bonum
1864 1259 1985 1297 atu-

406 1349 547 1418 plius
609 1349 1025 1418 procrastinare.
1083 1341 1188 1396 Sed
1258 1338 1580 1394 unanimiter
1634 1339 1991 1392 decreverunt

402 1439 545 1508 apud
574 1438 629 1493 S.
662 1436 796 1491 Justi
826 1434 1128 1502 sepulcrum
1173 1439 1511 1499 pernoctare,
1538 1437 1596 1481 ut
1635 1426 1727 1481 illo
1758 1428 1989 1481 interce-

402 1529 567 1585 dente
590 1527 897 1583 obtinerent
926 1541 953 1574 ιι
987 1523 1209 1577 Domino
1232 1519 1516 1588 petitiones
1544 1518 1721 1572 cordis
1752 1517 1856 1571 sui.

482 1622 671 1677 Evenit
714 1627 891 1673 autem
921 1628 977 1669 ut
1013 1630 1073 1670 ea
1120 1622 1276 1668 nocte
1320 1627 1442 1667 cum
1487 1611 1657 1665 lector
1700 1608 1993 1664 secundum

405 1727 615 1768 morem
663 1711 925 1779 inciperet
964 1708 1244 1761 lectionem
1284 1719 1313 1757 a
1362 1704 1564 1773 Moyse,
1596 1701 1782 1755 incidit
1809 1701 1860 1754 in
1908 1700 1995 1753 illa

403 1804 570 1857 verba
592 1799 799 1855 Domini
818 1815 831 1851 :
849 1798 953 1852 Sed
977 1813 1068 1866 ego
1087 1796 1333 1847 iudurubo
1350 1810 1435 1845 cor
1450 1796 1559 1865 ejus
1578 1800 1622 1845 et
1647 1789 1996 1861 multiplicabo

2097 606 2477 669 proposuerat,
2512 608 2621 648 non
2669 591 2841 661 potuit
2879 589 3210 660 respondere
3239 590 3305 643 ad
3333 604 3493 643 unam
3520 588 3588 643 de
3616 606 3702 643 ra-

2090 692 2329 747 tionibus
2360 702 2481 759 qute
2522 687 2737 741 fuerant
2765 700 2794 737 a
2819 684 3023 739 domno
3063 683 3225 737 Avito
3250 681 3567 751 propositas,
3601 696 3698 733 ne-

2091 797 2197 854 que
2233 782 2395 835 ullam
2437 795 2534 848 pro
2576 776 2897 832 defensione
2935 788 3047 828 sum
3087 772 3259 841 partis
3298 772 3570 842 allegare;
3603 772 3697 824 sed

2093 884 2298 929 tantum
2340 886 2401 928 os
2446 886 2603 925 suum
2649 870 2702 923 in
2734 866 2996 922 conviciis
3042 866 3345 934 aperiebat,
3385 873 3442 919 et
3488 864 3702 918 dicebat

2093 964 2385 1017 catholicos
2409 974 2529 1016 esse
2555 959 3001 1030 praestigiatores,
3021 966 3077 1011 et
3096 956 3277 1011 colere
3301 955 3698 1009 multitudinem

2093 1055 2339 1109 deorum.
2376 1051 2529 1118 Quod
2578 1050 2752 1104 solum
2794 1064 2915 1104 cum
2975 1047 3205 1109 diceret,
3239 1048 3551 1115 videretque
3602 1061 3697 1101 rex

2095 1146 2471 1200 confusionem
2500 1158 2612 1197 sua:
2640 1152 2824 1209 sectas,
2856 1142 3095 1195 surrexit
3119 1140 3188 1195 de
3212 1153 3311 1194 sua
3334 1140 3483 1205 sede,
3515 1140 3703 1194 dicens

2095 1238 2237 1305 quod
2268 1238 2320 1290 in
2348 1236 2643 1290 crastinum
2676 1232 3033 1300 responderet
3062 1231 3389 1286 Bonifacius.
3426 1232 3702 1286 Discesse-

2097 1336 2219 1380 runt
2254 1340 2383 1394 ergo
2426 1339 2615 1378 omnes
2659 1323 2927 1392 episcopi;
2970 1330 3025 1377 et
3056 1322 3178 1391 quia
3217 1321 3395 1376 adhuc
3438 1322 3554 1376 dies
3593 1337 3700 1375 non

2098 1428 2215 1473 erat
2256 1418 2533 1484 inclinata,
2571 1421 2788 1470 iverunt
2818 1416 2977 1469 simul
3014 1430 3136 1469 cum
3170 1416 3385 1469 caeteris
3421 1416 3702 1470 catholicis

2098 1510 2165 1565 ad
2197 1510 2469 1564 basilicam
2497 1508 2679 1563 domni
2710 1508 2869 1572 Justi,
2896 1507 3220 1581 confitentes
3254 1505 3536 1560 Dominum
3566 1522 3703 1575 quo—

2100 1602 2241 1656 niam
2268 1601 2459 1664 bonus,
2493 1609 2547 1655 et
2573 1599 2851 1653 laudantes
2866 1612 3014 1665 eum,
3038 1598 3125 1666 qui
3151 1596 3377 1653 dederat
3408 1596 3514 1652 illis
3540 1598 3701 1653 talem

2099 1694 2379 1747 victoriam
2411 1692 2480 1746 de
2512 1690 2745 1745 inimicis
2772 1690 2907 1744 suis.

2172 1783 2432 1852 Sequenti
2457 1796 2586 1837 vero
2606 1781 2695 1836 die
2732 1780 2925 1835 iterum
2955 1780 3022 1834 ad
3074 1780 3279 1849 regiam
3317 1780 3540 1851 profecti
3577 1797 3701 1837 eum

399 1896 553 1965 signa
570 1904 617 1947 et
645 1902 837 1945 ostenta
867 1905 975 1942 mea
1008 1889 1060 1941 in
1083 1898 1215 1941 terra
1241 1883 1483 1954 [Egypth
1508 1892 1552 1936 et
1578 1899 1680 1935 utut
1710 1884 1883 1934 audiet
1911 1897 1997 1934 vos
2032 1874 2075 1932 Β
2107 1875 2187 1929 his
2216 1876 2305 1944 qui
2340 1874 2391 1929 in
2427 1874 2750 1943 prmcedenti
2792 1872 3048 1937 aderant;
3081 1888 3313 1943 cumque
3354 1873 3705 1944 Ῐηεΐοάοΐθη·

399 1982 864 2060 (Εωά.νιι,5,ι).
892 1980 1093 2036 Deinde
1123 1994 1243 2032 cum
1275 1986 1395 2046 post
1424 1976 1657 2044 psalmos
1687 1976 2003 2028 decantatus

400 2077 661 2139 “.ccitaret
687 2092 749 2129 ex
779 2072 1073 2144 prophetis,
1109 2074 1461 2124 oet'urretunt
1486 2065 1647 2121 verba
1692 2064 1901 2118 Domini
1933 2064 1999 2117 ad

401 2165 624 2224 Esaiam
667 2166 892 2221 dicentis
919 2181 932 2216 :
964 2162 1109 2216 Vade
1147 2172 1195 2215 et
1224 2162 1359 2213 dices
1386 2158 1575 2228 papula
1605 2158 1722 2209 huic
1754 2172 1775 2210 :
1816 2158 2003 2210 Audite

403 2260 672 2311 audientes
703 2265 748 2309 et
777 2254 932 2307 nolite
960 2251 1272 2322 intelligere;
1304 2258 1351 2303 tt
1372 2250 1533 2302 videte
1554 2249 1794 2301 uisionem
1825 2258 1872 2301 et
1909 2264 1997 2299 no-

398 2350 499 2402 lite
527 2361 850 2415 cognoscrre.
878 2342 1097 2395 Eretrca
1129 2357 1219 2394 cor
1248 2340 1426 2411 populi
1466 2340 1601 2409 ejus,
1628 2348 1673 2393 et
1714 2356 1862 2393 aures
1893 2344 2000 2411 rjus

394 2451 647 2508 σθαι-στα,
679 2443 725 2488 et
755 2434 929 2487 oculos
964 2433 1073 2499 eius
1113 2432 1314 2496 claude,
1346 2449 1408 2485 ne
1456 2432 1585 2501 forte
1621 2433 1789 2486 videat
1842 2433 2002 2485 oculs

394 2528 537 2589 suis,
558 2534 606 2578 et
627 2524 836 2577 auribus
862 2523 1063 2586 audiat,
1095 2530 1144 2575 et
1180 2522 1435 2592 intelligat
1470 2538 1562 2576 suo
1596 2522 1769 2586 corde,
1803 2532 1849 2575 et
1881 2538 2007 2574 con-

394 2624 649 2680 vertatur,
680 2623 727 2667 et
748 2630 921 2667 sanem
940 2629 1054 2667 eum
1076 2612 1230 2685 (Isai.
1256 2628 1330 2679 vt,
1356 2614 1410 2681 9,
1435 2614 1543 2682 10).
1566 2612 1809 2683 Cumque
1826 2614 2002 2669 adhuc

395 2707 599 2775 psalmi
646 2705 873 2759 fuissent
897 2704 1189 2769 decantati,
1236 2712 1291 2759 et
1332 2705 1532 2772 legeret
1572 2721 1637 2759 ex
1686 2705 1997 2774 Evangelia,

395 2797 596 2851 incidit
641 2798 691 2849 in
731 2797 891 2851 verba
932 2795 1125 2864 quibus
1175 2795 1419 2850 Salvator
1450 2801 1742 2865 exprobrat
1799 2795 2001 2850 Judteis

394 2888 835 2942 incredulitatem
858 2904 869 2938 :
909 2887 991 2939 Vw
1011 2887 1123 2951 tibi,
1145 2884 1479 2951 Corrazaim;
1504 2903 1574 2939 ra:
1596 2888 1704 2953 tibi,
1723 2887 2002 2941 Betsuida.’

391 2980 530 3045 quia
558 2979 603 3029 si
625 2978 677 3030 in
705 2976 847 3047 Tyro
873 2986 919 3029 et
946 2978 999 3030 in
1040 2977 1236 3030 Sidone
1267 2976 1474 3029 virtutes
1505 2978 1655 3043 factw
1688 2992 1851 3031 essent
1887 2995 2003 3049 qua

392 3075 526 3119 sunt
556 3066 705 3134 factm
721 3066 773 3119 in
793 3067 950 3128 vobis,
973 3068 1087 3136 jam
1107 3065 1302 3118 dudum
1326 3068 1378 3118 in
1400 3067 1564 3119 cilicio
1586 3078 1632 3119 et
1655 3068 1825 3121 cinere
1846 3073 2003 3137 paeni-

394 3156 623 3209 tentiam
652 3159 866 3224 egisseut
898 3154 1113 3223 (Matth.
1146 3170 1220 3220 st,
1253 3155 1368 3224 21).
1407 3157 1643 3224 Denique
1666 3171 1789 3211 cum
1843 3160 2000 3213 lectio

2108 1975 2213 2029 tur,
2238 1965 2554 2019 invenerunt
2584 1962 2861 2026 Areditnn,
2895 1964 2985 2032 qui
3026 1964 3107 2017 eis
3138 1964 3463 2031 persuadere
3492 1965 3705 2019 volebat

2106 2071 2163 2113 ut
2193 2060 2639 2127 regredet'entur;
2666 2056 2879 2109 dit-ebat
2905 2056 3049 2110 enim
3081 2056 3222 2125 quod
3249 2058 3382 2111 tales
3418 2059 3548 2112 rixae
3577 2073 3705 2113 exa-

2103 2138 2395 2219 sperabant
2423 2151 2633 2203 animos
2664 2146 3043 2209 multitudinis,
3074 2158 3128 2201 et
3156 2148 3298 2216 quod
3345 2165 3450 2202 non
3493 2160 3705 2218 poti-rat

2102 2242 2300 2313 aliquid
2334 2242 2457 2296 boni
2475 2256 2540 2295 ex
2558 2241 2635 2295 eis
2659 2240 2963 2308 provenire.
2983 2240 3087 2295 Sed
3113 2240 3343 2295 domnus
3372 2242 3701 2313 Stephanus,

2103 2334 2189 2405 qui
2222 2333 2423 2387 sciebat
2452 2332 2599 2387 illum
2632 2334 2811 2387 f..vere
2837 2332 3052 2385 Arionis
3078 2340 3133 2384 ut
3158 2337 3386 2401 gratiam
3413 2337 3555 2404 regis
3576 2349 3703 2391 con-

2102 2438 2440 2497 sequeretur,
2474 2428 2599 2482 licet
2622 2424 2781 2482 fidem
2808 2436 3045 2479 nostram
3073 2430 3438 2494 protiterctur,
3472 2446 3699 2499 respon-

2103 2520 2182 2572 dit
2209 2520 2257 2573 ei
2290 2518 2431 2587 quod
2463 2534 2571 2571 non
2600 2516 2894 2573 timendum
2930 2526 3046 2571 erat
3078 2532 3145 2572 ne
3176 2518 3311 2573 rixa:
3349 2520 3703 2589 prOCcderent

2104 2623 2174 2663 ex
2222 2608 2567 2677 inquisitione
2603 2609 2943 2665 veritatiset
2999 2621 3187 2663 amore
3235 2609 3421 2664 salutis
3480 2611 3703 2668 fratrum

2103 2714 2343 2763 suorum,
2378 2698 2486 2753 imo
2511 2698 2640 2752 nihil
2670 2712 2791 2752 esse
2820 2697 3005 2752 utilius
3042 2696 3110 2752 ad
3146 2696 3454 2767 jungendos
3494 2704 3704 2758 animos

2104 2792 2157 2846 in
2187 2800 2371 2846 sancta
2402 2791 2655 2854 amicitia,
2685 2805 2843 2859 quam
2874 2793 3201 2859 cognoscere
3230 2793 3370 2859 apud
3394 2809 3530 2861 quos
3559 2806 3706 2849 esset

2106 2884 2337 2949 veritas;
2368 2884 2489 2953 quia
2516 2884 2822 2953 ubicunque
2845 2890 2948 2947 est,
2981 2882 3230 2938 amabilis
3252 2894 3372 2952 est,
3410 2896 3463 2941 et
3492 2886 3704 2955 profes-

2105 2991 2258 3033 sores
2288 2976 2406 3044 ejus
2434 2976 2611 3031 reddit
2640 2976 2919 3031 amabiles.

2178 3067 2395 3122 Addidit
2422 3068 2639 3135 insuper
2660 3081 2847 3122 omnes
2885 3066 2986 3121 huc
3018 3068 3232 3124 venisse
3262 3070 3560 3123 secundum
3584 3072 3701 3140 jus-

2108 3157 2316 3212 sionem
2344 3158 2510 3226 regis,
2542 3166 2730 3211 contra
2763 3158 2904 3227 quod
2935 3174 3254 3228 responsum
3286 3176 3392 3214 non
3424 3170 3507 3216 est
3540 3177 3705 3216 ausus

391 3250 567 3305 ﬁeret
598 3264 662 3303 es
692 3249 969 3317 Αροειυιυ,
1003 3247 1345 3318 pronuntiata
1387 3260 1514 3303 sunt
1545 3250 1703 3304 verba
1742 3250 1826 3304 illa
1864 3270 1875 3302 :
1922 3252 1999 3305 An
2028 3224 2075 3286 Ο
2111 3249 2338 3303 Aredius
2368 3224 2596 3316 amplius
2628 3224 2856 3303 resilire.
2890 3224 3116 3318 Ingressi
3148 3267 3269 3304 sunt
3298 3268 3393 3320 erg
3418 3268 3463 3316 ›;
3497 3263 3551 3307 et
3583 3269 3708 3307 cum

389 3340 614 3394 divitias
644 3340 885 3393 bonitatis
910 3342 1023 3411 ejus
1042 3347 1092 3393 et
1113 3340 1374 3408 patientiae
1394 3350 1439 3393 et
1461 3342 1862 3411 longanimitatis
1882 3359 2005 3397 con-

390 3432 629 3486 temnis?
657 3428 876 3501 Ignoras
904 3432 1146 3500 quoniam
1188 3432 1493 3484 sustinentia
1523 3429 1620 3483 Dei
1656 3432 1724 3483 ad
1761 3434 2005 3501 prauitat-

390 3527 536 3578 tiant
572 3532 621 3577 te
656 3523 906 3576 adducit?
948 3523 1242 3577 Secundum
1282 3532 1454 3577 autem
1490 3525 1731 3577 durititm
1772 3536 1912 3577 tuam
1957 3534 2004 3578 et

386 3616 727 3683 impartitens
764 3630 851 3667 cor
879 3614 1194 3667 tltesaurisas
1226 3612 1318 3667 tibi
1351 3615 1483 3667 iram
1533 3616 1586 3668 in
1642 3624 1866 3684 tempore
1912 3618 2006 3671 irae

389 3704 591 3775 (Rom.
615 3719 674 3771 ιι,
706 3703 762 3769 4,
794 3704 870 3773 5).
900 3704 1050 3769 Quod
1079 3717 1200 3757 cum
1237 3704 1304 3758 ab
1341 3705 1591 3759 omnibus
1615 3707 1880 3776 epist-opis
1909 3707 2005 3762 ob-

387 3804 681 3851 servatum
713 3796 921 3861 fuisset,
954 3807 1318 3863 cognoverunt
1351 3796 1609 3851 lectiones
1659 3799 1775 3853 illas
1804 3800 1883 3853 sic
1912 3813 2007 3854 oc~

386 3887 649 3942 currisse
677 3886 889 3941 volente
922 3887 1165 3951 Domino,
1209 3898 1266 3940 ut
1301 3889 1502 3942 scirent
1545 3889 1846 3944 induratum
1884 3905 2005 3946 esse

384 3993 507 4034 cor
534 3978 697 4044 regis,
733 3978 1002 4045 Deumque
1034 3978 1183 4031 illum
1214 3978 1265 4031 in
1299 3993 1391 4032 sua
1424 3980 1810 4049 impoenitentia
1834 3982 2002 4036 relin-

382 4085 597 4141 quere,
628 4069 695 4122 ad
730 4069 1119 4123 Ostendendum
1164 4068 1375 4123 divitias
1419 4070 1640 4139 justititn
1687 4087 1827 4137 suae;
1863 4073 2004 4128 unde

381 4159 567 4213 valde
599 4158 780 4213 tristes
802 4157 997 4224 effecti,
1021 4170 1232 4212 noctem
1265 4159 1313 4211 in
1335 4159 1583 4231 Iacrymis
1606 4171 1999 4232 transegerunt.

379 4253 525 4307 Non
561 4251 884 4306 destiterunt
927 4261 1102 4306 tamen
1149 4250 1428 4306 veritatem
1483 4264 1680 4309 nostra:
1730 4257 2001 4325 religionis

379 4351 596 4398 contra
622 4341 848 4396 Arianos
875 4356 1137 4397 asserere.

470 4432 647 4500 Igitur
672 4442 910 4499 tempore
936 4446 1041 4499 quo
1072 4432 1434 4500 rexjusscrat,
1467 4436 1729 4489 convenio
1758 4445 1791 4489 tt
1813 4450 2002 4489 omnes

374 4523 673 4593 epiSCOpi,
705 4530 760 4576 et
787 4522 945 4575 simul
974 4522 1039 4575 ad
1083 4526 1280 4592 regiam
1309 4526 1502 4578 vadunt
1534 4542 1654 4578 cmn
1705 4528 1885 4581 multis
1912 4544 1996 4581 sa-

372 4617 723 4673 cerdotibus
745 4625 800 4670 et
828 4616 1141 4669 diaconihus
1172 4625 1225 4669 et
1253 4615 1567 4684 quibusdam
1599 4619 1667 4673 de
1697 4620 1995 4687 catholicis,
2028 4598 2079 4657 D

376 4712 553 4765 inter
584 4722 718 4774 quos
747 4714 902 4761 erant
940 4706 1185 4761 Placidus
1216 4717 1270 4761 et
1311 4707 1577 4775 Lucanus,
1603 4711 1689 4777 qui
1735 4722 1889 4763 erant
1936 4714 2003 4765 de

377 4797 695 4868 praecipuis
729 4796 933 4851 militia:
964 4799 1124 4865 regis.
1152 4797 1424 4851 Venerunt
1455 4798 1615 4853 etiam
1656 4799 1842 4855 Ariani
1878 4817 1999 4855 cum

374 4890 543 4945 suis.
568 4887 700 4940 Cum
726 4901 854 4956 ergo
881 4889 1146 4943 sedissem
1167 4904 1346 4942 coram
1377 4904 1523 4957 rege,
1551 4890 1781 4944 domnus
1812 4890 2004 4946 Avitus

375 5001 502 5055 pro
537 4981 839 5047 catholicis,
873 4982 1172 5038 Bonifacius
1196 4999 1291 5052 pro
1314 4985 1546 5051 Arianis,
1576 5001 1880 5042 sermonem
1906 4988 2003 5041 ltu-

372 5078 666 5131 buerunt.
689 5070 793 5127 Sed
825 5083 1105 5143 postquam
1137 5075 1367 5129 domnus
1404 5077 1592 5130 Avitus
1627 5080 1904 5148 proposuit
1940 5082 2000 5133 li-

369 5170 535 5224 dcm
583 5173 818 5218 nostram
860 5179 983 5219 cum
1029 5166 1350 5221 testimoniis
1390 5184 1557 5222 sacrm
1597 5169 1913 5239 Scripturte,
1945 5180 2004 5225 ut

371 5268 528 5316 erat
559 5257 696 5310 alter
720 5256 943 5320 Tullius,
965 5268 1018 5310 et
1037 5257 1295 5312 Dominus
1319 5260 1612 5328 inspirabat
1638 5263 1862 5329 gratiam
1887 5277 2001 5320 om-

367 5349 572 5407 nibus
602 5358 718 5416 quae
756 5346 989 5410 diccbat,
1024 5356 1166 5401 tanta
1206 5351 1568 5403 consternatio
1605 5351 1803 5405 cecidit
1841 5366 2003 5421 super

367 5438 662 5502 Arianos,
692 5446 750 5489 ιιι
774 5435 1039 5505 qui.satis
1082 5439 1435 5495 amicabiliter
1478 5442 1714 5496 audienti
1756 5460 1805 5496 tn
1861 5460 2001 5510 pree-

369 5531 603 5585 lmerat
624 5523 945 5592 Bonifacius,
979 5528 1108 5582 nihil
1132 5531 1349 5584 omnino
1376 5533 1703 5600 respondere
1734 5546 1915 5603 posset
1936 5536 2001 5590 ad

365 5620 648 5675 rationes
674 5611 855 5672 domui
880 5620 1047 5685 Aviti,
1078 5621 1172 5674 sed
1206 5632 1410 5677 tantum
1438 5626 1763 5691 quat-stiones
1797 5628 1999 5683 difﬁci-

365 5716 466 5769 les
499 5722 623 5778 pro,
645 5718 853 5775 oneret,
875 5711 1066 5780 quibus
1091 5712 1368 5769 videbatur
1388 5717 1521 5771 velle
1544 5732 1724 5787 regem
1744 5718 1993 5789 fatigare.

366 5802 505 5863 sed
547 5815 666 5857 cum
698 5801 765 5855 ab
795 5802 948 5859 Avito
972 5815 1253 5875 urgeretur
1276 5818 1331 5861 ut
1360 5809 1711 5879 responderet
1747 5812 1810 5865 ad
1843 5822 1996 5867 aute.

2109 3353 2202 3394 rex
2233 3353 2326 3393 eos
2354 3338 2593 3403 vidisset,
2625 3340 2861 3394 surrexit
2903 3341 2954 3393 in
2996 3355 3279 3395 occursum
3324 3358 3535 3409 eorum,
3588 3359 3707 3397 mc-

2107 3428 2337 3498 diusque
2366 3429 2506 3482 inter
2532 3430 2789 3483 damnum
2827 3428 3161 3497 Stephanum
3188 3441 3243 3486 et
3276 3432 3533 3488 dmnnum
3576 3437 3709 3491 Avi-

2110 3528 2245 3587 tum,
2272 3519 2447 3573 adhuc
2476 3518 2638 3573 multa
2675 3520 2883 3574 locutus
2916 3532 2999 3576 est
3032 3532 3217 3575 contra
3258 3522 3586 3579 Francorum
3620 3542 3710 3579 re-

2106 3625 2250 3682 gem,
2283 3626 2442 3681 quem
2473 3611 2686 3667 dieebat
2718 3612 3014 3669 sollicitare
3064 3614 3284 3670 fratrem
3326 3629 3483 3671 suum
3522 3628 3710 3674 contra

2106 3716 2183 3757 se.
2209 3702 2315 3757 Sed
2342 3716 2463 3757 cum
2486 3703 2877 3772 responderent
2906 3705 3111 3772 pra-fati
3136 3706 3399 3776 episcOpi,
3425 3709 3568 3778 quod
3602 3727 3708 3767 non

2106 3802 2253 3847 esset
2282 3793 2470 3848 melior
2497 3793 2579 3847 via
2611 3793 2831 3849 ineundi
2862 3809 3047 3863 pacem
3083 3778 3244 3865 quam
3290 3800 3626 3856 concordare
3657 3803 3711 3857 in

2110 3886 2232 3951 fide,
2268 3893 2323 3959 et
2352 3900 2570 3953 operam
2599 3900 2775 3951 suam,
2810 3886 2853 3939 si
2884 3896 3088 3956 gratam
3119 3889 3362 3955 haberet,
3393 3892 3711 3955 polliceren-

2108 3983 2195 4031 tur
2222 3991 2318 4045 pro
2349 3984 2455 4030 tam
2486 3986 2672 4031 sancto
2699 3976 2900 4032 fa’dere
2927 3980 3283 4047 conciliando,
3318 3984 3450 4037 nihil
3479 3988 3711 4053 amplius

2107 4067 2315 4122 locutus
2343 4076 2449 4133 est,
2472 4070 2566 4123 sed
2596 4070 2959 4140 unusquisque
2986 4072 3162 4127 locum
3185 4088 3345 4141 quem
3379 4078 3706 4141 prrccedenti

2106 4159 2195 4213 die
2224 4167 2487 4223 tenuerat,
2525 4160 2829 4231 occupavit.

2177 4252 2312 4305 Cum
2342 4254 2518 4321 itaque
2554 4252 2843 4317 sedissem,
2873 4253 3104 4308 domnus
3142 4254 3330 4310 Avitus
3373 4268 3479 4311 tam
3534 4260 3708 4315 lucide

2110 4343 2357 4411 probavit
2398 4344 2536 4410 quod
2564 4344 2811 4397 catholici
2858 4359 2963 4398 non
3000 4346 3183 4414 plures
3214 4346 3345 4400 deos
3390 4348 3706 4415 adorabant,

2106 4444 2165 4490 ut
2189 4434 2502 4501 sapientiam
2529 4436 2644 4504 ejus
2673 4444 2775 4488 tam
2801 4437 3047 4489 catholici
3079 4454 3238 4506 quam
3268 4440 3559 4494 adversm'ii
3586 4460 3708 4498 cunt

2108 4536 2325 4593 stupore
2375 4526 2719 4580 mirarentur.
2772 4526 2825 4580 Id
2865 4536 3042 4582 autem
3091 4530 3208 4583 fecit
3246 4540 3301 4582 nt
3352 4534 3710 4599 responderet

2109 4615 2369 4670 conviciis
2404 4630 2525 4684 quae
2566 4616 2871 4671 Bonifacius
2913 4616 2965 4671 in
3001 4628 3239 4672 nostram
3276 4619 3433 4674 iidem
3483 4626 3706 4687 jeeerat.

2110 4710 2399 4777 Postquam
2433 4724 2562 4778 ergo
2590 4710 2868 4775 conticuit,
2905 4720 2963 4765 nt
2999 4712 3173 4765 locum
3207 4711 3359 4767 daret
3399 4720 3711 4779 respoosio-

2110 4803 2265 4856 nibus
2299 4802 2579 4868 Bonifacii,
2610 4804 2738 4857 nihil
2784 4804 2925 4858 aliud
2978 4807 3152 4875 potuit
3192 4806 3280 4861 ille
3312 4807 3516 4874 dicere,
3549 4826 3709 4879 quam

2110 4894 2250 4961 quod
2280 4894 2604 4961 pra-cedenti
2628 4895 2715 4950 die
2735 4894 2958 4956 fecerat.
2983 4906 3035 4951 et
3062 4897 3320 4951 conviciis
3351 4899 3559 4953 addens
3583 4915 3713 4954 con-

2111 4985 2258 5038 vicia.
2301 4994 2447 5038 tanto
2486 4986 2684 5055 impetu
2730 4987 3016 5053 clamabat,
3046 4997 3106 5041 ut
3142 5004 3253 5056 pra:
3295 4991 3554 5045 raucitatc
3604 5007 3713 5046 non

2109 5087 2291 5144 posset
2320 5076 2551 5141 amplius
2576 5076 2716 5143 loq'ni
2750 5086 2805 5130 et
2830 5079 2981 5147 quasi
3015 5077 3388 5133 suffocaretur.

2179 5170 2331 5235 Quod
2366 5184 2488 5225 cum
2524 5186 2613 5224 rex
2655 5170 2896 5235 vidisset,
2930 5180 2982 5225 et
3025 5175 3156 5226 satis
3195 5171 3283 5226 ditt
3316 5183 3709 5242 exspectasset,

2109 5262 2325 5318 tandem
2382 5265 2617 5317 surrexit
2672 5263 2819 5317 vultu
2881 5264 3301 5333 indignationem
3369 5265 3710 5333 praetendens

2106 5363 2292 5407 contra
2343 5352 2695 5407 Bonifacinm.
2744 5353 2896 5407 Tunc
2952 5354 3183 5408 domnus
3229 5355 3420 5411 Avitus
3465 5358 3598 5411 dixit
3642 5358 3709 5412 ad

2112 5459 2292 5513 regem
2320 5461 2331 5495 :
2356 5443 2410 5499 Si
2434 5443 2735 5497 sublimitas
2754 5454 2927 5498 vestra
2950 5444 3107 5499 vellet
3122 5444 3316 5514 jubere
3336 5455 3393 5501 ut
3422 5446 3471 5500 hi
3488 5462 3714 5516 respon-

2111 5535 2303 5591 derent
2354 5534 2810 5605 propositionibus
2868 5535 3086 5600 nostris,
3132 5545 3188 5590 ut
3242 5545 3426 5605 posset
3467 5536 3717 5605 judicare

2110 5641 2355 5695 quanam
2389 5626 2519 5680 lldcs
2550 5636 2693 5681 esset
2720 5626 3023 5681 retinenda.
3050 5626 3158 5681 Sed
3190 5626 3320 5680 nihil
3360 5642 3454 5681 rex
3485 5641 3715 5696 respon-

2110 5719 2209 5780 dit,
2258 5734 2434 5789 neque
2471 5719 2652 5775 caeteri
2686 5718 2868 5773 Ariani
2900 5719 2992 5788 qui
3046 5730 3200 5775 erant
3240 5733 3361 5775 cum
3405 5719 3532 5783 illo;
3574 5720 3715 5774 adeo

2109 5809 2391 5879 stupefacti
2419 5820 2574 5865 erant
2600 5809 2668 5865 de
2692 5809 2934 5865 doctrina
2961 5820 3016 5867 et
3042 5812 3305 5881 sapientia
3333 5809 3513 5865 domui
3547 5811 3707 5865 Aviti.
