4316 6414
826 392 915 447 591
1517 376 1604 431 AD
1641 369 2151 430 SIBMUNDMNAM
2195 367 2374 424 AVITI
2419 362 2788 420 EDITIONEM
2830 360 3233 416 AUC’I‘ABIUM
3377 338 3392 353 ⁸
3975 351 4079 406 ἷθὲ-

824 500 921 565 oui
968 512 1086 554 cum
1144 496 1350 550 videret
1398 505 1581 546 eorum
1633 485 1925 548 silentium,
1967 481 2244 551 subjunxit
2283 495 2299 533 :
2340 479 2394 532 Si
2426 485 2476 543 Α
2505 490 2741 547 pturam,
2772 491 2888 544 quae
2921 476 2989 528 sit
3035 473 3220 526 fortior
3246 466 3835 565 onttt‘tbuo-nra'stigiis.
3965 463 4076 517 haec

826 591 984 647 vestri
1008 604 1113 642 non
1138 593 1360 656 possunt
1385 579 1709 646 respondere
1733 575 2027 629 rationibus
2042 571 2261 650 nostris,
2277 569 2402 639 quid

828 683 1002 733 obstat
1032 693 1129 732 cur
1160 691 1265 729 non
1303 685 1487 726 omnes
1527 668 1683 722 simul
1710 665 2099 720 conveniamus
2127 664 2179 716 in
2223 659 2406 716 eadem

830 769 967 822 fide?
995 767 1143 819 Tunc
1165 758 1616 817 murmurantibus
1647 756 1775 821 illis,
1801 754 1868 808 de
1913 768 2008 808 sua
2047 751 2153 806 fide
2184 763 2404 805 securus

834 859 886 910 itt
919 856 1140 909 Domino
1161 849 1400 904 addidit:
1441 847 1497 902 Si
1533 847 1770 900 rationes
1807 853 2004 897 nostrae
2054 857 2160 895 non
2193 846 2414 910 possunt

835 947 952 1000 illos
977 941 1308 1003 convincere,
1344 955 1446 992 non
1474 937 1660 991 dubito
1679 939 1806 999 quin
1833 934 1976 988 Deus
1994 932 2150 986 [idem
2179 939 2410 984 nostram

837 1031 1089 1088 miraculo
1117 1030 1399 1083 confirmet
1424 1043 1437 1080 :
1471 1027 1661 1096 jubeat
1698 1026 1997 1078 sublimitas
2019 1036 2190 1076 vestra
2219 1029 2275 1074 ut
2306 1029 2411 1072 tam

838 1125 912 1176 illi
940 1135 1100 1192 quam
1125 1135 1222 1174 nos
1242 1133 1426 1173 eamus
1455 1119 1520 1170 ad
1546 1116 1846 1184 sepulcrum
1882 1114 2108 1166 hominis
2133 1111 2221 1164 Dei
2253 1111 2411 1175 Justi,

840 1224 891 1267 et
916 1215 1307 1279 interrogemus
1337 1209 1482 1262 illum
1515 1207 1580 1261 de
1606 1215 1780 1260 nostra
1808 1204 1942 1262 fide;
1967 1203 2209 1256 similiter
2230 1211 2283 1255 et
2315 1201 2416 1254 Bo-

841 1301 1062 1355 nifacius
1085 1299 1151 1352 de
1181 1313 1274 1351 sua
1297 1315 1308 1348 :
1330 1307 1381 1350 et
1410 1297 1663 1349 Dominus
1696 1293 2055 1361 prttnttntiahit
2078 1307 2171 1360 per
2192 1306 2252 1344 os
2274 1288 2412 1344 servi

841 1389 923 1442 sui
954 1389 1008 1441 in
1028 1388 1217 1456 quibus
1245 1386 1594 1452 complaceat.
1648 1383 1755 1435 ltex
1782 1384 2041 1436 attonitus
2083 1395 2318 1434 annuere
2345 1381 2421 1431 vi-

845 1480 1099 1542 debatur;
1142 1479 1234 1531 sed
1276 1478 1562 1530 inclamare
1591 1485 1867 1540 cmperunt
1911 1473 2117 1536 Ariani,
2148 1481 2202 1526 et
2247 1471 2424 1525 dicere

846 1584 905 1624 se
944 1584 1038 1637 pro
1064 1569 1168 1620 fide
1197 1581 1289 1618 sua
1323 1565 1706 1620 manifestanda
1739 1565 1912 1618 facere
1956 1565 2100 1619 nolle
2134 1573 2190 1617 ut
2229 1563 2427 1615 fecerat

851 1657 997 1721 Saul,
1028 1666 1083 1709 et
1113 1656 1231 1709 ideo
1258 1653 1569 1708 maledictus
1599 1657 1800 1717 fuerat;
1826 1662 1916 1706 aut
1942 1666 2220 1707 recurrere
2249 1651 2310 1702 ad
2340 1648 2424 1702 itt-

846 1747 1173 1801 cantationes
1202 1753 1257 1799 et
1281 1745 1493 1807 illicita;
1524 1745 1768 1798 sufﬁcere
1809 1745 1908 1798 sibi
1939 1758 1997 1797 se
2038 1744 2234 1798 habere
2272 1739 2422 1796 Scri-

2507 585 2723 638 semper
2752 575 3072 634 repetentes,
3097 573 3149 616 et
3167 563 3389 618 hoantes
3413 559 3582 628 potius
3601 571 3759 626 quam
3783 551 4076 609 vociferan-

2509 665 2626 722 tes,
2662 673 2783 721 rex,
2809 655 2895 724 qui
2934 654 3044 723 jam
3094 657 3422 716 surrexerat,
3459 644 3728 716 accipiens
3763 659 3857 713 per
3894 656 4078 696 manus

2510 747 2767 800 domnum
2799 744 3124 813 Stephanum
3155 749 3208 793 et
3238 740 3490 792 domnum
3531 737 3766 799 Avitum,
3806 732 3954 786 duxit
3988 743 4082 785 ets

2516 851 2684 906 usque
2711 834 2778 888 ad
2802 831 3096 887 cubiculum
3127 842 3315 892 suum;
3338 835 3534 881 etcum
3559 826 3782 878 intraret
3806 819 4082 890 amplexus

2519 936 2601 980 est
2628 939 2746 989 eos,
2780 925 2964 978 dicens
2994 929 3050 975 ut
3077 927 3296 974 orarent
3338 930 3431 984 pro
3454 930 3542 970 co.
3573 915 3942 981 Cognoverunt
3969 908 4084 977 qui-

2519 1017 2640 1070 dem
2673 1016 2748 1068 illi
2782 1012 3180 1082 perplexitatem
3210 1016 3265 1064 et
3299 1007 3570 1076 angustias
3607 1003 3780 1058 cordis
3809 1003 3947 1068 ejus,
3990 999 4081 1052 sed

2520 1106 2641 1174 quia
2703 1103 2859 1156 Pater
2897 1115 3018 1155 eum
3066 1114 3174 1152 non
3220 1103 3454 1151 traxerat
3484 1092 3672 1164 (Joan.
3715 1105 3783 1153 vt,
3813 1088 3936 1156 44),
3983 1102 4084 1141 non

2523 1193 2690 1262 potuit
2719 1191 2899 1245 venire
2929 1189 2993 1241 ad
3026 1186 3239 1251 Filium,
3271 1196 3328 1239 ut
3353 1184 3549 1238 veritas
3585 1180 3926 1250 impleretur:
3967 1177 4086 1230 Non

2519 1295 2593 1339 est
2614 1283 2845 1348 volentis,
2873 1297 3030 1344 neque
3052 1279 3358 1348 festinantis,
3381 1276 3469 1329 sed
3493 1274 3763 1327 miserantis
3790 1270 3883 1323 Dei
3911 1269 4087 1339 (llam.

2524 1391 2600 1438 tx,
2636 1373 2742 1440 16).
2778 1373 2840 1425 Et
2867 1386 2934 1425 ex
2960 1384 3020 1423 ea
3045 1369 3132 1422 die
3178 1367 3386 1434 plurimi
3418 1365 3598 1420 Ariani
3637 1362 3698 1416 ad
3728 1360 4090 1429 paenitentiam

2526 1472 2809 1527 venerunt,
2837 1472 2889 1515 et
2925 1468 3042 1529 post
3079 1457 3281 1526 aliquot
3322 1456 3436 1509 dies
3482 1455 3729 1521 baptizati
3781 1451 4010 1513 fuerunt,
4041 1457 4095 1502 ct

2528 1552 2883 1621 magnitlcavit
2909 1549 3162 1603 Dominus
3190 1546 3345 1600 ﬁdem
3379 1554 3612 1598 nostram
3644 1558 3737 1610 per
3764 1540 4096 1595 intercessio-

2530 1658 2651 1698 nem
2675 1641 2859 1697 domni
2883 1639 3017 1694 Justi
3052 1641 3103 1692 in
3129 1646 3415 1705 conspectu
3444 1635 3697 1688 omnium.

846 1841 4040 1877 __________________________________________..

1027 1963 1543 2042 SY-MMACHI
1617 1965 1886 2040 PAP/E
1961 1966 2091 2039 AD
2171 1957 2567 2038 AVITUM
2645 1950 3291 2032 VIENNENSEM
3351 1945 3909 2025 EPISCOPUM

2195 2099 2777 2185 EPISTOLA.

1660 2239 1834 2310 (Hanc
1860 2241 1984 2308 epist
2001 2240 2122 2292 tiam
2145 2238 2348 2292 edem'ls
2367 2250 2479 2288 cum
2509 2243 2555 2287 et
2584 2227 2878 2301 Symmachi
2904 2241 3054 2295 papa:
3079 2225 3277 2295 opera.)

2571 2368 2716 2378 ..ο-’-

1750 2499 2205 2612 SERMO
2292 2494 2703 2607 BEATl
2793 2487 3241 2627 AVlTl,

1884 2691 2090 2746 FERIA
2131 2687 2384 2743 TERTIA
2420 2687 2490 2742 IN
2529 2681 3052 2741 ROGATIONIBUS.

2047 2824 2148 2894 (Ex
2175 2839 2304 2878 mss.
2338 2822 2556 2891 majoris
2578 2819 2921 2889 Carthusizc.)

936 3053 1184 3123 Legimus
1223 3051 1275 3106 iu
1324 3052 1542 3106 historia
1573 3055 1786 3123 {legum
1835 3056 2118 3124 quemdam
2171 3060 2435 3114 celebrem
2472 3064 2514 3120 Β
2543 3068 2783 3126 tempore
2832 3055 3204 3124 paenitentiam
3256 3055 3434 3122 debet,
3482 3071 3585 3109 non
3638 3065 3822 3110 renuat
3867 3056 4098 3110 triduum

864 3146 1264 3216 prophetarum,
1291 3147 1478 3213 exiguo
1503 3148 1716 3213 superni
1751 3148 1934 3214 pastus
1956 3149 2228 3214 alimento,
2259 3151 2439 3203 multis

864 3237 1052 3290 diebus
1096 3237 1196 3289 iter
1246 3236 1616 3303 longissimum
1658 3237 1772 3289 sine
1819 3239 1924 3289 ullo
1963 3239 2286 3294 adminiculo
2338 3241 2440 3293 cibi

870 3330 1142 3383 terrestris
1163 3328 1362 3397 egisse;
1399 3328 1532 3380 adeo
1567 3326 1728 3381 divini
1762 3329 2006 3383 beneficii
2036 3332 2202 3384 vittus
2240 3332 2290 3384 in
2322 3347 2441 3384 cor-

869 3433 1000 3486 pore
1027 3418 1256 3472 humano
1280 3425 1608 3484 sequestrata
1631 3418 1938 3471 infirmitate
1966 3421 2262 3486 przevaluit.
2285 3420 2441 3473 Corn-

868 3507 1073 3575 paratio
1104 3517 1277 3558 autem
1309 3507 1465 3558 modo
1499 3508 1611 3560 haec
1652 3506 1705 3558 in
1731 3522 1982 3561 sermone
2019 3524 2122 3562 non
2153 3523 2310 3562 Causa
2341 3520 2441 3563 est.

871 3600 960 3653 Sic
978 3613 1104 3668 ergo
1123 3600 1280 3652 etiam
1316 3599 1468 3650 nobis
1493 3614 1725 3651 annuum
1750 3600 2013 3664 quoddam
2036 3602 2136 3654 iter
2154 3604 2441 3668 at-tionunt,

874 3705 1112 3752 casuum,
1137 3688 1383 3742 timorum
1409 3688 1723 3742 diversitate
1742 3691 2094 3753 cut-rentibus,
2115 3689 2326 3760 quidam
2355 3694 2442 3760 qui

873 3796 968 3833 nos
991 3781 1126 3832 inter
1151 3779 1247 3831 ista
1277 3779 1541 3831 confortet
1582 3779 1930 3847 [legationum
1959 3781 2118 3834 veluti
2149 3784 2286 3836 caelo
2319 3798 2442 3849 por-

873 3879 1050 3922 rectus
1071 3867 1300 3921 sumitur
1325 3868 1472 3934 panis
1500 3883 1512 3918 :
1538 3867 1687 3934 cujus
1711 3869 1962 3922 fortitudo
1984 3879 2140 3937 atque
2162 3871 2445 3926 salubritas

874 3973 978 4011 neu
1029 3958 1198 4009 solum
1240 3956 1471 4023 inepiam
1517 3957 1798 4023 praeterita:
1843 3960 2136 4012 sterilitatis
2183 3962 2444 4028 suppleat,

873 4061 1056 4100 verum
1097 4046 1259 4099 etiam
1298 4046 1591 4112 prriculnm
1625 4047 1776 4098 famis
1805 4049 1872 4100 ab
1903 4049 2090 4115 Spiritu
2121 4061 2303 4102 nostro
2344 4066 2450 4103 non

879 4137 934 4189 in
965 4139 1106 4203 pane
1127 4136 1261 4201 solo,
1283 4134 1374 4188 sed
1411 4135 1460 4186 in
1490 4134 1651 4188 verbo
1677 4136 1766 4188 Dei
1793 4139 2001 4190 vivente
2029 4138 2282 4191 scclutlat.
2300 4139 2450 4204 Quod

878 4229 922 4280 si
951 4227 1227 4295 quisquam
1262 4227 1582 4293 llogationcs
1613 4238 1798 4278 nostro
1828 4231 2023 4280 szeculo
2053 4229 2324 4284 institutas
2347 4231 2448 4283 tui-

880 4329 1047 4380 retnr,
1075 4333 1206 4386 quas
1239 4318 1397 4370 tantis
1426 4327 1546 4369 ante
1579 4319 1906 4382 temporibus
1931 4319 2286 4375 Ecclesiarum
2318 4323 2452 4376 mul-

2545 3147 2698 3214 Quod
2727 3146 2888 3200 etiam
2915 3147 3074 3212 pleno
3100 3147 3289 3201 ordine
3314 3157 3473 3215 atque
3494 3146 3696 3216 digesto
3715 3147 3984 3214 prophetia
4004 3162 4119 3216 quat

2545 3239 2679 3292 lecta
2711 3246 2816 3300 est,
2845 3236 2891 3290 si
2923 3235 3177 3306 gradibus
3212 3238 3322 3292 suis
3351 3238 3658 3306 replicetur,
3693 3237 3946 3304 insinuat,
3979 3239 4056 3292 sic
4094 3256 4119 3288 a

2545 3326 2810 3394 principio
2839 3326 3105 3380 sermonis
3131 3341 3371 3380 exorsa:
3410 3326 3546 3390 Vos,
3588 3327 3775 3394 inquit,
3817 3329 4020 3396 cognovi
4063 3343 4119 3378 ea

2545 3419 2774 3472 omnibus
2804 3418 3190 3486 cognationibus
3223 3428 3369 3471 term
3389 3418 3563 3487 (Amos
3593 3433 3670 3482 ιιι,
3701 3418 3778 3486 2).
3824 3417 3920 3473 ilic
3947 3421 4120 3471 statim

2547 3524 2606 3563 se
2653 3508 2964 3562 Judmorum
3015 3509 3260 3578 pepulus,
3312 3511 3361 3562 in
3409 3509 3690 3576 quamdam
3738 3508 3974 3578 rapinam
4018 3524 4120 3560 non

2547 3616 2752 3665 amore,
2781 3601 2873 3656 sed
2910 3601 3200 3655 ambitione
3228 3601 3542 3670 praecipitat,
3575 3611 3630 3655 ut
3651 3600 3716 3654 ad
3747 3599 3940 3654 divina:
3970 3599 4123 3653 fami-

2552 3691 2798 3748 liaritatis
2853 3691 3094 3746 notitiam
3147 3707 3253 3761 pra:
3311 3694 3557 3748 omnibus
3611 3693 3853 3748 videatur
3905 3693 4120 3745 ascitus.

2550 3784 2655 3840 Sed
2685 3784 2910 3839 desistat
2935 3785 3056 3838 hinc
3077 3785 3449 3854 opportunitas
3478 3783 3844 3852 obstrependi,
3876 3782 3994 3852 quia
4029 3796 4122 3850 po-

2549 3874 2654 3928 tius
2684 3873 2782 3928 sub
2809 3873 3008 3942 judicio
3037 3874 3262 3927 rationis
3291 3872 3316 3911 δ
3349 3873 3417 3927 de
3468 3873 3788 3940 proprietate
3823 3886 4122 3926 sermonum

2553 3977 2830 4018 causarum
2855 3973 3000 4018 certa
3026 3963 3291 4016 metienda
3321 3971 3465 4016 sunt.
3492 3962 3594 4016 Vos
3619 3962 3848 4032 cognovi,
3871 3976 3971 4014 non
3995 3961 4127 4014 dixit

2553 4053 2693 4106 Inter
2713 4066 2920 4116 omnes,
2950 4053 3043 4106 sed
3070 4052 3150 4104 Ex
3173 4053 3404 4106 omnibus
3429 4053 3809 4121 cognationibus
3837 4063 4000 4104 teme.
4029 4051 4124 4117 Qui

2555 4152 2677 4196 sunt
2699 4151 2874 4195 autem
2898 4146 2984 4210 qui
3010 4143 3354 4209 acquiruntur
3373 4158 3436 4196 ex
3461 4143 3705 4196 omnibus
3725 4143 4128 4212 cognationibus

2557 4242 2712 4288 terrae
2728 4274 2742 4295 ,
2763 4235 2861 4288 nisi
2879 4235 2966 4301 qui
2985 4234 3050 4286 ab
3072 4235 3415 4288 universitate
3430 4235 3666 4302 gentium
3685 4237 3734 4288 in
3757 4249 3916 4288 unum
3935 4234 4129 4287 redacti

2559 4326 2691 4379 fiunt
2720 4341 2790 4379 ex
2817 4326 3040 4380 diversis
3066 4314 3244 4378 mundi
3276 4325 3516 4394 partibus
3546 4340 3683 4378 unus
3713 4324 3954 4394 populus,
3987 4336 4037 4378 et
4066 4326 4131 4376 de

882 4409 1052 4462 titndo
1103 4411 1345 4472 nescivit,
1396 4417 1605 4460 constat
1656 4409 1792 4460 hunc
1848 4425 1878 4476 p
1903 4424 2003 4462 tsse
2048 4419 2100 4463 ct
2147 4414 2457 4468 muneribus
2486 4419 2532 4480 ο
2566 4418 2748 4471 multis
2777 4417 3030 4471 membris
3050 4417 3147 4469 sub
3167 4415 3380 4470 Christo
3399 4415 3574 4482 capite
3597 4430 3755 4468 unum
3778 4414 4009 4482 corpus?
4031 4413 4127 4468 Cui

883 4499 1290 4567 redemptionis,
1323 4513 1440 4564 quat
1482 4498 1660 4550 mundi
1699 4514 1811 4551 arvo
1833 4499 1942 4565 jam
1977 4515 2110 4568 pene
2137 4514 2450 4571 consumpto

883 4591 935 4640 iu
983 4604 1038 4640 sa
1060 4589 1300 4640 culorum
1346 4592 1450 4639 line
1494 4587 1679 4650 adfuit,
1717 4588 1990 4655 derogare.
2045 4589 2243 4642 Viderit
2273 4601 2296 4627 ⁸
2334 4595 2453 4661 quis

883 4689 1025 4732 certe
1072 4676 1214 4745 quid'
1248 4678 1464 4740 sentiat,
1515 4679 1820 4745 qualitatem
1869 4679 2238 4733 medicaminis
2286 4683 2452 4736 rideat

884 4770 1220 4832 furibundus,
1256 4769 1457 4822 nesciat
1487 4770 1822 4836 desperatus,
1864 4781 2115 4823 creterum
2155 4771 2230 4824 fac
2254 4783 2454 4835 ptenter

884 4870 1155 4929 expertus.
1186 4861 1288 4915 Sed
1317 4861 1434 4929 quis
1465 4870 1547 4914 est
1579 4861 1677 4915 i~te
1706 4862 1782 4914 sic
1809 4861 1873 4914 ad
1903 4865 2165 4930 integrum
2194 4878 2373 4928 sanus,
2399 4876 2456 4919 ut

887 4951 1165 5006 medicina:
1187 4965 1292 5004 non
1313 4961 1484 5018 egeat,
1503 4961 1559 5004 ttt
1581 4952 1706 5004 nulli
1734 4953 2040 5022 aigrotanlis
2064 4955 2252 5007 anima:
2273 4955 2457 5007 inorbo

887 5041 1217 5107 succumbat,
1251 5048 1310 5092 ut
1331 5056 1434 5094 non
1465 5050 1555 5093 aut
1577 5042 1861 5110 cupiditate
1886 5045 2092 5107 ardeat,
2117 5054 2208 5097 aut
2234 5044 2459 5098 avaritia

890 5135 1106 5202 palleat,
1145 5143 1235 5186 aut
1268 5132 1461 5187 invidia
1505 5133 1678 5196 liveat,
1709 5142 1799 5187 aut
1824 5135 2071 5199 superbia
2110 5145 2327 5199 tumeat,
2369 5146 2459 5190 aut

889 5222 1159 5278 iracundia
1187 5223 1379 5291 caleat,
1422 5233 1513 5277 aut
1552 5225 1803 5293 obloquio
1830 5225 2067 5291 pruriat?
2105 5226 2157 5279 Si
2183 5228 2300 5294 quis
2330 5241 2458 5295 ergo

888 5329 951 5366 ex
985 5312 1068 5366 his
1093 5312 1319 5381 alicujus
1362 5312 1502 5366 tatdii
1543 5313 1643 5366 sibi
1690 5314 1938 5368 conscius
1989 5323 2070 5368 est
2133 5316 2223 5380 qui
2267 5327 2460 5372 cuncto

962 5499 985 5525 tl
1030 5490 1066 5525 ν

963 5499 985 5525 ⁸
1030 5491 1187 5542 Forte
1216 5506 1278 5542 ts.

963 5556 989 5594 lt
1030 5558 1124 5610 llic
1161 5559 1308 5611 locus
1344 5557 1622 5626 manifeste
1652 5557 1988 5626 depravatus,
2027 5561 2232 5613 tametsi
2265 5575 2455 5615 sensus

896 5625 962 5696 sit
988 5626 1190 5680 obvius.
1215 5626 1349 5679 Dicit
1374 5624 1560 5679 Avitus
1590 5627 1697 5680 falli
1723 5624 1964 5690 Judmos,
1989 5631 2076 5696 qui
2107 5633 2262 5682 verba
2289 5639 2453 5686 Amos

896 5693 962 5747 de
988 5711 1042 5748 se
1065 5700 1554 5760 interpretarentur,
1569 5711 1687 5752 cum
1707 5711 1773 5754 ex
1799 5693 2248 5765 judicio’ratiottis
2279 5704 2452 5769 putius

2563 4509 2896 4577 postmodum
2923 4509 3180 4563 vocationi
3211 4509 3564 4579 agnoscenda:
3591 4518 3751 4578 atque
3781 4508 4130 4578 praedicanda:

2564 4599 2908 4653 beatissimus
2934 4601 3123 4653 Petrus
3145 4613 3240 4668 per
3263 4599 3454 4652 mentis
3479 4609 3750 4668 stuporem
3773 4599 3983 4654 defixus
4007 4599 4135 4652 vidit

2561 4692 2782 4744 linteum
2816 4691 3077 4759 quoddam
3109 4693 3246 4746 coelo
3269 4692 3614 4755 descendere,
3644 4692 3780 4760 quod
3803 4701 4027 4760 quatuor
4047 4707 4113 4746 an

2563 4780 2702 4848 gulis
2734 4781 2851 4833 sinu
2886 4790 3132 4848 turgente
3155 4784 3497 4849 submisstzm,
3528 4796 3682 4834 omne
3703 4797 3868 4851 genus
3897 4782 4133 4836 animau-

2568 4874 2698 4925 tium
2743 4887 2863 4926 cum
2913 4873 3223 4926 volatilibus
3271 4883 3428 4940 atque
3476 4873 3752 4941 reptilibus
3798 4875 4133 4934 continebat,

2563 4962 3027 5030 commouitusquc
3058 4972 3113 5015 ut
3143 4963 3460 5017 neressarim
3500 4964 3769 5018 refectioni
3814 4963 3950 5032 quod
3981 4966 4139 5017 vellet

2565 5053 2679 5122 ipse
2724 5062 3016 5116 mactaret;
3061 5054 3351 5121 appetitum
3396 5054 3605 5122 quidem
3644 5056 3822 5119 talem,
3860 5071 3976 5110 cum
4019 5056 4137 5108 ιηιί-

2566 5143 2805 5196 ciborum
2840 5143 3027 5195 modus
3060 5144 3485 5211 pr.t-cipiebatur,
3525 5160 3620 5212 per
3652 5144 4036 5198 t-bservatitiatu
4064 5145 4137 5197 lv-

2567 5236 2736 5302 galem
2781 5234 3090 5298 exhorruit;
3142 5238 3234 5288 sed
3277 5249 3395 5287 mox
3431 5236 3495 5288 ad
3541 5251 3662 5288 eum
3704 5249 3880 5289 sermo
3907 5216 4136 5298 divinus,

2572 5323 2699 5386 Qua:
2742 5323 2900 5386 Deus,
2945 5324 3136 5392 inquit,
3179 5325 3458 5388 mandavit,
3489 5336 3542 5377 tu
3571 5325 3833 5378 immunda
3857 5341 3918 5378 ne
3953 5325 4145 5377 dixeris

2575 5507 2731 5562 quam
2763 5508 2826 5548 ex
2866 5508 3053 5548 vocum
3088 5495 3413 5562 pr0prietate
3449 5511 3509 5550 ea
3549 5495 3818 5551 metienda
3857 5498 3979 5550 sint.
4012 5497 4138 5551 Nam

2572 5565 2614 5644 si
2664 5563 2892 5646 litteram
2929 5578 3236 5646 sequamur,
3263 5568 3391 5646 haec
3425 5567 3640 5646 quidem
3688 5567 3754 5622 de
3792 5568 3912 5622 tiliis
3941 5569 4140 5646 Israel;

2656 5633 2914 5756 juqiciutn
2962 5635 3202 5698 rationis,
3243 5635 3311 5690 de
3337 5633 3650 5693 Christianis
3675 5652 3800 5692 vere
3837 5649 3891 5692 et
3931 5639 4144 5708 proprie

2565 5719 2582 5754 (
2606 5717 2721 5756 tcuu
2756 5717 2842 5757 ur.
