4516 6432
514 444 608 499 593

1236 421 1471 493 εειιὶιο
1510 430 1569 486 Β.
1609 426 1792 487 AVITI
1829 426 1897 485 IN
1937 424 2148 484 FERIA
2184 423 2436 484 TERTIA
2474 423 2541 482 IN
2579 421 3106 482 ROGA'l'lUNIBUS.

3674 418 3779 479 59i

513 559 644 625 (Ast.
672 569 732 622 ι,
761 550 876 622 15).
904 551 1078 620 Atque
1106 546 1216 612 ille,
1266 545 1334 600 In
1357 545 1588 607 ueritate,
1618 541 1813 611 inquit,
1840 538 2084 606 romprri,
2118 541 2167 600 Α
2192 545 2472 610 vagantem
2523 552 2631 593 non
2689 537 2937 607 despexit
2977 537 3265 607 inquirere.
3311 536 3502 605 Opera:
3551 539 3776 607 pri-tium

511 647 636 716 quia,
657 657 763 698 non
785 649 862 697 est
888 652 1219 711 personarum
1256 638 1482 705 acceptio
1503 633 1645 702 apud
1683 630 1888 694 Desint;
1915 628 2087 683 sedit

512 734 644 790 omni
682 732 872 804 popqu
915 738 965 785 et
998 734 1148 800 gente
1179 725 1270 796 qui
1312 725 1454 779 timet
1495 721 1660 776 Deum
1698 729 1747 775 et
1776 719 2090 773 voluntatem

511 826 614 895 ejus
642 823 786 892 facit,
815 828 1051 887 acceptus
1082 826 1156 871 est
1180 814 1262 869 illi
1289 812 1479 882 (Ibid.,
1507 810 1623 882 3i).
1659 810 1812 866 Tunc
1839 823 1968 878 ergo
1995 811 2088 878 qui

510 912 699 982 cogniti
723 920 848 965 sunt
874 923 941 963 es
968 904 1221 961 omnibus
1257 902 1669 975 cognationibus
1713 908 1873 956 terra:
1909 898 2086 966 vides,

510 1014 698 1069 nempe
719 996 1000 1069 prophetis
1027 1001 1189 1063 atque
1216 993 1499 1063 apostolis,
1527 1006 1631 1061 qua
1657 990 1865 1046 unitate
1889 1002 2089 1045 conve-

510 1091 634 1144 niat.
674 1088 786 1143 Hoc
812 1097 897 1142 est
939 1082 1198 1154 profecto,
1238 1081 1379 1154 quod
1412 1082 1575 1138 etiam
1614 1094 1757 1136 nunc
1787 1078 1948 1135 lectio
1973 1081 2086 1133 ait:

509 1178 761 1248 Nunquid
799 1175 1130 1231 ambulabunt
1166 1173 1271 1227 duo
1309 1172 1523 1242 pariter,
1566 1169 1664 1224 nisi
1703 1168 1991 1224 consuerit
2014 1167 2090 1222 eis

511 1270 683 1339 (Amos
719 1282 799 1334 ttt,
842 1266 934 1338 3)?
980 1264 1245 1322 Convenit
1283 1271 1465 1319 autem
1504 1260 1735 1329 duobus,
1784 1258 2000 1315 Christo
2032 1266 2090 1313 et

510 1358 698 1431 lloysi,
728 1359 849 1429 quia
875 1356 1069 1413 de'isto
1090 1354 1181 1410 ille
1204 1350 1440 1429 scripsit.
1464 1348 1729 1406 Convenit
1757 1348 1864 1419 legi
1891 1357 1945 1402 et
1963 1360 2089 1418 gra-

511 1438 611 1518 tim,
644 1452 932 1517 quia.......
959 1448 1051 1503 illa
1077 1445 1385 1507 districtius,
1411 1443 1684 1515 imposuit,
1713 1450 1773 1498 ut
1800 1441 2088 1513 pretiosius

510 1544 603 1599 ista
632 1541 858 1596 laxaret.
886 1537 1151 1593 Convenit
1176 1537 1389 1591 veritati
1413 1543 1468 1590 et
1491 1532 1809 1603 prophetiae,
1837 1532 1961 1602 quia
1984 1531 2087 1587 ista

509 1637 711 1710 peperit
730 1634 872 1707 quod
904 1633 989 1688 illa
1015 1637 1281 1703 concepit.
1299 1629 1453 1700 Apud
1479 1628 1697 1685 Judaros
1719 1627 1819 1683 ista
1848 1626 1956 1682 duo
1977 1640 2087 1682 non

508 1730 704 1800 pariter
748 1725 1045 1793 ambulant,
1077 1724 1199 1779 ideo
1238 1737 1347 1777 non
1387 1719 1741 1776 concordant.
1789 1718 1936 1774 Inter
1972 1718 2087 1788 ipsa

508 1822 643 1879 enim
678 1820 787 1874 duo
811 1817 1159 1873 Testamenta
1186 1808 1443 1882 quasdam
1461 1810 1725 1871 minutias
1746 1818 1973 1879 ponunt.
2003 1808 2086 1864 Ad

2189 637 2370 683 autem
2417 638 2501 683 est
2546 628 2865 697 diligentius
2884 626 3103 690 intueri,
3153 627 3295 696 quod
3340 628 3456 682 illas
3490 631 3776 699 nonaginta

2190 734 2384 775 novem
2414 734 2551 791 quas
2574 721 2676 776 iste
2706 729 2889 789 pastor
2911 720 2963 775 in
2992 719 3266 775 tuentibus
3290 718 3530 789 reliquit,
3558 722 3781 778 maniieo

2186 819 2364 867 status
2405 812 2459 866 in
2501 825 2689 879 carne,
2735 825 2842 866 non
2886 810 3124 866 deseruit
3156 824 3477 879 permanens
3503 812 3557 866 in
3588 811 3781 867 nativi-

2190 908 2319 956 tate.
2368 900 2693 970 Angelornm
2721 899 2868 954 enim
2899 898 2953 954 in
2985 899 3193 955 cmlesti
3232 898 3514 956 altitudine
3540 900 3778 969 glorian-

2190 993 2321 1045 tium
2344 1030 2361 1057 ,
2393 990 2486 1061 qui
2516 995 2699 1060 utique
2724 990 3051 1061 iamet-rare
3076 996 3185 1046 non
3224 1000 3468 1059 possunt,
3500 992 3780 1049 evidenter

2186 1089 2381 1151 gerunt
2404 1080 2651 1152 ﬁguram.
2674 1080 2784 1136 Leo
2807 1081 2952 1136 enim
2977 1080 3045 1135 de
3066 1095 3172 1150 quo
3195 1095 3354 1151 supra
3382 1080 3640 1148 diximus,
3660 1093 3781 1152 post

2188 1171 2334 1226 illam
2352 1171 2557 1243 proprii
2574 1174 2733 1228 casus
2753 1173 2965 1228 ruinam
2988 1186 3090 1242 qua
3114 1172 3443 1228 consortium
3468 1173 3780 1229 Divinitatis

2189 1260 2466 1327 affectans.
2514 1263 2678 1319 etiam
2730 1262 2949 1319 homine
2994 1263 3244 1319 miserior
3287 1264 3458 1321 factus
3497 1274 3604 1331 est,
3649 1264 3777 1320 dum

2187 1353 2507 1424 dedignatur
2522 1368 2645 1410 esse
2667 1353 2888 1409 inferior
2906 1353 3181 1416 Creatore.
3196 1354 3371 1410 omnis
3389 1356 3780 1426 archangelica:

2188 1444 2471 1513 potestatis
2488 1444 2749 1514 dignitate
2769 1443 3001 1500 nudatus
3020 1452 3122 1500 est.
3137 1443 3244 1501 Sed
3263 1444 3386 1501 huic
3411 1453 3589 1502 tamen
3610 1462 3779 1517 quan-

2190 1534 2568 1607 tulamcunque
2594 1544 2911 1605 potestatem
2948 1535 3249 1592 caelestium
3290 1537 3781 1604 tninistrorum,~ne

2188 1626 2335 1682 solus
2356 1626 2579 1699 periret,
2609 1626 2759 1683 casui
2796 1642 2910 1683 suat
2942 1627 3262 1698 dejectionis
3288 1627 3551 1695 innexuit.
3599 1629 3667 1684 Et
3695 1629 3780 1684 his

2190 1715 2293 1769 hoc
2327 1726 2507 1775 tamen
2548 1716 2617 1772 de
2658 1717 2751 1773 illo
2790 1717 3076 1775 eminentis
3109 1728 3371 1776 creatura:
3412 1720 3595 1789 vigure
3634 1724 3781 1777 nunc

2189 1816 2457 1873 superest,
2475 1816 2531 1861 ut
2546 1806 2944 1889 damnationem
2978 1806 3208 1863 futuram
3222 1807 3334 1878 jam
3365 1811 3629 1879 patientes
3652 1810 3779 1864 dum

508 1926 668 1969 unum
699 1924 882 1965 verum
919 1907 1086 1961 Deum
1119 1903 1222 1961 nisi
1248 1916 1355 1959 uno
1391 1902 1584 1964 itinere
1620 1914 1727 1956 non
1758 1901 1885 1955 itur.
1931 1898 2091 1955 Certe
2122 1888 2170 1951 Β
2194 1899 2626 1967 ρωοὶιιηι,οιιιιι
2642 1888 2854 1955 vivendi
2876 1899 3123 1955 meritum
3146 1898 3588 1968 perdiderunt,et
3606 1902 3780 1971 ipsum

506 2003 551 2060 si
581 2009 802 2073 propter
842 2009 1189 2068 quascunque
1230 1994 1363 2049 alias
1403 2006 1595 2050 causas
1629 2000 1811 2061 potest
1850 1989 2087 2057 diverso,

507 2094 731 2149 adverso
760 2106 867 2147 non
898 2096 1091 2158 pOtest.
1141 2087 1296 2158 Apud
1328 2100 1424 2142 nos
1448 2096 1580 2140 vero
1620 2083 1728 2139 ista
1753 2083 1860 2138 duo
1888 2081 2091 2151 pariter

508 2185 800 2259 iunguntur
825 2195 985 2252 atque
1008 2180 1356 2238 conveniunt.
1407 2177 1504 2233 Est
1534 2183 1711 2233 tamen
1750 2176 1803 2230 in
1836 2174 1938 2230 hoc
1967 2188 2092 2244 pro-

507 2274 683 2348 phetat
711 2272 876 2328 verbo
900 2271 1060 2327 etiam
1082 2268 1237 2340 quod"
1256 2266 1605 2339 personaliter
1633 2264 1805 2334 accipi
1832 2273 2013 2335 queat,
2040 2262 2091 2337 si

508 2364 738 2423 dualitas
757 2364 871 2434 ipsa
897 2374 1056 2433 quam
1082 2359 1371 2415 convenire
1390 2370 1613 2414 necesse
1629 2366 1738 2424 est,
1763 2355 1836 2411 sit
1862 2356 2092 2425 primum

508 2456 560 2515 in
590 2456 807 2513 homine
831 2470 959 2522 uno,
983 2454 1056 2510 sit
1073 2451 1271 2509 deinde
1297 2450 1350 2506 in
1371 2463 1569 2521 genere
1589 2447 1845 2505 humano.
1859 2445 2092 2518 Spiritus

508 2550 649 2605 enim
678 2556 863 2603 noster
888 2554 945 2602 et
984 2558 1184 2615 corpus
1210 2550 1453 2597 nostrum
1483 2554 1556 2597 es
1584 2540 1816 2612 disparis
1843 2538 2094 2595 substan-

509 2641 598 2697 tia
642 2637 901 2707 qualitate
937 2642 1215 2705 compacta
1261 2641 1409 2691 sunt.
1444 2630 1577 2701 Qua
1622 2630 1732 2687 duo
1762 2630 1906 2687 viam
1933 2628 2093 2718 huius

508 2730 691 2787 saeculi
720 2740 936 2785 currere
964 2725 1272 2782 nullatenus
1295 2732 1521 2795 queunt,
1542 2722 1645 2778 nisi
1670 2721 1810 2778 inter
1831 2736 1893 2777 se
1911 2728 2093 2778 casto.

509 2821 617 2879 dita
646 2820 840 2877 divina
866 2816 1222 2876 ordinationis
1256 2817 1378 2887 lege
1404 2816 1805 2873 consenserint.
1846 2814 1907 2871 Si
1948 2814 2092 2872 enim

510 2928 621 2983 non
646 2910 922 2980 subiaceat
965 2907 1188 2979 spiritus
1221 2907 1426 2973 carnis,
1468 2906 1564 2961 sed
1605 2905 1674 2961 ad
1715 2904 2091 2961 refrenandum

509 3002 997 3073 concupiscentiam
1020 2999 1179 3056 cedat
1207 2998 1385 3070 potius
1414 2998 1577 3054 menti
1605 3011 1752 3062 caro,
1783 2995 1930 3052 ducit
1959 2996 2094 3053 duos

510 3096 713 3167 pariter
740 3092 1028 3149 concordia
1062 3091 1288 3146 rationis
1318 3106 1414 3161 per
1445 3090 1585 3145 viam
1614 3090 1748 3160 legis
1769 3089 1836 3143 ad
1864 3091 2093 3159 patriam

509 3183 852 3245 aeternitatis.
880 3183 939 3241 Si
966 3193 1145 3239 autem
1172 3182 1297 3237 dum
1330 3195 1425 3250 per
1453 3180 1610 3253 hujus
1638 3182 1821 3260 smeuli
1850 3182 1951 3237 iter
1969 3195 2091 3237 cur-

2194 1988 2383 2049 saltem
2428 1987 2691 2044 moriendi
2736 1989 3033 2045 remedium
3066 1989 3267 2046 habere
3306 2003 3417 2046 non
3442 1990 3671 2061 possint.
3702 1992 3781 2047 Ab

2195 2076 2289 2133 illo
2310 2077 2514 2161 itaque,
2546 2088 2604 2133 ut
2632 2078 2764 2147 dixi,
2791 2095 2919 2135 casu
2944 2081 3170 2152 quisque
3196 2080 3250 2137 in
3280 2095 3468 2139 amore
3487 2081 3783 2142 conditoris

2195 2169 2279 2225 sui
2307 2176 2364 2225 et
2391 2170 2646 2241 angelicae
2674 2161 3023 2227 beatitudinis
3051 2171 3257 2229 honore
3291 2174 3616 2243 permansit,
3646 2172 3784 2229 ulte-

2196 2261 2309 2317 rius
2332 2262 2517 2318 seduci
2544 2278 2651 2319 non
2676 2265 2851 2333 potuit
2869 2305 2885 2331 ,
2910 2279 2971 2318 ac
3000 2267 3227 2336 proinde
3252 2281 3353 2323 nec
3380 2266 3701 2337 periclitari;
3731 2277 3787 2324 et

2195 2351 2393 2407 factum
2418 2362 2503 2409 est
2529 2354 2583 2408 in
2611 2354 2874 2426 principio
2896 2353 2966 2410 de
2985 2354 3191 2426 angelis
3215 2356 3357 2427 quod
3387 2355 3456 2411 de
3477 2356 3788 2418 hominibus

2196 2441 2254 2497 in
2281 2444 2388 2499 ilne
2413 2443 2716 2500 faciendum
2752 2454 2856 2512 est,
2896 2457 2955 2501 ut
2992 2446 3239 2501 evolutus
3273 2447 3480 2505 scilicet
3516 2451 3708 2508 salutis
3734 2464 3789 2509 et

2198 2533 2513 2604 perditionis
2533 2549 2728 2591 cursus
2753 2546 2948 2592 exacto
2976 2535 3305 2610 impletoque
3347 2552 3577 2596 numero
3606 2544 3789 2599 termi-

2198 2640 2377 2687 netur.
2423 2631 2558 2687 istas
2593 2645 2724 2704 ergo
2752 2646 3004 2701 superna:
3031 2632 3369 2689 celsitudinis
3403 2648 3535 2692 oves
3572 2635 3790 2709 reliquit

2201 2734 2386 2794 pastor
2410 2725 2604 2791 bonus,
2630 2733 2685 2779 et
2712 2724 2857 2780 venit
2878 2724 2944 2779 ad
2966 2724 3109 2780 illam
3136 2740 3296 2781 unam
3318 2740 3473 2782 ovem
3502 2716 3787 2797 perditam,

2199 2818 2250 2872 in
2276 2816 2431 2887 cujus
2455 2816 2756 2887 signatione
2780 2816 2996 2887 jacebat
3020 2831 3191 2888 genus
3219 2817 3535 2883 humanum,
3557 2828 3613 2876 et
3640 2820 3790 2876 illam

2199 2923 2318 2978 qua
2338 2908 2407 2963 ab
2434 2909 2538 2965 isto
2569 2908 2725 2967 leone
2764 2924 2985 2966 corrosa
3018 2923 3114 2979 per
3152 2923 3214 2966 se
3256 2911 3549 2968 ascendere
3577 2913 3644 2968 ad
3671 2912 3789 2969 illas

2198 3000 2487 3069 nonaginta
2526 3015 2720 3057 novem
2764 3016 2870 3056 non
2920 3008 3154 3070 poterat,
3194 3002 3307 3057 suis
3346 3001 3589 3059 humeris
3618 3006 3790 3073 vexit,

2197 3088 2320 3158 quia
2349 3089 2402 3143 in
2432 3102 2534 3144 suo
2554 3103 2783 3160 corpore
2822 3088 3164 3147 sublevavit:
3214 3100 3270 3147 et
3299 3091 3516 3162 quando
3543 3106 3666 3148 cum
3698 3092 3792 3150 ho-

2200 3179 2347 3233 mine
2388 3179 2570 3235 carnis
2600 3189 2895 3251 assumpta
2941 3180 3009 3236 ad
3038 3194 3270 3250 superna
3300 3182 3563 3239 calorum
3609 3184 3792 3247 rediit.

510 3278 668 3343 rEtur,
690 3274 885 3345 spiritu
910 3272 1235 3341 retardante,
1260 3271 1493 3326 animam
1524 3251 1657 3326 caro
1673 3271 2016 3342 pravenerit,
2038 3273 2091 3327 e‘t
2117 3251 2162 3315 ο
2197 3270 2442 3326 eamdem
2469 3271 2655 3341 utique
2687 3286 2809 3341 quas
2843 3271 2911 3326 de
2950 3272 3200 3339 paradiso
3239 3283 3538 3342 erraverat,
3583 3276 3817 3349 angelis'

511 3367 819 3425 iacultatem
849 3368 972 3434 vim,
1003 3364 1262 3435 permissa
1290 3363 1393 3420 sibi
1420 3364 1628 3433 peccati
1661 3363 1929 3429 libertate,
1959 3378 2100 3435 prm-

510 3458 761 3524 cluserit,
788 3457 989 3515 deserit
1017 3457 1132 3526 ipsa
1153 3454 1406 3511 currendi
1430 3455 1729 3524 arqttalitzts,
1751 3471 1871 3525 qua:
1896 3455 2099 3511 homini

511 3567 542 3606 a
573 3550 828 3607 Creatore
856 3548 1184 3619 praecipitur,
1206 3554 1263 3603 et
1283 3546 1467 3618 incipit
1492 3544 1747 3614 impedita
1769 3544 1884 3615 lege
1903 3544 2099 3600 mentis

511 3640 715 3713 perire,
743 3650 799 3695 et
826 3639 1229 3710 superexaltare
1272 3638 1390 3708 lege
1428 3636 1691 3706 corporis,
1738 3650 1836 3690 nec
1857 3636 1967 3703 jam
1993 3636 2101 3690 duo

516 3734 721 3805 pariter
753 3740 1003 3803 pergunt,
1047 3729 1119 3785 ibi
1146 3744 1313 3803 unum
1348 3731 1485 3798 jacet
1516 3738 1571 3783 et
1601 3728 1746 3783 aliud
1780 3729 1993 3797 premit.
2038 3729 2101 3782 Et

516 3823 652 3886 ha-e,
681 3822 822 3893 quod
854 3821 1021 3891 magis
1042 3820 1327 3877 dolendum
1360 3829 1464 3884 est,
1485 3833 1591 3874 non
1615 3828 1721 3874 tam
1753 3818 1954 3889 ignaris
1975 3816 2101 3871 sub-

512 3927 731 3985 repunt,
774 3929 934 3984 quam
971 3912 1316 3969 dominantur
1348 3912 1535 3967 all-isis.
1590 3913 1754 3967 Docet
1782 3912 1883 3967 hoc
1920 3924 2103 3967 sermo

512 4007 604 4077 qui
636 4006 879 4076 sequitur
906 4022 919 4059 :
946 4002 1072 4069 Leo,
1097 4003 1288 4071 inquit,
1320 4002 1546 4073 irrug'it,
1588 4003 1700 4069 quis
1728 4018 1829 4055 non
1864 4000 2103 4055 timebit?

512 4096 768 4151 Dominus
789 4100 982 4148 locutus
1012 4103 1107 4159 est,
1132 4093 1246 4164 quis
1268 4110 1366 4146 non
1390 4084 1959 4161 prop/tetabit(lbid.4)?
1970 4092 2103 4148 Pec—

511 4196 691 4241 catum
727 4185 884 4255 longe
908 4193 1150 4252 apparet,
1184 4196 1349 4251 quare
1376 4196 1481 4236 non
1523 4179 1792 4251 fugimus?
1824 4179 2099 4250 Scriptura

511 4290 683 4346 prope
709 4275 927 4335 clantat,
960 4284 1129 4343 quale
1155 4287 1261 4327 non
1290 4271 1595 4327 credimus?
1631 4272 1764 4338 Quis
1791 4279 1873 4327 est
1898 4271 1984 4327 leo
2013 4288 2103 4325 ru-

510 4368 700 4438 giens,
744 4367 845 4421 nisi
892 4366 959 4421 de
996 4381 1103 4436 quo
1141 4364 1418 4436 apostolus
1447 4365 1596 4429 dicit,
1629 4365 1749 4433 quia
1782 4366 2102 4421 adversarius

509 4469 674 4512 uester
704 4458 936 4511 diabolus
956 4466 1200 4526 tanquam
1229 4457 1307 4536 leg
1333 4457 1539 4527 rugiens
1563 4458 1742 4511 circuit
1764 4474 1990 4524 quamam
2013 4460 2102 4512 de-

510 4566 697 4603 rarare
722 4564 810 4602 vos
839 4546 892 4618 (Ι
918 4547 1131 4616 Petr.v,
1162 4547 1252 4619 8)?
1284 4546 1435 4604 Facit
1464 4550 1661 4604 furoris
1689 4550 2096 4615 incontinentia,

2200 3360 2405 3416 retulit.
2432 3359 2696 3427 Quocirca
2723 3360 2837 3429 jam
2866 3370 3014 3432 patet
3040 3361 3135 3433 qui
3163 3362 3235 3419 sit
3263 3372 3447 3431 pastor
3478 3366 3570 3436 qui
3599 3366 3792 3423 liberat

2199 3448 2308 3504 duo
2338 3465 2494 3505 crura
2520 3460 2577 3507 et
2603 3461 2807 3522 partem
2831 3452 3111 3521 auriculte,
3140 3462 3197 3509 et
3221 3454 3315 3524 qui
3342 3453 3413 3511 sit
3435 3454 3523 3512 leo
3543 3458 3634 3529 qui
3659 3460 3794 3537 reli-

2199 3557 2362 3613 quum
2394 3543 2623 3599 devorat
2650 3558 2665 3597 :
2690 3542 2793 3599 hoc
2833 3552 2937 3610 est,
2974 3545 3077 3601 iste
3102 3542 3371 3616 Christus,
3403 3545 3497 3604 ille
3522 3546 3791 3607 diabolus.

2200 3634 2409 3689 Omissa
2438 3648 2568 3689 vero
2594 3644 2871 3705 utcunque
2892 3633 3329 3693 consideratione
3356 3638 3584 3707 carnali,
3607 3640 3794 3698 vidca-

2202 3741 2320 3780 mus
2341 3741 2462 3795 quae
2493 3728 2562 3783 sit
2589 3728 2811 3783 minima
2844 3740 2969 3797 pars
2996 3728 3242 3800 corporis
3261 3743 3383 3803 quae
3409 3728 3692 3790 devorantl
3721 3733 3796 3792 le-

2200 3819 2342 3881 gitur
2373 3819 2714 3874 remansisse.
2746 3818 2929 3889 Neque
2968 3816 3113 3876 enim
3144 3830 3274 3892 puto
3312 3823 3457 3894 quod
3494 3825 3587 3883 ille
3613 3836 3796 3897 pastor

2202 3909 2375 3964 bonus
2397 3924 2511 3966 rem
2534 3921 2640 3964 tam
2650 3909 3006 3965 dilaceratam
3022 3921 3077 3967 et
3094 3926 3231 3982 pene
3251 3924 3625 3986 consumptam
3644 3925 3795 3973 tanto

2202 4000 2383 4057 studio
2402 4001 2562 4057 vellet
2586 4016 2798 4068 eruere,
2827 4002 2929 4057 nisi
2959 4004 3235 4073 particulae
3263 4004 3368 4076 ipsi
3394 4005 3571 4063 adhuc
3591 4007 3796 4079 aliquid

2203 4092 2511 4163 palpitantis
2540 4094 2665 4148 vitae
2695 4093 2877 4149 inesse
2919 4104 3289 4166 cognosceret.
3321 4095 3450 4153 Ovis
3492 4097 3617 4166 ista,
3656 4102 3799 4158 sicut

2197 4183 2309 4252 jam
2337 4185 2607 4253 prolocuti
2629 4197 2838 4252 sumus,
2867 4185 3176 4256 quicunque
3196 4196 3448 4257 peccator
3477 4198 3561 4246 est
3590 4192 3794 4263 utique,

2202 4274 2247 4328 si
2291 4273 2358 4328 de
2396 4274 2568 4331 caulis
2606 4289 2666 4329 se
2704 4276 3107 4351 protegentibus
3136 4286 3391 4347 evagatus
3434 4288 3628 4351 suopte
3664 4283 3796 4340 vitio

2204 4362 2517 4419 incursurus
2552 4364 2778 4419 bestiam
2802 4406 2817 4431 ,
2853 4381 2975 4420 cum
3006 4380 3036 4420 a
3067 4350 3286 4436 pastore
3314 4368 3625 4426 declinavit.
3662 4372 3796 4429 Dum

2203 4458 2347 4510 enim
2376 4455 2617 4511 ambulat
2647 4471 2743 4525 per
2776 4455 3015 4526 deserta,
3044 4455 3271 4523 hocest,
3303 4458 3428 4516 dum
3457 4460 3656 4531 cogitat
3682 4462 3798 4519 ina-

2205 4546 2291 4602 nia
2313 4548 2678 4617 perituraque,
2701 4548 2935 4603 occurrit
2957 4547 3032 4602 illi
3055 4546 3324 4615 diabolus,
3339 4561 3394 4605 et
3413 4551 3797 4623 cogitationem

509 4656 584 4695 ne
633 4648 815 4695 tacens
855 4640 1143 4695 discubitet
1178 4638 1269 4709 qui
1313 4640 1544 4709 rugitum
1590 4640 1748 4710 longe
1787 4642 2098 4712 prmmittit:
2130 4624 2184 4685 Ῑ)
2207 4636 2324 4709 ejus
2354 4653 2537 4695 morsu
2581 4638 2851 4706 pestifera:
2881 4638 3249 4708 persuasionis
3278 4639 3501 4697 invadit.
3541 4642 3644 4711 Qui
3674 4659 3798 4702 cum

509 4733 610 4788 sed
651 4730 801 4787 audit
846 4732 1098 4801 rugitnm,
1146 4740 1202 4786 et
1245 4745 1352 4785 non
1390 4741 1544 4786 cavet
1574 4734 1659 4801 qui
1688 4745 1940 4804 prteceptt
1973 4750 2099 4790 con-

509 4824 799 4878 scientiam
828 4837 1012 4877 secum
1045 4821 1147 4876 iert
1177 4820 1243 4876 ad
1274 4824 1491 4878 exordia
1521 4824 1749 4893 peccati,
1790 4824 2102 4881 confestim-

508 4928 622 4986 que
654 4914 839 4969 rabido
880 4913 1147 4969 invaditur
1176 4928 1381 4977 morsu,
1428 4914 1530 4970 nisi
1562 4917 1841 4986 praemisso
1868 4927 2103 4975 terretur

508 5004 736 5068 auditu;
780 5004 921 5075 quod
961 5017 1148 5059 revera
1194 5003 1570 5060 necabsurde
1604 5006 1943 5077 conjicimus,
1977 5024 2099 5063 nam

510 5097 698 5150 statim
764 5094 814 5146 in
872 5094 1327 5162 consequentibus
1383 5095 1612 5165 qualitas
1665 5096 1832 5166 ipsius
1889 5114 2103 5154 morsus

506 5181 823 5239 ostenditur
848 5199 862 5237 :
891 5181 1183 5250 Quomodo,
1227 5184 1415 5252 inquit,
1443 5185 1487 5236 si
1514 5194 1659 5237 eruat
1697 5194 1872 5256 pastor
1913 5189 1979 5243 de
2015 5205 2103 5243 ore

506 5273 679 5328 leonis
708 5274 811 5324 duo
847 5286 997 5324 crura
1026 5274 1149 5336 ovis,
1196 5282 1283 5325 aut
1320 5282 1599 5326 extremam
1624 5283 1823 5351 partem
1858 5278 2104 5332 auricula

506 5361 821 5431 (Amos'tn,
871 5364 986 5437 12).
1036 5363 1226 5419 Paetor
1265 5363 1420 5419 nobis
1462 5366 1649 5435 procul
1692 5367 1858 5423 dubio
1885 5369 1993 5437 ille
2023 5384 2107 5427 est

510 5457 692 5522 bimus
731 5452 847 5524 qui,
894 5454 1096 5509 relictis
1140 5457 1425 5525 nonaginta
1466 5470 1655 5511 novem
1701 5458 1910 5525 ovibus,
1946 5476 2104 5520 unam

593 5613 618 5641 ι
661 5604 758 5658 ilic
786 5603 1085 5672 respesissc
1114 5602 1324 5657 videtur
1355 5603 1542 5661 Avitus
1565 5607 1629 5660 ad
1656 5608 1803 5664 illum
1828 5624 2093 5669 canonem

505 5674 732 5747 cttttciiii
774 5672 1226 5747 Neocmsariensis
1251 5690 1266 5726 :
1406 5680 1519 5747 quis
1556 5681 1824 5747 concupita
1869 5682 2099 5747 "saliere,

504 5742 671 5796 etiam
715 5744 1007 5814 caucubitus
1050 5746 1161 5811 ejus
1194 5743 1504 5814 desiderium
1542 5742 1741 5814 Ita-'Jcat',
1788 5766 1888 5804 non
1930 5742 2101 5807 autent

501 5816 850 5881 subsequatur
871 5811 1098 5877 effectus,
1143 5813 1463 5881 numifcs'nnt
1505 5828 1577 5869 est
1604 5811 1736 5872 eunt
1758 5838 1848 5890 per
1874 5823 2099 5877 divinam

797 5901 1050 5961 Parnm.
1122 5901 1283 5965 LIX.

2204 4728 2316 4798 jam
2344 4730 2829 4799 concupiscentiam
2855 4730 3051 4800 captivi
3082 4730 3313 4786 hominis
3335 4732 3388 4787 in
3420 4742 3685 4801 potestate
3704 4735 3798 4794 ba-

2208 4823 2339 4878 bere
2365 4824 2552 4891 coepit,
2588 4824 2820 4893 priorem
2843 4823 3241 4893 quodammodo
3263 4825 3378 4896 ejus
3398 4836 3609 4896 partem
3636 4843 3797 4885 vorax

2210 4914 2441 4969 laniator
2467 4915 2767 4969 absorbuit.
2821 4915 2889 4970 Et
2918 4923 3097 4971 tamen
3129 4917 3175 4970 si
3220 4918 3718 4988 concupiscentiam
3747 4932 3799 4979 et

2211 5010 2579 5065 deﬁnitionem
2614 5008 2816 5077 peccati
2847 5023 2954 5063 non
2994 5020 3251 5079 sequatur
3280 5008 3526 5077 eii'ectus,
3562 5012 3800 5069 liberan—

2210 5111 2296 5156 tur
2341 5099 2633 5171 quasi’duu
2677 5115 2856 5167 crura,
2906 5100 3009 5155 huc
3047 5110 3162 5165 est,
3205 5116 3329 5170 pars
3372 5103 3642 5171 posterior
3680 5120 3801 5174 qua

2208 5189 2386 5245 adhuc
2414 5205 2627 5245 comesa
2658 5203 2765 5243 non
2799 5189 2992 5250 fuerat.
3024 5189 3157 5243 Nam
3178 5190 3281 5245 etsi
3303 5190 3567 5260 quosdam
3596 5195 3800 5263 priores

2209 5296 2321 5338 sua:
2342 5280 2679 5352 cogitationis
2706 5282 2867 5351 pedes
2899 5296 2996 5350 per
3021 5282 3518 5350 concupiscentiam
3548 5283 3600 5338 in
3647 5282 3798 5342 fauce

2211 5374 2385 5428 leonis
2423 5373 2621 5437 amisit,
2660 5382 2713 5428 et
2751 5372 2995 5427 residuos
3022 5386 3157 5441 quos
3184 5371 3251 5426 ad
3288 5372 3539 5429 eli‘ectum
3568 5388 3673 5429 non
3700 5376 3798 5431 dc-

2212 5466 2363 5522 duxit
2393 5467 2573 5535 operis
2603 5480 2819 5537 gressus
2854 5474 2879 5502 °
2910 5465 3283 5522 misericordia
3319 5467 3551 5537 pastoris
3578 5468 3797 5539 eripuit.

2204 5620 2421 5689 gratiam
2447 5618 2606 5688 fuisse
2632 5619 2924 5674 liberatum.
2966 5622 3039 5676 ita
3082 5621 3135 5674 in
3164 5630 3373 5677 vetusta
3399 5638 3660 5679 canonum
3688 5640 3799 5681 ver-

2206 5704 2357 5810 ?sone
2388 5706 2503 5759 qua
2538 5691 2673 5744 Aviti
2714 5706 2828 5747 aevo
2868 5691 3175 5747 Latinarum
3216 5694 3579 5752 Ecclesiarum
3618 5694 3671 5748 in
3705 5713 3804 5755 usu

2233 5769 2324 5810 tttl.

2233 5769 2324 5813 ttll.

3328 5929 3402 5989 13
