4316 6454
419 427 523 485 397

1383 431 1689 490 JOANNES
1746 428 2113 489 DiACONUS.
2166 428 2749 488 PRULEGOHENON.

3596 427 3703 483 398

421 551 639 610 historia
667 557 852 617 retert,
884 550 1119 622 inspecta
1152 558 1177 588 ³
1206 558 1325 622 post
1354 553 1636 607 victoriam
1660 552 1727 608 de
1757 552 2005 607 eminen-
2031 552 2083 610 Α
2111 549 2295 605 nendi.
2333 550 2409 605 De
2434 559 2625 620 quarto
2654 561 2843 603 omnes
2875 561 2972 601 nas
3002 560 3096 615 per
3126 544 3389 599 Lazarum
3421 556 3702 599 recurren-

421 643 697 700 tioreloco
746 644 1183 707 numerosissima
1214 644 1299 697 sui
1342 643 2001 705 exercitusmultitudine.

422 736 775 805 lacrymasse;
805 735 894 804 qui
920 748 1046 790 mox
1076 750 1105 788 a
1131 736 1383 805 satrapis,
1417 750 1533 805 quae
1565 736 1618 789 in
1659 736 1752 790 tali
1779 736 2009 790 beatitu-

421 825 547 880 dine
586 839 745 880 causa
781 825 942 879 ﬂendi
973 834 1118 881 esset
1144 827 1538 897 interrogatus;
1583 826 1766 891 istam,
1813 828 2008 898 inquit,

424 917 813 971 multitudinem
865 916 1053 987 lugeo,
1099 933 1217 988 qum
1260 920 1555 987 quamlibet
1605 919 1821 985 victrix,
1872 922 2010 975 intra

425 1024 531 1064 non
556 1010 753 1064 multos
777 1023 948 1063 annos
968 1012 1142 1065 omnis
1158 1012 1379 1065 omnino
1410 1020 1613 1067 r:atur;e
1636 1013 1754 1084 lege
1778 1013 2010 1067 ﬂnienda

426 1112 531 1157 est.
582 1101 638 1156 Si
683 1102 748 1156 ad
788 1102 1099 1159 smcularem
1149 1105 1466 1174 sapientiam
1499 1103 1528 1143 δ
1754 1118 1881 1160 ecce
1929 1105 2009 1158 la-

426 1204 641 1246 crvmas
669 1192 857 1262 dignas
883 1207 1008 1262 rege
1037 1192 1326 1259 mundano,
1352 1208 1511 1262 quam
1536 1193 1664 1249 libet
1682 1192 1843 1248 etiam
1865 1192 2014 1249 Chri-

426 1279 603 1336 stiano
635 1282 861 1349 principi
908 1283 1221 1337 conveniret
1264 1292 1385 1352 post
1414 1284 1716 1351 triumphos
1739 1283 1809 1339 de
1837 1294 2013 1338 morte

428 1372 601 1440 magis
619 1386 776 1441 quam
801 1372 870 1426 de
897 1372 1133 1426 culmine
1163 1375 1487 1443 cogitantem
1516 1388 1625 1428 non
1656 1382 1884 1437 tumere,
1915 1372 2009 1427 sed

428 1461 683 1531 plangere
715 1479 727 1514 :
755 1461 881 1530 quid
928 1463 972 1516 si
1015 1476 1175 1517 causa
1218 1471 1487 1533 priesente
1532 1462 1694 1518 istum
1723 1472 1746 1502 ο
1777 1462 2013 1534 religiosi

427 1552 683 1621 principis
707 1551 887 1607 ﬂetum
920 1562 1109 1607 testem
1141 1553 1397 1619 sciamus,
1424 1568 1545 1608 cum
1593 1552 1760 1608 David
1790 1552 1881 1608 ille
1906 1554 2014 1607 vir-

427 1651 541 1699 tute
567 1658 810 1713 magnus,
858 1652 1121 1713 potestate
1151 1644 1424 1713 praeditus,
1465 1645 1664 1714 pietate
1692 1645 2005 1714 praecelsus,

2117 647 2219 705 tcs,
2249 651 2306 694 ut
2333 640 2743 706 resuscitemur,
2793 650 2899 692 non
2930 636 3102 691 solum
3132 633 3421 691 misercndi
3453 632 3703 695 dulcedo.

2114 729 2210 785 sed
2236 729 2398 785 etiam
2432 712 2597 785 ﬂendi
2622 743 2760 799 opus
2787 738 2871 783 est
2899 725 3222 781 amaritudo.
3274 724 3403 778 Post
3429 722 3547 779 haec
3585 725 3706 792 quia

2116 820 2209 876 tali
2241 820 2551 890 magisterio
2575 827 2630 875 et
2651 833 2736 874 am
2768 833 2868 873 nos
2894 816 3078 872 docuit
3121 816 3407 886 plangere,
3438 814 3713 870 disccrua~

2116 926 2238 967 mus
2282 910 2562 966 scientiam
2620 908 3055 979 imperitiamque
3111 906 3493 975 lacrymarum.
3568 904 3711 959 Ecce

2117 998 2278 1057 hodie
2308 1001 2375 1056 ad
2400 999 2688 1056 ecclesiam
2737 997 3064 1055 conveniunt
3105 996 3282 1064 multi,
3330 996 3377 1050 si
3407 997 3713 1065 quicunque

2116 1092 2463 1162 semetipsum
2501 1092 2557 1146 in
2597 1092 2842 1147 oratione
2885 1097 3231 1159 prosternens
3272 1089 3441 1158 capit
3487 1097 3714 1157 quanto-

2117 1184 2251 1240 libet
2277 1183 2403 1238 ﬂetu
2427 1182 2633 1253 aliquid
2660 1182 2804 1252 quod
2833 1181 2900 1236 ad
2930 1181 3186 1235 saeculum
3235 1179 3503 1247 pertineat
3530 1194 3709 1245 orare,

2118 1258 2213 1329 aut
2241 1273 2670 1329 conversationis
2714 1270 2998 1327 mundana:
3026 1270 3361 1335 felicitatem,
3401 1278 3496 1325 aut
3537 1269 3714 1323 inimi-

2119 1378 2307 1419 corum
2338 1372 2595 1427 mortem,
2637 1370 2730 1416 aut
2757 1360 3065 1415 divitiarum
3096 1358 3589 1427 ampliﬁcationem,
3621 1368 3715 1412 aut

2122 1454 2246 1509 vitae
2277 1452 2434 1522 hujus
2473 1452 2885 1523 longitudinem,
2930 1460 3019 1505 aut
3072 1450 3332 1506 honorem
3375 1449 3714 1505 secularium

2121 1547 2438 1619 dignitatum
2464 1562 2481 1605 :
2512 1546 2751 1617 nunquid
2779 1561 2887 1601 nou
2916 1544 3289 1615 hujuscemodi
3338 1543 3589 1613 lacrymaa
3618 1543 3718 1599 do-

2121 1649 2249 1695 cent
2279 1639 2552 1695 hominem
2601 1637 2813 1693 nescire
2856 1636 2981 1707 quid
3031 1634 3268 1706 plangat,
3320 1649 3455 1704 quas
3494 1634 3715 1689 inutiles

426 1734 567 1788 inter
588 1747 754 1788 aurea
796 1742 939 1789 serta
985 1741 1360 1803 gemmataque
1406 1732 1731 1801 diademata,
1776 1733 2015 1790 ctelestis
2123 1733 2255 1788 satis
2302 1731 2687 1802 imperitosque
2740 1729 2927 1799 procul
2984 1728 3149 1783 dubio
3198 1726 3461 1797 perdidit,
3508 1727 3719 1797 quoties

426 1822 599 1895 magis
647 1824 798 1894 regni
842 1838 1095 1879 coronam
1141 1825 1527 1883 instantissimo
1579 1834 1713 1883 aestu
1763 1826 2016 1883 ferventis
2126 1824 2204 1880 sic
2231 1822 2505 1895 proludit?
2550 1822 2705 1891 Quod
2749 1838 2861 1877 non
2894 1832 3002 1876 tam
3051 1825 3330 1888 miserum,
3379 1836 3538 1891 quam
3578 1822 3625 1877 si
3654 1836 3718 1877 ea

426 1914 681 1971 desiderii
704 1915 1023 1983 suspiraret,
1057 1906 1277 1983 Quando
1303 1918 1521 1985 veniam,
1574 1916 1761 1973 dicens
1786 1957 1803 1982 ,
1850 1924 1899 1971 et
1926 1934 2019 1988 ap-
2050 1914 2099 1977 Β
2126 1916 2305 1974 ﬂendo
2336 1916 2426 1972 ille
2469 1914 2573 1972 sibi
2618 1924 2767 1987 petat
2816 1914 3001 1979 tribui,
3053 1929 3173 1984 quae
3220 1914 3373 1969 multi
3408 1914 3573 1969 Deum
3624 1930 3720 1969 ne-

425 2008 616 2076 parsbo
655 2014 775 2059 ante
808 2005 995 2076 faciem
1030 2005 1124 2061 Dei
1161 2008 1262 2062 anei
1288 2007 1467 2079 (Psal.
1497 2023 1607 2073 xu.
1641 2007 1736 2079 5)?
1772 2007 2023 2078 Nunquid
2127 2011 2362 2067 scientes
2387 2010 2507 2066 sine
2546 2010 2669 2065 ullis
2717 2008 2967 2077 precibus
3018 2007 3291 2076 peccando
3334 2005 3581 2062 videntur
3609 2004 3721 2061 adi-

432 2110 544 2151 non
576 2095 837 2167 lacryinas
866 2111 992 2150 snas
1034 2095 1221 2151 habuit
1252 2111 1417 2166 panes
1447 2097 1536 2154 die
1580 2112 1645 2153 ac
1672 2108 1849 2163 nocte,
1894 2099 2021 2154 dum
2128 2102 2283 2172 pisci.
2315 2100 2553 2156 Econtra
2584 2100 2732 2155 vides
2758 2099 2920 2153 alium
2944 2097 3387 2167 ingemiscentem
3410 2098 3722 2152 etclaman-

426 2186 779 2242 dicebantilli
801 2202 895 2255 per
915 2186 1153 2258 singulos
1175 2186 1440 2243 dieszUbi
1454 2199 1527 2243 est
1549 2186 1690 2244 Deus
1710 2191 2023 2260 tuus?un
2126 2204 2274 2251 tem:
2312 2193 2559 2260 Domine,
2586 2192 2851 2263 propitius
2888 2200 3005 2245 esto
3047 2190 3179 2244 mihi
3231 2189 3521 2260 peccatori,
3575 2190 3723 2259 plan-

430 2281 483 2333 ei
515 2286 662 2334 certe
683 2277 916 2343 dicebat,
949 2293 1054 2333 non
1088 2294 1286 2349 negare
1324 2280 1658 2351 compellens
1707 2293 2024 2352 persecutor
2124 2300 2254 2356 gere
2280 2285 2442 2340 vitam
2472 2286 2693 2350 malam,
2726 2295 2971 2353 quaerere
3001 2281 3221 2348 bonam,
3256 2278 3447 2337 iisdem
3470 2278 3723 2349 lacrymis

427 2380 715 2437 externus,
735 2372 832 2427 sed
868 2371 1051 2428 videre
1081 2376 1469 2444 concupiscens
1498 2377 1709 2432 animus
1738 2391 1888 2432 suus.
1920 2376 2027 2433 Lo-
2125 2376 2324 2447 quibus
2368 2376 2553 2447 irrigat
2595 2384 2846 2440 stratum,
2893 2375 3076 2429 lavare
3114 2371 3395 2438 delictum,
3434 2371 3724 2427 ostendere

427 2457 696 2535 quebatur
724 2465 866 2519 enim
897 2465 1000 2520 sibi
1032 2466 1253 2535 spiritus
1277 2467 1588 2524 caelestibus
1619 2469 1882 2535 intentus,
1924 2469 2025 2526 Ubi
2127 2466 2311 2523 Deoia
2333 2463 3058 2537 gemitibusimbecillitatem
3076 2463 3277 2527 carnis,
3295 2462 3545 2516 ardorem
3570 2476 3724 2515 meno

426 2555 687 2617 estDeus
718 2558 879 2612 tuus?
907 2557 1133 2623 Quando
1161 2560 1375 2613 veniam
1406 2568 1463 2614 et
1486 2561 1758 2631 apparebo
1783 2572 1908 2616 ante
1946 2562 2024 2616 fa-
2126 2558 2216 2622 tis,
2259 2556 2539 2613 horrorem
2587 2554 2800 2619 mortis,
2850 2567 3092 2608 amorem
3141 2550 3577 2608 resurrectionis.
3628 2551 3728 2606 Hic

424 2647 572 2703 ciem
599 2645 750 2717 ejus?
778 2647 836 2703 Si
863 2648 1162 2704 decuerunt
1185 2650 1348 2722 igitur
1369 2666 1549 2721 regem
1576 2662 1823 2709 sanctum
1853 2653 2026 2725 lacry-
2127 2646 2415 2719 plangendi
2455 2646 2686 2717 peritus,
2737 2647 2823 2701 hic
2852 2643 3199 2701 doctissimus
3251 2642 3427 2699 ﬂendi
3459 2652 3563 2698 est.
3611 2642 3728 2697 Non

428 2753 538 2793 mae
565 2738 721 2803 tales,
750 2738 875 2807 quid
919 2753 1061 2794 nunc
1079 2739 1148 2796 de
1175 2740 1291 2811 ipso
1321 2752 1630 2799 sanctorum
1658 2743 1859 2800 Sancto
1879 2746 2027 2799 dica-
2133 2740 2272 2796 cadit
2302 2740 2355 2796 in
2385 2748 2586 2795 terram
2617 2739 2855 2810 lacryma
2885 2739 3029 2806 talis,
3085 2735 3209 2807 quia
3240 2735 3617 2792 commendata
3645 2747 3729 2792 est

426 2843 577 2896 mus,
606 2830 695 2900 qui
724 2830 1081 2901 quatriduano
1129 2830 1302 2889 luneri
1348 2840 1637 2905 antequam
1669 2835 2025 2892 resuscitandi
2128 2831 2260 2897 Deo,
2289 2833 2373 2887 cui
2395 2831 2631 2887 dicitur:
2664 2828 2898 2885 Posuisti
2935 2829 3191 2900 lacrumas
3221 2842 3359 2882 meas
3381 2828 3433 2881 in
3460 2839 3730 2896 conspectu

426 2922 685 2979 virtutem
711 2921 1058 2990 ostenderet,
1106 2922 1271 2979 ﬂendi
1316 2925 1579 2995 impendit
1622 2927 2028 2984 inﬁrmitatem?
2128 2931 2215 2977 tuo
2246 2922 2420 2996 (Psal.
2451 2922 2648 2992 LV,9).
2694 2921 2981 2977 Postremo
3021 2918 3275 2990 quoniam
3321 2919 3366 2973 si
3400 2916 3732 2988 negationes

426 3014 493 3069 In
524 3026 736 3067 summo
781 3012 963 3084 itaque
1005 3014 1174 3085 gradu
1214 3017 1544 3072 conveniunt
1592 3019 1727 3075 tales
1775 3020 2030 3091 lacryma
2130 3027 2331 3072 nostra:
2373 3017 2475 3071 rite
2510 3014 2813 3081 solvuntur,
2860 3015 2980 3070 sine
3008 3013 3226 3084 planctu
3259 3020 3535 3081 nequeunt
3563 3024 3732 3078 expe-

425 3099 804 3171 Bedemptori.
850 3102 1073 3159 Multum
1114 3119 1345 3175 namque
1376 3105 1487 3162 illic
1522 3107 1639 3171 ipse
1663 3107 1902 3165 deﬂevit.
1951 3109 2027 3164 ibi
2130 3109 2259 3176 diri,
2303 3108 2587 3164 scientiam
2633 3104 2921 3178 plangendi
2972 3117 3134 3176 quam
3182 3110 3371 3174 potero
3413 3100 3734 3157 brevissime

423 3193 570 3251 Adze
599 3207 908 3264 peccatum;
942 3195 1013 3251 ibi
1046 3198 1248 3267 peccati
1276 3196 1627 3266 stipendium,
1660 3208 1922 3264 mortem;
1950 3198 2027 3255 ibi
2133 3202 2462 3259 discernam.
2510 3199 2741 3256 Maxima
2779 3194 2986 3268 peritia
3022 3205 3108 3252 est
3137 3193 3226 3249 hic
3253 3192 3495 3263 impendi
3522 3191 3732 3255 ﬂetum,

424 3286 723 3350 Lazarum,
765 3286 869 3342 hoc
896 3295 981 3342 est
1012 3302 1180 3358 genus
1230 3288 1557 3356 humanum;
1598 3289 1673 3345 ibi
1712 3289 2025 3346 defunctum
2054 3274 2105 3338 ο
2134 3302 2195 3348 ut
2222 3292 2403 3347 sanari
2432 3290 2601 3359 possit
2620 3303 2780 3358 quem
2804 3301 2967 3357 supra
2990 3285 3227 3341 diximus
3247 3284 3490 3339 dentium
3519 3292 3732 3349 stupor,

423 3374 614 3445 lapide
640 3374 935 3440 obtectum,
979 3375 1033 3432 id
1078 3387 1163 3432 est
1213 3376 1466 3434 duritiam
1495 3379 1798 3450 qualitatis;
1846 3380 1919 3433 ibi
1952 3380 2028 3434 la-
2135 3399 2296 3458 quam
2325 3384 2434 3438 illic
2462 3379 2668 3438 semiri
2692 3379 2783 3435 ubi
2806 3392 3079 3447 nunquam
3098 3377 3364 3432 liniendns
3380 3385 3464 3432 est
3489 3375 3735 3431 dentium

422 3479 715 3537 crymosos
728 3466 1131 3537 consolatores,
1178 3464 1230 3522 id
1261 3477 1345 3523 est
1381 3467 1812 3524 incredulitatem
1844 3483 2028 3524 resur-

2135 3476 2356 3533 stridor.
2389 3474 2522 3529 Nam
2554 3472 2661 3528 illis
2682 3471 2917 3526 dicitur:
2945 3467 3038 3524 Vae.
3067 3469 3157 3538 qui
3190 3481 3333 3523 nunc
3369 3466 3571 3530 rident,
3612 3464 3734 3534 quia

422 3556 722 3622 rectionis;
770 3556 846 3612 ibi
873 3568 1121 3628 quartam
1164 3557 1308 3614 diem
1343 3559 1561 3614 venisse
1588 3558 2029 3629 deiuncto:quze
2137 3566 2395 3637 lugebunt
2440 3563 2783 3629 ﬂebuntqne;
2834 3559 2957 3615 istis
2982 3566 3201 3614 autem:
3237 3556 3407 3624 Beati,
3459 3555 3553 3625 qui
3591 3570 3735 3612 nunc

421 3663 670 3720 quatuor
697 3649 947 3705 accidunt
991 3650 1358 3719 peccatoribus
1398 3650 1453 3704 in
1492 3665 1794 3707 animarum
1840 3652 2030 3709 funere

2137 3660 2302 3725 ﬂetis,
2350 3656 2475 3728 quia
2520 3653 2766 3710 ridebitis
2804 3661 2860 3708 et
2886 3650 3212 3720 gaudebitis,
3258 3658 3314 3705 et
3358 3646 3613 3720 gaudium
3643 3661 3734 3703 ve-

420 3740 787 3798 conclamalis
813 3758 825 3794 :
866 3742 1037 3811 prima
1063 3741 1333 3813 cogitandi
1364 3743 1587 3807 malum,
1610 3742 1903 3799 deﬂniendi
1937 3758 2027 3799 se-
2139 3764 2308 3807 suum
2339 3761 2497 3804 nemo
2525 3744 2679 3801 tollet
2704 3758 2736 3799 a
2764 3742 2941 3799 vobis.

423 3833 639 3902 cauda,
669 3832 1011 3905 perpetrandi
1045 3836 1221 3901 tertia,
1253 3844 1441 3906 quarta
1472 3836 1524 3890 in
1561 3837 1789 3892 crimine
1819 3853 2029 3907 perma.

418 3978 876 4053 cryngasfnndis!
914 3975 984 4053 Et
1009 3977 1120 4040 ille,
1168 3988 1490 4053 reputantem
1520 3996 1617 4053 me,
1660 3982 1847 4049 inquit,
1878 3998 2034 4050 quam
2144 3981 2269 4053 quid
2292 3979 2490 4053 simile.

420 4039 604 4105 brevis
623 4039 687 4103 sit
711 4049 876 4101 omnis
904 4039 1127 4101 humana
1154 4039 1279 4114 vita,
1322 4050 1477 4103 subiit
1514 4039 1697 4103 horum
1727 4039 2032 4118 'miscratio;
2161 4039 2175 4053 ”
2217 4063 2239 4091 ι·
2292 4049 2620 4113 Religiosum
2650 4046 2966 4118 principem
3008 4043 3096 4118 hic
3141 4050 3319 4109 vocat,
3371 4053 3531 4118 quem
3576 4039 3736 4118 paulo

414 4135 659 4199 quorum
689 4134 805 4172 cum
834 4128 906 4173 tot
940 4118 1062 4185 sint,
1096 4134 1241 4173 nemo
1266 4107 1337 4173 ad
1357 4126 1688 4175 centesimum
1716 4137 1908 4175 annum
1938 4107 2032 4177 su:
2139 4132 2267 4177 ante
2288 4107 2471 4202 regem
2502 4107 3262 4202 mundanttm'appellav‘era},
3305 4107 3451 4192 quod
3477 4107 3735 4202 salienti:

418 4183 651 4262 bmrit-
836 4256 850 4262 ,
1047 4183 1053 4185 ⁷
1339 4258 1379 4262 __
2142 4206 2259 4246 rum
2319 4183 2485 4246 videri
2537 4204 2654 4262 non
2695 4183 3068 4262 debetpcum
3110 4183 3387 4262 gallienus
3438 4183 3735 4262 imperator

510 4258 675 4332 {imo
710 4256 947 4313 nondum
988 4268 1313 4329 pugnaverat
1339 4258 1566 4326 Xerses,
1613 4276 1713 4316 nec
1742 4263 2032 4332 trajecerat
2138 4262 2214 4320 ὅση

2030 4304 2032 4313 ι
2138 4262 2420 4332 summa;
2462 4262 2544 4315 καὶ
2588 4250 3010 4332 φιλαϐιώεςροςη
3048 4250 3734 4332 religiosissimushﬁeique

418 4333 489 4387 in
530 4329 820 4396 l‘ltirOpam.
925 4386 940 4396 _
988 4318 1002 4327 ’
1056 4318 1086 4329 ⁷
1128 4338 1133 4339 ⁷
1550 4318 1565 4326 ’
1822 4318 1840 4332 ’
2145 4318 2549 4386 amantissimus
2576 4318 2770 4396 magno
2796 4318 3050 4396 Diiinysio
3070 4318 3535 4396 Aléxandriuogit
3559 4318 3734 4374 dictus

507 4397 535 4437 δ
566 4386 725 4453 Deest
749 4399 837 4452 hic
864 4386 1079 4469 aliquod
1108 4401 1351 4464 verbum,
1391 4398 1527 4455 forte
1565 4402 1899 4473 respiciamus
1936 4413 2027 4458 aut
2146 4402 2285 4473 apud
2317 4400 2604 4455 Eusebium
2636 4386 2729 4453 lib.
2761 4412 2830 4452 vu
2858 4386 2993 4452 HiSt.
3027 4394 3250 4461 eccles.,
3279 4408 3400 4464 cap.
3422 4390 3514 4446 9.5.

419 4520 3713 4566 Μ

1678 4656 1848 4701 Ακκο
1890 4622 2121 4702 boum
2163 4653 2492 4701 ccccxcvt.

834 4770 1965 4982 JOANNES
2056 4768 3337 4983 DIACONUS

1796 5038 1893 5111 (Ex
1925 5038 2065 5094 Bibl.
2090 5037 2364 5106 Galland.)

1618 5270 2537 5345 PROLEGOMENONs

508 5437 555 5490 Ι.
594 5435 816 5489 Joannis
843 5434 900 5492 S.
934 5436 995 5490 Ii.
1027 5434 1093 5490 E.
1126 5438 1327 5493 diaconi
1356 5439 1721 5509 epistolamgad
1754 5439 2029 5495 Sertorium
2058 5459 2109 5519 ι)
2136 5441 2454 5510 ignoramus.
2492 5428 2646 5493 Haitc
2676 5440 2941 5508 epistolam
2979 5440 3208 5492 eruimus
3237 5454 3304 5493 ex
3342 5446 3535 5493 vetusto
3564 5439 3736 5493 codice

407 5531 604 5587 virum
642 5526 891 5580 illustrem
930 5526 1183 5598 eruigavit
1224 5527 1560 5583 Mabillonius
1601 5530 1701 5601 (a).
1745 5550 1762 5581 ι
1797 5528 2031 5585 Illustris
2136 5530 2413 5585 Christian:
2442 5534 2651 5601 regina,
2678 5530 2765 5599 qui
2794 5530 2917 5581 olim
2946 5529 3042 5600 fuit
3072 5530 3367 5585 monasterii
3402 5531 3565 5582 nostri
3608 5527 3737 5582 Fer-

403 5629 503 5677 est
528 5658 543 5681 ,
590 5618 754 5685 inquit
800 5618 866 5669 cl.
906 5619 1066 5671 editor
1106 5619 1211 5687 (ὁ),
1258 5619 1488 5687 epistola:
1528 5623 1750 5690 scriptor
1792 5620 2027 5677 Joannes
2134 5624 2397 5678 rarieusis.
2430 5621 2494 5675 In
2522 5639 2582 5675 ea
2615 5605 2847 5691 quaedam
2890 5634 3164 5677 occurrunt
3206 5623 3549 5677 obseruatione
3579 5621 3737 5689 digna

403 5715 721 5769 diaconus'
762 5711 849 5761 scd
890 5711 1003 5774 quis
1030 5712 1094 5765 sit
1124 5712 1211 5766 ille
1241 5712 1487 5768 Senarius
1526 5715 1595 5767 ad
1627 5732 1777 5785 quem
1813 5718 2022 5782 scribit,
2134 5717 2197 5768 de
2224 5716 2456 5767 ministro
2498 5715 2937 5783 conﬁrmatimtis;
2979 5715 3044 5768 de
3079 5724 3271 5783 septem
3316 5714 3588 5782 altaribus,
3620 5712 3737 5766 sub.

501 5850 588 5921 (a)
622 5849 669 5905 ii
691 5851 817 5907 .bill.
848 5851 975 5907 Mus.
1006 5852 1121 5908 Ital.
1147 5865 1275 5909 tom.
1301 5853 1348 5915 i.
1383 5866 1515 5923 part.
1548 5853 1583 5907 2
1603 5896 1616 5921 ,
1650 5869 1801 5927 pagg.
1831 5855 2020 5911 69-76.
2206 5851 2284 5923 (b)
2316 5851 2387 5908 id.
2423 5852 2551 5908 ibid.
2581 5865 2735 5923 pagg.
2764 5852 2831 5907 76
2860 5867 2975 5922 seq.
