4316 6460
327 448 423 503 1111

1578 430 1911 489 EPISTULA
1952 431 1991 482 Α
2004 428 2043 481 ιι
2081 428 2453 486 δεΝΑιιιυιι.

1898 452 1911 483 ι
1952 428 2043 482 Ali
2081 428 2453 486 SENAIlIUM.
3506 429 3602 484 1οἐ

325 562 513 633 gratiae
528 558 683 616 nobis
698 557 987 628 jucundam
1013 552 1220 610 fecistis
1247 551 1587 615 memoriam,
1610 560 1665 604 et
1680 557 1912 617 quantus
1942 554 1989 606 Α
2018 544 2192 613 justus
2220 556 2499 616 appareat,
2530 545 2598 600 ad
2630 554 2960 614 postremum
3005 545 3148 599 filius
3189 546 3277 597 tiat
3305 558 3371 597 es
3406 557 3568 633 servo
3594 563 3605 595 :

327 650 531 723 pectori
556 661 738 707 vestro
764 648 928 705 divini
948 646 1122 700 cultus
1167 642 1331 698 ardor
1373 639 1622 703 insideat,
1653 637 1916 693 catholica

326 740 692 798 sollicitudine
711 755 816 794 non
844 736 1078 793 celastis.
1111 732 1268 800 Nam,
1317 742 1378 788 ut
1401 738 1597 787 vestra:
1626 730 1917 799 loquuntur

328 833 542 897 litteras,
572 828 814 899 quaedam
844 824 996 881 vobis
1025 822 1219 890 scribi,
1252 821 1498 891 quaedam
1524 817 1684 889 dirigi
1736 826 1913 872 trans-

326 921 497 991 cripta
528 917 787 974 voluistis.
812 914 921 972 Sed
944 914 996 970 in
1025 909 1434 969 trauscribendo
1462 922 1649 964 curam
1675 915 1916 963 nostram

330 1006 600 1079 utcunque
629 1004 957 1062 notariorum
989 1003 1143 1059 labor
1159 1000 1363 1069 adjuvit
1392 1016 1407 1065 ;
1439 1000 1492 1053 in
1533 998 1619 1053 his
1646 1011 1778 1053 vero
1797 1011 1919 1067 qum

327 1098 612 1157 scribenda
630 1104 779 1161 sunt,
805 1094 1032 1150 multum
1063 1092 1235 1147 fateor
1252 1090 1451 1145 laboris
1472 1087 1733 1151 indicitis,
1753 1096 1811 1142 et
1828 1100 1921 1140 su-

331 1190 632 1261 peraddere
657 1188 760 1243 hoc
786 1199 1096 1242 mensuram
1130 1196 1305 1237 meam
1334 1180 1565 1235 adducta
1613 1177 1791 1233 fronte
1827 1190 1920 1231 re-

327 1280 587 1344 s.-ondeo.
617 1274 1033 1345 Primum,quod
1054 1288 1140 1339 es,
1171 1273 1310 1327 sicut
1332 1284 1469 1341 opus
1498 1278 1600 1337 est,
1627 1268 1917 1334 disserere,

331 1387 438 1427 non
477 1372 573 1433 ita.
593 1380 650 1425 ut
669 1367 842 1425 credit
876 1366 1035 1422 amici
1060 1362 1369 1430 aestimatio,
1397 1376 1577 1417 meum
1609 1360 1753 1415 valet
1770 1358 1920 1428 inge-

329 1464 499 1521 nium.
534 1463 755 1518 Fallitur
777 1461 921 1518 enim
972 1460 1271 1515 amantium
1310 1471 1456 1525 smpe
1488 1455 1920 1525 judicium,cum

332 1560 452 1623 plus
470 1554 744 1610 dilectioni
777 1552 1137 1621 tribuitquam
1161 1549 1369 1605 meritis
1398 1549 1629 1605 dilectus
1657 1547 1917 1604 ostendit.

335 1646 553 1705 Accedit
592 1645 787 1703 deinde
825 1644 969 1714 quod
991 1642 1235 1698 infirmus
1282 1656 1550 1711 corpore,
1599 1650 1658 1695 ut
1690 1640 1793 1694 alia
1844 1649 1923 1694 ta-

326 1751 505 1803 ceam,
526 1734 897 1792 ecclesiastico
920 1734 1122 1804 jngiter
1156 1732 1431 1803 astringor
1470 1730 1672 1786 oliicio.
1706 1730 1923 1786 Postre-

332 1840 423 1881 mo
449 1826 679 1881 otiosum
721 1834 931 1893 tempus
953 1837 1042 1878 res
1082 1823 1336 1891 postulat,
1382 1830 1445 1877 ut
1481 1822 1745 1892 majorum
1775 1821 1925 1877 volu-

2019 645 2075 689 nt
2104 636 2195 706 qui
2229 637 2282 689 in
2311 636 2484 705 primo
2514 643 2735 704 parente
2765 636 3005 706 perditus
3048 635 3246 701 fuerat,
3276 632 3497 690 secundi
3529 647 3611 689 rc~

2026 734 2245 795 paratus
2266 726 2551 791 beneficio,
2576 725 2906 781 ha'reditatis
2930 734 3166 795 paternae
3196 736 3479 796 possessor
3502 723 3610 777 esi-

2022 829 2145 876 stat.
2175 818 2506 874 Essultlatos
2535 820 2697 891 igitur
2725 820 3085 885 esorcisatur,
3141 830 3221 886 ut,
3272 820 3452 891 fugato
3499 817 3614 873 dia-

2019 912 2169 977 bolo,
2189 909 2408 967 Christo
2440 913 2550 968 Deo
2582 922 2767 968 nostro
2789 922 3009 983 paretur
3035 913 3288 967 introitus
3316 929 3330 978 ;
3355 921 3411 968 et
3454 927 3485 966 a
3516 924 3613 980 po-

2022 1010 2218 1057 testate
2264 1012 2451 1058 erutus
2496 1003 2862 1078 tenebrarum,
2895 1005 3252 1059 transferatur
3292 1002 3347 1057 in
3391 1016 3614 1073 regnum

2020 1090 2209 1160 glorise
2237 1092 2479 1147 caritatis
2508 1092 2600 1147 Dei
2626 1108 2642 1148 :
2674 1101 2733 1146 ut
2755 1093 2845 1163 qui
2874 1093 3082 1147 dudum
3125 1108 3220 1147 vas
3261 1093 3437 1147 fuerat
3461 1093 3615 1149 Sata-

2022 1194 2129 1246 na,
2148 1236 2154 1241 ,
2172 1180 2265 1235 list
2286 1196 2427 1237 nunc
2448 1180 2781 1237 domicilium
2814 1182 3131 1238 Salvatoris.
3162 1182 3494 1238 Exsufllatnr
3518 1183 3617 1238 ita-

2022 1287 2147 1341 que,
2176 1271 2299 1340 quia
2324 1273 2417 1327 tali
2446 1272 2639 1342 dignus
2658 1282 2743 1328 est
2763 1273 3053 1341 ignominia
3078 1274 3326 1330 desertor
3344 1273 3618 1343 antiquus.

2025 1363 2382 1428 Etorcizatnr
2408 1375 2608 1427 autem,
2640 1363 2692 1419 'rd
2721 1374 2800 1419 est
2824 1364 3158 1432 conjuratur,
3182 1373 3243 1419 ut
3272 1373 3427 1419 exeat
3454 1373 3508 1419 et
3538 1378 3619 1418 re-

2023 1456 2201 1524 cedat,
2230 1456 2375 1511 illius
2395 1471 2694 1525 agnoscens
2736 1458 3052 1522 adventum,
3098 1460 3255 1521 cu;us
3296 1464 3534 1512 erectam
3566 1459 3618 1511 ln

2025 1545 2259 1616 paradisi
2286 1547 2540 1602 felicitate
2559 1548 2844 1617 imaginem
2876 1562 3037 1616 prava
3091 1548 3343 1602 suasione
3396 1545 3613 1615 dejece-

2026 1648 2125 1693 rat.
2157 1637 2397 1708 Accipiet
2428 1639 2539 1709 jam
2568 1639 2987 1694 catechumenos
3038 1638 3379 1695 benedictum
3410 1638 3514 1705 sal,
3567 1638 3620 1692 in

2026 1743 2133 1795 quo
2155 1727 2419 1797 signatur,
2444 1728 2568 1797 quia
2602 1729 2744 1783 sicut
2762 1730 2939 1783 omnis
2966 1743 3095 1784 caro
3116 1728 3230 1783 sale
3254 1727 3469 1783 condita
3500 1740 3616 1781 scr.

2027 1825 2203 1883 vatur,
2252 1817 2323 1870 ita
2355 1817 2471 1873 sale
2500 1818 2778 1885 sapientim
2808 1828 2863 1873 et
2908 1818 3309 1887 przrdirationis
3338 1816 3485 1871 verbi
3526 1815 3621 1871 Dei

331 1917 476 1973 mina
515 1914 919 1972 recensentibus
942 1912 1068 1982 quid
1104 1914 1174 1969 de
1204 1928 1522 1983 unaquaque
1573 1928 1633 1969 re
1678 1913 1784 1969 dici
1825 1915 1920 1968 de-
1949 1905 2000 1967 Β
2025 1923 2176 1964 mens
2207 1907 2458 1962 ﬂuctibus
2479 1910 2663 1964 seculi
2690 1908 2899 1963 madida
2930 1922 2979 1965 et
3006 1909 3146 1964 ﬂuxa
3178 1908 3453 1973 conditur,
3478 1917 3535 1961 ut
3555 1907 3620 1959 ad

330 2006 474 2073 beat,
506 2005 718 2061 illorum
760 2012 871 2060 tuta
910 2003 1185 2073 juvamine
1228 2004 1484 2073 procedat
1528 2003 1723 2058 oratio.
1778 2002 1917 2071 Quid

330 2098 491 2167 igitur
518 2097 572 2153 in
605 2096 720 2153 haec
758 2111 1078 2167 possumus,
1111 2095 1214 2152 nisi
1264 2098 1402 2153 forte
1418 2086 1569 2168 quod
1621 2113 1708 2153 me
1761 2112 1921 2167 posse

329 2198 453 2245 vota
482 2189 860 2259 desideriaque
885 2198 1059 2245 vestra
1102 2191 1492 2259 pra-stiterint?
1537 2189 1742 2246 idcirco
1769 2206 1919 2261 quie-

329 2286 437 2341 sita
467 2285 703 2341 breviter
729 2283 969 2340 conabor
996 2284 1292 2353 attingere,
1340 2298 1408 2339 ne
1462 2283 1507 2339 si
1570 2286 1791 2339 omnino
1837 2293 1921 2338 ta-

328 2388 505 2441 ceam,
551 2374 866 2429 infructuosi
916 2373 1113 2430 silentii
1150 2387 1337 2441 pinnas
1376 2373 1662 2442 excipiam.
1693 2371 1922 2429 Confido

329 2465 478 2521 enim
500 2465 835 2521 orationibus
861 2466 963 2521 tuis
990 2480 1078 2522 me
1131 2479 1291 2534 posse
1318 2465 1515 2534 juvari,
1565 2465 1656 2535 qui
1704 2474 1763 2520 ut
1810 2465 1924 2519 ha-c

331 2557 588 2614 auderem
621 2568 728 2613 tam
759 2558 924 2613 ardua
974 2558 1302 2628 compulisti.
1337 2557 1490 2614 Unde
1540 2572 1725 2629 quaeso
1755 2567 1815 2613 ut
1844 2559 1927 2614 ui-

332 2648 413 2706 hil
442 2649 493 2704 in
524 2664 611 2706 me
637 2649 977 2719 eloquentiae,
1008 2649 1141 2705 nihil
1163 2664 1388 2705 summa;
1426 2649 1686 2705 doctrina:
1713 2650 1927 2706 deside-

333 2752 453 2806 res;
482 2739 603 2808 quia
633 2754 735 2795 nec
759 2740 835 2794 illi
867 2741 1024 2809 plene
1043 2738 1239 2802 studui.
1268 2748 1322 2794 et
1347 2739 1531 2794 doceri
1555 2739 1731 2794 adhuc
1759 2740 1920 2805 malo,

332 2846 496 2901 quam
520 2831 758 2888 doctoris
797 2846 990 2887 nomen
1013 2831 1221 2886 audire.
1257 2831 1420 2902 Igitur
1454 2832 1499 2885 si
1538 2831 1588 2885 in
1616 2832 1716 2886 hac
1745 2833 1924 2899 inqui-

334 2921 559 2990 sitione,
605 2937 745 2988 mea,
776 2923 1164 2992 qualiscunque
1185 2931 1287 2987 est,
1316 2922 1495 2991 placet
1523 2933 1614 2979 aut
1644 2933 1928 2991 exspecta-

335 3021 428 3068 tur
447 3014 640 3079 oratio,
662 3012 771 3081 jam
804 3028 948 3067 nunc
966 3013 1035 3068 de
1072 3011 1297 3081 singulis
1322 3027 1442 3081 quae
1490 3023 1615 3067 sunt
1657 3012 1927 3081 proposita

335 3102 641 3160 videamus.
676 3102 809 3158 illud
850 3105 1051 3159 interea
1104 3102 1400 3173 prudentia:
1443 3114 1642 3158 vestrm
1673 3103 1927 3172 praedico,

335 3197 462 3267 quia
488 3194 889 3265 inquisitionum
938 3195 1093 3262 ordo,
1139 3209 1244 3249 non
1277 3195 1366 3259 ita,
1422 3204 1479 3248 ut
1518 3203 1694 3249 vestra
1737 3194 1930 3264 legitur

2024 1996 2353 2052 soliditatem
2384 1998 2696 2052 stabilitatis
2712 2006 2871 2066 atque
2886 2000 3281 2068 permansionis
3300 1998 3509 2068 digesto
3532 2011 3622 2066 pe-

2026 2090 2176 2145 nitus
2199 2090 2565 2158 corruptionis
2590 2091 2819 2147 humore
2848 2091 3014 2147 divini
3055 2092 3185 2146 salis
3204 2093 3469 2146 suavitate
3498 2106 3625 2161 per-

2026 2177 2224 2233 veniat.
2276 2178 2390 2233 11οο
2412 2194 2543 2249 ergo
2565 2179 2673 2249 agit
2705 2181 2955 2249 frequens
3010 2181 3285 2249 impositio
3332 2196 3542 2243 manus.
3572 2190 3627 2239 ct

2027 2269 2331 2323 reverentia
2383 2268 2687 2333 Trinitatis,
2713 2280 2769 2325 et
2821 2272 3068 2326 invocata
3114 2285 3279 2340 super
3321 2269 3625 2341 caputeius

2028 2358 2188 2413 tertio
2216 2358 2520 2415 benedictio
2559 2360 2887 2415 Conditoris.

2100 2448 2189 2503 IV.
2240 2450 2450 2505 Dehinc
2489 2450 2722 2519 quodam
2756 2450 2999 2519 profectu
3027 2460 3191 2517 atque
3226 2460 3501 2518 provectu,
3534 2450 3629 2505 ille
3662 2496 3668 2502 .

2027 2542 2116 2611 qui
2141 2542 2343 2596 dudum
2367 2542 2682 2597 exsutﬂatus
2727 2543 3009 2598 diabolicis
3065 2541 3271 2613 laqueis
3312 2542 3631 2612 pompisque

2030 2631 2467 2702 renuntiaverat,
2483 2632 2714 2703 symboli
2746 2632 2813 2687 ab
2838 2632 3098 2701 apostolis
3138 2632 3318 2688 traditi
3354 2632 3465 2702 jam
3518 2647 3631 2689 me-

2032 2730 2178 2778 retur
2208 2722 2371 2776 verba
2402 2724 2679 2792 suscipere
2710 2742 2721 2777 :
2766 2733 2821 2777 ut
2850 2726 2938 2793 qui
2982 2725 3147 2795 paulo
3182 2735 3309 2780 ante
3337 2729 3510 2782 solum
3541 2740 3633 2781 ca-

2032 2814 2389 2869 techumenos
2412 2813 2716 2879 dicebatur,
2738 2830 2881 2871 nunc
2910 2818 3075 2871 etiam
3133 2825 3358 2872 vocetur
3406 2832 3631 2886 compe-

2032 2917 2153 2962 tens
2186 2907 2269 2962 vel
2299 2907 2526 2962 electus.
2556 2907 2864 2978 Conceptus
2892 2909 3037 2961 enim
3066 2916 3149 2963 est
3170 2909 3222 2963 in
3263 2917 3417 2964 utero
3444 2910 3633 2964 matris

2035 2999 2313 3063 Ecclesiae,
2342 3007 2399 3055 et
2425 2999 2737 3069 viverejam
2773 2999 2979 3067 incipit,
3013 3000 3175 3056 etiam
3198 3001 3242 3055 si
3272 3002 3512 3055 nondum
3541 3013 3634 3053 sa-

2033 3091 2111 3145 cri
2154 3100 2338 3158 partus
2368 3099 2581 3160 tempus
2605 3092 2861 3158 explevit.
2906 3091 3057 3146 Tunc
3077 3092 3211 3146 ilunt
3258 3092 3371 3157 illa,
3425 3107 3546 3163 quas
3567 3091 3636 3146 ab

2034 3183 2399 3239 ecclesiastica
2428 3183 2822 3238 consuetudine
2846 3184 3101 3238 scrutinia
3138 3183 3477 3243 dictitantur.
3508 3183 3637 3238 Per-

336 3286 533 3354 pagina
556 3293 915 3354 censequetnr
947 3300 962 3347 ;
993 3286 1087 3340 sed
1121 3296 1177 3338 ut
1204 3299 1263 3339 se
1288 3299 1618 3353 unaquaque
1643 3298 1924 3354 suggesse-
1952 3275 1997 3338 C
2022 3285 2040 3324 ⁷ε

1952 3275 1997 3338 C
2022 3281 2330 3327 scrutamur
2352 3274 2493 3326 enim
2512 3286 2698 3327 eorum
2727 3272 2887 3328 θοι-ἀι
2933 3288 3025 3339 per
3051 3273 3424 3338 tidem,utrnm
3470 3273 3637 3328 menti

336 3375 433 3442 rit,
466 3374 804 3429 absolutione
830 3388 1066 3444 congrua
1097 3375 1487 3429 terminaliitur.
1520 3374 1705 3445 itaque
1753 3377 1932 3446 inqui-

337 3463 556 3519 sitionis
582 3474 686 3518 tua:
705 3465 869 3518 verba
906 3464 977 3517 ita
1013 3478 1073 3519 se
1095 3464 1311 3519 habent.

418 3555 483 3612 ll.
524 3555 765 3626 Requiro,
794 3557 992 3625 inquis,
1030 3572 1062 3609 a
1087 3556 1248 3621 vobis,
1306 3572 1463 3624 quare
1504 3565 1777 3626 antequam
1807 3557 1931 3629 bapo

338 3648 498 3701 tisma
526 3646 640 3716 quis
692 3656 1051 3716 consequatur,
1087 3647 1490 3703 catecltumenus
1519 3647 1661 3717 fuit;
1692 3649 1768 3701 vel
1813 3649 1933 3713 quid

338 3737 444 3793 sibi
480 3736 660 3791 habeat
703 3738 797 3791 hoe
838 3737 1135 3791 vocabulum
1174 3746 1263 3791 aut
1292 3736 1402 3791 Ita’c
1439 3737 1794 3801 catecltizatio,
1846 3750 1934 3792 aut

338 3843 451 3896 qua
471 3826 650 3898 regula
689 3827 743 3880 in
796 3826 968 3881 Veteri
1013 3826 1336 3881 Testamento
1381 3828 1648 3897 praemissa
1694 3829 1802 3891 sit;
1846 3838 1938 3881 aut

337 3928 500 3983 certe,
518 3920 560 3973 si
584 3918 784 3972 novella
803 3919 976 3990 regula
1005 3928 1097 3983 est,
1118 3929 1163 3972 et
1184 3920 1345 3986 magis
1372 3936 1405 3972 a
1430 3918 1579 3972 Novo
1613 3919 1939 3974 Testamento

338 4009 565 4079 sunipsit
601 4009 887 4063 exordium.
944 4007 1117 4064 Simul
1157 4009 1311 4063 etiam
1343 4010 1646 4063 scrutinium
1689 4011 1814 4071 quid
1849 4010 1937 4070 sit,

338 4108 441 4154 aut
466 4088 627 4169 quare
650 4101 796 4153 tertio
816 4107 935 4153 ante
951 4096 1154 4153 Pass-Ita
1177 4101 1525 4153 scrutinentur
1552 4100 1778 4167 infantes
1806 4115 1825 4164 ;
1851 4108 1939 4153 aut

337 4188 475 4257 quid
523 4186 618 4241 sibi
675 4189 782 4241 haec
831 4188 1085 4241 districtio
1134 4189 1214 4243 vel
1269 4188 1561 4243 sollicitudo
1614 4189 1941 4242 scrutaminis

339 4278 571 4333 vindicet
590 4318 605 4340 .
632 4286 735 4332 etc.

421 4367 511 4422 ill.
552 4366 633 4421 Ad
665 4366 869 4421 hmcita
892 4365 1214 4435 respondeo.
1238 4366 1485 4421 Studium
1511 4377 1750 4422 vestrum
1784 4381 1943 4423 nosse

338 4458 677 4515 conﬁdimus
701 4476 717 4514 :
744 4459 866 4529 quia
889 4474 1047 4513 omne
1086 4472 1255 4528 genus
1285 4458 1577 4513 humanum
1606 4460 1661 4513 in
1702 4458 1854 4529 ipsis,
1887 4468 1945 4513 ut

342 4554 425 4607 ita
468 4550 664 4617 dicam,
692 4550 874 4605 mundi
897 4548 1177 4605 cunabulis
1197 4548 1639 4619 praevaricatione
1672 4549 1828 4618 primi
1850 4548 1946 4603 ho.

2032 3378 2143 3418 suae
2173 3374 2293 3432 post
2324 3362 2777 3417 renuntiationem
2811 3362 3010 3417 dialmli
3057 3378 3206 3417 sacra
3234 3364 3394 3418 verba
3438 3364 3639 3419 delite-

2037 3459 2386 3521 rint;utrum
2430 3457 2748 3524 agnoverint
2797 3455 3029 3510 fuluram
3058 3456 3283 3526 gratiam
3316 3455 3642 3527 Redempto-

2038 3553 2142 3615 ris;
2198 3561 2377 3607 utrum
2408 3566 2467 3607 se
2512 3550 2738 3607 credere
2783 3550 3055 3606 fateantur
3110 3552 3161 3605 in
3223 3551 3391 3608 Deum
3420 3550 3643 3606 Patrem

2038 3645 2485 3713 omnipotentem.
2525 3642 2593 3696 Et
2621 3627 2743 3697 cum
2775 3641 2890 3697 ha-c
2916 3643 2984 3695 ita
3015 3657 3137 3698 esse
3163 3642 3380 3697 illorum
3412 3657 3639 3711 respou-

2038 3735 2192 3791 sione
2241 3733 2514 3798 claruerit,
2562 3734 2690 3803 quia
2735 3735 2994 3802 scriptum
3046 3744 3128 3789 est
3166 3750 3180 3791 :
3224 3733 3390 3789 Corde
3418 3735 3644 3789 creditur

2046 3828 2114 3879 ad
2128 3828 2407 3899 justitiam,
2441 3842 2529 3881 ore
2555 3836 2728 3881 autem
2756 3828 3009 3897 confessio
3033 3827 3092 3895 ﬁt
3120 3829 3170 3881 in
3200 3828 3415 3881 salutent
3465 3827 3641 3897 (Rom.

2043 3932 2097 3980 χ,
2128 3917 2216 3985 10)
2242 3934 2257 3980 ;
2287 3926 2581 3986 tanguntur
2610 3917 3053 3973 sanctificationis
3080 3918 3200 3974 oleo
3234 3932 3394 3973 aures
3432 3932 3642 3978 eorum,

2045 4015 2344 4074 tanguntur
2373 4015 2429 4061 et
2459 4021 2619 4061 nares
2645 4024 2660 4071 ;
2690 4007 2786 4062 sed
2809 4022 2972 4062 aures
2999 4006 3143 4073 ideo,
3190 4008 3311 4074 quia
3340 4023 3436 4076 per
3461 4023 3553 4063 eas
3578 4011 3646 4062 ad

2045 4096 2375 4151 intellectum
2418 4095 2549 4151 tides
2570 4095 2891 4166 ingreditur,
2924 4096 3185 4165 Apostolo
3213 4096 3425 4153 dicente
3454 4096 3648 4152 :Fides

2045 4197 2213 4239 autem
2238 4203 2328 4257 per
2349 4187 2604 4253 auditum,
2635 4188 2846 4241 auditus
2875 4203 2994 4242 vero
3019 4204 3109 4258 per
3122 4189 3331 4243 verbum
3347 4188 3439 4243 Dei
3455 4188 3602 4257 (Ibid
3632 4230 3648 4251 .

2051 4277 2138 4345 l7)
2172 4278 2466 4348 ;ut.quasi
2516 4278 2747 4348 quodam
2795 4278 3236 4335 sanctificationis
3289 4295 3445 4335 muro
3490 4296 3651 4336 aures

2048 4369 2344 4435 instructae,
2384 4369 2515 4423 nihil
2565 4371 2813 4437 noxium,
2871 4370 3001 4425 nihil
3035 4370 3178 4427 quod
3210 4380 3356 4427 retro
3396 4386 3653 4428 revocare

2051 4460 2219 4524 possit
2240 4460 2545 4514 admittant.

2123 4549 2185 4603 V.
2227 4547 2359 4604 Cum
2389 4564 2520 4605 vero
2550 4557 2840 4619 tanguntur
2885 4565 3043 4606 nares
3081 4565 3301 4619 eorum,
3352 4551 3655 4607 admonen-

342 4640 520 4699 minis
547 4642 598 4695 in
652 4650 825 4696 morte
868 4640 1028 4696 fuerit
1068 4640 1190 4707 jure
1236 4639 1566 4709 collapsum;
1624 4654 1729 4695 nec
1777 4640 1847 4694 ab
1883 4654 1945 4694 ea
1978 4636 2024 4696 ι)
2053 4650 2138 4695 tur
2164 4641 2284 4695 sine
2303 4640 2487 4705 dubio,
2522 4652 2580 4695 ut
2609 4640 2845 4709 quandiu
2875 4641 3122 4711 spiritum
3150 4642 3278 4697 vitae
3306 4641 3467 4710 hujus
3511 4644 3657 4698 nari-

344 4746 519 4801 rosse
547 4730 757 4798 redimi,
790 4730 890 4785 nisi
910 4729 1119 4784 affuerit
1139 4730 1307 4799 gratia
1329 4729 1626 4785 Salvatoris
1655 4746 1670 4783 :
1698 4730 1789 4800 qui
1814 4728 1940 4784 dum

340 4833 483 4879 ante
510 4822 704 4875 smcula
735 4822 948 4891 genitus
978 4830 1123 4875 esset
1176 4835 1239 4873 ex
1270 4817 1452 4888 Putre,
1485 4830 1703 4887 propter
1739 4833 1836 4873 nos
1876 4833 1943 4872 es

339 4913 473 4969 sola
496 4922 666 4966 matre
693 4910 809 4965 ﬁeri
835 4926 938 4965 non
959 4920 1042 4965 est
1088 4910 1408 4979 dedignatus
1444 4911 1496 4964 in
1541 4922 1800 4979 tempore.
1830 4909 1947 4965 Non

341 5011 442 5059 cst
473 5018 601 5071 ergo
626 5002 846 5057 dubium
877 5002 1020 5071 quod
1066 5003 1210 5070 prius
1231 5017 1369 5069 luam
1410 5002 1605 5071 aliquis
1636 5010 1951 5057 renascatur

343 5094 412 5148 in
442 5089 679 5154 Christo,
718 5091 997 5145 diaholicas
1044 5092 1293 5157 potestati
1351 5100 1597 5145 teneatur
1648 5093 1947 5145 astrictus:

341 5182 515 5253 cujus
544 5181 748 5250 laqueis
771 5183 870 5236 nisi
898 5182 1039 5237 inter
1079 5183 1190 5248 ipsa
1214 5182 1461 5250 primitus
1488 5183 1610 5237 ﬁdei
1649 5183 1951 5237 rudimenta

345 5273 545 5334 veraci
579 5274 909 5343 professione
938 5275 1254 5329 renuntiatis
1304 5284 1550 5338 exuatur,
1596 5275 1664 5328 ad
1705 5275 1956 5330 salutaris

344 5364 558 5420 lavacri
612 5364 839 5432 gratiam
884 5378 993 5418 non
1032 5362 1258 5417 accedit.
1302 5364 1370 5418 Et
1412 5364 1533 5420 ideo
1573 5365 1714 5419 hunc
1746 5374 1961 5431 oportet

346 5456 515 5529 prius
528 5453 1039 5511 catecltumenorum
1073 5455 1398 5510 auditorium
1425 5453 1669 5510 introire.
1698 5456 1959 5511 Cateche-

343 5550 442 5605 sis
464 5548 613 5603 enim
644 5545 833 5603 Gratce
855 5545 1139 5600 instructio
1161 5544 1375 5600 dicitur.
1410 5544 1698 5600 instruitur
1729 5560 1958 5615 namque

346 5638 732 5697 ecclesiastico
759 5637 1061 5691 ministerio
1092 5650 1189 5704 per
1218 5636 1649 5692 benedictionem
1678 5639 1959 5706 imponen-

350 5732 437 5785 tis
470 5742 703 5793 manum,
732 5736 792 5781 ut
812 5726 1072 5795 intelligat
1099 5724 1218 5795 quis
1252 5725 1339 5791 sit,
1379 5727 1569 5793 quisve
1597 5727 1803 5782 futurus
1855 5729 1958 5792 sit;

350 5820 475 5877 hoc
494 5827 597 5884 est,
628 5816 751 5887 quia
792 5831 855 5872 ex
904 5813 1192 5871 damnabili
1233 5823 1451 5873 sanctus
1498 5815 1609 5883 fiat,
1642 5833 1707 5873 es
1762 5819 1962 5888 injusto

2046 4732 2149 4785 bus
2182 4732 2424 4796 trahunt,
2456 4732 2508 4785 in
2536 4731 2634 4785 Dei
2674 4731 2899 4787 servitio
2930 4732 3308 4803 mandatisque
3338 4732 3663 4801 perdurent.

2050 4821 2204 4878 Unde
2226 4822 2319 4878 ille
2365 4822 2446 4876 vir
2492 4831 2712 4877 sanctus
2742 4822 3003 4879 dicebat:
3059 4821 3196 4876 Vivit
3248 4821 3523 4891 Dominus,
3568 4824 3659 4891 qui

2052 4914 2267 4967 abstulit
2278 4914 2543 4985 judicium
2564 4931 2753 4979 meum,
2780 4924 2830 4969 et
2863 4916 3190 4985 omnipotens
3233 4916 3321 4985 qui
3348 4915 3417 4969 ad
3465 4915 3657 4969 amari-

2058 5006 2285 5060 tudinem
2313 5005 2532 5059 adduxit
2561 5007 2792 5059 animam
2822 5022 2983 5059 meam
3012 5021 3033 5060 :
3061 5006 3182 5075 quia
3225 5006 3390 5059 donec
3432 5015 3659 5075 superest

2060 5096 2256 5150 halitus
2278 5097 2333 5150 in
2360 5113 2440 5149 me
2467 5106 2515 5151 et
2536 5098 2747 5166 spiritus
2778 5096 2876 5151 Dei
2920 5099 2971 5151 in
3003 5098 3215 5152 naribus
3244 5098 3391 5163 meis,
3433 5114 3535 5151 non
3582 5096 3661 5152 lo-

2060 5196 2281 5255 quentur
2308 5186 2447 5239 labia
2468 5202 2581 5240 mea
2606 5187 2945 5253 iniquitatem,
2992 5204 3084 5240 nec
3124 5189 3306 5259 lingua
3351 5204 3464 5243 mea
3504 5188 3662 5243 medi-

2064 5276 2260 5329 tabitur
2280 5275 2605 5329 mendacium
2643 5277 2786 5345 (pr.
2813 5292 2978 5341 xxv",
3013 5277 3155 5347 2-4).
3186 5278 3347 5333 Aliud
3376 5294 3588 5348 quoque
3609 5278 3663 5333 in

2068 5366 2279 5420 narium
2320 5368 2573 5422 unctione
2625 5368 2866 5437 signatur
2899 5385 2914 5421 :
2944 5376 3004 5421 ut
3050 5356 3174 5439 quia
3224 5370 3352 5424 illud
3402 5371 3579 5425 oleum
3610 5370 3665 5426 in

2068 5457 2285 5510 nomine
2315 5456 2662 5512 benedictum
2681 5468 2762 5511 est
2790 5458 3106 5523 Salvatoris,
3138 5458 3203 5513 ad
3231 5460 3527 5527 spiritalem
3548 5459 3667 5529 ejus

2065 5549 2289 5603 odorem
2318 5548 2551 5618 quadam
2588 5549 2849 5605 inelfahili
2873 5544 3162 5605 interiores
3187 5566 3381 5607 sensus
3401 5554 3668 5606 suavitate

2066 5640 2356 5703 ducantur,
2388 5649 2447 5693 ut
2478 5639 2725 5695 delectati
2756 5648 2978 5695 cantent
3007 5657 3021 5695 :
3069 5639 3401 5709 Unguentum
3451 5640 3668 5707 effusum

2067 5742 2139 5784 est
2171 5746 2350 5784 nomen
2385 5742 2530 5784 tuum
2559 5748 2577 5795 ;
2636 5739 2749 5801 post
2806 5732 3014 5786 odorem
3055 5741 3434 5801 unguentorum
3463 5740 3668 5784 tuorum

2067 5837 2332 5877 curremtts
2367 5821 2539 5890 (Cant.
2568 5837 2607 5889 ι,
2635 5823 2692 5889 2,
2712 5822 2768 5889 ’5)
2797 5838 2809 5887 ;
2838 5837 2944 5893 quo
2969 5823 3226 5893 mysterio
3242 5835 3434 5878 sensus
3456 5821 3666 5877 narium
