4316 6412
910 393 1015 449 ιοδ

2247 381 2526 444 ιοΑΝιηιε
2562 387 2833 448 ῡΙΑϐοΝΙ

4062 395 4167 454 804

910 503 1278 574 premunitus,
1325 502 1452 558 nihil
1505 499 1874 570 voluptuosum
1926 497 2133 564 surculi,
2168 497 2300 555 nihil
2344 500 2488 571 quod
2516 504 2565 563 Α
2594 517 2800 575 mento,
2824 517 2880 564 ιιι
2903 508 3006 564 alia
3037 517 3260 570 taceam,
3295 509 3456 566 etiam
3510 509 3936 569 indumentorum
3985 512 4166 570 ιιιιιίιιι

911 606 1145 652 mentem
1173 593 1442 650 resolvere
1467 599 1646 662 queat,
1673 588 1846 660 possit
1880 589 2191 668 admittere.

985 687 1071 742 Vl.
1117 687 1317 742 Dehinc
1343 692 1525 754 pectus
1553 694 1738 736 eorum
1776 679 1900 736 oleo
1925 680 2345 736 consecrationis
2373 694 2495 751 per-

911 779 1154 849 ungitur,
1192 777 1243 830 in
1283 789 1388 844 quo
1433 779 1518 827 est
1559 771 1716 827 sedes
1759 779 1816 827 et
1855 770 2215 826 habitaculum
2265 771 2444 827 cordis
2476 787 2489 824 :

909 884 966 924 ut
994 868 1289 935 intelligant
1320 865 1468 920 ﬁrma
1512 879 1572 919 se
1599 864 1929 919 conscientia
1964 872 2019 917 et
2044 861 2182 932 puro
2211 863 2373 918 corde
2399 862 2494 917 de-

906 961 1035 1014 bere
1084 956 1426 1026 promittere,
1465 954 1608 1024 quod
1651 954 1759 1021 jam
1805 952 1992 1008 relicto
2029 952 2246 1007 diabolo
2293 951 2490 1007 Christi

907 1047 1158 1103 mandata
1184 1055 1475 1103 sectentur.
1517 1043 1584 1099 lli
1612 1043 1773 1099 etiam
1823 1041 1984 1097 nudis
2028 1042 2254 1113 pedibus
2298 1042 2492 1112 juben-

906 1146 995 1192 tur
1023 1136 1296 1203 incedere,
1351 1145 1412 1190 ut
1451 1133 1709 1202 depositis
1752 1130 2061 1188 morticinis
2104 1141 2158 1187 et
2187 1131 2490 1187 carnalibus

905 1227 1260 1298 indumentis,
1303 1234 1594 1297 agnoscant
1628 1237 1688 1279 se
1732 1222 1875 1278 illius
1931 1223 2030 1277 vim
2073 1223 2176 1278 iter
2215 1221 2488 1292 arripere,

905 1320 963 1375 in
993 1334 1097 1390 qua
1127 1317 1263 1373 nihil
1289 1329 1560 1386 asperum,
1589 1311 1722 1368 nihil
1746 1321 1922 1380 potest
1949 1312 2178 1368 inveniri
2217 1313 2486 1368 nocivum.

911 1410 1038 1466 llaec
1062 1408 1224 1480 igitur
1247 1404 1603 1464 ecclesiastica
1663 1401 1971 1458 sollicitudo
1999 1418 2096 1474 per
2121 1403 2489 1460 successiones

910 1515 1206 1574 temporum
1231 1507 1386 1556 cauta
1400 1497 1752 1568 dispositione
1772 1497 2054 1553 constituit
2078 1512 2094 1552 :
2116 1497 2364 1568 quamvis
2387 1498 2488 1552 ho-

908 1612 1026 1652 rum
1055 1592 1272 1663 vestigia
1294 1600 1448 1648 vetus
1471 1591 1658 1661 pagina
1685 1604 1793 1644 non
1821 1589 2090 1645 ostendat.
2112 1588 2346 1646 Proinde
2363 1604 2484 1645 cum

903 1687 1025 1744 istis
1051 1684 1203 1758 quasi
1221 1681 1486 1742 vehiculis
1508 1679 1843 1755 spiritalibus
1871 1678 2079 1734 electus
2103 1678 2217 1733 sive
2235 1677 2486 1734 catechu-

906 1791 1096 1835 menos
1125 1777 1180 1832 in
1211 1773 1315 1831 (ide
1340 1772 1685 1846 processerit,
1731 1780 1857 1826 tunc
1883 1778 1939 1826 ct
1963 1783 2186 1826 necesse
2213 1779 2296 1826 est
2338 1769 2482 1825 unici

2597 598 2916 656 diﬁ'erebant
2946 615 2962 654 :
2998 599 3068 654 ita
3126 606 3184 655 ut
3224 599 3529 658 sacerdotes
3576 608 3804 672 quatuor
3849 601 4165 672 quihusdam

2596 691 2836 762 mysticis
2863 689 3100 746 vestiltus
3143 699 3420 747 uterentur
3445 706 3563 762 qua:
3592 691 3699 747 illis
3739 705 3859 747 cum
3915 690 4167 762 pontiﬁce

2595 783 2909 839 videbantur
2960 795 3084 838 esse
3135 795 3496 849 communes;
3543 791 3598 839 at
3645 782 3888 851 pontifex
3938 794 4167 853 quatuor

2594 873 2717 929 aliis
2743 873 3008 934 utebatur,
3031 871 3225 943 quibus
3249 870 3398 926 indui
3432 873 3796 928 sacerdotibus
3827 873 4039 942 penitus
4057 886 4162 928 non

2593 963 2806 1019 licebat.
2830 961 3091 1031 Adjicitur
3107 961 3270 1017 etiam
3298 961 3438 1030 quod
3465 960 3518 1016 in
3541 971 3724 1018 sancta
3757 976 4058 1018 sanctorum
4079 975 4162 1018 sc-

2593 1055 2697 1110 mel
2719 1054 2772 1108 in
2801 1066 2943 1108 anno
2964 1052 3112 1108 solus
3142 1047 3379 1122 pontifex
3423 1050 3654 1107 habebat
3687 1065 3978 1108 accessum.
4015 1051 4161 1109 Unde

2587 1142 2696 1212 jam
2723 1142 2775 1198 in
2803 1154 2942 1197 novo
2969 1141 3169 1210 populo
3195 1141 3476 1210 episcopus
3497 1141 3778 1196 ordinandi
3821 1140 4160 1212 presbyteros

2591 1232 2784 1287 meruit
2833 1239 3171 1301 potestatem.
3243 1229 3408 1289 Recte
3463 1231 3621 1301 igitur
3667 1230 4049 1288 benedictionis
4106 1237 4162 1286 et

2589 1323 2854 1380 unctionis
2914 1321 3311 1394 quodammodo
3384 1332 3620 1392 potestas
3691 1323 3983 1394 apostolica
4036 1321 4162 1380 huic

2591 1415 2862 1472 traditioni
2913 1423 3180 1483 servatur,
3232 1429 3391 1486 quam
3431 1423 3641 1472 constat
3667 1415 4157 1473 ecclesiasticon

2586 1508 2836 1564 ordinum
2865 1515 3046 1563 tenere
3071 1506 3408 1576 principium.

2658 1598 2790 1654 Vlll.
2829 1597 2966 1653 Illud
3011 1612 3224 1668 quoque
3257 1610 3376 1662 non
3441 1597 3870 1665 praetereundum
3914 1597 4154 1662 videtur,

2587 1699 2610 1728 ι
2637 1689 2723 1759 qui
2759 1701 2857 1745 nec
2881 1687 3070 1743 eadem
3099 1685 3487 1744 benedictionis
3505 1685 3666 1743 verba
3693 1686 4012 1758 presbyterii
4033 1700 4162 1742 eon-

2582 1777 2812 1836 secratio
2840 1786 3194 1848 promeretur,
3235 1791 3358 1849 quae
3383 1776 3705 1847 pontiﬁcalis
3723 1791 3858 1847 apex
3877 1779 4158 1833 consuevit

904 1869 1104 1926 lavacri
1149 1865 1471 1938 baptismate
1508 1863 1836 1928 consecrari,
1885 1862 1938 1918 in
1989 1875 2099 1932 quo
2147 1869 2486 1918 sacramento
2515 1859 2564 1921 B
2587 1868 2796 1926 audire.
2825 1867 2960 1924 Nam
2983 1861 3033 1923 si
3066 1867 3198 1924 nihil
3234 1867 3468 1938 speciale
3501 1877 3827 1924 reservatum
3864 1876 4010 1925 esset
4044 1868 4162 1938 cpi.

904 1960 1208 2034 baptizatus
1227 1958 1364 2015 trina
1385 1955 1723 2014 demersione
1750 1953 2048 2024 perﬁcitur.
2071 1952 2138 2010 Et
2167 1962 2330 2010 recte.
2357 1953 2486 2009 Nam

905 2057 1001 2126 qui
1029 2055 1083 2111 in
1104 2054 1322 2110 nomine
1345 2049 1622 2108 Trinitatis
1669 2046 2023 2118 baptizandus
2045 2044 2272 2111 accedit,
2317 2046 2488 2116 ipsam

906 2149 1093 2219 utique
1119 2144 1434 2201 Trinitatem
1465 2141 1605 2198 trina
1648 2138 1810 2194 debet
1847 2139 2118 2193 mersione
2157 2136 2388 2207 signare,
2433 2143 2490 2190 et

906 2240 1052 2295 illius
1070 2253 1132 2294 se
1159 2248 1452 2306 agnoscere
1472 2230 1746 2289 heuetlciis
1765 2228 2062 2284 debitorem
2089 2227 2180 2297 qui
2204 2227 2359 2283 tertia
2390 2241 2488 2295 pro

904 2345 973 2388 eo
997 2329 1086 2385 die
1121 2325 1416 2383 resurrexit
1460 2338 1492 2379 a
1532 2321 1781 2378 mortuis.
1823 2318 2062 2389 Sumptis
2116 2317 2312 2374 dehinc
2348 2317 2486 2374 albis

902 2421 1165 2486 vestibus,
1194 2417 1488 2488 caputeius
1511 2415 1651 2470 sacri
1680 2411 1990 2468 chrismatis
2013 2411 2269 2467 unctione
2292 2425 2488 2481 perun-

902 2518 1049 2586 gitur
1081 2529 1097 2579 ;
1143 2522 1200 2566 ut
1246 2508 1505 2577 intelligat
1542 2507 1841 2575 baptizatus
1891 2518 2111 2576 regnum
2142 2503 2196 2559 in
2225 2517 2286 2560 se
2310 2517 2374 2560 ac
2401 2516 2489 2560 sa.

904 2602 1177 2661 cerdotale
1230 2600 1548 2657 convenisse
1588 2597 1935 2669 mysterium.-
1971 2595 2290 2651 Chrismatis
2345 2596 2485 2651 enim

904 2697 1029 2752 oleo
1057 2691 1364 2749 sacerdotes
1385 2698 1441 2745 et
1479 2689 1745 2756 principes
1765 2687 2131 2757 ungebantur,
2162 2695 2223 2741 ut
2249 2686 2322 2742 illi
2351 2684 2482 2742 olfe-

903 2786 1073 2845 rendo
1097 2780 1384 2846 sacriﬁcia,
1413 2779 1486 2835 illi
1548 2776 1756 2849 populis
1797 2778 2145 2848 imperarent.
2190 2775 2271 2832 Ad
2299 2775 2483 2848 imagi-

902 2891 1027 2935 nem
1064 2876 1260 2946 quippe
1287 2868 1572 2927 sacerdotii
1597 2867 1808 2941 plenius
1841 2867 2270 2938 exprimendam,
2299 2880 2484 2923 renas-

901 2968 1075 3025 centis
1101 2973 1262 3033 caput
1285 2961 1433 3019 lintci
1455 2960 1650 3017 decore
1667 2958 2027 3031 componitur.
2073 2957 2206 3012 Nam
2235 2956 2484 3013 sacerdo-

901 3069 986 3117 tes
1023 3057 1166 3114 illius
1189 3053 1447 3124 temporis
1471 3050 1704 3123 quodam
1749 3051 1980 3123 mystico
2019 3047 2289 3104 velamine
2326 3055 2486 3115 caput

901 3162 1117 3219 semper
1140 3146 1405 3202 ornabant
1434 3158 1450 3208 ;
1481 3140 1660 3198 cuncti
1687 3155 1816 3196 vero
1845 3137 2143 3210 regenerati
2165 3135 2303 3192 albis
2323 3135 2484 3192 vesti-

2587 1973 2772 2029 scapo,
2799 1956 2997 2029 gradus
3026 1955 3340 2014 indilereus
3387 1971 3509 2014 esse
3533 1957 3845 2016 videbatur:
3903 1974 4004 2014 nec
4026 1973 4164 2028 opus

2587 2051 2732 2105 esset
2757 2048 2972 2105 diverso
2997 2046 3279 2115 vocabulo,
3307 2046 3449 2119 quod
3477 2047 3662 2104 eadem
3708 2047 4007 2104 benedictio
4032 2063 4162 2104 eon-

2585 2151 2840 2197 secraret.
2889 2140 2994 2197 Sed
3039 2154 3139 2197 nec
3167 2140 3294 2196 illud
3342 2146 3524 2212 tangat
3575 2140 3834 2206 animum,
3892 2140 4031 2211 quod
4061 2141 4161 2196 sibi

2585 2230 2873 2303 aliquando
2923 2229 3172 2301 quadarn
3221 2227 3304 2286 vis
3347 2228 3684 2286 necessitatis
3709 2229 3950 2296 assumit,
3997 2231 4160 2286 velut:

2584 2323 2753 2396 (quod
2801 2337 2946 2378 nunc
2994 2335 3090 2392 per
3138 2319 3376 2378 Africam
3424 2320 3538 2378 ﬁeri
3583 2318 3799 2391 dicitur)
3847 2327 3907 2375 ut
3942 2320 4161 2392 presby-

2585 2415 2685 2470 teri
2714 2421 2955 2469 sanctum
2985 2411 3219 2468 chrisma
3261 2400 3760 2481 conﬁciantiquod
3803 2410 3994 2467 merito
4043 2426 4162 2466 mo.

2585 2511 2759 2571 veret,
2781 2503 2828 2558 si
2858 2503 3014 2559 istam
3059 2499 3382 2572 pontiﬁcalis
3425 2501 3716 2558 auctoritas
3759 2501 4025 2557 licentiam
4054 2516 4162 2560 non

2585 2595 2841 2651 dedisset.
2886 2594 3040 2652 Unde
3085 2601 3292 2651 cunetat
3336 2595 3496 2649 etiam
3566 2607 3707 2649 nunc
3751 2609 3779 2647 a
3827 2594 4162 2665 pontiﬁcibus

2585 2682 2986 2754 quodammodo
3016 2682 3130 2738 ﬁeri
3151 2726 3166 2751 ,
3192 2683 3333 2751 quod
3359 2681 3411 2737 in
3438 2690 3580 2737 tanta
3611 2697 3788 2738 rerum
3819 2683 4158 2748 necessitate,

2584 2782 2641 2827 ut
2670 2786 2700 2826 a
2731 2770 3062 2843 presbyteris
3085 2769 3229 2827 eflici
3268 2771 3458 2841 possit,
3507 2771 3753 2841 superior
3797 2772 3930 2828 ordo
3965 2774 4161 2829 consti-

2582 2865 2706 2920 luit.

2654 2954 2746 3010 Ix.
2787 2953 2921 3011 Illud
2948 2953 3108 3012 etiam
3130 2954 3292 3012 vultis
3313 2954 3479 3022 seire,
3521 2967 3657 3022 quos
3687 2953 3924 3012 Ecclesia
3971 2955 4159 3013 catho-

2585 3047 2682 3103 lica
2714 3049 3002 3102 redeuntes
3042 3060 3149 3102 non
3205 3046 3436 3116 haptizet
3475 3046 3754 3102 hmreticos
3793 3046 3818 3101 τ
3863 3044 4013 3114 Quod
4059 3060 4160 3116 ego

2585 3150 2682 3205 pro
2710 3151 2831 3191 meo
2859 3135 3078 3192 modulo
3106 3135 3252 3192 brevi
3282 3135 3630 3205 responsione
3646 3135 3961 3191 concludam
3985 3154 4000 3189 :
4029 3137 4156 3194 illos

898 3240 1002 3295 bus
1024 3209 1318 3292 induuntur
1358 3232 1427 3287 ad
1454 3230 1806 3286 ministerium
1836 3225 2160 3299 resurgentis
2202 3223 2475 3295 Ecclesiae,
2505 3209 2551 3270 C
2583 3229 2859 3288 venientes
2885 3229 3139 3300 baptizari
3187 3243 3321 3300 quos
3369 3242 3474 3286 non
3515 3228 3818 3284 constiterit
3857 3229 3911 3284 iu
3943 3231 4159 3286 nomine

901 3331 1041 3386 sicut
1079 3327 1195 3398 ipse
1242 3322 1497 3380 Dominus
1549 3329 1604 3377 et
1651 3320 1895 3378 Salvator
1937 3333 2118 3376 coram
2159 3317 2474 3390 quibusdam

902 3419 1180 3491 discipulis
1220 3431 1284 3474 ac
1322 3415 1602 3488 prophetis
1653 3413 1725 3468 ita
1769 3413 1824 3467 in
1862 3420 2046 3468 monte
2073 3411 2478 3480 transﬁguratus

904 3526 1010 3581 est,
1031 3523 1088 3567 ut
1108 3511 1377 3567 diceretur
1398 3525 1413 3561 :
1440 3505 1767 3573 Rerplendsit
1789 3505 1942 3575 [acies
1969 3505 2080 3574 ejus
2101 3501 2236 3556 velut
2253 3501 2331 3556 sol
2357 3518 2377 3566 ;
2399 3517 2480 3556 ee-

905 3612 1140 3663 stimen'a
1159 3618 1274 3658 vero
1300 3603 1415 3673 ejus
1440 3599 1579 3670 facta
1603 3607 1720 3652 sunt
1738 3595 1961 3651 candida
1981 3596 2112 3649 sicut
2154 3595 2246 3648 nia:
2264 3591 2478 3663 (Hostis.

905 3713 1012 3754 xvn
1031 3736 1047 3764 ,
1075 3694 1157 3762 Ξ).
1189 3692 1306 3761 Quo
1346 3690 1486 3746 facto
1506 3686 1845 3758 splendorem
1874 3693 1932 3739 ut
1953 3683 2153 3738 dictum
2174 3689 2275 3748 est,
2300 3695 2482 3737 resur-

905 3787 1082 3858 gentis
1119 3785 1171 3839 in
1215 3783 1448 3837 futurum
1500 3775 1748 3847 ﬁguravit
1788 3774 2063 3838 Ecclesia,
2100 3771 2172 3829 de
2197 3787 2302 3843 qua
2351 3772 2478 3833 item

907 3881 1165 3948 scripturn
1215 3885 1298 3931 est
1331 3891 1344 3926 :
1381 3872 1512 3939 Quae
1557 3880 1630 3924 est
1681 3871 1778 3924 ista
1818 3883 1932 3937 qua
1974 3867 2202 3922 ascendit
2246 3865 2482 3920 deelbata

909 3973 1089 4041 (Cant.
1122 3986 1213 4032 ttt,
1252 3970 1317 4032 6;
1361 3981 1482 4028 vut,
1526 3964 1626 4034 5)?
1675 3964 1905 4019 Utuntur
1948 3961 2108 4030 igitur
2148 3959 2285 4015 albis
2324 3959 2485 4015 vesti-

910 4066 1036 4128 bus,
1065 4073 1123 4116 ut
1142 4071 1368 4131 quorum
1399 4054 1584 4126 prima:
1630 4052 1921 4108 nativitatis
1967 4049 2238 4106 infantiam
2293 4049 2486 4106 vetusti

911 4153 1122 4212 erroris
1143 4163 1349 4222 pannus
1374 4148 1694 4209 fuscaverat,
1727 4143 1942 4198 habitus
1969 4143 2221 4198 secundae
2265 4155 2488 4211 genera-

911 4247 1074 4304 tionis
1103 4243 1289 4315 glorite
1312 4239 1549 4312 proferat
1593 4236 1960 4292 indumentum
1993 4275 2009 4300 ,
2042 4243 2100 4289 ut
2136 4231 2203 4287 ad
2245 4245 2483 4288 mensam

909 4339 1095 4408 sponsi
1122 4335 1357 4393 caelestis
1384 4329 1607 4401 nuptiali
1631 4337 1780 4384 veste
1816 4324 2177 4384 circumdatus
2202 4323 2362 4379 homo
2384 4339 2484 4379 no.

912 4446 1013 4486 vus
1039 4434 1306 4485 occurrat.

984 4518 1098 4572 V'll.
1141 4514 1272 4571 Illud
1296 4523 1470 4570 autem
1495 4527 1561 4567 nc
1589 4507 2000 4580 prmtermissitin
2049 4503 2310 4569 videatur,
2360 4513 2485 4560 ante

908 4608 1271 4681 praedicimus,
1301 4604 1443 4676 quod
1485 4603 1584 4657 ista
1625 4600 1800 4654 omnia
1847 4600 2006 4653 etiam
2055 4597 2286 4664 parvulis
2334 4594 2480 4659 ﬁant,

911 4701 1002 4771 qui
1033 4699 1207 4754 adhuc
1232 4710 1331 4768 pro
1356 4695 1522 4764 ipsius
1548 4692 1722 4746 atatis
1768 4687 2058 4758 primordio
2105 4684 2236 4740 nihil
2284 4683 2485 4739 intelli-

911 4803 1064 4862 gunt.
1094 4788 1244 4846 Unde
1269 4787 1410 4842 scire
1437 4785 1666 4846 debetis,
1695 4781 1817 4850 quia
1848 4779 1972 4833 dum
2005 4791 2034 4830 a
2059 4774 2368 4846 parentibus
2397 4783 2488 4830 aut

913 4896 945 4936 a
967 4879 1292 4950 quibuslibet
1309 4876 1427 4931 aliis
1450 4874 1767 4937 oﬁ'eruntur,
1819 4867 1991 4924 aliena
2033 4880 2128 4921 eos
2155 4864 2489 4934 professione

912 4970 1108 5026 salvari
1131 4981 1350 5024 necesse
1377 4975 1481 5031 est,
1529 4964 1616 5033 qui
1665 4959 1874 5016 fuerant
1913 4958 2090 5014 alieno
2127 4969 2313 5012 errore
2339 4955 2490 5010 dam-

914 5064 1046 5121 nati.
1081 5064 1158 5116 Ac
1207 5059 1428 5127 proinde
1468 5055 1711 5127 adjungis
1759 5063 1817 5108 ut
1861 5052 2058 5121 dicam,
2111 5065 2210 5106 cur
2246 5056 2486 5104 sanctum

911 5153 1147 5210 chrisma
1174 5149 1276 5204 soli
1311 5146 1542 5218 pontifici
1594 5147 1749 5202 liceat
1775 5156 2114 5209 consecrare,
2164 5139 2303 5209 quod
2335 5153 2488 5210 pres-

912 5246 1101 5314 bytero
1125 5257 1232 5297 non
1253 5241 1460 5295 videtur
1488 5253 1610 5294 esse
1630 5251 1964 5294 concessum.
1993 5235 2060 5291 Et
2091 5235 2285 5290 merito
2309 5250 2325 5288 :
2365 5233 2489 5303 quia

913 5337 1196 5405 episcopus
1223 5333 1419 5388 summi
1445 5331 1715 5402 pontiﬁcis
1753 5329 1977 5400 gradum
2018 5328 2242 5396 obtinet,
2267 5326 2492 5397 presby-

915 5438 998 5483 ter
1023 5442 1150 5483 vero
1177 5425 1398 5480 secundi
1425 5422 1705 5488 sacerdotii
1738 5423 1914 5478 locum
1946 5422 2180 5476 retinere
2203 5419 2490 5491 cognosci-

914 5528 1022 5572 tur.
1051 5517 1236 5572 Omnis
1255 5515 1398 5570 enim
1437 5512 1676 5585 pontifex
1702 5520 1789 5568 est
1825 5511 2103 5578 sacerdos,
2153 5526 2261 5566 non
2317 5510 2493 5565 omnis

915 5607 1163 5664 sacerdos
1184 5605 1416 5676 pontifex
1447 5593 1552 5660 dici
1581 5611 1773 5674 potest.
1807 5601 1936 5659 Nam
1988 5603 2042 5658 in
2073 5602 2255 5660 Veteri
2301 5601 2487 5659 Testa.

992 5798 1014 5822 ⁸
1058 5787 1357 5854 Legettdutn
1388 5787 1594 5844 videtur
1644 5786 1783 5857 quia.

2579 3320 2860 3377 Trinitatis
2885 3336 3040 3393 aque
3063 3324 3365 3392 suscepi-se
3393 3318 3729 3392 mysterium.
3760 3318 3891 3378 Nam
3921 3324 4038 3379 sive
4067 3320 4159 3380 Pa.

2579 3419 2717 3466 trem
2742 3412 2917 3467 solum
2939 3412 3062 3483 quis
3109 3411 3446 3477 conﬁteatur,
3478 3427 3678 3482 negans
3704 3413 3892 3468 l-‘illom
3943 3423 3998 3469 et
4037 3415 4159 3484 Spi-

2580 3503 2740 3559 ritum
2761 3515 3034 3572 sanctum,
3058 3503 3412 3574 baptizandus
3435 3505 3655 3559 omnino
3674 3513 3759 3559 est
3782 3521 3797 3570 ;
3827 3506 3938 3560 sive
3964 3505 4154 3560 Filium

2581 3596 2870 3662 confitens,
2903 3607 3062 3665 neget
3091 3593 3302 3652 Patrem
3350 3594 3436 3650 vel
3466 3593 3724 3664 Spiritum
3751 3606 4012 3662 sanctum,
4037 3599 4156 3654 sine

2580 3686 2744 3742 dubio
2769 3687 3024 3757 consequi
3053 3685 3212 3742 debet
3232 3687 3564 3758 baptismatis
3611 3697 3998 3745 sacramentum
4023 3705 4040 3755 ;
4068 3690 4154 3746 vel

2581 3777 2627 3833 si
2672 3777 2927 3847 Spiritum
2956 3785 3198 3835 sanctum
3242 3779 3534 3849 denegans,
3577 3779 3788 3836 Patrem
3831 3779 4058 3836 fateatur
4091 3796 4158 3840 ac

2581 3869 2800 3938 Filium,
2832 3885 3007 3942 teque,
3035 3881 3093 3926 ut
3115 3872 3477 3938 meminimus,
3499 3873 3724 3946 mystico
3740 3874 3886 3930 fonte
3915 3875 4156 3945 purgabi-

2585 3968 2692 4024 tur,
2718 3961 2866 4028 iuxta
2897 3959 3042 4016 illam
3074 3960 3282 4017 Domini
3329 3963 3564 4032 regulam
3594 3963 3860 4036 dicentig:
3892 3963 3991 4030 Ite,
4030 3965 4156 4036 bap-

2586 4051 2738 4106 tizata
2756 4066 2930 4105 omnes
2953 4059 3129 4122 gentes
3149 4051 3202 4106 in
3224 4054 3427 4108 nomine
3444 4050 3641 4118 Patris,
3663 4062 3712 4108 et
3748 4050 3899 4119 "lii,
3943 4065 3994 4109 et
4035 4055 4155 4124 Spf-

2582 4141 2717 4195 ritss
2738 4141 2900 4194 sancti
2924 4138 3137 4212 (latin.
3163 4156 3352 4208 xxvttt,
3377 4141 3491 4211 l9).
3538 4141 3734 4198 Verum
3787 4144 3834 4199 si
3885 4144 4157 4201 Trinitatis

2585 4246 2778 4288 nomen
2800 4235 3026 4303 accepit,
3052 4230 3424 4304 inaequalitatis
3481 4233 3720 4304 quolibet
3770 4235 3930 4291 modo
3959 4236 4156 4293 faciens

2584 4326 2962 4392 differentiam,
2991 4325 3152 4381 veluti
3168 4325 3259 4394 qui
3276 4325 3365 4380 illo
3389 4327 3442 4382 in
3466 4337 3702 4395 tempore
3731 4327 3913 4383 Arium
3937 4339 4060 4384 sunt
4078 4343 4156 4385 se-

2585 4418 2716 4483 cuti,
2735 4414 2991 4486 baptizari
3012 4417 3230 4473 omnino
3252 4430 3359 4472 non
3380 4427 3636 4486 possunt:
3665 4417 3786 4486 quia
3817 4418 3959 4474 illam
3989 4417 4155 4474 domi-

2588 4507 2760 4562 nicam
2775 4507 3045 4563 consecuti
3067 4514 3191 4561 sunt
3209 4508 3466 4578 regulam,
3497 4507 3622 4563 licet
3650 4507 3927 4564 videantur
3953 4523 4155 4564 errare.

2593 4596 2741 4654 Unde
2755 4595 3294 4662 ltujusmodidocendi
3307 4604 3432 4652 sunt
3451 4598 3626 4666 potius
3651 4612 3806 4668 quam
3828 4598 4151 4667 baptizandi,

2588 4697 2642 4742 et
2661 4684 3036 4754 incorporandi
3049 4685 3235 4740 matris
3248 4684 3502 4741 Ecclesia:
3519 4685 3812 4743 visceribus
3831 4686 4156 4743 benedictio-

2591 4793 2661 4834 ne
2687 4778 3007 4834 succedente
3039 4775 3303 4846 pontiﬁcis
3335 4793 3351 4831 :
3384 4786 3440 4831 ut
3467 4792 3566 4848 per
3587 4778 3863 4833 caritatem
3887 4793 3988 4848 qua
4020 4777 4155 4834 Deus

2589 4870 2968 4940 proximusque
3002 4880 3130 4924 vere
3172 4866 3442 4938 diligitur,
3472 4867 3596 4937 quid
3627 4868 3800 4923 minus
3840 4867 4116 4924 habuerint
4136 4909 4154 4934 ,

2592 4960 2784 5032 quidve
2807 4961 2860 5015 in
2888 4961 2967 5015 eis
2987 4958 3308 5029 completum
3330 4958 3509 5023 fuerit,
3535 4961 4038 5030 recognoscam-De
4061 4960 4157 5018 Pe-

2588 5051 2814 5121 lagianis
2836 5058 3013 5104 autem
3034 5088 3050 5116 ,
3079 5048 3426 5120 Eutychianis
3466 5049 3580 5106 sive
3608 5050 3941 5107 Nestorianis-
3977 5061 4156 5119 aperta

2592 5150 2650 5198 et
2679 5141 2888 5212 vulgata
2933 5148 3058 5195 sunt
3099 5141 3301 5206 omnia,
3345 5154 3465 5210 quae
3505 5140 3559 5194 in
3589 5140 3726 5195 libro
3768 5141 3834 5197 de
3861 5140 4156 5198 llcresihus

2595 5247 2713 5288 cum
2750 5231 3007 5303 legeritis,
3040 5231 3251 5303 plenius
3279 5231 3520 5301 poteritis
3543 5231 3842 5288 advertere.

2665 5323 2733 5378 Χ.
2767 5321 3014 5395 Acolythi
3037 5337 3214 5377 autem
3239 5321 3520 5378 exorcistis
3559 5323 3657 5378 hoc
3682 5321 3868 5378 ordine
3891 5320 4153 5389 ὤσει-πω,

2595 5413 2737 5482 quod
2759 5413 3046 5468 exorcistis
3075 5411 3319 5482 portandi
3345 5422 3697 5477 sacramenta,
3726 5425 3894 5479 caque
3917 5410 4155 5466 sacerdo-

2599 5503 2738 5559 tibus
2783 5502 3120 5558 ministrandi
3174 5511 3362 5572 negata
3418 5511 3654 5572 potestas
3692 5510 3810 5566 est;
3854 5509 4156 5572 tantumque

2601 5610 2788 5654 manus
2817 5594 3145 5667 impositioui
3183 5603 3377 5651 vacent
3400 5634 3415 5662 ,
3448 5605 3665 5666 propter
3708 5593 3847 5666 quod
3887 5594 4157 5651 cxorrista
