4316 6412
458 423 563 480 105

1620 414 1951 472 EPISTULA
2010 414 2101 467 AD
2149 413 2523 470 SENARIURI.

3653 416 3756 468 4th

451 538 727 598 dicuntur;
757 532 840 587 vel
866 540 1059 588 caitera
1088 545 1208 601 quae
1233 530 1368 583 intra
1392 528 1763 599 acolythornni
1794 526 2036 581 ordinem
2070 530 2115 586 Α
2144 526 2434 582 decantare
2466 545 2477 579 :
2524 527 2693 592 Quam
2740 525 2914 581 dulcia
2944 529 3181 597 {auribus
3224 528 3349 582 meis
3394 528 3600 591 eloquia
3643 538 3759 594 tua,

451 640 575 681 esse
603 626 918 694 probantur,
958 624 1177 691 explere
1209 621 1483 677 festinem.
1518 619 1767 697 Acolythi
1801 634 1930 673 vero
1961 632 2045 672 sa-

448 726 847 773 cramentorum
870 712 1131 783 portanda
1159 726 1281 766 vasa
1313 710 1632 780 suscipiunt,
1658 720 1715 765 et
1732 708 2044 764 ministran-

448 808 505 861 di
534 805 903 862 sacerdotibus
940 802 1181 857 ordinem
1229 811 1445 873 gerunt.
1497 800 1729 869 Ideoque
1772 798 2040 853 exorcista

452 898 572 954 ﬁeri
604 904 778 967 potest
800 895 1114 966 acolythus;
1157 895 1259 949 iste
1289 908 1418 947 vero
1446 891 1512 946 ad
1542 890 1936 947 exorcistarum
1963 889 2034 940 nl-

450 988 635 1043 ticium
680 988 821 1043 nulla
873 988 1083 1055 penitus
1130 984 1464 1055 proniotione
1501 981 1821 1045 descendit;
1865 981 1954 1049 qui
1995 979 2040 1035 si

448 1079 657 1150 optime
682 1092 837 1133 suum
868 1075 1103 1132 ofﬁcium
1148 1074 1607 1137 ministraveriut,
1643 1072 1710 1127 ad
1751 1070 2041 1126 subdi-ico-

450 1175 612 1225 natus
651 1170 871 1240 gradum
919 1174 1167 1237 poterunt
1217 1166 1531 1236 pervenire:
1563 1164 1722 1233 cujus
1768 1164 1855 1217 hic
1897 1161 2039 1222 apud

451 1275 551 1316 nos
578 1260 711 1316 ordo
749 1268 853 1323 est,
893 1267 949 1312 ut
988 1266 1211 1326 accepto
1238 1256 1607 1311 sacratissimo
1648 1254 1819 1310 calice
1849 1254 1902 1309 in
1934 1268 2041 1322 quo

447 1351 730 1406 consuevit
755 1348 992 1419 pontifex
1025 1347 1278 1403 dominici
1311 1345 1590 1416 sanguinis
1616 1344 1895 1400 immolare
1923 1359 2041 1415 my-

445 1441 689 1506 sterium,
714 1439 1073 1495 subdiaconus
1087 1439 1198 1510 jam
1222 1439 1455 1494 dicatur.
1481 1438 1582 1503 Qui
1604 1436 1648 1492 si
1676 1451 1865 1493 rursus
1888 1439 2039 1491 nullo

449 1532 689 1588 Iuscatus
726 1532 859 1585 vitio
903 1529 1241 1600 incnlpabilis
1296 1541 1635 1599 perseverat,
1684 1530 1749 1583 ad
1804 1528 2037 1586 diaconil

446 1624 532 1678 νιιΙ
558 1623 874 1694 presbyterii
922 1621 1313 1678 sacratissinias
1338 1621 1641 1691 dignitates
1678 1621 1878 1692 poterit
1915 1636 2037 1691 per—

449 1730 551 1770 ven
572 1730 653 1769 τυ.

520 1805 611 1861 XI.
648 1805 800 1872 Quod
839 1803 909 1860 de
935 1812 1141 1873 septem
1184 1802 1446 1859 altaribus
1500 1802 1796 1873 inquisisti,
1828 1818 1947 1873 qua!
1979 1804 2032 1858 in

2153 618 2399 685 Domine.
2428 635 2589 691 super
2622 621 2724 674 mel
2751 630 2797 673 et
2821 621 2993 689 fatain
3016 618 3194 690 (Psal.
3214 635 3376 676 oxvttt
3397 620 3568 686 ,I03;
3597 634 3751 683 xvm,

2155 712 2268 782 II).
2298 711 2403 766 Lac
2424 727 2558 781 ergo
2586 721 2639 765 et
2680 711 2784 765 mt-I
2816 719 2843 748 ⁸
2878 721 3161 780 portantur
3187 710 3309 765 novi
3355 710 3604 765 homines
3635 718 3757 777 post

2148 818 2335 858 amara
2357 802 2586 858 delicta:
2618 812 2677 858 ut
2703 803 2793 873 qui
2841 803 2892 857 in
2939 802 3109 873 prima
3140 801 3423 856 nativitate
3449 800 3751 869 corruptio-

2146 894 2233 949 nis
2263 894 2402 950 lacte
2447 894 2634 949 nutriti
2662 904 2809 959 sunt,
2845 905 2897 950 et
2942 893 3316 948 amaritudinis
3368 892 3634 961 lacrymas
3668 893 3751 945 in:

2144 986 2431 1051 choarunt,
2462 984 2700 1040 secunda
2730 984 3081 1053 generatione
3110 983 3263 1038 lactis
3292 997 3356 1035 ac
3399 981 3574 1037 mellis
3620 980 3745 1035 dul-

2144 1075 2390 1132 cedinem
2438 1075 2491 1131 in
2539 1075 2796 1132 Ecclesire
2848 1075 3147 1131 visceribus
3190 1082 3428 1135 sumant,
3461 1082 3520 1126 ut
3559 1070 3743 1127 nutriti

2144 1167 2339 1222 talibus
2384 1168 2740 1223 sacramentis
2767 1165 3190 1237 incorrup'ionis
3233 1174 3508 1235 perpetuae
3535 1172 3741 1232 myste-

2142 1258 2237 1312 riis
2265 1266 2668 1313 consecrenttr'.

2213 1349 2355 1407 XIII.
2401 1350 2533 1405 Illud
2578 1350 2740 1405 etiam
2771 1350 2914 1419 quod
2967 1349 3305 1420 interrogare
3341 1348 3593 1419 dignatus
3637 1360 3697 1402 es
3724 1387 3742 1411 ,

2139 1460 2237 1499 cur
2265 1443 2490 1498 Alleluia
2515 1458 2687 1513 usque
2708 1443 2776 1497 ad
2808 1444 3167 1498 Pentecosten
3198 1442 3250 1497 in
3278 1441 3518 1497 Ecclesia
3541 1440 3743 1496 decan-

2140 1546 2302 1603 tatur,
2336 1537 2477 1591 scire
2506 1549 2603 1591 vos
2632 1536 2887 1592 convenit
2915 1536 3019 1591 alia
3050 1549 3173 1591 esse
3200 1535 3254 1589 in
3301 1534 3406 1590 fide
3434 1532 3696 1589 catholica
3718 1577 3734 1601 ,

2136 1626 2334 1695 quibus
2360 1640 2457 1696 per
2484 1635 2652 1681 totum
2682 1626 2939 1681 mundum
2965 1626 3142 1681 omnis
3168 1623 3508 1681 Christianus
3537 1626 3738 1678 astrin-

2136 1723 2299 1791 gitur,
2356 1721 2521 1778 veluti
2576 1730 2660 1777 est
2705 1722 2997 1777 auctoritas
3034 1720 3170 1775 Novi
3216 1733 3282 1775 ac
3308 1718 3518 1774 Veteris
3547 1718 3735 1774 Testa-

2137 1816 2340 1879 menti;
2380 1815 2485 1870 alia
2513 1829 2700 1869 rursus
2729 1828 2852 1869 esse
2895 1812 3139 1876 instituta
3184 1811 3426 1876 Patrum,
3477 1825 3505 1864 a
3538 1810 3735 1881 quibus

450 1899 583 1952 urbe
606 1896 773 1951 Roma
796 1894 1019 1951 sabbato
1037 1894 1259 1950 Puella!
1282 1894 1451 1949 mori!
1475 1902 1558 1949 εει
1576 1895 1902 1959 consecrari.
1934 1894 2035 1949 hoc
2071 1880 2113 1940 Β
2141 1905 2267 1960 nulli
2290 1904 2417 1961 licet
2440 1905 2712 1960 catholico
2733 1904 2973 1967 deviare,
3004 1903 3171 1959 veluti
3219 1902 3423 1957 Νῆιςωηί
3471 1880 3727 1963 canimus.

442 1988 595 2051 dico,
627 1987 750 2058 quia
781 1987 1020 2056 majores
1049 1983 1242 2056 nostri,
1275 1984 1390 2040 sive
1416 1985 1470 2039 in
1497 1984 1825 2054 septiformis
1852 1986 2039 2055 gratim

440 2078 643 2146 Spiritu
664 2076 1002 2135 decreverint
1021 2074 1339 2141 faciendum,
1363 2075 1477 2131 sive
1499 2075 1619 2145 quia
1637 2084 1841 2143 septem
1862 2075 2036 2144 regio-

443 2166 602 2222 nibus
626 2166 989 2223 ecclesiastica
1027 2163 1165 2235 apud
1194 2178 1294 2219 nos
1330 2164 1517 2220 militia
1546 2163 1855 2220 continetur
1878 2180 1908 2218 a
1931 2180 2036 2236 qua

441 2256 563 2313 lucc
589 2256 701 2326 ipsa
727 2266 984 2325 parantur
1006 2254 1216 2319 altaria,
1243 2265 1298 2310 ut
1328 2255 1554 2325 singulis
1575 2254 1883 2311 benedictio
1905 2272 2037 2324 pra:-

439 2356 718 2405 staretur:
747 2362 818 2402 an
842 2346 962 2418 quia
1015 2346 1353 2417 septenarius
1402 2346 1523 2416 ipse
1552 2363 1810 2403 numerus
1850 2349 2035 2421 mysti-

437 2454 535 2497 cus
560 2449 616 2495 et
640 2448 882 2496 sacratus
904 2449 1006 2499 est.
1036 2439 1158 2510 quia
1190 2439 1243 2495 in
1288 2439 1573 2496 Trinitatis
1620 2443 1839 2499 nomine
1887 2444 2036 2501 orbis

437 2530 609 2587 credit
634 2528 936 2593 universus,
964 2530 1053 2600 qui
1097 2541 1329 2599 quatuor
1359 2531 1601 2598 partibus
1636 2532 1707 2587 ab
1752 2532 2032 2599 Scriptura

436 2634 584 2691 saepe
611 2620 967 2683 describitur;
1010 2634 1074 2676 ac
1102 2635 1199 2689 per
1226 2620 1329 2677 hoc
1375 2621 1648 2678 ternarias
1686 2626 2033 2693 quaternario

437 2712 652 2781 junctus
678 2712 1042 2778 scptenarium
1072 2710 1290 2778 el‘llciat,
1321 2712 1415 2782 qui
1443 2715 1594 2784 quasi
1641 2714 1783 2771 inter
1810 2716 1900 2772 illa
1943 2732 2034 2772 si.

437 2815 530 2857 cra
573 2799 831 2855 terribilia
880 2802 1046 2857 totius
1091 2803 1274 2858 mundi
1326 2814 1678 2873 repraesentat
1708 2808 2030 2878 imaginem;

437 2907 507 2945 an
533 2891 637 2945 alia
660 2892 884 2959 quadam
931 2892 1138 2948 ratione
1182 2896 1533 2949 constitutum
1575 2898 1667 2961 sit,
1716 2909 1867 2955 certe
1902 2900 2031 2954 mibi

438 2982 668 3038 habetur
696 2982 1043 3053 incognitum.
1082 2984 1211 3041 lllttd
1240 2996 1420 3041 tamen
1451 2988 1602 3042 lirma
1647 3000 1828 3046 mente
1851 3002 2034 3048 custo-

430 3073 551 3137 dio,
580 3075 719 3143 quod
761 3089 866 3128 non
895 3090 925 3129 a
972 3075 1267 3144 majoribus
1297 3078 1488 3133 tradita
1519 3080 1820 3138 custodiret
1851 3083 2032 3140 Eccle-

434 3166 541 3229 sia,
572 3165 672 3219 nisi
702 3174 847 3220 certa
873 3164 956 3219 sui
985 3166 1119 3220 ratio
1142 3169 1494 3237 popo~cisset.
1521 3170 1629 3227 Nec
1658 3186 1719 3228 ea
1745 3188 2030 3242 possumus

433 3256 617 3312 dicere
647 3258 823 3311 inania
853 3255 1024 3311 videri
1070 3272 1135 3312 sc
1161 3258 1372 3327 frivola,
1419 3263 1543 3330 quia
1573 3241 1758 3319 eorum
1806 3266 2029 3324 minime
2055 3241 2101 3304 C

437 3347 703 3402 rationem
732 3348 1059 3417 accepimus.
1092 3348 1224 3403 Nam
1272 3351 1434 3405 multa
1478 3354 1569 3423 qui
1633 3358 1875 3423 proxime
1903 3369 2029 3414 ante

435 3451 538 3490 nos
562 3435 795 3499 luerunt,
820 3446 872 3490 et
904 3450 1022 3496 nos.
1054 3446 1109 3491 ut
1156 3440 1313 3494 nobis
1356 3440 1494 3494 ratio
1526 3445 1827 3511 persuadet,
1861 3448 1914 3500 in
1940 3461 2032 3503 ec-

432 3527 617 3582 clesiis
644 3525 889 3596 quaedam
934 3542 1068 3580 nova
1118 3530 1420 3584 sancimus:
1452 3547 1569 3601 qua:
1600 3533 1727 3588 dum
1756 3536 1823 3589 ad
1854 3546 2030 3605 postc-

440 3628 537 3671 ros
559 3614 967 3670 transmittimus
992 3616 1350 3683 observanda,
1379 3622 1588 3677 etiamsi
1622 3640 1722 3693 qua
1747 3625 1796 3679 id
1820 3629 2031 3684 ratione

434 3719 465 3758 a
502 3704 654 3760 nobis
681 3704 883 3760 factum
914 3707 1001 3763 sit.
1030 3707 1185 3776 longe
1215 3710 1483 3779 posterior
1503 3722 1634 3768 atlas
1658 3715 1887 3784 ignoret,
1923 3734 2027 3773 non

435 3796 647 3865 putabit
673 3806 851 3851 tamen
880 3797 1077 3863 inania,
1103 3798 1146 3853 si
1170 3799 1227 3853 in
1248 3800 1416 3854 Deum
1449 3802 1589 3869 piam
1612 3805 2027 3871 pra‘cedeutiun.

434 3885 704 3957 intelligat
747 3885 1099 3942 voluntatem.
1160 3888 1271 3943 lloc
1340 3906 1469 3960 ergo
1514 3893 1673 3947 modo
1727 3897 1886 3949 etiam
1931 3911 2030 3951 nos

435 3976 681 4047 quod....
711 3972 975 4043 majorum
1002 3978 1138 4031 ratio
1164 3978 1279 4049 ipsa
1309 3995 1417 4034 non
1441 3984 1587 4036 venit
1613 4002 1624 4034 :
1656 4000 1777 4038 nam
1801 4001 2027 4054 quorum

431 4069 704 4140 pervenit,
722 4080 778 4123 et
799 4071 911 4138 ipsa
929 4078 1178 4125 tenentur
1198 4080 1251 4125 et
1275 4087 1388 4137 res;
1408 4088 1636 4144 quorum
1659 4086 1839 4132 autem
1867 4093 2027 4133 causa

432 4162 589 4225 late',
618 4169 676 4216 et
704 4173 791 4215 res
818 4158 939 4215 lidei
989 4175 1093 4215 non
1134 4163 1389 4229 resultat,
1418 4166 1697 4220 observari
1748 4182 1812 4223 ac
1855 4170 2029 4225 teneri

434 4266 667 4308 necesse
691 4259 794 4306 89L

512 4343 627 4399 XII.
664 4344 819 4410 Quod
849 4354 1025 4399 autem
1068 4347 1356 4415 quzesistis,
1391 4362 1486 4402 cur
1512 4348 1563 4403 in
1592 4353 2019 4410 sacratissimum

430 4437 662 4492 calicem
690 4437 771 4491 lac
799 4439 1044 4491 mittatur
1064 4448 1117 4492 et
1144 4440 1269 4505 incl,
1306 4449 1358 4495 et
1389 4440 1607 4497 Pascha:
1648 4445 1875 4501 sabbato
1904 4462 2026 4502 cum

432 4526 718 4582 sacriﬁciis
741 4527 1033 4583 offeratur?
1064 4529 1196 4583 Illud
1222 4532 1273 4585 in
1304 4546 1463 4587 causa
1487 4544 1591 4600 est,
1614 4538 1735 4603 quia
1768 4540 2024 4607 scriptum

434 4626 525 4673 est
554 4619 607 4673 in
636 4617 816 4674 Veteri
859 4619 1203 4675 Testamento
1233 4631 1289 4676 ct
1317 4640 1457 4678 novo
1495 4628 1693 4695 populo
1740 4631 2029 4709 liguralitcr
2060 4607 2111 4669 Ῑ)

433 4710 823 4779 repromissum
853 4729 865 4763 :
902 4708 1235 4765 Introducam
1264 4730 1350 4768 vos
1380 4716 1432 4767 in
1459 4727 1648 4771 terram
1669 4723 2030 4789 repromissio-

434 4805 557 4869 nis,
584 4811 769 4855 terram
794 4803 1035 4872 ﬂuentem
1067 4801 1146 4855 lac
1166 4812 1213 4855 et
1242 4805 1341 4857 mel
1367 4805 1554 4876 (Levit.
1588 4823 1655 4861 xx
1674 4851 1687 4873 ,
1721 4809 1834 4877 24).
1862 4811 2027 4866 Terra

433 4907 571 4962 ergo
600 4893 1035 4962 repromissionis
1084 4903 1224 4948 terra
1272 4906 1356 4950 est
1392 4899 1805 4955 resurrectionis
1830 4944 1846 4967 ,
1877 4912 1932 4958 et
1973 4904 2025 4957 in

436 4988 529 5042 illa
573 4986 821 5043 felicitate
867 5003 1080 5057 semper
1130 4992 1536 5057 permanentis,
1584 5008 1706 5061 quae
1758 4994 1889 5051 nihil
1945 5006 2029 5051 est

434 5077 584 5132 aliud
612 5092 771 5147 qnam
821 5086 961 5133 terra
1009 5080 1250 5147 corporis
1289 5080 1489 5149 nostri,
1537 5098 1657 5152 qua:
1687 5082 1740 5137 in
1773 5100 2022 5140 resurre—

435 5170 619 5223 ctione
671 5175 998 5223 mortuorum
1054 5171 1469 5239 incorruptionie
1514 5173 1768 5245 pacisque
1800 5175 2026 5245 gloriam

437 5264 817 5325 consequetur.
849 5257 1140 5326 Baptizatis
1167 5274 1297 5330 ergo
1348 5261 1449 5315 hoc
1490 5268 1809 5319 sacramenti
1859 5282 2030 5336 genus

434 5346 682 5414 offertur,
713 5344 1094 5417 utintelligant
1111 5349 1231 5419 quia
1256 5365 1361 5404 non
1391 5351 1511 5416 alii,
1536 5354 1630 5408 sed
1661 5355 1762 5422 ipsi
1792 5358 1879 5425 qui
1908 5373 2031 5427 par-

438 5438 631 5507 ticipes
660 5437 792 5492 llum
838 5438 1080 5507 corporis
1106 5451 1162 5495 et
1209 5442 1483 5510 sanguinis
1537 5444 1777 5510 Domini,
1828 5457 2027 5504 terram

438 5527 875 5596 repromissionis
910 5530 1191 5596 accipient,
1224 5532 1377 5600 cujus
1404 5532 1874 5605 iterinchoantes,
1912 5546 2029 5593 tan-

342 5610 343 5613 “
436 5633 600 5687 quam
622 5615 827 5688 parvn'li
859 5618 995 5675 lacte
1038 5621 1344 5677 nutriuntur
1373 5632 1427 5681 et
1471 5624 1650 5692 melle,
1684 5635 1740 5681 ut
1764 5624 2023 5698 incipiant

514 5826 539 5857 ³
568 5820 649 5874 An
674 5819 955 5888 palantur!

2140 2006 2195 2052 et
2241 1996 2285 2051 si
2329 1996 2457 2067 quid
2508 1996 2812 2064 bujnsmodi
2852 2003 2969 2056 est:
3030 1997 3270 2065 itemque
3316 1994 3419 2049 alia
3464 2008 3585 2049 esse
3613 2008 3735 2062 qum

2140 2104 2476 2159 unaaneqne
2533 2088 2773 2143 Ecclesia
2824 2097 3076 2161 tanquam
3126 2088 3342 2158 propria
3372 2086 3591 2150 retinet,
3621 2095 3670 2140 et
3705 2100 3734 2138 a

2136 2182 2253 2236 suis
2283 2179 2575 2251 majoribus
2606 2178 2800 2234 tradita
2847 2179 2949 2235 sibi
2981 2177 3236 2243 custodit,
3268 2193 3388 2248 qua:
3432 2176 3579 2233 salva
3632 2174 3737 2229 ﬁde

2137 2285 2193 2333 et
2224 2289 2355 2340 pace
2384 2274 2650 2329 catholica
2680 2288 2804 2328 cum
2834 2267 3057 2329 alterius
3083 2271 3321 2342 regionis
3349 2286 3456 2325 non
3481 2271 3736 2326 observat

2142 2365 2410 2430 Ecclesia,
2439 2372 2498 2419 ut
2523 2376 2605 2421 est
2637 2364 2903 2430 Romana,
2935 2380 3055 2432 qua:
3084 2362 3325 2419 sabbatis
3361 2362 3613 2419 omnibus
3652 2362 3736 2432 je-

2131 2456 2309 2526 junat,
2340 2456 2487 2525 quod
2516 2455 2807 2513 Orientalis
2842 2456 3022 2512 facere
3058 2472 3167 2512 non
3192 2455 3444 2521 videtur;
3474 2455 3561 2511 vel
3591 2454 3735 2525 quod

2139 2549 2228 2606 bic
2262 2558 2470 2617 septem
2511 2548 2702 2604 altaria
2746 2556 3144 2619 componuntur
3168 2590 3185 2616 ,
3229 2547 3371 2617 quod
3400 2546 3525 2602 alibi
3558 2546 3735 2601 nullus

2135 2647 2398 2704 attentat;
2426 2647 2481 2694 et
2517 2652 2706 2694 rursus
2737 2637 2867 2694 liant
2903 2638 3008 2693 alia
3036 2638 3187 2705 alibi,
3218 2653 3338 2708 quae
3363 2637 3450 2693 hie
3479 2636 3593 2693 lieri
3627 2651 3734 2691 non

2136 2729 2455 2799 probantur.
2486 2726 2613 2784 Haec
2639 2736 2818 2784 autem
2844 2728 3027 2784 omnia
3075 2729 3147 2789 ita
3191 2727 3424 2785 diversis
3476 2726 3734 2784 Ecclesiis

2134 2818 2353 2879 diverso
2376 2817 2539 2874 modo
2580 2817 2749 2880 liunt;
2787 2827 2845 2873 ut
2895 2827 3073 2875 tamen
3115 2832 3307 2875 omnes
3353 2819 3499 2874 illius
3528 2818 3732 2889 regina!

2132 2918 2340 2965 vestem
2376 2908 2572 2963 faciant
2616 2910 2685 2963 de
2713 2924 2814 2978 qua
2861 2910 3063 2964 dietum
3108 2918 3192 2966 est
3225 2928 3237 2963 :
3273 2909 3450 2964 Astitit
3494 2909 3677 2981 regina
3703 2925 3735 2962 a

2134 2998 2329 3052 dextris
2358 2998 2462 3052 tuis
2508 2999 2563 3052 in
2590 3001 2768 3052 vestitu
2821 3000 3073 3054 deaurato
3105 3042 3120 3065 ,
3152 3000 3539 3054 circummicta
3569 3001 3733 3053 varie-

2133 3094 2237 3141 tate
2263 3085 2438 3153 (Psal.
2464 3101 2611 3152 xuv,
2645 3086 2758 3157 I0).
2786 3086 2925 3142 Nihil
2968 3102 3097 3158 ergo
3125 3098 3361 3156 moveat,
3393 3104 3515 3145 cum
3544 3088 3732 3145 viden-

2136 3187 2223 3231 tur
2258 3178 2343 3233 hic
2392 3177 2566 3247 aliqua
2594 3179 2647 3232 in
2683 3179 2773 3233 Dei
2802 3180 3048 3235 laudibus
3108 3181 3246 3245 lleri,
3302 3194 3425 3251 qua
3447 3180 3574 3237 alibi
3624 3181 3733 3236 alio

2134 3268 2295 3323 modo
2333 3267 2446 3323 fieri
2483 3270 2927 3338 comprobantur.
2968 3273 3093 3327 Sive
3118 3272 3263 3327 enim
3297 3288 3465 3343 usque
3490 3273 3556 3327 ad
3592 3273 3730 3329 Pen-

2134 3367 2375 3414 tecosten
2406 3360 2635 3416 Alleluia
2658 3370 2927 3425 cantetur,
2960 3363 3101 3431 quod
3131 3363 3269 3431 apud
3302 3378 3400 3419 nos
3450 3363 3569 3420 ﬁeri
3618 3380 3733 3419 ma-

2134 3452 2389 3509 nifestum
2418 3464 2530 3514 est;
2580 3455 2695 3510 sive
2747 3456 2873 3510 alibi
2931 3464 3044 3511 toto
3082 3472 3224 3521 anno
3247 3458 3491 3525 dicatur;
3545 3459 3733 3515 laudes

2137 3542 2228 3600 Dei
2257 3553 2437 3598 cantat
2466 3544 2723 3600 Ecclesia.
2750 3544 2855 3602 Sed
2882 3556 3197 3603 reservatur
3218 3548 3420 3618 aliquid
3457 3550 3597 3620 apud
3629 3566 3729 3605 nos

2135 3636 2373 3706 paschali
2424 3639 2762 3704 reverentia,
2797 3648 2855 3695 ιιι
2893 3641 3184 3711 majoribus
3231 3644 3463 3713 gaudiis,
3496 3655 3549 3700 et
3578 3650 3731 3717 quisi

2134 3729 2402 3784 tuentibus
2431 3730 2702 3786 innovatis
2730 3732 2797 3786 ad
2820 3732 3030 3787 laudem
3064 3734 3156 3789 Dei
3184 3745 3428 3791 recurrat
3462 3737 3725 3803 allectus;

2135 3830 2352 3890 propter
2376 3821 2520 3889 quod
2554 3821 2809 3887 Alleluia,
2844 3823 3034 3878 Latino
3059 3840 3312 3881 sermone
3350 3826 3585 3881 Laudate
3614 3828 3730 3883 Do-

2134 3928 2331 3967 minum
2359 3912 2572 3966 dicitur.
2604 3913 2916 3981 Quanquam
2958 3925 3010 3968 et
3043 3916 3165 3970 aliis
3195 3919 3375 3972 verbis
3407 3918 3458 3972 id
3487 3920 3731 3989 quotidie

2137 4002 2455 4072 populorum
2483 4019 2586 4057 vox
2636 4005 2931 4060 dicentium
2977 4017 3198 4061 resonet
3231 4027 3243 4060 ε
3278 4007 3518 4063 Lauda!e
3554 4010 3731 4064 Domi~

2134 4109 2256 4147 num
2287 4094 2349 4147 de
2378 4094 2546 4157 caelis,
2581 4093 2792 4147 laudate
2815 4110 2929 4149 eum
2957 4096 3010 4149 in
3037 4096 3251 4151 excelsis
3284 4096 3456 4168 (Psal.
3487 4114 3685 4154 cxmn
3712 4144 3726 4166 ,

2136 4184 2212 4251 I).
2238 4185 2477 4251 ltemqne
2511 4203 2523 4238 :
2560 4186 2793 4241 Laudate
2826 4185 3140 4253 Dominum,
3190 4205 3364 4244 omnes
3413 4194 3583 4262 angeli
3621 4196 3730 4263 ejus

2134 4278 2296 4349 (Ibid.
2325 4318 2341 4343 ,
2370 4276 2448 4347 2).
2481 4280 2545 4333 Ει
2566 4280 2759 4335 iterum
2788 4297 2803 4337 :
2835 4280 3069 4334 Laudate
3105 4280 3379 4335 Dominum
3410 4300 3583 4337 omnes
3605 4301 3728 4356 gem

2132 4379 2205 4425 tes
2246 4370 2418 4442 (Psal.
2444 4387 2599 4435 cxvt,
2656 4371 2734 4441 I).
2766 4371 2991 4439 Semper
3017 4388 3146 4440 ergo
3175 4387 3297 4428 cum
3332 4375 3472 4429 Dens
3510 4392 3732 4445 quoquo

2133 4462 2295 4515 modo
2326 4462 2467 4516 ﬁdeli
2497 4462 2659 4518 corde
2688 4462 2958 4531 laudatur,
2992 4464 3215 4519 Alleluia
3244 4475 3510 4521 cantatur.

2207 4552 2346 4606 XIV.
2391 4553 2577 4607 Restat
2607 4569 2752 4609 nunc
2776 4554 2905 4609 illud
2931 4555 3073 4622 quod
3101 4556 3537 4627 interrogandum
3571 4568 3727 4625 puta-

2138 4645 2237 4697 stis
2272 4662 2283 4695 :
2315 4644 2371 4697 Si
2404 4644 2710 4712 baptizatus
2748 4646 2868 4699 sine
2906 4645 3218 4703 chrismatis
3246 4650 3504 4704 unctione
3534 4663 3598 4702 ac
3640 4650 3729 4703 lic-

2140 4732 2447 4786 nedictione
2477 4732 2743 4800 pontiﬁcis
2771 4748 2832 4786 ex
2880 4732 2980 4787 hac
3019 4734 3123 4787 vita
3172 4737 3517 4805 migraverit,
3550 4748 3729 4791 utrum

2137 4825 2185 4880 ei
2217 4824 2358 4877 obsit
2388 4823 2611 4892 aliquid,
2653 4838 2723 4877 an
2768 4824 2910 4879 non?
2960 4826 3033 4879 De
3062 4842 3164 4893 qua
3211 4842 3267 4881 re
3297 4830 3465 4899 magis
3496 4845 3524 4881 a
3557 4830 3731 4884 doctis

2135 4915 2347 4983 plenius
2401 4916 2591 4970 audire
2642 4916 2869 4983 vellem,
2918 4933 3078 4987 quam
3118 4918 3235 4986 ipse
3280 4919 3482 4989 aliquid
3525 4920 3727 4979 dicere.

2136 5006 2273 5073 Quid
2308 5016 2486 5061 tamen
2518 5007 2648 5071 mihi
2676 5009 2941 5070 videatur,
2992 5008 3136 5062 salva
3168 5010 3392 5067 meliore
3422 5011 3728 5077 intelligen-

2134 5098 2202 5149 tia
2237 5108 2289 5151 et
2338 5097 2605 5165 majorum
2657 5098 2813 5165 plena
2858 5100 3158 5164 sintcntia,
3200 5102 3428 5171 quodin
3480 5106 3728 5159 omnibus

2132 5187 2457 5255 supradictis
2506 5188 2631 5243 volo
2678 5197 2898 5255 tenere;
2932 5193 3057 5261 quia
3113 5192 3183 5245 ita
3234 5202 3428 5249 vestrm
3468 5195 3727 5249 voluntati

2132 5290 2321 5344 parere
2353 5277 2569 5341 studui,
2613 5286 2671 5332 ut
2720 5287 2903 5334 tamen
2935 5280 3003 5335 de
3054 5282 3305 5337 omnibus
3356 5286 3480 5353 quid
3537 5286 3727 5342 melius

2132 5366 2296 5434 (quod
2343 5381 2448 5419 non
2477 5366 2684 5437 dubito)
2712 5382 2739 5420 a
2771 5368 3067 5438 majoribus
3093 5370 3293 5426 dictum
3324 5380 3425 5438 est,
3451 5375 3553 5429 hoc
3586 5386 3727 5430 ulcr<

2132 5469 2236 5522 que
2279 5468 2576 5511 servemus.
2610 5457 2747 5525 Quid
2795 5473 2923 5525 ergo
2958 5460 3203 5516 videatur
3253 5463 3491 5520 breviter
3527 5465 3726 5522 dicam.

2133 5542 2372 5597 Duc-stur
2397 5559 2528 5611 ergo
2557 5545 2854 5600 similitudo
2882 5547 2951 5601 ah
2994 5550 3096 5604 hac
3128 5552 3296 5619 prima
3348 5554 3626 5609 nativitate
3674 5557 3726 5612 in

2130 5648 2231 5703 qua
2266 5634 2366 5688 orti
2398 5650 2603 5702 sumus,
2641 5648 2691 5691 ut
2727 5638 3091 5709 intelligamus
3134 5643 3281 5698 illam
3331 5645 3623 5703 secundum
3658 5662 3725 5703 ex
