4516 6464
876 457 979 518 ‘07
2191 452 2429 510 SANCTI
2468 452 2659 512 μηδ’

2334 452 2429 509 [ττι
2468 452 2786 512 ηυετηςι
4013 453 4117 511 408

877 593 980 648 qua
1006 593 1132 635 vere
1154 578 1385 636 Vivimus
1408 585 1463 632 et
1489 576 1539 630 in
1577 588 1677 644 qua
1721 572 1996 642 iustiﬁcati
2047 586 2254 627 sumus.
2303 570 2436 626 Cum
2463 583 2514 642 Α
2540 571 2780 643 grandis,
2810 570 2896 629 hic
2925 585 3138 641 parvus;
3169 585 3292 642 qu:e_
3311 578 3435 626 sunt
3463 568 3817 625 accidentium
3833 567 4115 631 vocabula,

880 679 1034 726 natus
1073 669 1231 726 luerit
1273 666 1465 733 infans,
1505 673 1577 722 ει·
1604 664 1739 721 lucis
1769 663 1928 732 hujus
1979 662 2436 733 participationem
2545 677 2650 718 nou
2699 670 2927 719 natura.
2971 662 3026 718 Si
3061 676 3191 732 ergo
3217 662 3463 719 accidant
3502 660 3806 730 adjumenta
3833 657 3901 712 ad
3941 656 4116 713 etatis

877 759 1181 829 contigerit,
1214 756 1502 824 perlectum
1529 755 1796 809 hominem
1824 762 2005 806 natum
2033 765 2154 807 esse
2186 751 2433 816 dicimus,
2543 765 2876 824 provectum,
2906 754 3144 824 nunquid
3183 752 3448 822 adjectum
3474 761 3558 807 est
3588 749 3788 818 aliquid
3817 747 4115 804 definitioni

875 857 930 902 et
954 854 1036 903 est
1057 844 1293 914 ejusdem
1334 842 1650 900 substantiae
1673 841 1828 911 cujus
1853 849 1935 896 est
1965 839 2055 896 ille
2095 840 2186 912 qui
2210 840 2394 912 genuit
2415 880 2433 905 ,

875 935 976 991 hoc
1016 947 1095 990 est
1118 973 1136 1002 ,
1166 933 1362 989 animai
1408 933 1666 989 rationale
1708 931 1971 990 mortale;
2001 943 2305 1002 quanquam
2348 930 2436 985 ille
2541 941 2745 988 natura:
2781 931 3214 1002 proprietas......
3245 929 3440 986 Cretera
3470 933 3673 985 desunt.
3781 981 3787 984 .

1026 1086 1051 1089 μ
1410 1086 1443 1089 -ν
1592 1080 2083 1088 cavrem---“
2120 1082 2201 1083 ἡ
2236 1079 2819 1085 κήπῳ-κὴ.
2872 1078 3625 1087 “ww”
3674 1080 3679 1083 ς
3832 1078 3845 1081 ,η

2045 1231 2340 1276 ειιιῠκτις
2383 1230 2638 1276 ιωευιο
2677 1229 2936 1284 QUINTO.

1133 1363 3882 1675 ‘SANCTUSﬂUSTINUS.

1497 1777 2043 1863 EDMONDI
2113 1774 2678 1860 MARTENE
2751 1768 3446 1856 ADMONITIO.

928 2060 1057 2127 Quis
1100 2061 1253 2132 fuerit
1297 2059 1385 2114 ille
1432 2058 1493 2114 S.
1525 2056 1806 2112 I'austinus
1855 2055 2066 2109 necdum
2117 2065 2253 2109 certo
2302 2057 2432 2112 scire
2458 2059 2508 2121 B
2532 2055 2823 2126 episcopus,
2853 2057 3001 2128 cujus
3033 2054 3296 2109 humilium
3323 2053 3582 2108 dominica
3619 2064 3740 2108 ante
3775 2052 4112 2122 quadragesi-

2516 852 2519 853 '
2543 843 2890 898 substantizei
2914 844 3104 899 Absit:
3138 845 3260 912 quia
3287 855 3391 896 non
3420 839 3724 897 extenditur
3749 847 3842 894 aut
3859 837 4114 892 minuitur
4203 915 4207 918 .

858 2151 985 2206 mihi
1006 2149 1168 2205 licuit.
1204 2149 1451 2219 Equidem
1476 2147 1670 2218 reperio
1697 2143 1836 2212 apud
1859 2142 2182 2199 Gennadium
2203 2144 2334 2199 libro
2361 2145 2424 2200 de

856 2241 1154 2297 Illustribus
1183 2239 1428 2294 Ecclest
1452 2236 1796 2308 Scripturibus
1836 2233 2142 2289 Faustinum
2168 2237 2425 2307 presbyte-

737 2392 743 2398 ,
855 2348 989 2397 rum,
1028 2332 1115 2401 qui
1162 2330 1364 2401 scripsit
1407 2330 1475 2383 ad
1515 2343 1781 2398 personam
1811 2325 2074 2381 Flaccilla:
2101 2329 2287 2398 regina
2328 2328 2425 2381 ad-

853 2437 1054 2477 uersum
1080 2421 1298 2475 Arianae
1326 2429 1375 2474 et
1407 2418 1801 2474 Macedonianos
1831 2416 1987 2470 libros
2011 2427 2201 2485 septem
2219 2457 2237 2484 ,
2260 2419 2423 2472 editos

855 2513 912 2567 in
937 2511 1247 2567 Bibliotheca
1276 2509 1529 2575 Patrum;
1578 2519 1624 2563 et
1650 2510 1864 2563 alterum
1912 2509 2097 2562 librum
2140 2525 2287 2578 quem
2319 2509 2426 2564 Va-

857 2600 1134 2654 lentiniano
1167 2611 1212 2655 et
1251 2599 1533 2655 Theodosio
1577 2610 1624 2654 et
1653 2599 1874 2653 Arcadio
1900 2599 2286 2666 imperatoribus
2328 2616 2424 2670 pro

855 2688 1150 2758 defensione
1175 2704 1386 2743 suorum
1418 2704 1532 2742 eum
1576 2686 1876 2742 Marcellino
1904 2688 2193 2757 presbytero
2222 2689 2420 2743 obtulit.

860 2773 1048 2830 Verum
1074 2777 1157 2830 hic
1181 2775 1463 2831 Faustinus
1508 2792 1605 2830 non
1635 2778 1732 2847 fuit
1762 2786 1980 2842 rant-tus,
2028 2777 2132 2830 imo
2159 2777 2420 2832 schismati

856 2861 1176 2936 Luciferiano
1223 2875 1393 2937 aperte
1420 2867 1690 2921 consensit.
1747 2865 1869 2921 Fuit
1905 2877 1950 2920 et
1978 2868 2111 2921 alter
2140 2866 2420 2930 Faustinus

2529 2162 2666 2200 mam
2695 2145 2891 2202 ﬁnem
2921 2145 3232 2200 Parisiensis
3250 2145 3304 2199 in
3332 2144 3462 2199 libro
3481 2144 3723 2199 adversus
3747 2141 3950 2199 ereos
3977 2142 4107 2210 Spi-

2528 2236 2696 2306 cilegii
2737 2245 2862 2290 tom.
2892 2235 3004 2302 V—ll,
3038 2251 3161 2306 pag.
3191 2236 3284 2302 86,
3314 2236 3436 2290 citat
3461 2249 3481 2289 :
3505 2249 3660 2297 quam
3686 2232 3949 2287 humilium
3976 2232 4103 2285 inte-

2527 2341 2674 2396 gram
2721 2326 2908 2395 reperit
2964 2333 3138 2379 noster
3177 2325 3422 2379 Acherius
3469 2325 3525 2378 in
3575 2323 3923 2393 manuscripto
3973 2317 4102 2376 Cor-

2527 2415 2736 2481 beiensi,
2783 2431 3002 2486 eumque
3049 2417 3285 2471 eumdem
3311 2432 3422 2471 esse
3461 2431 3576 2470 cum
3604 2413 3798 2470 Fausto
3832 2413 4104 2484 Rhegiensi

2529 2508 2785 2578 episcOpo,
2836 2509 3118 2562 arbitratur
3165 2524 3228 2562 ea:
3273 2509 3565 2578 conjectura
3617 2516 3834 2560 tantum.
3861 2505 3941 2559 An
3986 2519 4101 2558 vero

2522 2597 2659 2651 idem
2696 2597 2850 2663 fuerit
2880 2613 2992 2651 cum
3024 2597 3276 2653 Faustino
3322 2599 3576 2669 sequentis
3615 2596 3838 2651 homiliae
3875 2604 4100 2660 auctore,

2523 2705 2616 2744 nec
2644 2690 2925 2759 afﬁrmare,
2979 2707 3070 2746 nec
3121 2708 3308 2761 negare
3351 2691 3538 2746 audeo.
3583 2689 3943 2764 Cujuscunque
3987 2699 4099 2745 tan-

2521 2779 2637 2832 dem
2664 2776 2756 2832 illa
2777 2777 2864 2843 sit,
2888 2793 3010 2832 sane
3031 2778 3369 2842 antiquissimi
3386 2780 3611 2833 auctoris
3639 2794 3745 2833 esse
3778 2787 3920 2832 extra
3938 2777 4100 2832 aleam

2519 2879 2622 2926 est.

863 3004 4070 3035 ____.___________________________________________________

1771 3124 2330 3232 SANCTI
2455 3128 3176 3234 FAUSTINI

2235 3331 2727 3414 HOMILIA

1542 3507 1738 3616 DE
1821 3459 2645 3619 PASSIONE
2735 3506 3421 3620 DOMINI.

1725 3700 1923 3771 (Edidit
1945 3701 2184 3758 Mar-tene
2211 3701 2293 3757 Ex
2319 3717 2421 3758 ms.
2449 3701 2508 3758 S.
2537 3701 2694 3757 Illidii
2721 3700 3220 3774 Claromontensis.)

922 3967 1184 4024 Beneﬁcia
1215 3967 1309 4023 Dei
1347 3966 1512 4021 nostri
1541 3979 1661 4021 cum
1693 3980 1878 4035 magna
1915 3980 1978 4019 ac
2007 3966 2231 4020 miriﬁca
2275 3966 2413 4034 sint,
2445 3970 2491 4033 c
2518 3983 2653 4025 sona
2682 3970 2808 4024 dum
2837 3985 2902 4024 ex
2932 3969 3063 4023 Adae
3092 3970 3249 4038 primi
3299 3967 3531 4025 hominis
3559 3976 3706 4024 costa
3751 3977 3924 4023 mater
3965 3983 4093 4025 cun-

852 4070 1030 4113 tamen
1061 4070 1162 4110 nec
1191 4068 1328 4109 nova
1366 4054 1662 4124 probantur
1689 4067 1809 4108 esse
1850 4068 1951 4108 nec
1980 4055 2186 4120 subita;
2228 4057 2320 4111 sed
2350 4056 2419 4111 ab

853 4149 1003 4203 initio
1021 4147 1222 4214 smculi,
1253 4154 1306 4200 et
1333 4146 1584 4215 praedicta
1601 4146 1850 4212 oraculis,
1874 4155 1929 4200 et
1958 4148 2288 4216 praeﬁgurata
2305 4163 2419 4219 my-

850 4237 1047 4292 steriis.
1080 4237 1294 4292 Sacram
1335 4234 1544 4290 Domini
1586 4235 1884 4304 passionem
1923 4234 1990 4289 ab
2020 4235 2188 4303 ipsius
2233 4237 2415 4291 mundi

848 4325 1200 4382 coalescentis
1254 4325 1488 4379 exordiis
1529 4323 1736 4378 Veteris
1787 4323 2111 4379 Testamenti
2163 4340 2416 4396 responsa

851 4417 1175 4480 cecinerunt,
1218 4423 1273 4470 et
1300 4414 1419 4470 ideo
1443 4412 1711 4469 Christum
1757 4414 2038 4468 Dominum
2071 4417 2413 4483 praedicatum

851 4519 1008 4577 atque
1045 4507 1340 4562 nuntiatum
1368 4505 1562 4560 ludatis
1588 4513 1860 4576 aperte‘ex
1892 4508 2125 4575 ipsorum
2170 4508 2323 4563 libris
2362 4517 2417 4565 et

2525 4073 2731 4116 ctorum
2776 4061 3067 4116 viventium
3102 4062 3211 4116 Eva
3258 4060 3588 4129 producitur,
3635 4075 3701 4114 ex
3753 4059 3912 4129 hujus
3940 4073 4096 4116 sacro

2523 4151 2689 4208 latere
2714 4167 2777 4208 ac
2812 4153 3029 4207 salutari
3061 4152 3284 4207 vulnere
3312 4150 3549 4205 Ecclesia
3587 4150 3824 4204 omnium
3855 4149 4092 4205 ﬁdelium

2525 4257 2719 4312 parens
2749 4242 3045 4312 reparanda
3073 4251 3421 4297 monstratur.
3451 4240 3509 4296 In
3546 4239 3662 4310 ejus
3690 4249 3816 4312 typo
3839 4239 3970 4294 Abel
4002 4239 4092 4309 ju-

2525 4345 2639 4389 stus
2668 4333 2948 4398 occiditur,
2971 4342 3025 4386 et
3049 4333 3306 4387 innocens
3333 4331 3567 4387 fraterna
3590 4339 3841 4401 tanquam
3867 4329 4087 4386 Judaica

2527 4423 2797 4493 impietate
2818 4431 3096 4477 mactatur.
3127 4422 3224 4476 llic
3261 4420 3400 4476 idem
3429 4420 3686 4475 Dominus
3710 4421 3763 4474 in
3803 4420 4089 4474 novissima

2521 4511 2701 4566 mundi
2743 4511 3073 4566 senescentis
3113 4518 3270 4564 nitate
3299 4524 3393 4579 per
3419 4508 3639 4576 ﬁguram
3685 4508 3826 4564 beati
3863 4509 4091 4563 Abrahae

850 4599 1208 4654 Voluminibus
1245 4597 1556 4662 asserimus,
1596 4596 1784 4651 validis
1809 4597 2008 4667 absque
2042 4598 2204 4653 dubio
2232 4599 2456 4679 nititur”

852 4689 1160 4760 privilegiis,
1177 4688 1266 4759 qui
1283 4702 1495 4744 causam
1522 4689 1590 4743 de
1620 4696 1646 4725 ι
1668 4689 1983 4744 adversariis
2008 4691 2196 4747 asserit
2219 4692 2416 4746 instru-

2521 4602 2750 4671 longasvi
2789 4601 2955 4670 patris
2984 4601 3223 4655 offertur.
3252 4599 3369 4667 Quo
3399 4607 3640 4668 tempore
3674 4597 3799 4653 dum
3841 4612 3979 4652 novo
4007 4612 4090 4651 sa-

2523 4693 2726 4748 crillcio
2751 4693 2806 4747 in
2831 4693 2972 4748 unici
3000 4694 3079 4747 sui
3100 4692 3338 4762 jugulum
3363 4692 3478 4761 pius
3505 4691 3768 4762 parricida
3794 4688 4090 4760 consurgit,

853 4782 1067 4837 mentis.
1089 4780 1342 4849 Speciosa
1367 4779 1585 4835 victoria
1610 4787 1694 4834 est
1705 4780 2025 4835 contrariam
2043 4789 2246 4848 partem
2262 4781 2416 4836 char—
2519 4797 2586 4838 ex
2617 4783 2905 4854 improviso
2926 4784 3064 4838 aries
3083 4782 3252 4837 oculis
3273 4781 3388 4851 ejus
3409 4782 3674 4850 apparuit,
3699 4782 3834 4834 sicut
3856 4781 4090 4849 loquitur

854 4875 980 4928 tuiis
1005 4873 1116 4928 suis
1136 4873 1282 4928 velut
1307 4870 1533 4940 propriis
1558 4871 1758 4940 laqueis
1781 4869 1990 4926 irretire
2011 4879 2064 4926 et
2086 4871 2412 4927 testimonio-
2517 4888 2697 4930 sermo
2739 4873 2952 4929 divinus
2982 4891 2993 4924 :
3030 4873 3096 4926 Et
3141 4873 3267 4926 uidit
3295 4871 3553 4925 Abraham
3582 4871 3791 4924 arietem
3831 4871 3961 4924 inter
4009 4886 4091 4923 re-

854 4979 974 5020 rum
999 4978 1216 5018 suorum
1232 4962 1450 5018 vocibus
1475 4962 1748 5018 confutare
1766 4971 1820 5018 et
1841 4963 2090 5018 a-mulum
2112 4961 2140 5002 ιι
2163 4963 2282 5018 telis
2305 4969 2415 5020 suis
2523 4982 2635 5035 pres
2663 4966 2937 5019 umentem
2962 4963 3194 5018 cornibus
3217 4960 3366 5032 (Gen.
3393 4976 3518 5026 χχιι,
3547 4960 3656 5029 15).
3691 4960 3834 5015 Inter
3873 4975 4088 5029 vepres,

854 5053 1133 5118 evincere,
1149 5059 1211 5105 ut
1231 5052 1531 5120 pugnatoris
1563 5051 1635 5104 tui
1657 5061 1967 5120 argumenta
1998 5052 2104 5105 tuis
2126 5052 2417 5121 probentur
2525 5056 2735 5124 inquit;
2765 5055 3099 5125 requiramus
3123 5069 3242 5124 qua:
3288 5055 3357 5108 sit
3403 5054 3503 5108 ista
3545 5054 3775 5118 novitas,
3831 5051 3883 5105 id
3912 5063 3993 5106 est
4036 5053 4090 5106 in

855 5152 878 5179 ε
915 5141 1230 5198 utilitatibus
1272 5141 1518 5196 militare.
1565 5141 1744 5210 Itaque
1773 5140 1826 5195 in
1860 5142 2067 5196 Domini
2101 5143 2268 5197 nostri
2301 5157 2422 5210 per-
2528 5145 2866 5202 multitudine
2907 5143 3362 5201 circumstantium
3416 5151 3771 5212 peccatorum,
3803 5140 4089 5196 hmrentem

924 5329 950 5356 ι
974 5317 1063 5373 Sic
1087 5315 1931 5388 praeclare,Augustlnps‘inpsal.
1957 5331 2020 5388 att.
2052 5333 2064 5368 :
2102 5315 2418 5388 Proferimus
2445 5319 2500 5381 D
2536 5386 2553 5388 _
2597 5329 2619 5357 ο
2651 5319 2786 5373 Hinc
2832 5327 2914 5374 est
2942 5320 3082 5388 quod
3143 5319 3284 5374 idem
3338 5316 3396 5388 S.
3423 5317 3609 5388 doctor
3635 5316 3688 5370 in
3740 5315 3934 5388 psalm.
3963 5335 4046 5375 ut
4078 5340 4089 5373 :

855 5390 1046 5458 codices
1067 5381 1384 5458 .l'udieorum,
1416 5381 1590 5458 nempe
1607 5381 1982 5458 Judteiinimiri
2004 5385 2165 5439 nostri
2179 5381 2315 5440 sunt.
2345 5385 2420 5441 De
2520 5386 2714 5458 Iudici.
2757 5381 2974 5458 inquit,'
2995 5389 3190 5443 librarii
3236 5387 3393 5442 nostri
3420 5387 3541 5456 [acti
3586 5395 3726 5439 sunt.
3743 5381 3818 5440 Et
3863 5387 3926 5458 in
3955 5395 4089 5457 psat.

852 5457 1038 5526 chartis
1067 5455 1254 5508 inimici
1284 5454 1592 5526 convincitur
1621 5454 1957 5526 adversarius.
2172 5523 2193 5526 _
2258 5525 2261 5526 ν
2522 5473 2626 5512 ηε
2659 5454 3087 5514 Nobis-serviunt
3129 5457 3325 5523 Judaei,
3379 5454 3618 5525 tanquam
3672 5456 3891 5526 capsarii
3935 5454 4088 5513 nostri

919 5525 947 5565 ι’
968 5526 1055 5582 Sic
1081 5527 1267 5595 iterum
1290 5524 1345 5595 δ.
1376 5524 1694 5595 Augustinus
1716 5531 1869 5576 tract.
1895 5523 2148 5595 adversus
2165 5523 2409 5578 Judmos:
2518 5527 2648 5595 facti
2674 5537 2808 5589 sunt.
2832 5529 3148 5584 studentibus
3178 5529 3318 5581 nobis
3337 5523 3533 5580 codices
3555 5523 3778 5595 portant.
3807 5526 3871 5578 Et
3899 5527 3993 5582 lib.
4019 5545 4088 5582 an

855 5595 937 5666 De
970 5595 1153 5648 sanctis
1190 5592 1490 5666 Scripturis,
1543 5608 1759 5666 quarum
1787 5603 1835 5646 et
1876 5595 2014 5666 apud
2067 5594 2202 5661 ipsos
2232 5611 2420 5665 magna
2518 5592 2710 5650 contra
2753 5597 2956 5664 Faust.,
2989 5614 3038 5653 c.
3076 5599 3147 5651 25
3177 5615 3192 5651 :
3229 5597 3365 5662 Quid
3393 5605 3466 5666 est
3515 5592 3658 5647 aliud
3703 5595 3950 5663 hodieque
3975 5615 4092 5666 gens

859 5663 1072 5736 habetur,
1108 5662 1690 5736 auctoritas,__sumrnda
1717 5673 1829 5736 sunt
1858 5664 2168 5736 testimonia,
2200 5662 2414 5736 quorum
2519 5667 2651 5734 ipsa,
2700 5667 2795 5719 nisi
2817 5662 3048 5736 quaedam
3077 5667 3347 5722 scriniaria
3393 5665 3829 5736 Christianorum,
3861 5662 4093 5736 baiulum

855 5734 944 5786 etsi
972 5733 1129 5806 nolint
1155 5732 1318 5786 oblata
1335 5731 1545 5784 utilitate
1569 5730 1759 5797 sanari,
1786 5742 1963 5799 aperta
1995 5733 2416 5800 possfntvcritate
2521 5730 2677 5800 legent
2730 5745 2777 5790 ct
2817 5730 3088 5806 prophetas
3145 5739 3211 5791 ad
3259 5735 3598 5790 testimonium
3647 5730 3945 5792 assertionis
3994 5735 4087 5791 Ec-

858 5803 1077 5856 convinci
1087 5841 1096 5854 .
2515 5808 2701 5861 (lesia'.
