4516 6412
223 416 326 473 ιοθ

1281 394 1557 453 ΙΙΟΜΙΙΛΛ
1600 391 1689 446 DE
1729 390 2059 447 PASSIONE
2102 389 2352 445 DOMINI.

3396 380 3502 435 μῦ

223 522 494 587 cornibus,
525 520 578 575 id
630 526 715 574 est
756 516 823 573 ad
872 514 1047 570 crucis
1071 524 1270 569 cornua
1314 509 1589 564 clavorum
1634 506 1802 561 conll-
1832 508 1879 567 Α
1909 504 1963 559 Μ
1992 515 2075 559 est
2122 505 2308 558 vivens
2339 518 2501 557 unam
2532 502 2843 557 Jndzeorum
2894 507 3110 568 gentem
3155 493 3366 549 salvare
3394 510 3502 587 non

222 614 381 668 xiom
403 610 751 681 pendentem,
780 608 917 661 sicut
935 604 988 658 in
1011 601 1120 657 alio
1148 601 1270 656 loco
1291 598 1518 669 legimus
1548 612 1562 650 :
1595 594 1802 650 Cornua

220 704 273 756 in
301 703 533 756 mnibus
558 703 667 771 ejus
691 706 811 752 sunt
838 694 1067 765 (ﬂabat.
1111 707 1166 747 Ill
1185 731 1201 757 ,
1256 690 1338 759 ι).
1367 690 1481 745 Hoc
1516 687 1640 743 ideo
1676 687 1801 755 quia

220 787 557 846 venerandas
578 798 766 841 manus
785 785 902 852 eius
934 780 1153 851 patibuli
1179 778 1396 835 brachia
1420 784 1800 845 susceperunt.

220 880 367 936 Inter
412 878 595 947 spinas
642 883 821 930 autem
860 872 1148 942 deputatus
1189 876 1305 934 est,
1344 864 1561 935 quando
1614 866 1804 934 spineo

220 979 371 1025 serto
401 967 726 1024 innocentiae
776 975 832 1021 et
865 962 1087 1033 iustitia:
1123 970 1277 1015 actor
1322 958 1511 1013 illusus
1550 962 1654 1011 est.
1696 952 1802 1010 Sed

220 1062 384 1114 altius
400 1058 753 1126 introspicere
780 1054 1039 1109 debemus
1061 1049 1315 1120 quidnam
1341 1046 1413 1102 sit
1434 1045 1575 1114 quod
1608 1046 1755 1099 Isaac
1773 1057 1803 1095 a

222 1148 383 1204 l’atre
424 1145 681 1202 altaribus
724 1143 1065 1205 admovetur,
1097 1153 1160 1193 ac
1186 1137 1368 1193 subito
1411 1134 1551 1190 aries
1600 1147 1699 1203 pro
1738 1146 1805 1186 eo

222 1252 332 1294 non
374 1244 574 1292 mutata
614 1234 709 1289 sed
732 1232 997 1302 duplicata
1027 1228 1298 1283 oblatione
1324 1225 1665 1295 supponitur.
1696 1219 1805 1275 Ge-

223 1329 367 1383 mina
400 1326 486 1381 hic
507 1324 783 1380 adoranda
820 1318 1121 1377 substantia
1152 1316 1528 1385 Redemptoris
1556 1312 1801 1369 ostendi-

224 1429 332 1485 tur,
364 1418 455 1472 Dei
484 1415 627 1471 enim
658 1413 959 1484 unigenitos
982 1409 1227 1475 odertur,
1260 1417 1317 1462 et
1345 1405 1573 1475 Virginis
1608 1404 1807 1473 primo-

222 1509 436 1578 genitus
476 1505 802 1561 immolatur.
844 1502 956 1557 lloc
1002 1514 1215 1571 quoque
1264 1495 1548 1554 dominica:
1596 1496 1803 1565 passio-

224 1602 307 1655 nis
371 1596 742 1667 praafigttrabat
792 1592 1051 1664 insignia,
1111 1589 1254 1660 quod
1310 1588 1535 1659 legimus
1587 1585 1805 1640 beatum

226 1692 476 1745 Elisazum
530 1688 821 1757 sepulchro
874 1683 1147 1739 conditum
1186 1681 1395 1752 ingesto
1452 1692 1484 1732 a
1535 1678 1807 1732 latruncu-

223 1782 289 1836 lis
335 1781 596 1835 cadavere
644 1779 781 1833 intra
820 1775 1081 1831 tumulum
1130 1788 1285 1829 suum
1316 1786 1512 1842 corpus
1559 1768 1805 1825 exstincti

1908 595 2088 665 potui;
2121 594 2341 659 moriar,
2375 603 2429 649 et
2459 592 2743 647 universus
2771 592 3004 646 mundus
3040 602 3159 642 mea
3190 598 3365 641 morte
3393 584 3502 638 sal-

1907 694 2081 741 vctur.
2105 685 2297 741 Jonam
2318 694 2468 739 cetus
2487 683 2647 753 piscis
2669 683 2881 750 excepit
2905 682 3242 736 immersam.
3274 673 3370 729 sed
3396 687 3502 727 non

1905 776 2131 847 contigit
2170 777 2520 839 devoratum;
2552 784 2607 830 et
2634 790 2792 843 quem
2837 771 3036 827 maliti.
3072 770 3346 824 hominum
3381 780 3504 833 per-

1906 870 2071 936 didit,
2108 869 2277 924 bestia
2327 870 2575 923 esurieus
2625 866 2933 922 custodivit.
2969 862 3149 919 Plenis
3207 858 3503 914 visceribus

1908 958 2104 1014 famem
2135 960 2355 1028 patitur,
2381 969 2435 1012 et
2473 959 2527 1012 in
2556 958 2790 1027 praedam
2836 971 2997 1026 quam
3043 952 3341 1015 absorbuit,
3369 948 3502 1004 nihil

1906 1048 2007 1104 sibi
2036 1050 2199 1105 licere
2226 1052 2473 1103 miratur.
2516 1049 2647 1114 Ouis
2686 1058 2770 1103 est
2799 1048 2899 1103 iste
2925 1047 3015 1118 qui
3047 1046 3187 1099 intra
3214 1042 3401 1097 avidos
3431 1041 3502 1095 ri-

1907 1150 2025 1197 ctus
2055 1143 2255 1197 assumi
2286 1151 2484 1213 potest,
2512 1142 2762 1196 consumi
2810 1155 2915 1194 non
2962 1137 3174 1208 petcst?
3201 1135 3362 1189 Cibus
3392 1143 3498 1198 est,

1907 1233 2183 1301 corruptio
2232 1247 2339 1287 non
2371 1242 2474 1294 cst,
2506 1232 2735 1288 traditur
2764 1230 3081 1300 perditionis
3128 1224 3415 1296 profundo,
3447 1233 3503 1277 et

1909 1335 2157 1378 servatur
2190 1324 2359 1392 ipsius
2390 1325 2582 1377 mortis
2605 1323 2886 1392 obsequio.
2910 1320 3041 1386 Quis
3058 1328 3139 1373 ρει
3162 1318 3260 1371 iste
3288 1316 3378 1386 qui
3411 1331 3501 1366 va-

1908 1413 2175 1469 stissimas
2211 1414 2361 1468 sinus
2404 1413 2764 1484 periculorum
2796 1421 2938 1465 totus
2965 1408 3284 1479 ingreditur.
3317 1417 3371 1461 et
3400 1407 3502 1460 sub

1909 1503 2192 1561 altitudine
2220 1507 2505 1562 conclusus
2531 1507 2789 1560 immensa
2820 1512 2983 1571 atque
3012 1502 3310 1556 mortifera.
3350 1497 3501 1553 vitali

1908 1610 2033 1651 aere
2080 1596 2338 1665 pascitur,
2381 1606 2437 1652 et
2483 1595 2742 1651 dimissus
2770 1596 2822 1649 in
2854 1595 3085 1648 alienam
3128 1605 3309 1646 rerum
3348 1598 3502 1641 natu-

1911 1701 2057 1753 ram,
2107 1687 2161 1741 in
2203 1686 2327 1742 vita:
2369 1686 2642 1751 exsilium,
2688 1700 2809 1740 cum
2860 1684 2964 1737 vita
3006 1681 3397 1751 peregrinatur,
3444 1687 3501 1731 et

1911 1779 2102 1832 mortis
2120 1788 2395 1847 superstes
2416 1778 2994 1832 annuntiatventnram
3028 1772 3208 1827 mundi
3241 1767 3499 1825 Salutem?

224 1882 367 1926 tactu
398 1868 536 1924 sacri
584 1868 822 1937 COI'pOI'is
850 1867 1157 1921 suscitasse:
1192 1863 1322 1931 Quis
1365 1862 1451 1917 hic
1477 1860 1617 1916 alius
1662 1872 1802 1927 prae.
1838 1863 1879 1922 Β
1912 1869 2007 1925 pm

1713 1872 1802 1913 τωο
1838 1863 1879 1922 Β
1912 1869 2048 1925 Puto
2077 1872 2218 1941 quod
2251 1872 2337 1926 hic
2384 1880 2469 1925 est
2496 1870 2755 1926 Dominus
2786 1876 2971 1922 noster
3014 1866 3172 1921 Jesus
3218 1861 3496 1925 Christus,

222 1963 571 2033 ilgurabatur,
627 1960 731 2015 nisi
786 1958 1043 2014 Dominus
1091 1964 1276 2011 noster
1326 1954 1487 2011 Jesus
1524 1950 1802 2013 Christus,

225 2054 318 2122 qui
351 2051 797 2107 resurrectionem
825 2049 894 2104 de
935 2055 1109 2102 morte
1146 2046 1392 2116 largitur,
1421 2053 1476 2099 et
1516 2043 1676 2097 vitam
1714 2055 1805 2095 sc-

221 2143 403 2212 pnltus
429 2140 717 2211 operatur?
748 2140 804 2194 In
846 2140 1054 2194 latrone
1085 2151 1236 2193 reum
1278 2135 1559 2199 mundum,
1592 2134 1646 2188 in
1676 2146 1805 2202 pro-

222 2238 399 2301 pheta:
459 2231 735 2285 virtutibus
790 2228 1063 2285 Christum
1116 2227 1397 2282 Dominum
1457 2237 1803 2294 recognosce.

223 2321 415 2376 Adhuc
456 2320 808 2377 celeberrime
847 2336 937 2388 per
964 2319 1270 2389 Scripturas
1309 2327 1523 2372 sanctas
1566 2318 1727 2371 etiam
1753 2316 1806 2369 in

222 2414 375 2469 Jnnze
404 2413 674 2484 prophetae
714 2413 984 2468 laboribus
1013 2422 1067 2467 et
1113 2410 1366 2466 aerumnis
1392 2409 1589 2464 CbriSti
1630 2410 1808 2479 passio

223 2521 281 2565 et
316 2510 635 2565 resurrectio
667 2510 1075 2579 prtesignantur.
1112 2506 1208 2561 llic
1256 2506 1440 2572 Jonas,
1494 2505 1637 2569 quod
1685 2505 1807 2560 lidei

224 2607 426 2655 nostra
454 2614 559 2654 non
606 2600 926 2653 arbitramur
970 2597 1319 2665 incognitum,
1378 2604 1560 2666 typum
1594 2595 1806 2651 Domini

222 2689 454 2760 gessisse
478 2689 858 2758 praescribitur.
893 2688 1009 2757 Ipse
1037 2688 1179 2742 enim
1228 2686 1487 2741 Dominus
1518 2686 1685 2741 dicit:
1718 2688 1809 2741 Si-

223 2789 312 2834 cut
338 2782 434 2849 fuit
462 2778 626 2835 Jonas
652 2781 703 2833 in
733 2788 903 2835 ventre
931 2780 1029 2833 ceti
1054 2780 1212 2833 tribus
1240 2778 1416 2832 diebus
1444 2788 1491 2831 et
1520 2780 1680 2831 tribus
1715 2795 1807 2832 no-

220 2870 408 2935 ctibus,
437 2872 507 2923 ita
535 2871 629 2924 erit
657 2868 826 2924 Filius
871 2870 1089 2925 hominis
1118 2870 1172 2923 in
1218 2871 1372 2924 corde
1407 2880 1557 2924 terra:
1584 2868 1802 2941 (Matth.

220 2976 329 3026 an,
367 2959 485 3031 40).
546 2961 675 3020 llic.
731 2961 981 3029 inquam,
1047 2960 1212 3015 Jonas
1275 2960 1341 3013 ad
1408 2959 1805 3028 praedicandum

218 3049 473 3104 Ninivitis
500 3049 591 3104 ira:
620 3050 854 3105 ccelesﬁs
882 3049 1164 3113 oll'ensam,
1196 3049 1420 3104 Domino
1444 3049 1689 3118 iubente,
1720 3050 1797 3103 di-
1817 3083 1836 3113 ι

218 3142 436 3212 rigitur;
469 3142 560 3195 sed
592 3143 848 3210 prtescius
872 3143 1075 3195 tristem
1101 3143 1437 3211 prophetiam
1471 3143 1650 3211 pepuli
1677 3156 1806 3197 con-

1911 1976 2071 2031 quem
2102 1977 2243 2017 stnva
2269 1979 2436 2029 mors,
2467 1960 2805 2031 inexplebilis
2835 1959 3029 2026 bellua,
3063 1957 3117 2011 in
3144 1970 3323 2011 escam
3347 1968 3499 2007 suam

1912 2055 2109 2123 rapuit,
2137 2063 2195 2109 et
2218 2054 2451 2124 praedam
2478 2068 2629 2109 suam
2666 2051 2878 2120 captiva
2901 2048 3246 2104 contremuit.
3272 2044 3503 2099 Contre-

1913 2146 2067 2214 ntuit,
2119 2146 2357 2216 inquam,
2415 2161 2537 2199 nam
2583 2144 2629 2198 si
2671 2152 2889 2199 noverat
2926 2138 3265 2199 cruciﬁxum,
3320 2145 3499 2191 tamen

1910 2251 2068 2305 quem
2094 2252 2201 2291 non
2232 2236 2549 2291 meminerat
2575 2249 2749 2300 reum,
2774 2248 2880 2286 non
2905 2238 3113 2300 poterat
3138 2238 3320 2283 tenere
3350 2226 3500 2281 dant-

1910 2336 2093 2383 natum
2140 2346 2152 2381 :
2197 2328 2320 2397 quia
2372 2327 2583 2392 culpam
2632 2341 2737 2380 non
2782 2324 2903 2379 facit
2951 2338 3130 2392 paena,
3172 2321 3267 2376 sed
3313 2335 3496 2375 causa.

1910 2419 2075 2487 Quasi
2116 2419 2332 2474 solitum
2360 2419 2538 2474 cibum
2569 2418 2835 2487 pcrditqu
2869 2417 2920 2469 in
2954 2412 3137 2469 mundi
3167 2412 3374 2481 origine
3405 2411 3500 2464 ho-

1911 2509 2110 2565 minem
2163 2510 2467 2573 devoravit;
2497 2508 2590 2563 sed
2629 2522 2875 2578 magnam
2916 2520 3038 2561 esse
3080 2504 3184 2558 cibi
3225 2503 3391 2571 ipsius
3418 2501 3500 2555 di-

1910 2601 2165 2672 gnitatem
2218 2603 2499 2670 praefocata
2558 2601 2843 2671 cognovit,
2901 2611 3064 2668 atque
3111 2597 3232 2652 ideo
3285 2597 3501 2650 divinus

1910 2708 2092 2749 sermo
2114 2703 2539 2749 commemorat:
2570 2692 2638 2745 Et
2676 2684 2915 2763 prmcepit
2971 2689 3220 2743 Dominus
3268 2687 3417 2756 pisci,
3450 2696 3500 2740 et

1909 2787 2131 2838 evomuit
2157 2786 2350 2838 Jonam
2379 2785 2432 2838 in
2464 2783 2668 2837 aridam
2695 2782 2841 2851 (Jon.
2867 2798 2926 2847 tt,
2961 2781 3073 2851 ll).
3101 2779 3213 2833 lloc
3240 2778 3500 2832 debemus

1909 2876 2153 2943 accipere
2181 2874 2321 2944 quod
2350 2890 2417 2930 ex
2464 2874 2586 2929 imis
2607 2873 2905 2928 visceribus
2945 2872 3135 2925 mortis
3166 2869 3359 2923 victrix
3390 2866 3498 2921 vita

1910 2965 2187 3029 remeavit,
2212 2974 2374 3034 atque
2404 2979 2521 3019 eam
2552 2979 2618 3018 ex
2652 2965 2772 3018 imis
2803 2962 3117 3033 praecordiis
3145 2960 3338 3016 inferni
3371 2974 3497 3029 pcr-

1907 3055 2041 3109 ditio
2080 3055 2389 3112 exulcerata
2452 3053 2703 3109 reddidit.
2747 3054 3007 3107 Videmus
3050 3052 3229 3121 itaque
3275 3050 3327 3104 in
3375 3064 3500 3117 pro-

1912 3147 2084 3212 pin-tte
2130 3145 2509 3200 afﬂictionibus
2562 3144 2901 3214 apertissime
2932 3143 3327 3214 pra-figuratam
3356 3154 3500 3195 mor-

219 3232 473 3286 versione
492 3231 853 3295 vacuandam,
881 3230 1240 3301 profugusque
1268 3231 1532 3285 Tharsum
1566 3231 1804 3300 petebat,
1834 3229 1879 3288 C
1914 3245 2019 3289 tem
2071 3237 2272 3301 pariter
2330 3245 2386 3290 et
2442 3236 2918 3289 resurrectionem.
2964 3236 3303 3301 Quapropter
3354 3233 3499 3301 quod

217 3326 512 3395 ingreditur
535 3327 732 3392 navim,
776 3324 869 3379 sed
903 3326 1077 3378 nautis
1125 3334 1307 3378 exerta
1342 3332 1661 3391 tempestate
1694 3334 1806 3377 tur-

215 3415 377 3481 batis,
404 3426 550 3471 sorte
576 3415 824 3469 ﬂuctibus
850 3414 1023 3479 datur,
1057 3424 1110 3468 et
1139 3414 1382 3469 faucibus
1403 3415 1507 3469 ceti
1537 3414 1696 3481 piscis
1718 3414 1770 3467 di
1792 3445 1802 3455 -

216 3521 429 3563 mersus
447 3507 747 3575 excipitur;
779 3506 871 3561 sed
902 3506 1046 3573 pisce
1076 3505 1302 3561 illaesum
1334 3515 1613 3561 eructante
1638 3505 1804 3575 depo-

215 3597 404 3662 situm,
439 3598 595 3652 tertia
624 3595 709 3651 die
758 3600 916 3650 terris
945 3596 1267 3651 refunditur.
1302 3596 1487 3651 Videte
1521 3597 1801 3652 Dominum

214 3687 379 3740 etiam
408 3686 459 3740 in
485 3686 663 3742 Veteri
693 3684 1037 3742 Testamento
1060 3687 1110 3741 in
1128 3687 1270 3743 servi
1297 3689 1463 3742 forma
1486 3689 1803 3743 mirabiliter

214 3791 500 3846 apparere.
536 3777 722 3832 Videte
763 3777 1032 3847 quomodo
1067 3792 1127 3833 se
1154 3786 1280 3833 ante
1316 3779 1451 3832 actis
1480 3778 1691 3832 sicculis
1718 3779 1805 3848 je-

214 3859 414 3922 dicavit
438 3867 734 3921 secundum
764 3868 976 3922 servilis
1001 3869 1187 3922 formae
1216 3869 1573 3923 humilitatem
1606 3881 1800 3924 ventu-

212 3972 357 4011 rum.
389 3956 555 4012 Jonas
594 3959 726 4011 iram
758 3958 972 4016 Domini
1003 3958 1388 4027 praedicaturus
1438 3959 1507 4013 ad
1553 3974 1799 4029 magnam

211 4047 567 4102 Ninivitarum
620 4049 825 4115 urbem,
886 4049 1126 4103 dicturus
1169 4066 1181 4102 :
1221 4051 1407 4104 Adhuc
1458 4053 1802 4124 quadraginta

210 4138 323 4190 dies
351 4148 397 4190 et
428 4137 615 4192 Ninive
656 4140 974 4192 subvertetur
1022 4138 1170 4211 (Jan.
1206 4156 1295 4208 ιιι,
1327 4141 1420 4210 4);
1455 4151 1509 4196 et
1558 4142 1803 4197 Christus

211 4228 280 4282 ad
313 4230 492 4282 munzli
526 4231 750 4284 mittitur
776 4232 1069 4295 civitatem,
1106 4240 1163 4285 ut
1203 4233 1346 4288 diem
1376 4234 1566 4289 salutis
1586 4244 1639 4290 et
1666 4252 1803 4305 pra:-

212 4320 426 4373 finitum
454 4321 636 4389 judicii
665 4332 874 4389 tempus
903 4323 1207 4379 aununtiet.
1232 4324 1397 4380 Jonas
1428 4327 1607 4380 navim
1639 4342 1802 4395 expe-

212 4407 311 4469 tit,
365 4408 609 4462 Cln-isms
661 4410 978 4463 Ecclesium.
1037 4410 1200 4467 Jonas
1250 4412 1497 4467 [luctibus
1546 4417 1795 4484 agitatur,

209 4499 462 4553 Christus
486 4500 665 4553 llilllltll
696 4500 996 4569 turbi_n'.bus
1016 4511 1318 4559 exercetur.
1349 4503 1458 4558 Nisi
1482 4503 1648 4560 Jonas
1679 4523 1801 4576 pcr-

1913 3324 2187 3392 implctum
2219 3325 2400 3379 cernis
2429 3325 2481 3379 in
2511 3340 2689 3383 servo.
2731 3324 2953 3379 credere
2993 3340 3101 3378 non
3131 3324 3403 3378 cunctcris
3446 3324 3499 3377 in

1908 3413 2148 3469 domino.
2189 3416 2319 3481 Qum
2347 3430 2471 3471 cum
2496 3416 2568 3469 ita
2590 3418 2717 3482 sint,
2755 3416 3017 3486 perspice,
3058 3432 3091 3469 o
3120 3416 3301 3481 homo,
3332 3430 3500 3482 quan-

1910 3515 2018 3559 tum
2050 3507 2230 3562 valeas
2260 3517 2308 3561 et
2329 3509 2602 3578 perpende
2626 3509 2752 3578 quid
2782 3508 3005 3563 debeas.
3038 3507 3291 3578 Perspice
3325 3523 3499 3577 quan-

1910 3605 2019 3652 tum
2044 3598 2258 3665 valcas,
2282 3608 2339 3653 ut
2370 3600 2584 3656 tandem
2616 3600 2733 3655 vilis
2772 3616 2894 3657 οπερ
2922 3601 3015 3655 tibi
3042 3600 3277 3670 desinas,
3325 3612 3382 3655 ut
3417 3602 3500 3657 vel

1911 3704 2005 3755 per
2064 3690 2165 3745 hoc
2214 3690 2601 3746 erubescendis
2645 3692 2926 3760 subiacere
2973 3694 3115 3747 vitiis
3164 3694 3496 3763 dedigneris,

1907 3778 2031 3832 dum
2055 3782 2468 3849 generositatem
2500 3791 2643 3835 tuam
2668 3782 2735 3836 dc
2761 3782 3035 3838 Creatoris
3060 3795 3111 3838 et
3154 3782 3500 3853 Reparatoris

1909 3871 2076 3924 nostri
2128 3870 2387 3939 dignitate
2426 3872 2651 3926 metiris.
2699 3872 2869 3926 [labet
2912 3886 3102 3927 causas
3146 3875 3340 3943 qubus
3383 3875 3501 3942 ipse

1905 3958 2266 4015 confundatur
2312 3975 2411 4016 cur
2438 3962 2670 4031 indignis
2708 3961 2943 4016 dominis
2975 3963 3119 4016 victo
3164 3964 3328 4017 corde
3374 3965 3492 4018 sub-

1906 4050 2087 4116 datur,
2122 4053 2207 4106 cui
2239 4051 2410 4121 gloria
2442 4063 2647 4106 mterna
2693 4052 3045 4121 promittitur,
3080 4067 3142 4108 ac
3178 4056 3255 4108 sic
3284 4055 3507 4123 gt-mitto

1908 4141 2206 4211 privilegio,
2235 4143 2325 4212 qui
2352 4142 2552 4197 dudum
2581 4144 2775 4198 divina:
2807 4144 3056 4214 imaginis
3086 4146 3506 4216 participatione

1905 4234 2135 4287 efficeris
2166 4235 2325 4288 etiam
2378 4235 2682 4290 commercii
2729 4236 3007 4291 nobilitate
3045 4238 3333 4307 pretiosus.
3371 4238 3502 4292 Vide

1904 4338 2062 4391 quam
2105 4322 2261 4377 fortis
2290 4338 2411 4378 esse
2438 4326 2620 4395 possis
2646 4335 2833 4381 contra
2867 4330 3075 4381 hostem
3118 4337 3288 4393 tuum,
3334 4330 3501 4384 inter-

1907 4427 2034 4482 roga
2086 4424 2284 4468 statum
2317 4422 2487 4481 tuum,
2516 4416 2658 4486 quod
2694 4416 2788 4471 tibi
2838 4419 3095 4474 Dominus
3123 4420 3186 4473 ad
3223 4421 3501 4475 debellau-

1905 4506 2028 4560 dum
2071 4508 2122 4561 in
2147 4508 2402 4563 membris
2433 4512 2541 4563 tuis
2569 4509 2753 4563 mundi
2777 4511 3071 4579 principem
3104 4525 3167 4566 ac
3191 4512 3500 4580 spirituales

208 4587 382 4641 ditum
412 4588 589 4655 detur,
620 4590 886 4660 naufraga:
914 4593 1063 4647 navis
1086 4595 1383 4663 periculum
1412 4610 1516 4651 non
1548 4599 1794 4665 sedatur;
1826 4592 1878 4652 Ι)
1906 4600 2171 4667 nequitias
2201 4601 2535 4669 superandus
2566 4601 2787 4656 liberam
2820 4603 3047 4656 contulit
3078 4602 3413 4670 facultatem;
3438 4620 3500 4660 ac

210 4680 306 4734 Sic
328 4695 429 4732 non
447 4680 697 4735 liberatur
716 4681 976 4749 Ecclesia,
992 4684 1091 4738 nisi
1113 4683 1312 4740 Christi
1338 4696 1509 4741 morte
1529 4689 1791 4744 salvetur.

215 4769 407 4824 Nauta:
446 4771 717 4826 dimissuri
746 4773 935 4828 Jonam
974 4786 1151 4831 tamen
1183 4788 1435 4832 verentur
1478 4788 1532 4832 et
1572 4780 1793 4836 dicunt:

211 4857 457 4927 Domine,
480 4878 543 4915 ne
564 4863 654 4916 des
674 4881 832 4929 super
846 4881 938 4919 nos
956 4869 1253 4937 sanguinem
1266 4869 1579 4924 innocentem
1594 4870 1736 4940 (Jan.
1756 4889 1793 4940 t,

212 4948 329 5011 M).
363 4950 547 5006 Nonne
578 4953 728 5009 vobis
759 4955 969 5010 videtur
994 4970 1276 5012 nautarum
1307 4961 1618 5030 imprecatio
1639 4961 1795 5020 Pilati

208 5055 335 5096 csse
363 5041 650 5103 confessio.
681 5047 766 5116 qui
798 5048 1018 5102 tradidit
1038 5049 1341 5118 Christum,
1369 5062 1425 5106 ct
1452 5062 1629 5108 tamen
1652 5055 1796 5111 lavat

216 5149 410 5189 manus
428 5150 570 5200 suas,
589 5149 641 5191 et
659 5139 814 5193 dicit:
842 5140 1067 5195 Mundus
1095 5159 1187 5212 ego
1208 5160 1323 5197 sum
1350 5160 1381 5197 a
1402 5147 1653 5215 sanguine
1666 5149 1802 5216 justi

206 5226 366 5298 hujus
404 5227 616 5293 (Matth.
653 5245 819 5297 xxvn,
844 5233 978 5303 Si)?
1008 5236 1177 5302 Quam
1219 5251 1457 5305 congrue
1488 5253 1583 5306 per
1616 5254 1801 5307 perso-

206 5336 335 5377 nam
359 5331 386 5359 ι
407 5326 654 5392 gentilem
676 5326 806 5380 fides
824 5330 1062 5396 gentium
1081 5330 1435 5397 praedicatur!
1461 5331 1597 5387 Dicit
1620 5333 1797 5401 itaque

205 5410 372 5467 Jonas
403 5412 710 5467 innratioue
748 5430 843 5470 sua
871 5434 884 5471 :
919 5417 1061 5474 Tolle
1082 5421 1258 5489 igitur,
1287 5420 1525 5488 Domine,
1558 5422 1783 5475 animam

205 5516 392 5569 meam,
412 5505 533 5575 quia
554 5506 730 5559 tttelior
747 5518 818 5561 ρει
843 5510 966 5563 milii
987 5528 1123 5566 mors
1143 5530 1296 5577 quam
1317 5514 1417 5567 vita
1440 5512 1584 5584 (Jan.
1609 5529 1681 5583 tv,
1702 5515 1777 5585 3).

333 5792 429 5853 l‘cr
456 5796 706 5862 gentilem
735 5813 1016 5863 [hilSJtidtll
1049 5803 1294 5870 intelligit
1326 5803 1571 5859 Pilatum.

1906 4692 1985 4745 sic
2015 4690 2347 4760 impossibile
2379 4707 2484 4746 non
2514 4701 2691 4763 putes,
2741 4702 2793 4750 ut
2846 4696 3123 4752 transferri
3154 4697 3399 4753 obtinens
3446 4698 3499 4753 in

1906 4784 2174 4852 angelicas
2202 4783 2584 4851 beatitudines,
2618 4802 2739 4842 cum
2764 4788 2863 4843 hoc
2886 4790 3084 4846 StBClllO
3106 4792 3375 4862 angelicas
3406 4792 3502 4848 de-

1908 4877 2107 4935 viceris
2134 4888 2451 4948 potestates.
2477 4881 2590 4936 Nou
2612 4897 2741 4951 ergo
2770 4892 2821 4938 te
2853 4884 3169 4954 tlcgetzcrcm
3213 4901 3276 4939 ac
3300 4886 3497 4954 despe-

1903 4981 2047 5025 ctum
2076 4972 2233 5024 faciat
2257 4972 2385 5035 vita,
2418 4988 2575 5041 quem
2602 4974 2685 5026 vel
2709 4974 2911 5029 faetnra
2944 4976 3199 5043 probatur
3233 4977 3495 5031 illustrem

1911 5062 2197 5130 protulisse
2238 5062 2321 5117 vel
2358 5064 2549 5133 gratia,
2602 5064 2696 5117 sed
2728 5078 2944 5118 cursum
2976 5068 3158 5121 fideles
3187 5066 3385 5122 Christi
3430 5069 3497 5121 ad

1908 5166 2141 5221 superna
2175 5152 2497 5206 fiducialiter
2526 5154 2813 5208 extollant.
2860 5156 2989 5208 Nam
3039 5158 3129 5226 qui
3185 5172 3244 5212 se
3288 5158 3497 5212 cwlcsti

1911 5244 2089 5312 pretio
2119 5244 2303 5300 vident
2356 5246 2664 5314 redemptos
2714 5246 2778 5299 ad
2809 5247 3049 5302 cmlcstia
3107 5263 3212 5303 non
3253 5249 3497 5304 dubitant

1906 5346 2255 5405 prmparatos.

2235 5427 2463 5500 Ea‘plicit
2492 5430 2705 5484 ltomt'lia
2723 5434 2882 5485 sancti
2910 5430 3170 5487 Faustini.
