4516 6464
729 497 824 552 HI
1969 484 2298 542 JUIJSNUS
2339 484 2705 540 I’OMEHILS.

3878 487 3980 540 ιω

726 602 2050 640 W

1914 710 2207 756 nam:
2250 708 2501 754 sacrm
2545 709 2782 764 QUINTO

827 1107 830 1114 ι
1001 846 3680 1152 JULIANU§___POMEBIUS.

1908 1257 2485 1329 l’ROLEGOM
2501 1256 2744 1328 ENA.

1963 1521 2290 1585 NOTITIA
2333 1521 2449 1581 EX
2493 1514 2730 1597 CAVE.

799 1637 1032 1690 lulianus
1063 1629 1347 1693 Pomerius,
1377 1636 1523 1699 gente
1563 1625 1800 1691 Maurus,
1831 1626 1883 1679 in
1903 1623 2129 1679 Galliam
2165 1638 2288 1694 pro-
2321 1626 2372 1686 Α
2401 1620 2547 1675 libris
2567 1619 2600 1674 8
2622 1619 2683 1672 de
2700 1618 2892 1670 Anima
2916 1617 3021 1685 [ere
3043 1613 3271 1682 excerpti
3289 1621 3428 1667 sunt.
3453 1609 3674 1680 Scripsit
3700 1606 3850 1661 etiam
3876 1613 3979 1699 trac-

727 1731 886 1798 lectus
912 1724 965 1777 in
996 1722 1198 1776 civitate
1235 1718 1516 1773 Arelatensi
1557 1715 1784 1770 schola‘n
1826 1715 2131 1769 rhetoricam
2164 1728 2291 1783 aps-

729 1814 847 1875 ruit,
891 1829 952 1864 ac
979 1811 1184 1864 demum
1223 1808 1478 1879 presbyter
1517 1807 1781 1860 ordinatus
1815 1813 1909 1860 est.
1936 1801 2135 1859 Claruit
2158 1804 2295 1860 circa

725 1921 813 1957 an.
838 1902 962 1958 498.
998 1900 1132 1953 Eum
1164 1899 1427 1953 sanctitate
1457 1898 1572 1952 vita:
1594 1907 1641 1952 et
1667 1897 1871 1965 scriptis
1897 1895 2122 1965 quotidie
2145 1895 2298 1950 editis

725 1992 993 2046 eminuisse
1028 1989 1185 2059 ﬁdem
1226 1988 1349 2058 facit
1393 1987 1689 2044 Gennadius
1738 1985 1841 2055 (De
1876 1984 2070 2057 Script.
2108 2001 2155 2038 c.
2177 1983 2292 2054 98),

724 2100 824 2151 quo
863 2091 1088 2152 tempore
1135 2080 1437 2150 Catologum
1484 2095 1629 2133 suum
1675 2080 1768 2132 iste
1806 2078 2010 2131 clausit.
2077 2075 2299 2145 Scripsit

729 2173 886 2226 libros
907 2172 942 2226 8
968 2171 1031 2224 de
1051 2172 1262 2235 Anima,
1303 2185 1519 2238 quorum
1544 2177 1843 2236 argumenta
1881 2166 2149 2234 sigillatim
2177 2181 2300 2220 enu-

2402 1718 2595 1764 ctatum
2620 1707 2682 1762 de
2702 1706 2907 1763 Centena
2914 1715 3004 1776 ptu
3029 1703 3208 1759 mundi
3223 1720 3284 1757 ac
3299 1717 3472 1757 rerum
3496 1700 3893 1755 transiturarum
3912 1695 3980 1748 ad

2407 1804 2749 1875 Principium,
2767 1811 2813 1855 et
2829 1802 2990 1856 alium
3008 1801 3071 1854 de
3091 1798 3241 1854 Vitiis
3251 1806 3300 1850 et
3319 1795 3627 1856 Virtutibus,
3643 1792 3870 1848 libellum
3889 1789 3983 1840 ad-

2406 1898 2502 1950 huc
2519 1897 2582 1950 de
2601 1894 2893 1965 Virginibus
2913 1889 3257 1956 instituendis,
3279 1905 3394 1959 qua:
3413 1888 3734 1941 interierunt.
3761 1882 3982 1938 Unicum

2406 1989 2518 2059 ejus
2531 1994 2758 2055 superest
2785 2001 2915 2054 opus
2931 1986 2993 2037 de
3017 1983 3132 2036 Vita
3150 1979 3558 2048 contemplativa,
3577 1978 3682 2032 sive
3709 1975 3773 2030 de
3797 1977 3984 2044 futura

2413 2077 2544 2132 Vitis
2568 2067 3024 2146 contempla'tione,
3068 2076 3146 2129 rel
3175 2075 3240 2127 de
3275 2071 3465 2125 actuali
3512 2068 3892 2124 courersatioue
3929 2069 3982 2118 in

2403 2179 2501 2223 tres
2526 2169 2682 2222 libros
2702 2169 2956 2234 diuisum;
2983 2166 3122 2236 quod
3154 2163 3410 2235 Prospero
3423 2161 3576 2232 vulgo
3605 2172 3871 2230 perperam
3905 2155 3984 2208 in-

730 2271 922 2315 rurant
943 2259 1238 2315 Gennadius
1261 2269 1307 2313 et
1345 2257 1576 2319 Isidorus
1607 2255 1708 2328 (De
1729 2257 1922 2328 Script.
1946 2273 1994 2311 e.
2023 2256 2135 2328 η),
2159 2267 2211 2311 et
2241 2259 2294 2313 in
2399 2262 2670 2331 scriptum,
2704 2260 2839 2314 inter
2875 2275 3028 2327 opera
3059 2258 3205 2311 istius
3230 2255 3408 2309 haberi
3428 2255 3578 2318 solet,
3627 2268 3690 2306 ac
3719 2249 3815 2305 sub
3844 2248 3987 2303 illius

727 2355 856 2408 libro
894 2353 1118 2407 secundo
1153 2352 1217 2406 de
1253 2350 1598 2423 Corporeitate
1640 2353 1826 2420 animo:
1873 2350 2159 2420 disputasse
2195 2365 2292 2402 no-

725 2454 854 2497 tant.
884 2441 1141 2507 Quantum
1162 2457 1280 2497 vero
1298 2457 1362 2497 ea:
1386 2441 1695 2512 argumentis
1719 2440 1855 2494 hisce
1878 2441 2154 2512 conjectari
2182 2440 2298 2494 lict

725 2533 877 2603 (opus
901 2533 1034 2587 enim
1075 2547 1205 2586 nunc
1246 2548 1348 2586 non
1377 2529 1630 2601 superest)
1659 2531 1743 2584 isti
1782 2531 1922 2592 libri.
1975 2547 2038 2584 ex
2069 2528 2296 2584 Nemesii

2401 2351 2606 2404 nomine
2623 2351 2834 2404 seorsim
2861 2349 3048 2418 prodiit
3069 2363 3204 2401 anno
3223 2346 3360 2402 μετ
3377 2353 3424 2401 et
3447 2345 3630 2399 Col-in.
3663 2340 3804 2396 1556
3821 2336 3983 2394 in-8'.

2409 2439 2694 2508 Prologum
2721 2440 2886 2511 aperis
2915 2440 3064 2493 istius
3091 2438 3372 2494 secundum
3391 2436 3586 2507 primus
3609 2432 3766 2488 edidit
3789 2429 3984 2486 Dacis-

2407 2533 2513 2584 rius
2538 2531 2787 2604 Spicileg.
2815 2543 2940 2586 tom.
2962 2531 3103 2587 XIII.

867 2631 3906 2674 ______________________________.._._

1959 2833 1964 2837 ι
2033 2749 2658 2828 ADMONITIO

1265 2922 1676 3024 LIBBIS
1739 2921 1896 3022 DE
1953 2918 2259 3026 VITA
2325 2918 3428 3026 CONTEMPLATIVA

1887 3111 1934 3159 Δ
1960 3110 2447 3174 ΙΑΝΕΒΔΠἮΟ
2481 3111 2822 3161 ρωιμ

1425 3236 1494 3293 IN
1529 3236 1661 3294 SUA
1698 3237 1754 3295 S.
1798 3236 2131 3294 PROSPERI
2168 3239 2495 3308 AQUITA‘NI
2532 3241 2907 3300 PARISIENSI
2944 3242 3278 3301 EDITIONE.

800 3489 864 3543 lu
896 3487 1228 3557 appendicem
1269 3484 1533 3555 rejicimus
1562 3483 1725 3551 primo
1755 3484 1864 3536 loco
1893 3482 2049 3536 libros
2075 3481 2205 3536 duos
2234 3482 2297 3536 de
2325 3488 2373 3547 B
2398 3484 2492 3538 teni
2514 3484 2871 3554 scriptoribus.
2902 3483 3254 3538 Nihilominus
3281 3492 3450 3538 tamen
3467 3483 3620 3540 hodie
3642 3494 3843 3540 constat
3863 3488 3997 3542 inter

739 3578 856 3634 Vita
884 3576 1293 3646 contemplativa,
1329 3577 1456 3642 opus
1484 3574 1599 3628 licet
1617 3573 1820 3645 elegans
1847 3580 1895 3624 et
1927 3587 2050 3640 pene
2075 3572 2302 3625 omnium

729 3669 968 3723 laudibus
987 3665 1457 3731 celebratissimum,
1484 3671 1636 3733 atque
1662 3665 1726 3716 ab
1749 3663 1898 3718 annis
1917 3665 2216 3734 octingentis
2235 3664 2305 3716 ad

730 3761 956 3812 nostram
998 3771 1157 3825 usque
1186 3765 1382 3809 cetatem
1410 3762 1588 3808 sancto
1629 3754 1891 3821 Prospero
1934 3763 2202 3808 assertum.
2229 3755 2302 3808 Ab

727 3861 902 3904 octavo
927 3862 1145 3916 namque
1171 3845 1358 3898 sa'culo
1380 3845 1544 3897 medio
1570 3843 1837 3914 scriptores
1859 3843 2049 3897 inventi
2074 3854 2191 3898 sunt
2214 3845 2303 3913 qui

726 3940 819 3994 sub
841 3939 1062 3992 auctoris
1091 3937 1250 3990 nostri
1279 3937 1482 3990 nomine
1510 3952 1638 4004 Opus
1660 3937 1793 3990 istud
1804 3936 2112 3990 laudavere.
2135 3933 2301 3990 Chro-

729 4032 997 4098 dcqangus
1037 4029 1172 4080 enim
1212 4025 1452 4080 Metenst
1499 4027 1797 4096 episcopus,
1852 4029 1940 4101 qui
1977 4026 2069 4080 illo
2115 4029 2303 4080 swculo

731 4123 965 4190 ﬂorebat,
995 4128 1043 4174 et
1072 4119 1242 4171 studio
1281 4104 1532 4185 regularis
1569 4117 1884 4182 disciplinas,
1914 4117 1997 4170 cui
2034 4118 2305 4170 canonicos

731 4211 975 4265 Ecclesia:
1003 4225 1110 4264 sua
1148 4209 1294 4262 subdi
1335 4207 1526 4272 voluit,
1574 4207 1852 4262 admodum
1893 4209 2306 4265 corrunendabilis

728 4279 953 4367 exstitit:
963 4302 1015 4354 in
1038 4301 1214 4371 regula
1238 4300 1620 4368 canonicorum,
1643 4299 1954 4369 Prosperum
1982 4302 2223 4355 librorum
2241 4303 2305 4357 de

740 4392 857 4447 Vita
901 4392 1291 4459 conternplatiua
1333 4399 1588 4444 auctorem
1633 4390 1856 4460 agnouit.
1899 4389 2046 4444 Idem
2097 4400 2300 4458 prantat

728 4483 893 4537 Jonas
930 4481 1308 4534 Aurelianensis
1333 4481 1620 4549 episcopus,
1654 4480 1740 4549 qui
1774 4479 1948 4549 ﬂoruit
1976 4481 2070 4534 sub
2094 4482 2304 4552 pontiﬁ-

731 4585 848 4628 catu
875 4573 1089 4644 Euganii
1112 4571 1172 4626 ll
1193 4583 1238 4626 et
1253 4571 1484 4642 Gregorii
1513 4569 1631 4636 ΙΙΙ,
1654 4573 2019 4642 imperantibus
2051 4571 2304 4627 Ludovico

734 4665 829 4720 Pio
850 4677 896 4720 et
918 4663 1102 4719 Carolo
1132 4662 1306 4727 Caluo,
1329 4664 1384 4716 id
1413 4673 1485 4716 est
1513 4661 1700 4717 seculo
1727 4664 1971 4731 sequenti,
2006 4664 2058 4716 in
2088 4663 2215 4718 libro
2240 4665 2302 4718 de

733 4755 908 4810 laicali
946 4753 1296 4813 Institutione.
1326 4753 1411 4823 qui
1445 4753 1666 4820 primum
1699 4753 1864 4807 editus
1908 4765 1978 4808 est
2007 4755 2058 4807 in
2080 4755 2244 4808 lucem
2266 4770 2299 4807 a

2407 3573 2634 3626 eruditos
2661 3589 2764 3626 non
2787 3589 2893 3628 esse
2927 3572 3168 3643 Prospcri
3195 3572 3349 3626 hocce
3375 3588 3504 3642 Opus
3525 3572 3588 3628 de
3622 3573 3741 3629 Vita
3766 3584 3991 3630 content—

2404 3662 2616 3732 plativa,
2648 3679 2740 3716 nec
2763 3664 2828 3717 iis
2849 3663 3029 3735 religio
3059 3665 3153 3733 fuit
3175 3673 3277 3717 tam
3313 3664 3538 3734 antiquis
3567 3674 3770 3735 tamque
3796 3666 3989 3720 idoneis

2406 3755 2614 3808 testibus
2637 3755 2792 3820 ﬁdem
2822 3756 3086 3825 derogare,
3110 3766 3158 3810 et
3189 3757 3344 3812 libros
3381 3757 3613 3826 proxime
3644 3757 3991 3829 subjiciendos

2405 3846 2604 3913 parenti
2633 3846 2782 3899 alteri
2809 3848 3094 3912 ascribere,-
3120 3845 3332 3902 Jaliano
3361 3848 3552 3902 scilicet
3588 3849 3674 3902 cui
3707 3864 3989 3920 cognomen

2403 3946 2515 3988 erat
2546 3935 2800 3999 Pomaria,
2833 3938 3039 3991 natione
3074 3937 3259 3991 Mauro
3279 3978 3294 4002 ,
3326 3939 3416 4009 qui
3443 3939 3649 3993 Arelate
3682 3939 3990 3993 rhetoricam

2405 4040 2519 4077 cum
2550 4041 2733 4094 magna
2760 4027 2913 4091 [amat
2954 4027 3109 4081 laude
3149 4028 3356 4093 docuit,
3393 4029 3776 4099 ouditoremque
3816 4029 3990 4085 habuit

2407 4110 2687 4166 Censorium
2721 4111 2968 4183 Magnum
2998 4117 3224 4186 ejusdem
3259 4117 3397 4173 urbis
3437 4129 3612 4186 postea
3659 4121 3988 4189 episcopum.

2406 4210 2462 4253 ut
2481 4210 2693 4255 testatur
2721 4203 2943 4271 ejusdem
2969 4207 3131 4258 sancti
3159 4206 3415 4276 pontificis
3453 4208 3582 4262 Vita:
3609 4209 3756 4264 liber.

2477 4292 2656 4362 Hujus
2697 4309 2852 4360 porro
2897 4297 3159 4349 sententia:
3209 4301 3529 4368 probationes
3568 4310 3847 4371 suppetunt
3888 4318 3992 4356 non

2410 4398 2604 4438 vaucw.
2632 4383 2794 4448 Nam,
2825 4385 2876 4440 1°
2893 4394 2947 4437 ut
2967 4401 3032 4440 ea:
3055 4386 3320 4454 ipsiusmet
3342 4390 3562 4444 auctoris
3589 4393 3878 4446 testimonio
3902 4409 3985 4446 ar-

2409 4483 2702 4545 gumentum
2727 4477 2949 4546 primum
2976 4477 3243 4544 ducamus,
3268 4489 3448 4534 auctor
3473 4484 3567 4538 iste
3588 4484 3747 4553 (quod
3781 4485 3990 4538 solerter

2407 4575 2526 4620 ante
2543 4583 2714 4622 omnes
2735 4568 3011 4623 observavit
3032 4568 3148 4624 Jac.
3175 4571 3483 4629 Sirmondus
3504 4576 3557 4629 in
3573 4579 3705 4632 notis
3724 4579 3794 4630 ad
3808 4578 3992 4649 Aquis-

2406 4672 2656 4726 granense
2680 4659 2972 4729 concilium)
3009 4661 3205 4718 Hilarii
3231 4665 3562 4737 Arelatensis,
3593 4670 3680 4736 qui
3706 4669 3830 4723 obiit
3855 4687 3991 4724 anno

2405 4747 2534 4814 449,
2567 4751 2744 4804 laudes
2778 4755 3024 4822 contexit,
3066 4754 3155 4807 lib.
3187 4771 3243 4819 ιι,
3277 4773 3396 4826 cap.
3433 4759 3502 4825 9,
3528 4761 3680 4830 quasi
3698 4761 3809 4826 eius
3843 4778 3993 4828 quem

735 4846 1021 4899 doctissimo
1057 4845 1163 4897 viro
1197 4843 1260 4898 0.
1309 4842 1448 4896 Luca
1469 4843 1684 4898 Acherio
1711 4844 1960 4898 monacho
1991 4845 2301 4915 Sangerma-
2334 4849 2382 4913 ο
2411 4843 2559 4912 longe
2591 4852 2710 4896 ante
2756 4842 2888 4898 diem
2936 4863 3234 4913 supremum
3277 4850 3459 4904 abiisse
3502 4852 3748 4919 supponit
3796 4842 3825 4906 ς’
3857 4857 3994 4922 quod

734 4935 900 4999 nensi,
922 4933 1114 4988 ordinis
1146 4932 1207 4987 S.
1239 4931 1502 4986 Benedicti
1531 4933 1939 5005 congregationis
1962 4933 2023 4988 S.
2051 4932 2223 4988 Mauri
2250 4936 2304 4988 in

732 5037 872 5078 tomo
901 5023 926 5077 l
960 5024 1037 5078 sui
1067 5025 1367 5091 scriptorum
1401 5032 1620 5078 veterum
1652 5023 1935 5094 Spicilegii.
1978 5023 2105 5076 Tum
2140 5025 2308 5078 conci-

731 5119 859 5170 lium
889 5115 1290 5184 Aquisgranease
1321 5115 1413 5168 sub
1443 5114 1618 5168 eodem
1659 5114 1914 5168 Ludovico
1945 5113 2044 5168 Pio
2073 5118 2125 5169 in
2153 5133 2307 5168 causa

730 5207 959 5280 ejusdem
980 5206 1339 5259 canonicornm
1363 5207 1694 5260 institutionis
1713 5207 2015 5262 celebratum
2043 5224 2180 5261 anno
2202 5208 2306 5263 818

733 5297 850 5351 huic
888 5298 1118 5368 apiniom'
1155 5298 1318 5368 facere
1343 5297 1574 5361 videtur,
1617 5314 1732 5351 cum
1779 5299 1928 5353 hosce
1957 5308 2205 5354 tractatus
2251 5311 2308 5354 ut

737 5387 1106 5454 Prospen’anos
1148 5397 1381 5457 usurpat,
1411 5404 1511 5441 non
1547 5404 1690 5442 secus
1726 5405 1786 5442 ac
1827 5391 2102 5445 concilians
2137 5389 2331 5454 Paria

733 5480 897 5532 siense
915 5488 1108 5532 sextum
1136 5478 1227 5532 sub
1254 5479 1428 5532 eodem
1456 5479 1759 5547 imperatore
1793 5489 1906 5549 post
1932 5497 2094 5535 annos
2139 5485 2308 5536 trede-

731 5570 830 5620 cim
849 5577 1094 5622 coactum.
1131 5567 1266 5636 Quin
1294 5567 1446 5620 etiam
1473 5568 1593 5622 huic
1619 5571 1760 5638 aperi
1789 5571 2086 5640 inscriptum
2115 5574 2307 5643 legitur

740 5657 863 5710 Pros
871 5659 975 5724 peri
995 5675 1172 5712 nomen
1194 5661 1246 5711 in
1267 5661 1621 5728 manuscriptis
1641 5661 1897 5716 codicibus
1917 5664 2142 5731 ejusdem
2175 5676 2308 5720 αντα-

737 5749 817 5809 tis,
840 5761 882 5801 et
907 5751 960 5802 in
982 5750 1130 5804 editis
1165 5749 1533 5820 antiquioribus
1560 5749 1769 5805 habetur
1794 5753 2064 5807 insertum.
2091 5753 2183 5809 Ita
2212 5759 2299 5810 de-

737 5841 880 5907 nique
898 5842 1158 5909 creditum,
1173 5842 1315 5897 nullo
1335 5844 1643 5913 refragante,
1664 5847 1723 5898 ob
1753 5845 1984 5900 omnibus
2005 5848 2299 5916 posterioris

2409 4944 2543 4988 certe
2553 4937 2767 5006 aqualis
2781 4935 2986 4991 Hilario
3009 4937 3229 5009 Prosper
3242 4956 3467 4996 asserere
3486 4942 3804 5010 nequivisset.
3821 4946 3994 4999 Addes

2408 5026 2581 5092 etiam,
2604 5027 2645 5080 si
2663 5027 2886 5092 libuerit,
2906 5043 3015 5082 eam
3035 5030 3280 5083 rationem
3292 5048 3446 5102 quam
3458 5042 3598 5103 urget
3621 5033 3697 5088 II.
3725 5033 3777 5087 Ν
3780 5035 3990 5100 orisius,

2409 5119 2546 5188 quod
2575 5135 2752 5191 nempe
2783 5118 3008 5190 Prosper
3036 5137 3137 5176 non
3157 5123 3228 5176 ita
3248 5124 3522 5178 liberaliter
3549 5142 3666 5180 eum
3711 5128 3991 5191 laudasset,

2409 5226 2554 5278 quem
2585 5212 2694 5282 ipse
2737 5213 2789 5264 in
2832 5212 3014 5267 litteris
3044 5214 3113 5267 ad
3148 5216 3486 5288 Augustinum
3513 5227 3724 5274 testatur
3745 5221 3798 5272 in
3827 5220 3994 5272 sancti

2415 5300 2647 5353 doctoris
2668 5301 2854 5371 gratia:
2877 5302 3346 5362 doctrinaruminus
3371 5322 3716 5379 prepensum;
3737 5310 3844 5362 etsi
3859 5312 3994 5365 aliae

2413 5394 2606 5446 meritis
2645 5396 2874 5463 clarum,
2911 5402 3184 5465 pra'cipua'
3210 5399 3547 5466 auctoritatis,
3577 5410 3625 5454 et
3648 5401 3995 5471 spiritualium

2410 5485 2698 5539 studiorum
2730 5488 2894 5542 cirum
2921 5487 3081 5557 fuisse
3107 5490 3431 5559 proﬁteatur.

2482 5577 2610 5631 Alite
2629 5578 2834 5649 insuper
2855 5589 3134 5650 suppetunt
3157 5583 3408 5650 rationes,
3434 5597 3552 5654 qua:
3577 5583 3700 5638 dum
3726 5600 3855 5656 opus
3879 5601 3993 5639 vero

2409 5669 2605 5721 auctori
2626 5669 2915 5736 resritutmt,
2950 5674 3232 5727 necessario
3253 5673 3388 5728 illud
3427 5676 3664 5744 deinceps
3689 5665 3990 5749 a-Prospesi

2411 5757 2646 5824 operibus
2685 5775 2888 5814 omnino
2933 5774 3217 5836 secernunt.
3263 5766 3334 5820 Ae
3370 5766 3590 5835 primum
3640 5767 3700 5824 S.
3756 5769 3990 5824 Isidorus

2410 5848 2537 5902 libro
2567 5849 2628 5901 de
2662 5849 3007 5920 Scriptoribus
3053 5856 3420 5926 ecclesiasticis,
3464 5874 3580 5928 cap.
3616 5859 3704 5927 12,
3737 5863 3990 5929 explicate
