4516 6408
237 412 340 472 ιιδ

1651 406 2194 467 PROLEGOMENA.

3416 413 3524 470 ili

234 524 386 579 libros
407 524 522 577 illos
549 522 764 577 Juliauo
790 520 1026 578 Pomerio
1053 524 1282 587 ascribit,
1305 523 1385 578 his
1410 523 1609 577 verbis:
1630 541 1648 574 ι
1673 521 1816 576 Alios
1848 522 1895 579 Λ
1925 520 2081 588 giosa
2119 518 2385 574 sodalitati
2430 518 2662 589 defuncti
2709 519 2905 575 abbatis
2945 520 3056 574 loco
3086 520 3386 588 suffectum,
3420 542 3523 579 non

234 628 429 683 quoque
442 622 539 668 tres
561 612 719 668 libros
738 613 896 669 edidit
916 613 1184 681 defutura
1206 615 1320 667 vita
1340 606 1815 681 Contemplatione,

233 705 307 761 rel
330 708 547 762 actualis
572 708 978 771 conversatione,
1014 724 1108 761 nec
1146 724 1248 761 non
1286 708 1440 760 etiam
1481 707 1545 760 de
1586 703 1741 759 Vitiis
1771 713 1818 756 et

208 870 211 871 ν
240 795 523 852 Virtutibus
544 812 564 851 :
596 816 616 849 ι
638 813 740 867 qua
774 807 907 851 certe
934 798 1219 852 recensione
1248 799 1412 851 omnis
1450 811 1619 866 opera
1644 793 1819 848 distri-

232 892 369 945 butio
388 900 436 944 et
461 892 617 945 totius
646 899 891 944 tractatus
913 890 1057 945 istius
1099 898 1456 959 argumentum
1488 888 1822 951 describitur,

232 990 285 1034 ut
306 996 368 1033 es:
389 979 654 1033 libritertii
674 980 977 1048 prafatione
997 978 1186 1032 clarius
1204 978 1557 1049 perspicietur.
1581 974 1643 1029 2°
1668 972 1822 1027 Lau-

231 1077 388 1126 datus
424 1073 534 1142 jam
574 1069 881 1126 Sirmondus
907 1070 1130 1124 codicem
1170 1085 1266 1125 ms.
1298 1070 1486 1123 vidisse
1513 1084 1568 1122 se
1599 1077 1817 1120 testatur

231 1160 319 1231 qui
346 1163 513 1231 fuerat
540 1161 671 1214 alias
697 1160 763 1215 S.
803 1158 1085 1214 Saluatoris
1110 1159 1416 1213 vicecomitis
1435 1197 1454 1225 ,
1483 1169 1659 1224 postea
1700 1174 1815 1211 vero

233 1252 333 1321 fuit
372 1250 705 1304 illustrissimi
746 1249 1119 1316 doctissimique
1150 1248 1523 1319 archiepiscopi
1576 1246 1818 1300 Tolosani

232 1338 409 1395 Caroli
426 1340 491 1393 de
522 1336 805 1404 Montchal,
834 1340 888 1393 in
910 1354 1011 1410 quo
1054 1336 1177 1392 libri
1204 1339 1308 1403 illi,
1337 1336 1545 1392 Iuliani
1583 1336 1820 1393 Pomerii

232 1432 441 1487 nontine
459 1430 860 1501 pratitulantur.
884 1427 950 1483 Et
976 1430 1153 1483 eodem
1178 1429 1283 1497 fide
1313 1428 1617 1499 dignissimo
1649 1443 1822 1482 asser-

233 1537 376 1593 tore,
410 1527 465 1580 in
509 1522 818 1581 Collectione
867 1539 1124 1577 canonum
1169 1522 1358 1576 codicis
1401 1522 1814 1590 Andegavensis,

231 1627 413 1676 sancto
432 1616 696 1681 Pomaria,
719 1617 797 1671 sic
809 1616 943 1670 enim
964 1622 1128 1679 vocat,
1154 1628 1336 1667 rursus
1354 1613 1678 1667 ascribuntur
1707 1622 1817 1666 tra-

231 1718 402 1765 ctatus
417 1707 688 1762 illinostri.
718 1708 945 1760 Alterum
965 1706 1181 1759 subinde
1199 1712 1407 1757 nactum
1432 1719 1486 1757 se
1507 1712 1723 1757 testatur
1752 1703 1816 1759 1³.

235 1798 542 1866 Qucsnellus
585 1796 639 1851 in
685 1794 989 1849 bibliotheca
1029 1793 1250 1848 abbatia
1298 1792 1459 1848 beata
1518 1792 1706 1847 Maria
1757 1793 1823 1848 de

1925 612 2067 665 inani
2099 612 2232 682 forte
2283 614 2575 682 conjectura
2619 614 2898 681 inferemus
2937 613 3087 667 illum
3117 613 3335 667 Juliano
3362 620 3524 687 magi-

1923 712 2031 755 stro
2059 702 2319 771 quondam
2349 718 2443 755 suo
2462 700 2560 754 hoc
2582 703 2635 755 in
2658 717 2868 755 munere
2891 718 3233 757 successorem
3261 704 3476 757 electum
3504 722 3523 759 :

1921 806 2067 859 quem
2097 791 2301 860 quidem
2322 789 2419 843 hoc
2447 799 2676 860 tempore
2684 791 2804 861 jam
2830 791 2982 845 annis
3001 807 3206 861 gravem
3232 794 3524 847 existimare

1922 896 2230 949 consequens
2265 882 2380 935 erit.
2415 880 2569 944 Quod
2608 882 2763 935 etiam
2816 881 2925 948 ipse
2949 884 3116 935 innuit
3144 882 3444 937 Gennadius
3469 887 3524 935 in
3588 872 3591 875 ’

1921 971 2168 1039 Catalogo
2217 988 2335 1037 cap.
2368 973 2459 1037 98,
2510 987 2659 1040 quem
2702 975 3013 1026 concinnans
3059 983 3150 1026 aut
3188 975 3517 1044 amplificatis

1922 1066 2061 1119 circa
2080 1081 2272 1119 annum
2299 1066 2437 1129 49-i,
2466 1066 2537 1118 ait
2569 1080 2587 1118 :
2624 1070 2648 1115 t‘
2683 1064 2966 1133 Scripsisse
3010 1075 3060 1119 et
3102 1066 3208 1119 alia
3234 1067 3441 1130 dicitur,
3475 1077 3524 1119 et

1922 1154 2095 1208 adhuc
2119 1155 2456 1209 scribere.....
2484 1155 2603 1209 vivit
2626 1170 2783 1225 usque
2812 1154 2965 1209 hodie
3006 1143 3387 1210 cont-creatione
3413 1155 3523 1209 Deo

1923 1244 2103 1318 digna,
2129 1254 2251 1317 apta
2286 1245 2597 1316 professioni
2631 1254 2681 1299 et
2709 1244 2919 1315 gradui.
2958 1262 2980 1298 s
3018 1244 3214 1310 Quibus
3240 1245 3401 1298 verbis
3432 1262 3523 1315 po-

1921 1337 2142 1403 stremis,
2163 1345 2213 1391 et
2240 1335 2605 1391 monachatum
2626 1334 2769 1389 illius
2790 1343 2837 1390 et
2858 1334 3203 1389 sacerdotium
3228 1335 3523 1405 designasse

1912 1427 2040 1498 jure
2069 1425 2325 1479 credetur.

1996 1514 2244 1585 Inscripti
2279 1523 2395 1568 sunt
2423 1522 2595 1567 autem
2633 1513 2751 1569 libri
2781 1512 2861 1567 illi
2897 1513 3113 1567 Iuliano
3141 1515 3402 1584 episcopo,
3434 1530 3488 1567 se

1922 1606 2178 1660 incertum
2208 1606 2362 1675 cujus
2399 1602 2533 1657 sedis
2561 1603 2716 1669 fuerit
2746 1602 3035 1673 episcopus.
3069 1600 3379 1657 Observatur
3400 1617 3523 1657 sane

1926 1695 2081 1767 hujus
2111 1694 2335 1747 nominis
2355 1692 2590 1763 pontifex
2617 1691 3100 1761 Carpentoratensis
3129 1694 3181 1746 in
3228 1691 3523 1763 Epaonensi

1927 1783 2143 1838 concilio
2172 1786 2295 1836 anni
2318 1784 2423 1837 517
2453 1781 2798 1851 subscriptus,
2824 1783 2909 1837 cui
2933 1792 2987 1837 ut
3019 1784 3115 1837 hoc
3141 1800 3270 1853 opus
3296 1784 3524 1837 dicatum

236 1886 447 1959 Trappa
464 1926 480 1951 ,
509 1901 625 1956 qua
652 1900 719 1939 ea;
748 1884 962 1938 obscuro
990 1882 1350 1937 monasteriolo
1370 1882 1425 1936 in
1468 1882 1823 1935 numerosissi-
1855 1878 1903 1940 Β
1927 1873 2187 1943 iudicetur
2212 1888 2313 1926 non
2344 1871 2546 1926 videtur
2586 1873 2791 1927 obstare
2819 1882 2928 1928 tum
2954 1874 3088 1927 ratio
3117 1878 3389 1946 temgioris,
3416 1886 3524 1928 tum

232 1992 374 2031 suum
416 1976 892 2047 sanctissimumque
936 1974 1234 2029 asceteristm
1282 1973 1549 2043 derepente
1601 1974 1822 2028 evadens

230 2068 605 2140 religiosissimi
630 2068 823 2123 abbatis
857 2067 1030 2122 studio
1051 2082 1115 2121 ac
1153 2065 1359 2134 pietate,
1383 2081 1531 2120 suum
1560 2074 1710 2119 atate
1735 2082 1825 2120 no-

230 2172 341 2217 stra
370 2159 659 2217 Gallicana
696 2156 939 2214 Ecclesia
976 2156 1303 2212 Bernardum
1320 2198 1335 2222 ,
1378 2173 1525 2211 suam
1553 2154 1825 2211 Bernardo

230 2252 458 2307 reddidit
487 2249 696 2306 Clarum
727 2250 947 2305 Vallem.
974 2248 1188 2304 Duobus
1207 2248 1344 2304 hisce
1371 2248 1589 2303 oculatis
1616 2248 1825 2304 testibus

230 2344 425 2399 addere
452 2343 600 2399 liceat
634 2343 839 2398 tertium
868 2358 970 2397 non
1004 2341 1222 2396 minoris
1263 2340 1582 2395 auctoritatis
1622 2348 1817 2409 testem,

229 2433 427 2489 scilicet
477 2433 827 2488 doctissimum
875 2441 924 2487 et
965 2431 1240 2486 clarissimi
1291 2431 1511 2485 nominis
1559 2438 1822 2485 auctorem

230 2522 563 2580 Bibliotheca
594 2538 739 2578 noua
772 2534 1039 2577 auctorum
1066 2521 1523 2577 ecclesiasticarum
1539 2560 1555 2587 ,
1584 2522 1671 2590 qui
1695 2522 1823 2576 tonsi

228 2615 314 2673 sui
334 2616 469 2670 tertii
490 2623 638 2686 parte
653 2619 877 2669 secunda
900 2621 1092 2676 monet,
1116 2614 1342 2668 audiisse
1369 2630 1425 2667 se
1449 2614 1503 2684 (a
1524 2615 1627 2683 fide
1653 2614 1822 2686 dignis

232 2702 414 2772 procul
432 2702 606 2771 dubio)
626 2702 877 2757 asservari
898 2703 1179 2757 etiamnum
1200 2703 1255 2757 in
1281 2701 1585 2757 bibliotheca
1605 2704 1822 2771 capituli

230 2792 448 2862 insignis
469 2790 714 2847 Ecclesia
736 2791 1129 2859 Bellouaceusis,
1148 2802 1488 2863 pervetustunt
1518 2809 1614 2848 nts.
1646 2794 1820 2867 inquo

231 2896 334 2940 tres
375 2884 490 2939 libri
534 2886 596 2937 de
650 2883 770 2938 Vita
809 2884 1199 2953 contemplativa
1235 2883 1438 2939 Iuliani
1489 2884 1714 2940 Pomerii
1764 2895 1819 2939 ut

230 2977 356 3031 certi
384 2975 608 3030 auctoris
628 2976 831 3028 nomine
857 2975 1223 3045 insigniuntur.

305 3065 418 3121 Nec
446 3067 576 3137 forte
601 3066 813 3120 alterius
838 3067 1012 3134 operis
1042 3064 1268 3120 Pomerii
1295 3066 1585 3120 meminisse
1606 3082 1816 3121 censen-

231 3159 329 3212 dus
359 3172 429 3211 est
452 3154 754 3212 Gennadius
793 3157 847 3210 in
880 3155 1131 3227 Catalogo
1156 3155 1223 3210 de
1246 3156 1365 3210 viris
1388 3156 1696 3223 illustribus,
1727 3174 1817 3213 seu

1925 1965 2191 2037 regionum
2217 1964 2463 2016 distantia
2492 1978 2511 2016 :
2542 1963 2633 2017 sed
2654 1972 2707 2016 ut
2736 1973 2843 2018 erat
2870 1963 2966 2017 hoc
2995 1979 3181 2018 nomen
3207 1966 3285 2019 his
3324 1967 3526 2020 saculis

1925 2070 2214 2121 commune,
2237 2052 2331 2109 alii
2352 2054 2503 2108 etiam
2524 2069 2635 2108 esse
2651 2062 2863 2126 potuere
2874 2051 3099 2120 Iuliani,
3131 2071 3350 2126 quorum
3373 2054 3524 2109 alteri

1925 2146 2309 2201 lucubrationes
2350 2160 2471 2199 suas
2523 2153 2870 2215 nuncupasset
2914 2140 3211 2201 Pomerius.
3265 2143 3439 2211 Nam,
3478 2146 3524 2201 si

1925 2237 2054 2306 ﬁdes
2072 2236 2276 2290 auctori
2312 2233 2443 2289 Vita
2464 2234 2527 2289 S.
2561 2232 2821 2288 Honorati
2841 2250 2957 2306 qua
2988 2234 3371 2303 circumfertur,
3393 2237 3525 2290 sedit

1924 2330 2059 2384 inter
2112 2326 2503 2397 Forojulinses
2552 2327 2708 2399 hujus
2760 2328 2984 2395 nominis
3033 2329 3268 2401 pontifex
3314 2344 3334 2383 :
3374 2346 3524 2401 quem

1925 2435 2049 2493 cum
2062 2419 2156 2473 iste
2179 2415 2409 2489 ejusdem
2444 2415 2707 2469 Honorati
2736 2427 2783 2469 et
2813 2417 3049 2488 Caprasii
3081 2434 3147 2473 ea:
3186 2416 3347 2473 Italia
3369 2419 3525 2474 redu-

1924 2525 2043 2564 cum
2072 2508 2321 2578 hospitem
2360 2514 2570 2572 narret;
2604 2514 2789 2560 auctor
2808 2507 3016 2562 dissert.
3060 2509 3123 2561 de
3154 2506 3326 2563 luitiis
3354 2505 3525 2562 Foro-

1924 2602 2133 2671 iuliens.
2161 2584 2425 2664 Ecclesia,
2447 2598 2678 2652 eumdem
2691 2615 2807 2651 cuni
2835 2598 3113 2665 Quillinio,
3132 2594 3202 2653 ad
3219 2616 3366 2669 quem
3388 2600 3525 2653 data

1924 2702 2124 2749 exstant
2149 2691 2355 2761 Leporii
2374 2691 2757 2745 retractationis
2784 2690 2988 2756 littera,
3013 2692 3173 2762 fuisse
3198 2694 3489 2763 conjecerat
3504 2708 3522 2745 :

1922 2794 1977 2841 at
2001 2785 2120 2856 quia
2161 2782 2659 2839 consarcinatoribus
2693 2782 2915 2838 solemne
2955 2792 3029 2837 est
3067 2782 3363 2837 remmiores
3397 2792 3525 2836 tem-

1921 2893 2107 2949 porum
2141 2875 2362 2943 epochas
2388 2875 2728 2945 conjungere,
2761 2874 2840 2927 rel
2873 2874 3179 2943 coniunctas
3208 2874 3519 2939 distrahere,

1923 2970 2089 3039 potuit
2118 2968 2208 3021 ille
2235 2965 2505 3019 lulianum
2552 2964 2849 3034 episcOpnm
2869 2967 3002 3018 inter
3039 2963 3151 3019 hac
3178 2972 3406 3035 tempora
3428 2964 3521 3018 tle-

1922 3056 2295 3127 prehendisse;
2337 3062 2451 3124 post
2490 3053 2808 3108 Victorinum
2855 3055 3056 3124 utique,
3105 3056 3193 3125 qui
3235 3070 3374 3108 anno
3413 3054 3521 3110 506

1920 3152 2199 3228 Agathensi
2224 3152 2438 3205 concilio
2466 3152 2701 3223 intenfuit
2729 3164 2750 3205 :
2768 3153 3017 3222 cujusque
3030 3159 3196 3205 exstat
3212 3151 3431 3221 epistola
3452 3150 3521 3204 ad

229 3252 297 3304 de
313 3248 664 3303 ecclesiasticis
687 3247 1040 3315 scriptoribus,
1061 3263 1178 3301 cum
1198 3249 1444 3302 recensita
1464 3263 1615 3315 opere
1643 3252 1695 3302 in
1714 3265 1815 3320 quo
1843 3232 1892 3295 ο
1924 3244 2194 3299 Ruricium
2225 3242 2649 3310 Lemovicenscm,
2674 3252 2721 3297 et
2751 3245 2900 3297 istius
2928 3244 2999 3297 ad
3039 3243 3374 3298 Victorinum.
3408 3243 3520 3297 Is'o

230 3348 415 3393 auctor
442 3340 531 3393 ille
566 3337 997 3410 interrogantibus
1032 3349 1079 3392 et
1112 3338 1409 3409 rogantibus
1449 3336 1665 3415 Iuliano
1709 3340 1818 3408 epi-

228 3445 387 3499 sc0po
412 3439 460 3484 et
491 3428 625 3483 Vero
640 3430 951 3500 presbytero,
970 3429 1291 3501 dialogorum
1306 3445 1445 3485 more
1465 3433 1820 3496 respondens;

229 3530 344 3575 arte
387 3521 653 3574 dialectica
682 3528 742 3575 et'
770 3535 998 3573 sermone
1037 3519 1240 3587 ingenio
1277 3530 1395 3592 apto
1443 3523 1729 3590 composuit
1756 3523 1821 3576 de

230 3612 439 3669 Natura
457 3613 643 3667 anima
661 3624 709 3667 et
727 3612 990 3678 Qualitate
1006 3613 1142 3681 ejus,
1159 3619 1283 3677 etc.,
1306 3612 1460 3666 libros
1482 3624 1625 3678 octo;
1648 3614 1820 3668 subdit

229 3705 526 3762 Gennadius
552 3722 572 3761 :
603 3725 621 3758 s
659 3704 875 3758 Memini
895 3705 1074 3773 legisse
1093 3720 1172 3757 me
1198 3705 1320 3757 alim
1342 3705 1454 3775 ejus
1475 3706 1723 3757 dictatum
1749 3706 1818 3758 ast

232 3797 504 3869 quemdam
532 3798 735 3851 nomine
769 3795 1117 3863 Principium,
1144 3804 1268 3864 etc.,
1292 3804 1337 3847 et
1365 3795 1545 3861 alium,
1572 3800 1636 3851 de
1666 3794 1818 3850 Vitiis

226 3896 277 3941 et
302 3885 584 3941 Virtutibus
619 3886 1008 3954 pratitulatum.
1040 3903 1060 3936 ι

300 3976 414 4033 Nec
440 3979 621 4031 inutile
649 3979 743 4032 erit
773 3980 855 4029 hic
880 3976 1077 4045 aliquid
1101 3976 1254 4030 etiam
1280 3977 1342 4029 de
1360 3974 1567 4031 Iuliani
1591 3977 1817 4032 Pomerii

224 4068 369 4140 ftima
390 4071 711 4140 fortunisque
749 4069 963 4123 breviter
1002 4068 1231 4137 prwfari.
1267 4067 1389 4121 Fuit
1419 4084 1572 4141 porro
1602 4071 1685 4124 hic
1718 4070 1817 4127 Ju-

223 4160 397 4215 lianus
431 4159 605 4215 Pome:
617 4159 725 4225 ius,
760 4162 883 4214 dum
907 4162 1013 4213 hac
1035 4162 1261 4230 scripsit,
1284 4177 1349 4215 ea:
1366 4161 1630 4217 rhetoricis
1660 4162 1815 4217 disci-

1920 3345 2091 3389 autem
2136 3332 2399 3405 Forojulii
2441 3334 2666 3401 sedente,
2689 3331 2960 3387 lulianum
2988 3334 3266 3404 prouincia
3285 3335 3519 3405 regiones

1920 3426 2274 3490 collustrasse,
2303 3431 2350 3477 et
2372 3440 2490 3478 cum
2522 3423 2937 3486 provincialibus.
2963 3426 3359 3479 necessitudines
3387 3442 3516 3491 con-

1908 3506 2138 3570 traxisse
2172 3513 2461 3584 singulares
2503 3513 2750 3581 probatur
2788 3515 2842 3581 in
2881 3514 3103 3570 Secretis
3139 3515 3513 3570 Lirinensibus.

1922 3603 2007 3659 Ea:
2035 3605 2131 3658 hac
2150 3613 2318 3657 autem
2343 3607 2454 3675 ejus
2481 3602 2536 3656 in
2569 3603 2649 3657 Itis
2677 3604 2909 3673 partibus
2952 3606 3340 3673 consuetudine,
3374 3606 3516 3660 haud

1921 3698 2074 3751 dubie
2120 3698 2342 3769 amatam
2395 3697 2477 3751 illi
2534 3698 2881 3769 Opinationem
2917 3697 3171 3765 suspicari
3220 3710 3517 3771 promptum

1919 3798 2017 3855 est,
2060 3805 2162 3858 qua
2187 3806 2250 3844 ex
2292 3790 2434 3842 citati
2460 3786 2657 3841 Isidori
2697 3788 2984 3843 testimonio
3010 3788 3283 3856 discimus,
3323 3806 3437 3843 eum
3461 3791 3517 3843 in

1918 3888 2034 3935 octo
2055 3879 2202 3933 libris
2221 3880 2286 3933 de
2306 3877 2511 3933 Natura
2531 3879 2717 3932 anima:
2737 3894 2865 3948 quos
2887 3879 3211 3948 conscripsit,
3236 3882 3515 3934 secundum

1920 3970 2227 4025 Tertulliani
2252 3971 2507 4025 erroribus
2535 3969 2901 4039 labefactasse,
2932 3970 3057 4022 dum
3086 3985 3198 4023 eam
3217 3986 3516 4035 corpoream

1918 4062 2192 4135 fallacibus
2231 4064 2388 4116 etiam
2431 4060 2746 4131 argumentis
2789 4067 3018 4112 astruere
3061 4060 3341 4115 contendit.
3374 4058 3515 4113 Nam

1917 4166 2025 4211 tum
2057 4173 2243 4226 magna
2279 4157 2433 4226 fama
2472 4153 2629 4207 laude
2666 4150 3014 4207 celebrabatur
3058 4149 3288 4206 Faustus
3332 4168 3515 4205 manu?

221 4252 380 4320 pl'uis
407 4254 477 4306 ad
512 4254 876 4326 ecclesiasticos
900 4255 1093 4325 gradus
1134 4262 1408 4324 provectus
1436 4270 1456 4309 :
1482 4271 1641 4326 neque
1676 4256 1814 4311 enim
1916 4249 2054 4303 sterii
2073 4246 2443 4312 Lirinensis,in
2458 4243 3080 4315 Forojuliensiterritorio
3095 4252 3205 4310 post
3224 4241 3515 4297 Maximum

221 4342 428 4396 credere
448 4360 543 4414 par
562 4355 636 4398 est
657 4325 927 4399 lulianum
947 4345 1265 4414 episcopum,
1288 4348 1439 4417 cujus
1447 4325 1601 4416 jussu
1620 4347 1811 4417 stglum
1918 4340 2182 4397 Reiensem
2205 4349 2312 4393 tum
2342 4338 2659 4409 episcopum,
2691 4335 2879 4399 abbas;
2896 4333 2982 4403 qui
3002 4333 3205 4403 quidem
3249 4335 3514 4387 sententia

218 4432 471 4501 arripuit,
499 4444 760 4489 auctorem
789 4433 871 4488 illi
908 4432 1087 4504 fuisse,
1119 4444 1174 4488 ut
1206 4437 1270 4490 de
1302 4437 1605 4489 clericorum
1632 4437 1812 4506 officiis
1916 4447 2043 4501 pene
2070 4428 2384 4498 consepulta:
2414 4430 2608 4482 cineres
2646 4427 2897 4481 suscitare
2924 4440 3028 4477 non
3058 4423 3366 4491 detrectans,
3400 4440 3515 4478 eam

220 4532 459 4577 tractaret
486 4535 757 4596 antequam
776 4541 836 4579 eo
863 4524 1029 4594 gradu
1057 4534 1239 4579 auctus
1268 4535 1418 4591 esset,
1450 4528 1533 4580 cui
1576 4525 1809 4582 Ecclesia
1836 4582 1881 4596 __
1915 4525 2071 4577 etiam
2096 4522 2297 4591 scriptis
2321 4520 2466 4576 libris
2503 4519 2693 4573 acriter
2712 4518 3000 4587 defendisse
3018 4517 3312 4587 perhibetur
3342 4533 3361 4571 :
3389 4534 3513 4569 con-

218 4614 590 4685 rtmgisterium,
611 4582 658 4668 et
687 4615 906 4668 aliorum
937 4616 1301 4669 institutionem
1330 4616 1595 4686 permittit.
1630 4617 1736 4671 Sed
1758 4628 1805 4672 et
1835 4582 1888 4644 υ
1916 4626 1995 4669 tra
2024 4631 2173 4683 quem
2198 4629 2261 4667 ex
2286 4615 2497 4665 adverso
2524 4611 2661 4665 stetit
2704 4608 3021 4665 Claudianus
3070 4606 3373 4662 Viennensis
3412 4607 3513 4663 Ec-

220 4704 516 4757 (ieunadins
545 4703 682 4758 hunc
720 4706 1066 4774 presbyterum
1107 4706 1402 4760 ordinatum
1438 4707 1618 4762 tradit.
1648 4705 1808 4761 Hunc
1914 4709 2082 4765 etesia
2098 4709 2382 4777 presbyter,
2406 4706 2604 4774 litisque
2620 4704 2890 4757 arbitrium
2911 4718 2963 4756 se
2986 4701 3103 4773 legit
3124 4700 3513 4772 Pra’fectoriunt

216 4793 489 4851 Enuodius
508 4794 793 4850 Ticinensis
817 4797 1088 4866 episcopus
1126 4797 1379 4866 exquisite
1410 4796 1591 4851 laudat
1621 4797 1713 4851 lib.
1744 4813 1804 4865 tl,
1907 4799 2240 4861 Patricium.
2289 4798 2642 4852 doctissimum
2685 4794 2846 4849 virum
2870 4834 2887 4859 ,
2929 4804 2975 4845 et
3025 4802 3132 4859 opt.
3174 4789 3234 4845 C.
3285 4791 3509 4847 Sollium

214 4885 367 4953 epist.
381 4885 436 4955 θ,
448 4903 602 4958 quam
626 4886 727 4956 ipsi
754 4886 1003 4953 inscribit,
1025 4888 1113 4941 ubi
1130 4886 1241 4942 hac
1260 4887 1353 4942 sub
1373 4888 1525 4957 finem
1550 4902 1569 4942 :
1598 4908 1617 4940 ί
1650 4886 1807 4944 Nunc
1917 4892 1997 4949 Sit

1725 4905 1807 4944 tnc
1917 4892 2192 4949 Sidonium
2221 4906 2241 4946 :
2261 4892 2340 4945 his
2379 4890 2515 4943 enim
2544 4887 2853 4952 nominibus,
2892 4887 2944 4939 in
2975 4882 3195 4952 epistola
3237 4884 3377 4938 libris
3403 4885 3508 4938 suis

214 4978 346 5043 vale,
376 4978 446 5029 mi
482 4978 707 5044 domine,
753 4988 798 5031 et
829 4980 965 5031 circa
996 4994 1076 5032 me
1120 4976 1478 5034 ecclesiastica
1513 4979 1807 5051 disciplina
1917 4984 2132 5056 prwﬁaa
2164 4984 2313 5037 illum
2353 4978 2603 5035 convenit.
2649 4977 2912 5031 Arbitrum
2956 4975 3102 5028 illum
3130 4983 3301 5028 autem
3331 4975 3510 5027 statuit

213 5068 382 5140 κασία
410 5084 583 5124 τίσει
620 5071 891 5140 fumarent,
924 5089 944 5122 ι
974 5082 1070 5127 etc.
1100 5071 1182 5125 Ad
1212 5070 1443 5125 eumdem
1488 5071 1642 5127 etiam
1670 5074 1803 5126 duas
1911 5076 2112 5132 Fausto
2138 5078 2255 5131 licet
2279 5073 2664 5133 amicissimum,
2694 5069 2783 5123 sed
2810 5069 2894 5137 qui
2921 5066 3215 5119 amiciorem
3257 5066 3354 5121 sibi
3381 5066 3530 5118 veri-v

211 5162 456 5232 epistolas
504 5164 845 5217 transmisisse
890 5162 1075 5233 legitur
1113 5162 1355 5218 Ruricius
1404 5161 1799 5217 Lemovicensis.
1911 5180 1994 5225 ian

1724 5163 1799 5217 tis.
1911 5180 2065 5225 tatem
2094 5167 2220 5224 satis
2266 5163 2523 5219 Cttmulule
2569 5170 2781 5214 testatus
2807 5174 2913 5213 esse
2950 5158 3173 5221 videtur,
3202 5156 3326 5210 dum
3353 5156 3507 5210 libros

212 5254 426 5335 NW!“
454 5253 565 5324 5P“
596 5253 847 5309 [Εσπίκπι
878 5256 1226 5311 Minimum
1255 5266 1422 5327 709‘":
1457 5255 1547 5311 “b-
1578 5271 1639 5325 ην
1680 5271 1799 5324 συρο
1909 5263 2051 5328 illos,
2085 5272 2159 5315 tct
2194 5257 2458 5331 cuquieiis
2485 5254 2755 5327 praconiis
2783 5250 3048 5306 celebrauit
3076 5249 3128 5303 in
3150 5265 3243 5303 sua
3273 5249 3420 5303 tertia
3439 5248 3509 5301 ad

208 5348 264 5415 8,
290 5334 659 5401 ut’Ponterium
683 5348 751 5401 ad
776 5362 829 5401 se
855 5350 1024 5402 venire
1048 5348 1248 5420 jubeat.
1282 5347 1441 5402 Hunc
1470 5356 1646 5403 autem
1681 5364 1798 5403 cum
1909 5334 2258 5420 Claudianitm
2281 5349 2430 5420 epist.
2466 5347 2553 5401 lib.
2580 5359 2657 5399 Iv.

196 5448 331 5493 tunc
355 5436 586 5493 abbatem
623 5438 877 5506 appellet,
906 5418 1208 5509 argumento
1246 5448 1319 5494 est
1350 5455 1469 5496 eum
1499 5441 1562 5492 ab
1596 5437 1796 5493 licinio
1933 5418 1941 5429 ι

1724 5441 1796 5493 iio
1933 5418 1941 5429 ι
1984 5445 2237 5501 Caeterum
2266 5418 2390 5498 suos
2420 5441 2483 5495 de
2511 5440 2696 5493 Anima
2751 5436 2908 5491 libros
2959 5433 3253 5497 Pomerius.
3282 5433 3353 5487 ad
3372 5435 3507 5503 ejus-

210 5531 504 5591 mottatterii
535 5514 791 5609 rejimini,
833 5540 945 5601 post
976 5531 1217 5602 adeptum
1242 5531 1615 5587 sacerdotalem
1652 5532 1799 5586 ordi-
1909 5540 2028 5595 dem
2045 5538 2075 5592 Ι
2086 5537 2251 5593 uliani
2274 5534 2522 5604 episcopi,
2552 5532 2637 5585 cui
2668 5529 2826 5585 libros
2867 5529 2933 5583 de
2963 5526 3083 5583 Vita
3111 5525 3367 5595 contentpl
3404 5526 3508 5580 tiva

207 5640 320 5678 nem
339 5625 500 5691 fuisse
519 5624 869 5693 prapositum,
890 5624 1316 5693 quemadmodum
1332 5624 1545 5694 ipsemet
1567 5613 1801 5691 pontifex
1906 5631 1990 5685 in;

1726 5622 1801 5677 Γεε
1906 5629 2185 5699 inscripsit,
2222 5626 2515 5696 petitionem
2547 5623 2786 5692 digessit,
2810 5622 2989 5673 eodem
3018 5628 3273 5672 assertore
3300 5614 3509 5670 Genna-

149 5787 158 5794 .
205 5719 485 5775 Casarium
512 5721 619 5788 iam
641 5718 832 5788 factum
859 5718 1205 5789 presbyterum
1235 5718 1533 5773 ntonasterii
1558 5718 1796 5773 abbatem
1905 5723 2015 5787 dio,
2042 5720 2128 5792 qui
2150 5718 2314 5772 alium
2342 5716 2693 5787 presbyterum
2715 5714 2917 5767 nomine
2938 5709 3126 5765 Verum
3140 5718 3387 5763 memorat
3410 5710 3506 5762 tm.

205 5813 393 5877 pariter
427 5809 776 5869 constituerat.
818 5810 954 5865 Dum
985 5824 1101 5865 vero
1132 5810 1318 5866 dicitur
1356 5810 1639 5870 Caesarium
1664 5810 1793 5868 reli-
1900 5812 1988 5883 jus
2012 5794 2175 5887 aperis
2194 5808 2380 5867 edendi
2404 5823 2518 5864 cum
2532 5804 2748 5861 Iuliano
2771 5811 3142 5873 promctorent.
3161 5802 3326 5867 Atque
3339 5800 3401 5855 de
3414 5800 3507 5855 hoc
