4516 6410
926 387 1030 442 H5

2314 379 2573 434 JULIANI
2616 379 2894 438 POMERII

4065 387 4164 442 ιιις

935 498 1062 552 Vero
1089 513 1204 552 cum
1223 496 1321 550 huc
1345 511 1502 567 usque
1530 496 1610 550 eis;
1636 495 1904 564 quidquam
1928 493 2335 564 deprehendatur
2377 493 2490 547 ani-
2520 496 2569 556 Α
2599 506 2682 548 tur
2709 495 2920 566 prtesul,
2951 510 3100 567 quem
3129 496 3192 549 ab
3216 495 3313 551 isto
3338 506 3511 550 nostro
3538 496 3790 550 diversum
3813 512 3920 551 esse
3948 499 4032 551 eis
4057 513 4164 553 ere.

925 587 1243 642 madesrsum
1262 629 1278 654 ,
1302 603 1402 641 non
1427 587 1554 656 forte
1581 583 1849 654 infeliciter
1873 585 2158 653 conjectum
2190 583 2254 636 ab
2291 591 2494 638 auctore

927 679 1297 732 dissertationis
1323 677 1546 747 septima!
1573 674 1649 728 de‘
1679 675 1954 742 suppositis
1985 672 2049 728 S.
2086 672 2340 742 Prospero
2367 671 2494 726 scri-

929 772 1031 835 ptis
1058 779 1106 822 et
1151 769 1440 823 tractatibus
1461 807 1477 832 ,
1515 765 1702 819 Verum
1730 766 1878 818 istum
1909 766 1974 819 ab
2001 780 2060 819 eo
2097 780 2199 819 non
2241 765 2495 818 diversum

929 873 1069 922 esse,
1098 872 1242 926 quem
1270 867 1375 909 tam
1402 856 1665 926 exquisitis
1707 856 1972 922 praconiis
2013 857 2337 908 commendat
2373 851 2500 908 Sal-

931 948 1110 1000 vianus
1137 946 1190 999 in
1215 944 1427 1016 epistola
1452 962 1545 999 sua
1590 945 1825 1014 septima,
1865 945 2028 999 eidem
2068 955 2114 998 et
2142 945 2280 1013 Apro
2307 941 2492 996 inscri-

930 1044 1018 1104 pta
1045 1050 1065 1088 :
1087 1051 1201 1104 qua:
1223 1036 1426 1104 quidem
1455 1045 1595 1090 tanta
1624 1036 1868 1110 majorem
1909 1035 2006 1089 oiri
2045 1034 2380 1089 celebritatem
2406 1048 2496 1086 ar-

929 1135 1110 1194 guunt,
1149 1136 1340 1195 quanto
1369 1127 1538 1195 major
1573 1127 1682 1196 ipse
1719 1123 2013 1189 Salvianus,
2046 1135 2094 1177 et
2121 1125 2175 1176 in
2217 1123 2298 1176 his
2345 1122 2497 1176 etiam

932 1213 1166 1268 laudibus
1214 1219 1416 1284 parcior
1441 1216 1601 1285 fuisse
1626 1214 1840 1268 videtur.
1888 1212 1994 1268 Sed
2021 1215 2130 1267 ha'c
2169 1227 2368 1279 rursus,
2408 1227 2498 1266 seu

932 1301 1222 1372 Iulianum,
1249 1321 1341 1360 seu
1379 1303 1561 1360 Verum
1585 1313 1726 1359 extra
1747 1303 2066 1374 prouinciam
2082 1343 2098 1368 ,
2123 1304 2201 1358 vel
2226 1308 2340 1374 ejus
2379 1304 2502 1357 cici-

938 1396 1072 1446 niant
1100 1396 1398 1464 querendos
1425 1411 1522 1448 non
1552 1409 1660 1448 esse
1672 1395 1796 1447 satis
1822 1403 2114 1463 arguerent.
2144 1395 2210 1447 At
2244 1408 2336 1464 pro
2363 1390 2497 1447 Vero

938 1484 1069 1538 illud
1089 1487 1245 1540 etiam
1270 1488 1438 1557 majus
1461 1485 1701 1551 occurrit,
1722 1483 1859 1554 quod
1903 1485 2034 1538 inter
2062 1486 2170 1540 haec
2198 1493 2424 1553 tempora
2444 1485 2499 1538 in

932 1575 1362 1629 Arausicanorum
1383 1576 1656 1645 pratulum
1675 1579 1821 1640 serie,
1849 1577 2067 1630 nominis
2087 1578 2240 1642 huius
2267 1577 2498 1632 observe-

1836 1830 2476 1934 JULIANI

2599 588 2799 655 dibile;
2827 605 2927 644 non
2966 589 3058 643 illo
3084 581 3321 659 quidem,
3354 593 3504 662 cujus
3549 605 3732 644 nam
3772 591 4074 662 inscriptum
4100 592 4171 648 le-

2598 682 2767 748 gimus
2812 681 3038 749 epistola
3067 682 3459 750 prouincialium
3488 683 3840 752 episcoporum
3862 684 3932 735 ad
3954 681 4172 738 Leonem

2597 785 2693 840 pro
2739 770 3106 824 instauratione
3157 772 3359 841 jurium
3405 771 3716 826 Arelatensis
3761 772 3987 841 episcopi
4034 774 4194 844 (cunt

2598 869 2789 914 constet
2815 846 3124 924 Eutropium
3145 859 3511 912 Arausicanum
3533 861 3828 926 episcopum
3852 857 3973 914 Veri
4002 859 4176 916 dcccc.

2599 963 2762 1002 sarem
2781 947 2955 1002 saeculi
2975 949 3134 1017 quinti
3159 948 3379 1002 mediam
3406 959 3606 1016 partem
3644 955 4086 1019 pra'tergressum,
4117 949 4173 994 ut

2598 1038 2685 1108 qui
2707 1037 2771 1090 ab
2791 1037 2978 1091 Hilaro
3001 1038 3238 1106 pontiﬁce
3250 1039 3471 1092 maxime
3489 1053 3581 1091 nec
3631 1053 3732 1090 non
3763 1053 3794 1090 a
3821 1032 4041 1090 Sidonia
4060 1035 4174 1101 jam

2600 1127 2833 1196 episcopo
2850 1128 3041 1180 litteras
3052 1125 3368 1197 susceperit),
3384 1129 3472 1182 sed
3482 1129 3573 1181 illo
3594 1125 3749 1188 Vero,
3765 1126 3849 1189 qui
3863 1135 3972 1190 post
3989 1122 4176 1175 Eutro-

2602 1215 2741 1284 pium
2766 1215 2916 1281 sedit,
2941 1215 3254 1269 hocexeunte
3279 1217 3486 1280 uacula,
3508 1220 3655 1286 cujus
3682 1225 3730 1269 et
3760 1213 3932 1266 Vitam
3950 1215 4172 1284 scripsit,

2605 1312 2729 1358 teste
2755 1303 3040 1375 Sigeberto.
3069 1301 3226 1358 Istius
3254 1305 3391 1359 enim
3438 1306 3625 1373 optime
3651 1303 3907 1357 concurrit
3935 1301 4181 1370 temporis

2603 1397 2792 1462 epoche
2818 1411 2934 1448 cum
2945 1393 3144 1449 Iuliani
3165 1411 3226 1448 ac
3256 1393 3510 1459 Saloiani,
3538 1412 3573 1449 a
3598 1395 3779 1465 quibus
3818 1394 4060 1448 laudatur
4084 1409 4176 1465 qe-

2603 1489 2716 1541 stis.
2749 1486 2814 1541 Et
2837 1488 2946 1541 hcce
2969 1487 3169 1554 quidem
3191 1487 3245 1539 in
3270 1486 3454 1540 librum
3470 1487 3699 1555 proxime
3714 1483 4084 1558 subjiciendum
4117 1495 4182 1536 ex

2605 1577 3012 1631 doctissimorum
3043 1576 3330 1630 criticorum
3358 1576 3560 1645 scriptis
3592 1576 3779 1629 inserta
3802 1574 4072 1643 sufficiant.

2603 1829 3264 1933 POMERII

1204 2012 1524 2243 DE
1613 2039 2078 2187 VITA
2177 2035 3862 2183 CONTEMPLATIVA

2315 2261 2527 2322 LIBRI
2568 2261 2790 2323 TRES.

1958 2460 2428 2618 LIBER
2506 2509 3154 2618 PRIMUS.

1545 2668 1922 2726 PROLOGUS.

1013 2765 1064 2819 1.
1109 2764 1209 2818 Diu
1239 2763 1553 2833 multumque
1599 2761 1791 2814 renisus
1821 2775 1932 2814 sum
1982 2757 2226 2816 uoluntati
2274 2766 2405 2820 tute,
2438 2758 2509 2808 mi

944 2857 1148 2908 dum'ne
1167 2852 1534 2908 studiosissime
1555 2851 1852 2921 pontificum
1866 2847 2072 2902 Iuliane
2086 2863 2112 2911 ;.
2125 2863 2225 2901 non
2247 2848 2377 2901 velut
2391 2863 2504 2914 per-

943 2945 1174 2998 tinaciter
1191 2943 1374 3007 durus,
1402 2942 1488 2996 sed
1517 2942 1736 3009 propria:
1756 2939 2176 3010 impossibilitatis
2197 2938 2507 2995 admonitus.

953 3033 1227 3088 Videbatur
1252 3035 1384 3086 enim
1422 3031 1578 3097 mihi,
1604 3040 1650 3085 et
1669 3031 1791 3101 jure
1818 3031 2031 3100 forsitan
2059 3027 2343 3094 videbatur,
2375 3029 2512 3099 quod

943 3126 1094 3177 etiam
1125 3124 1220 3193 ipsi
1245 3121 1688 3192 prtasumptionent
1718 3136 1878 3173 meam
1909 3121 2194 3188 potuissetis
2215 3120 2515 3189 improvidae

944 3216 1234 3268 temeritatis
1260 3229 1492 3284 arguere,
1545 3215 1588 3266 si
1620 3222 1809 3266 tantam
1851 3229 1989 3277 rem,
2029 3227 2146 3281 qua:
2192 3212 2361 3278 utique
2387 3223 2512 3264 esset

938 3320 1152 3371 operose
1199 3307 1486 3368 tractanda,
1535 3302 1684 3372 facile
1726 3318 1787 3355 ac
1825 3303 1933 3355 sine
1986 3301 2096 3355 ulla
2152 3299 2513 3356 deliberatione

945 3401 970 3430 ι
995 3395 1300 3461 susciperent
1322 3409 1338 3447 :
1363 3409 1479 3446 cum
1506 3409 1582 3448 me
1607 3401 1856 3461 oporteret
1877 3393 2018 3460 prius
2037 3392 2198 3461 ipsius
2221 3393 2294 3444 rei
2313 3392 2514 3460 pondus

943 3485 1080 3539 unde
1100 3486 1366 3538 dicendum
1389 3485 1538 3552 foret,
1569 3485 1846 3555 expendere
1866 3483 2034 3554 [Alias
2053 3481 2326 3553 experiri];
2349 3492 2397 3536 et
2418 3483 2513 3549 sic,

938 3575 1218 3648 adjuvante
1258 3575 1496 3641 Domino,
1524 3576 1569 3630 si
1588 3577 1715 3629 vires
1752 3575 1973 3645 facultas
2015 3574 2275 3644 explorata
2305 3574 2517 3642 promit-

939 3672 1091 3728 teret,
1138 3666 1206 3718 ad
1251 3664 1348 3718 hoc
1394 3665 1763 3734 arripiendum,
1793 3665 1926 3733 quod
1963 3663 2204 3730 juberetis
2256 3664 2512 3718 accedere.

943 3756 1046 3812 His
1073 3768 1120 3812 ct
1141 3758 1328 3811 talibus
1354 3758 1570 3812 sollicita
1596 3757 1999 3814 consideratione
2023 3756 2314 3825 perspectis,
2344 3770 2517 3808 neces-

940 3851 1134 3903 sarium
1151 3851 1304 3916 duxi,
1351 3860 1407 3902 ut
1441 3865 1520 3902 me
1556 3848 1855 3914 aliquandiu
1893 3864 1925 3900 a
1962 3847 2212 3901 scribendi
2265 3862 2515 3917 prorsum-

947 3941 1116 4004 ptione
1153 3939 1526 4008 suspmderem.
1575 3938 1678 3993 Sed
1717 3939 1839 4008 quia
1867 3938 1996 3990 sicut
2020 3937 2291 4009 cogitanda
2311 3937 2408 4007 fuit
2437 3937 2516 3989 in-

2538 2671 2581 2730 B
2611 2670 2694 2721 but
2714 2709 2732 2734 ,
2757 2669 2893 2732 quod
2910 2683 3209 2738 magnarum
3234 2682 3407 2721 rerum
3435 2681 3645 2739 magnus
3671 2665 3778 2734 ipse
3805 2675 4016 2720 conatus
4033 2679 4182 2732 esset,

2609 2762 2806 2814 etiamsi
2849 2761 3020 2814 nullus
3074 2770 3096 2798 ε
3142 2761 3484 2827 disputantem
3520 2768 3810 2829 sequeretur
3834 2757 4065 2825 effectus.
4099 2758 4180 2814 Si-

2610 2853 2812 2920 quidem
2849 2852 3243 2905 necessariarum
3274 2851 3506 2904 tractatio
3547 2849 3916 2920 quastionum,
3954 2849 4050 2903 etsi
4083 2865 4183 2903 non

2611 2941 2809 2997 instruit
2839 2939 2865 2981 ά
2892 2958 2994 2997 non
3026 2941 3329 2998 invenientis
3344 2942 3478 3013 quod
3502 2941 3680 3012 quierit
3709 2940 3958 3004 animum,
3989 2950 4186 2996 exercet

2611 3035 2790 3088 saltem
2802 3034 3068 3100 quwreritis
3086 3035 3344 3105 ingenium
3362 3049 3382 3088 .°
3404 3042 3456 3086 ut
3486 3044 3572 3088 aut
3599 3033 3792 3087 noverit
3818 3049 3871 3087 sc
3888 3033 4185 3102 qua'retido.

2613 3126 2660 3180 et
2685 3125 2812 3179 nihil
2838 3126 3132 3179 inveniendo
3158 3126 3347 3180 nescire
3369 3126 3505 3196 quod
3526 3141 3580 3180 se
3597 3125 3728 3194 forte
3763 3139 3909 3177 nosse
3938 3138 4176 3192 prmum.

2615 3227 2828 3285 pserat;
2871 3227 2915 3270 et
2967 3218 3272 3286 ignorantia:
3315 3232 3421 3271 sua:
3468 3225 3824 3282 consequenter
3869 3215 4188 3276 admonitus.

2611 3307 2747 3376 quod
2774 3307 2867 3360 sibi
2891 3307 3061 3361 deesse
3079 3307 3278 3372 uiderit,
3305 3317 3534 3377 quaerat;
3560 3305 3696 3374 quod
3721 3305 3961 3358 invenerit
3991 3313 4189 3366 teneat;

2615 3408 2660 3452 et
2686 3399 2820 3466 quod
2849 3399 3082 3463 tenuerit,
3111 3406 3136 3436 ο
3164 3406 3532 3467 perseveranter
3557 3402 3784 3448 exerceat
3807 3408 3826 3448 :
3853 3402 3938 3445 aut
3981 3393 4026 3445 si
4053 3393 4190 3460 quod

2617 3490 2712 3542 sibi
2740 3491 2802 3542 de
2852 3489 3037 3541 divinis
3084 3487 3291 3541 Litreris
3317 3485 3633 3554 prepositum
3673 3489 3874 3556 fuerat,
3919 3484 4192 3538 salubriter

2617 3587 2858 3644 tractare,
2892 3587 2939 3633 et
2968 3577 3267 3646 sufﬁcienter
3286 3575 3537 3642 explicare
3565 3572 3584 3611 τ
3616 3574 3870 3644 potuerit;
3899 3590 3998 3626 non
4029 3573 4094 3626 de
4113 3573 4192 3626 in-

2617 3671 2848 3724 uentione
2873 3678 2899 3716 ε
2931 3668 3155 3722 veritatis
3191 3668 3418 3732 inﬂetur,
3463 3664 3556 3719 sed
3597 3666 3650 3718 in
3674 3664 3914 3730 Domino,
3956 3665 4043 3732 qui
4076 3679 4192 3718 eunt

2615 3761 2754 3814 intus
2782 3757 3119 3823 illuminavit,
3167 3765 3223 3810 ut
3262 3753 3291 3793 1·
3324 3755 3662 3809 illuminanda
3689 3761 4039 3824 cognosceret,
4083 3754 4191 3819 glo-

2616 3851 2794 3902 rietur.
2830 3846 3250 3917 Quandoquidem
3292 3844 3502 3898 scientia
3551 3844 3679 3898 sicut
3728 3843 3838 3895 sine
3877 3841 4013 3894 dono
4066 3838 4190 3903 Dei,

2620 3942 2758 4012 quod
2790 3949 2861 3994 est
2907 3939 3114 4003 caritas,
3142 3939 3311 4007 inflat,
3353 3936 3426 3989 ita
3446 3935 3491 3990 si
3532 3933 3577 3988 ei
3603 3932 3789 3986 caritas
3818 3931 4187 3993 admisceatur,

950 4029 1112 4099 iuncti
1153 4031 1320 4099 operis
1367 4029 1655 4098 difﬁcultas,
1679 4027 1752 4080 ita
1782 4027 1993 4098 cogitari
2017 4026 2184 4080 debuit
2208 4027 2516 4099 injungentis
2541 4016 2590 4080 C
2619 4031 2841 4098 aediﬁcat
2880 4027 2933 4098 (1
2965 4026 3084 4082 Cor.
3113 4025 3252 4094 vm).
3285 4027 3355 4080 Ac
3384 4041 3473 4096 per
3516 4025 3648 4088 hoc,
3696 4024 3784 4090 qui
3824 4023 3889 4076 de
3924 4022 4030 4076 Deo
4058 4023 4191 4090 loqui

945 4122 1243 4185 auctoritas,
1270 4137 1358 4174 nec
1378 4119 1516 4174 volui
1534 4159 1550 4184 ,
1583 4136 1676 4174 nec
1696 4120 1844 4174 debui
1873 4136 2226 4189 usquequaque
2263 4120 2513 4182 resistere.

948 4223 1114 4265 certus
1135 4211 1270 4280 quod
1323 4211 1450 4264 uires
1474 4226 1610 4263 meas
1657 4211 1817 4264 multo
1867 4211 2088 4280 amplius
2119 4212 2388 4281 adjuvaret
2427 4221 2516 4264 tua

948 4303 1284 4373 pra'cipientis
1307 4303 1492 4370 oratio,
1535 4317 1690 4372 quam
1716 4313 1945 4370 gravaret
1969 4300 2132 4371 ipsius
2159 4302 2386 4355 materia:
2407 4317 2517 4355 ma-

947 4394 1182 4466 gnitudo.
1235 4391 1430 4446 Deinde
1458 4393 1548 4445 illa
1580 4392 1916 4446 consideratio
1948 4394 2173 4445 animum
2216 4408 2384 4446 meum
2409 4393 2518 4447 suis

947 4485 1138 4540 viribus
1171 4485 1495 4554 diffidentem,
1533 4485 1588 4538 in
1625 4485 1894 4538 audaciam
1924 4485 2196 4538 subeunda:
2223 4483 2520 4554 praeceptio-

947 4575 1028 4628 nis
1053 4583 1230 4628 vestra
1251 4573 1530 4641 perduxit;
1567 4573 1702 4643 quod
1745 4575 1860 4642 jam
1897 4589 1996 4626 non
2043 4573 2340 4628 humilitatis
2391 4580 2518 4627 esset

951 4675 1321 4736 perseueranter
1357 4673 1524 4718 tenere
1562 4665 1837 4728 silentium,
1860 4667 1947 4717 sed
1991 4666 2241 4732 superbiat
2273 4666 2410 4719 ultra
2435 4682 2518 4719 re-

951 4773 1122 4821 nuere,
1152 4758 1379 4825 quamvis
1409 4757 1627 4825 inﬁrmis
1651 4757 1925 4810 cerricibus
1953 4754 1981 4793 δ
2005 4772 2132 4809 onus
2175 4757 2463 4823 impositum
2495 4774 2513 4817 :

953 4848 1036 4900 cui
1055 4849 1193 4902 oneri
1212 4847 1630 4912 sustinendo,etsi
1651 4863 1762 4901 mea
1775 4863 1851 4899 me
1866 4847 2118 4900 rusticitas
2142 4845 2512 4915 faciebatinra-

951 4939 1136 5002 (idum,
1162 4949 1327 4994 restra
1355 4941 1466 5006 ﬁeri
1491 4940 1679 4994 credidi
1709 4940 1807 5000 ﬁde
1835 4939 1920 5004 qui
1942 4938 2226 5008 jubeb—ttis,
2256 4938 2513 4993 idoneum.

1021 5027 1074 5084 ἓ.
1122 5029 1234 5083 Hoc
1277 5046 1470 5099 quoque
1510 5029 1634 5083 mihi
1663 5030 1885 5083 audendi
1910 5029 2107 5098 aliquid
2133 5028 2380 5096 ﬁduciam
2425 5029 2518 5080 da-

1025 5259 1051 5285 ι
1092 5249 1216 5303 Mss.
1249 5247 1401 5310 duo.,
1424 5245 1620 5320 Regius
1649 5260 1784 5299 unus
1821 5255 1875 5300 et
1903 5243 2373 5313 Camberonensis,
2403 5261 2518 5298 sus-
2550 5247 2598 5306 ι)

953 5335 1186 5387 ceperim.

1025 5389 1050 5426 υ
1089 5388 1178 5442 Sic
1208 5399 1335 5440 mss.
1383 5383 1756 5453 quinqueicum
1788 5382 1917 5438 edit.
1969 5382 2136 5453 Lugd.
2179 5384 2334 5439 1539.
2387 5384 2517 5439 Mss.

952 5458 1058 5511 duo
1087 5467 1136 5510 et
1166 5455 1293 5511 odd.
1328 5452 1494 5507 Du’ac.
1520 5463 1573 5505 et
1609 5452 1794 5506 Colon.
1813 5495 1827 5516 ,
1856 5452 2084 5520 quamvis
2110 5455 2327 5522 inﬁrmis
2355 5455 2521 5508 cerei-

953 5528 1094 5579 cibus
1122 5541 1248 5578 onus
1271 5525 1559 5593 impositum
1586 5538 1733 5593 grave
1761 5523 1844 5574 sit.

1026 5606 1049 5634 ο
1094 5596 1188 5649 Ms.
1220 5593 1556 5648 Colbcrtinus
1584 5609 1740 5652 unus,
1771 5593 2188 5656 disputationum.

1025 5662 1050 5699 δ
1085 5665 1207 5718 Mss.
1241 5671 1465 5729 quintnor
1491 5675 1610 5713 cum
1651 5661 1736 5714 ed.
1764 5659 1950 5724 Lugd”
1993 5679 2092 5715 non
2135 5664 2336 5718 instruit
2381 5665 2514 5718 inee~

960 5734 1165 5798 rieutis;
1191 5736 1306 5798 scd,
1336 5740 1391 5786 ut
1421 5732 1646 5795 videtur,
1678 5731 1850 5784 mitms
1873 5730 2025 5785 bene.

2619 4123 2832 4176 voluerit
2851 4165 2865 4189 ,
2889 4129 2978 4173 aut
3001 4119 3128 4173 nihil
3147 4119 3292 4180 dicit,
3311 4127 3357 4172 et
3383 4116 3524 4170 nulla
3549 4131 3664 4170 eum
3691 4112 3707 4152 ι
3736 4114 4017 4182 ρνανοὶρὶιαι
4041 4112 4190 4181 infla-

2625 4214 2736 4278 tio;
2765 4222 2854 4265 aut
2877 4213 2922 4265 si
2942 4211 3138 4279 aliquid
3167 4208 3370 4272 dixerit,
3411 4217 3462 4262 et
3489 4221 3542 4260 se
3571 4205 3840 4258 crediderit
3868 4221 3899 4256 a
3923 4202 4029 4256 Deo
4051 4218 4190 4257 acce-

2620 4303 2756 4372 pisse
2795 4300 2932 4369 quod
2967 4302 2981 4349 ι
3021 4299 3174 4360 dixit,
3203 4297 3347 4351 habet
3375 4297 3510 4350 unde
3552 4294 3658 4349 Deo
3691 4294 3885 4366 gratias
3917 4301 4059 4364 agat,
4094 4307 4193 4346 non

2620 4391 2766 4445 habet
2785 4390 2923 4460 quod
2951 4389 3142 4461 ingenii
3162 4389 3244 4441 sui
3270 4387 3462 4440 viribus
3488 4386 3652 4439 elatus
3675 4383 3914 4437 ascribat.

2690 4485 2745 4540 3.
2787 4482 2893 4538 Sed
2933 4482 3044 4550 jam
3094 4482 3205 4543 ipsa
3254 4479 3503 4547 capitula,
3542 4493 3654 4543 qua:
3681 4485 3931 4543 utcunque
3957 4474 4195 4527 solvenda

2623 4572 2977 4644 praposuistis,
3001 4580 3242 4624 attexam.
3269 4567 3450 4638 Itaque
3477 4567 3501 4606 ¹ι
3517 4567 3706 4639 jubetis
3731 4576 3784 4618 ut
3809 4567 3984 4636 paucis
4013 4566 4192 4619 edisse-

2617 4682 2728 4718 ram
2755 4679 2870 4732 quo:
2896 4664 2961 4717 sit
2988 4665 3104 4717 vita
3131 4663 3528 4732 contemplativa:
3551 4659 3832 4730 proprietas
3850 4673 3870 4712 :
3897 4667 3944 4712 et
3969 4659 4093 4726 qu’d
4124 4661 4193 4709 in-

2618 4741 2696 4810 ter
2719 4757 2884 4826 ipsam
2913 4765 2958 4808 et
2988 4755 3202 4807 activam
3232 4753 3387 4806 vitam
3400 4751 3629 4821 intersit,
3651 4759 3841 4819 quanta
3857 4765 4063 4819 possunt
4091 4751 4179 4803 bre

2619 4851 2770 4904 nitate
2793 4849 3125 4918 distinguant.
3159 4845 3339 4900 Utrum
3369 4846 3414 4898 is
3443 4844 3525 4898 cui
3557 4841 3800 4898 Ecclesia:
3818 4841 4052 4910 regenda:
4081 4858 4202 4896 cura

2619 4941 2888 4994 commissa
2914 4946 3008 5003 est,
3039 4935 3442 5006 contemplatirat
3497 4931 3514 4970 ι
3555 4934 3755 4987 uirtutis
3798 4932 3908 5001 fieri
3953 4933 4207 5002 particeps

2621 5029 2797 5098 possit.
2831 5026 3018 5083 Utrum
3043 5025 3400 5096 trquanimiter
3428 5024 3710 5078 sustinendi
3742 5024 3841 5077 sint
3868 5021 4043 5074 divina
4071 5036 4207 5086 pra"

2698 5255 2722 5317 ξ
2763 5245 2836 5317 Ita
2871 5260 3002 5301 mss.
3033 5244 3410 5317 quinque._Ms.
3441 5259 3582 5317 unus
3607 5254 3661 5301 et
3687 5243 3809 5301 edd.
3829 5287 3847 5314 ,
3877 5245 4164 5316 diligenter.

2705 5314 2722 5352 τ
2769 5316 2863 5385 Ms.
2896 5314 3375 5378 Camberoiiensis,
3401 5315 3603 5385 poterit.

2702 5391 2726 5426 κ
2767 5384 2931 5441 Abest
2954 5403 3055 5440 vos
3081 5386 3305 5440 veritatis
3335 5399 3364 5437 ει
3392 5383 3492 5438 ins.
3520 5383 3708 5439 Camb.

2702 5451 2727 5490 δ
2768 5453 2890 5510 Mss.
2925 5457 3049 5519 duo,
3075 5455 3401 5509 enubilanda.
3426 5453 3524 5508 Ms.
3564 5469 3731 5522 unus,
3755 5453 4060 5510 innubilata.

2708 5524 2722 5599 ξ
2899 5525 3084 5580 Camb.
3107 5565 3122 5588 ,
3153 5524 3505 5599 pra'cipitabit.

2704 5593 2718 5663 t'
2772 5593 2902 5663 ΕΜ.
2929 5611 3052 5649 cum
3075 5593 3174 5648 me.
3206 5610 3339 5654 nim,
3361 5593 3497 5663 quod
3524 5593 3666 5647 dicit.

2702 5662 2725 5733 'f
2767 5661 2892 5728 ιιςι,
2917 5664 3157 5733 plerique
3180 5704 3194 5724 ,
3218 5661 3389 5732 jubes.

2707 5728 2723 5769 ¹
2769 5733 2862 5786 Ms.
2897 5728 3033 5789 tinus
3053 5728 3084 5798 ,⁷
3105 5728 3506 5801 ςυηῖεηψιαιὶιπ
3535 5732 3666 5785 vita.
