4316 6404
433 402 542 457 4|?

1496 391 1587 450 DE
1630 393 1786 451 VITA
1829 392 2410 450 CONTEMI‘LATIV.\
2457 394 2582 449 LIB.
2629 394 2666 448 I.

3628 392 3740 452 M3

428 526 579 587 cepta
600 516 876 570 calcantes.
909 528 978 566 an
1003 528 1095 582 pro
1118 510 1267 564 modo
1294 509 1485 579 pecca'i
1515 508 1728 561 debeant
1768 504 2026 559 Ecclesia.
2061 512 2107 565 Α
2214 506 2345 561 CAP.
2390 505 2481 559 IX.
2528 508 2680 573 Quod
2728 515 2928 559 tantum
2967 507 3173 559 interest
3219 505 3349 559 inter
3377 503 3735 575 perfectionem

427 606 561 660 stica
577 600 842 659 “veritate
866 602 1096 673 coargui.
1124 598 1309 657 Utrum
1331 608 1358 637 κ
1387 598 1756 668 congregandis
1780 597 2025 666 fratribus

426 704 524 750 aut
548 695 770 761 alendis,
799 694 1036 766 expediat
1066 691 1338 762 facultates
1373 689 1616 744 Ecclesia
1644 689 1927 760 possideri,
1959 703 2028 741 an

426 787 757 856 perfectionis
788 801 964 840 amore
1002 785 1276 839 contemni.
1322 782 1450 851 Qua:
1475 782 1540 836 sit
1568 780 1894 835 abstinentite
1916 796 2026 835 cre-

423 879 599 933 deuda
626 878 901 948 perfectio;
932 886 979 930 et
1008 886 1174 929 utrum
1204 874 1233 914 δ
1264 885 1462 929 tantum
1501 872 1704 944 corpori
1732 888 1802 926 an
1829 881 1879 926 et
1906 872 2025 925 ani-

423 984 530 1024 mat
558 968 845 1029 necessaria
874 967 1047 1021 debeat
1076 966 1325 1037 judicari.
1380 964 1647 1031 Quantum
1691 978 1723 1017 a
1755 962 2025 1016 uirtutibus

420 1060 559 1114 ueris
586 1060 829 1113 uirtutum
850 1056 1212 1111 similitudines
1226 1054 1435 1107 distent.
1473 1052 1667 1118 Quibus
1694 1052 2025 1122 praccdenti-

424 1149 523 1206 bus
542 1150 711 1205 causis
756 1157 804 1204 et
844 1148 1264 1218 subsequentibus
1286 1146 1611 1200 incrementis
1658 1144 1801 1199 nasci
1826 1146 2026 1199 soleant

421 1241 550 1295 uitia
575 1240 654 1295 uel
677 1238 856 1308 augeri
877 1253 897 1304 ;
918 1246 969 1291 et
995 1236 1180 1304 quibus
1200 1235 1433 1306 possint,
1463 1233 1742 1302 adjuvante
1769 1232 2020 1296 Domino,

423 1330 685 1395 remediis,
725 1329 858 1382 velut
896 1327 1206 1395 quibusdam
1245 1318 1626 1378 medicamentis
1670 1323 1909 1377 imminui
1945 1323 2025 1377 uel

420 1421 621 1475 sanari.
654 1420 789 1487 Quot
811 1418 975 1472 modis
996 1417 1077 1471 uel
1103 1416 1351 1488 gradibus
1377 1429 1693 1484 unaquaque
1722 1413 1883 1466 virtus
1903 1428 2024 1482 pos-

418 1512 487 1566 sit
511 1510 734 1579 impleri.
762 1509 827 1563 Et
845 1525 914 1563 an
942 1522 1062 1562 cera
1082 1508 1147 1563 sit
1176 1508 1267 1561 illa
1295 1503 1722 1577 philawpltorum
1745 1503 2019 1569 sententia,

417 1614 539 1671 qua
576 1601 821 1653 uirtutum
865 1598 1096 1653 omnium
1131 1595 1267 1650 velut
1315 1594 1480 1665 fontes
1503 1591 1758 1663 quaedam
1798 1599 2024 1660 quatuor

417 1692 671 1757 virtutes;
712 1692 837 1746 uitia
857 1706 1058 1762 quoque
1085 1697 1328 1758 quatuor,
1352 1686 1491 1741 velut
1518 1686 1772 1754 quasdam
1799 1686 2022 1755 origines

415 1783 676 1837 natorum
700 1792 724 1821 α
752 1784 982 1837 omnium
1021 1781 1274 1850 deﬁnivit.
1321 1778 1456 1834 Hac
1497 1788 1617 1833 sunt
1659 1777 1902 1831 nimirum
1928 1776 2023 1830 de-

2135 605 2250 658 bila
2276 601 2423 656 istius
2443 610 2490 655 et
2514 601 2723 671 futuris,
2746 608 2996 668 quantum
3047 598 3256 651 interest
3282 597 3437 663 inter
3476 598 3733 667 perfectos

2128 693 2218 759 qui
2246 707 2457 761 peccare
2475 690 2682 754 nolunt;
2703 698 2751 742 et
2773 706 2859 744 cos
2888 688 2978 758 qui
2993 691 3110 759 jam
3132 702 3343 760 peccare
3367 703 3467 741 nou
3490 698 3727 756 possunt.

2147 785 2167 806 '
2201 784 2333 839 CAP.
2362 783 2428 838 X.
2475 783 2629 850 Quod
2656 782 2740 836 hic
2767 782 2933 836 sancti
2958 779 2975 818 ι
3006 781 3177 837 'Demn
3208 781 3263 835 in
3292 796 3561 853 assumpta
3584 796 3735 837 crea-

2129 884 2247 929 tura
2273 875 2534 928 viderunt.

2198 962 2329 1020 CAP.
2382 962 2474 1019 XI.
2532 962 2611 1019 De
2655 962 2903 1035 quali‘ate
2947 961 3361 1035 gloriﬁcatorum
3412 979 3724 1034 corporum,

2126 1076 2243 1131 qua:
2274 1061 2331 1115 in
2371 1061 2747 1115 resurrectione
2774 1060 2950 1130 futura
2976 1070 3115 1114 sunt.

2197 1151 2330 1212 CAP.
2359 1151 2479 1208 XII.
2525 1153 2792 1220 Quantum
2817 1153 2949 1207 inter
2972 1154 3425 1224 contemplaticam
3455 1151 3733 1207 etactivam

2125 1244 2282 1297 vitam
2322 1244 2546 1297 intersit.

2196 1335 2327 1390 CAP.
2380 1336 2518 1390 XIII.
2563 1336 2717 1403 Quod
2768 1336 3058 1390 sarerdotes
3099 1336 3268 1390 sancti
3320 1334 3732 1403 contemplativa

2126 1427 2243 1481 vita
2274 1428 2388 1493 ﬁeri
2417 1428 2692 1497 participes
2718 1427 2935 1495 possint.

2194 1518 2331 1574 CAP.
2364 1518 2505 1574 XIV.
2550 1518 2651 1573 Ubi
2669 1536 2723 1573 se
2772 1523 2975 1574 locutor
3009 1528 3244 1587 excusat,
3291 1520 3431 1590 quod
3483 1518 3735 1574 Ecclesia:

2124 1611 2397 1680 magistros
2426 1611 2607 1665 docere
2630 1628 2733 1665 non
2761 1612 2972 1667 audeat.

2194 1702 2323 1757 CAP.
2359 1702 2400 1756 Χ
2415 1702 2471 1755 γ.
2503 1702 2579 1756 De
2603 1702 2916 1775 negligentia
2938 1705 3221 1760 sacerdotis
3243 1706 3333 1776 qui
3352 1706 3600 1762 doctrinm
3619 1724 3730 1762 sure

2122 1794 2327 1863 agendo
2376 1794 2663 1858 contraria,
2702 1810 2975 1863 personam
3025 1812 3129 1849 non
3180 1805 3345 1867 potest
3385 1798 3597 1867 implere
3633 1802 3727 1853 do-

414 1890 551 1939 cent,
573 1890 686 1944 quae
710 1892 742 1928 a
767 1889 848 1928 me
874 1873 1110 1928 uoluistis
1133 1872 1345 1927 enodari
1375 1870 1627 1942 capitula,
1652 1886 1756 1925 non
1785 1880 1840 1925 ut
1867 1870 2019 1925 abso-
2048 1867 2098 1929 Β
2123 1884 2299 1940 σιω-ξε,

415 1964 551 2018 lutio
590 1978 765 2017 eorum
794 1964 933 2017 vobis
960 1964 1157 2029 aliquid
1193 1963 1502 2034 cognitionis
1541 1960 1784 2028 afferret,
1825 1961 1915 2016 sed
1961 1970 2018 2014 ut

412 2052 445 2091 «³
471 2065 633 2108 vestra
650 2055 813 2125 magis
831 2070 978 2118 cura,
1002 2055 1045 2105 si
1066 2054 1373 2123 regulariter
1388 2054 1695 2122 imperatum
1714 2067 1901 2106 manus
1920 2050 2020 2105 im-

410 2147 640 2218 plevero.
670 2146 906 2201 nonnihil
931 2146 1289 2215 ediﬁcationis
1308 2148 1491 2201 talium
1515 2146 1785 2211 studiosis,
1830 2144 2018 2200 horum

409 2244 465 2290 et
488 2237 563 2288 liis
590 2238 836 2290 similium
858 2238 1208 2305 capitulorum
1230 2236 1577 2306 explicatione
1598 2240 1877 2308 conferret.
1906 2235 2020 2291 Cte-

412 2340 582 2382 terum
601 2329 647 2382 si
688 2338 747 2382 tu
772 2344 834 2381 ea
860 2329 1103 2388 nescires,
1134 2344 1397 2396 nunquam
1432 2335 1576 2381 tanto
1616 2328 1796 2381 ordine
1825 2326 2016 2382 diluci-

410 2418 593 2472 danda
622 2434 953 2489 prOponeres.
978 2416 1107 2472 Ideo
1148 2428 1324 2472 autem
1347 2418 1582 2473 voluistis
1630 2418 1838 2490 cognita
1875 2418 2017 2473 vobis

408 2507 844 2578 disputationibus
871 2507 1142 2573 illustrari,
1188 2517 1246 2559 ut
1274 2517 1364 2560 aut
1389 2524 1487 2573 me,
1521 2510 1568 2561 si
1593 2507 1792 2577 aliquid
1820 2515 1844 2544 ε
1868 2523 2018 2562 secus

407 2614 573 2668 quam
620 2600 757 2654 ratio
784 2599 935 2653 habet
965 2616 1293 2669 exponerem,
1349 2601 1586 2666 faceretis
1634 2602 1895 2654 emendari
1935 2601 2016 2656 uel

408 2689 637 2760 corrigi;
656 2698 748 2742 aut
777 2699 911 2743 certe
942 2707 1030 2758 per
1051 2690 1448 2745 sollicitudinem
1476 2704 1713 2758 uestram,
1744 2707 2014 2764 meumque

405 2794 693 2834 sermonem
713 2781 783 2833 ad
807 2780 1032 2833 aliorum
1064 2782 1303 2835 notitiam
1338 2780 1357 2819 τ
1388 2791 1593 2852 possent
1622 2784 1879 2838 catlsolice
1903 2784 2012 2838 dis-

406 2878 592 2938 putata
617 2872 845 2940 perduci.
871 2879 896 2919 ϐ
926 2870 1083 2925 Nunc
1112 2872 1271 2944 igitur
1293 2886 1411 2941 quat
1461 2873 1527 2926 sit
1556 2873 1673 2927 vita:
1697 2876 2012 2943 contempla-

408 2959 532 3012 tirce
551 2959 834 3028 proprietas
853 2999 869 3024 ,
931 2958 1155 3015 Domino
1187 2962 1363 3015 vestris
1393 2962 1708 3017 orationibus
1730 2964 2012 3035 adjuvante

408 3056 705 3102 tractemus.

1007 3139 1389 3197 ELENCIICS.

2192 1976 2323 2031 CAP.
2358 1975 2497 2031 XVI.
2541 1976 2707 2042 Quale
2729 1994 2822 2047 per
2842 1977 3017 2032 culum
3044 1991 3249 2036 maneat
3292 1996 3379 2035 eos
3415 1980 3504 2050 qui
3548 1979 3727 2034 Ecclev

2119 2066 2251 2121 siam
2269 2067 2369 2120 sibi
2406 2068 2656 2121 creditam
2686 2070 2764 2121 uel
2792 2078 2829 2104 σι
2850 2070 3167 2140 relinquunt,
3199 2073 3277 2127 vel
3316 2083 3523 2126 strenue
3541 2074 3725 2145 guber-

2120 2174 2250 2213 nare
2275 2169 2628 2213 contemnunt.

2192 2248 2323 2303 CAP.
2357 2248 2520 2305 XVII.
2565 2251 2667 2307 Ubi
2695 2252 2910 2306 anxium
2938 2256 3075 2322 quod
3106 2253 3392 2308 Ecclesiam
3430 2270 3522 2309 nrc
3560 2258 3722 2310 relin-

2117 2356 2291 2409 quere,
2324 2357 2419 2395 nec
2442 2359 2618 2415 regere
2638 2344 2825 2413 possit,
2848 2352 3090 2412 provocat
3113 2348 3436 2417 suggerendo
3451 2348 3588 2417 quod
3609 2363 3722 2401 eam

2120 2420 2303 2485 melius
2330 2444 2477 2503 regat
2503 2434 2759 2504 exemplo.

2188 2521 2319 2578 CAP.
2349 2523 2534 2580 XVIII.
2577 2526 2731 2593 Quod
2762 2542 2947 2596 parum
2991 2527 3159 2583 valeat
3184 2536 3212 2565 ι
3252 2529 3487 2601 exemplo
3520 2533 3722 2601 agenda

2116 2624 2421 2679 monstrare,
2452 2616 2553 2670 nisi
2573 2618 2727 2671 etiam
2765 2635 2880 2688 qua
2908 2620 3009 2673 sint
3051 2620 3331 2686 credenda,
3360 2621 3592 2677 docendo
3620 2623 3723 2680 Sa-

2115 2704 2299 2759 cerdos
2327 2708 2630 2763 ostenderit.

2188 2797 2320 2851 CAP.
2351 2798 2495 2853 XIX.
2538 2798 2619 2855 De
2647 2800 2837 2857 rirtute
2857 2801 2982 2871 fidei
3003 2844 3020 2865 .
3046 2803 3184 2872 quod
3202 2804 3272 2858 ad
3289 2820 3401 2858 eam
3431 2822 3535 2860 non
3554 2806 3724 2863 solum

2113 2888 2341 2957 credere,
2369 2888 2451 2943 vel
2476 2891 2780 2964 intelligere,
2827 2894 2918 2948 sed
2947 2895 3103 2949 etiam
3147 2895 3274 2950 bene
3314 2899 3518 2967 operari
3562 2902 3723 2970 ρινιὶ-

2114 2987 2252 3032 κιαι.

2184 3064 2316 3120 CAP.
2360 3066 2480 3122 XX.
2526 3068 2679 3137 Quod
2724 3071 2856 3126 nihil
2902 3074 3067 3142 prosit
3108 3082 3134 3112 ο
3168 3074 3472 3142 Sacerdoti,
3502 3079 3655 3135 etiam
3679 3083 3720 3138 si

2115 3167 2239 3216 bene
2263 3162 2418 3231 vivat,
2449 3163 2496 3219 si
2522 3168 2657 3219 male
2676 3166 2921 3221 viventem
2949 3169 3167 3223 tacendo
3188 3186 3293 3224 non
3312 3173 3559 3242 corrigat.

473 3224 655 3283 CAPUT
686 3229 723 3283 Ι.
769 3230 922 3297 Quod
943 3246 1003 3284 ea
1034 3234 1099 3285 sit
1117 3233 1231 3285 vita:
1249 3233 1656 3302 contemplativa:
1680 3236 2000 3306 proprietas,
2031 3233 2079 3296 C

2031 3233 2079 3296 ο
2180 3252 2311 3309 CAP.
2343 3224 2488 3314 XXI.
2544 3254 2807 3312 Luctuosa
2853 3259 3130 3331 descriptio
3160 3271 3189 3310 P
3225 3224 3719 3319 sacerdoi’iscarna-

402 3318 492 3372 ubi
521 3315 548 3356 ιι
580 3314 832 3374 Dominus
862 3324 1055 3375 mundo
1081 3326 1233 3376 corde
1258 3324 1528 3379 uidebitur.

472 3408 605 3466 CAP.
637 3410 699 3465 II.
739 3409 820 3465 De
845 3412 1093 3481 qualitate
1116 3416 1234 3469 vita:
1259 3419 1468 3485 future.

471 3499 604 3559 CAP.
640 3503 727 3558 III.
772 3503 922 3569 Quod
946 3522 1007 3559 eo
1019 3508 1224 3577 judicio
1249 3507 1345 3562 Dei
1376 3508 1392 3547 ί
1419 3509 1485 3563 ab
1506 3510 1695 3581 iniquis
1712 3512 2003 3569 hominibus

396 3594 679 3661 separandi
706 3604 824 3647 sunt
854 3597 1042 3663 sancti,
1074 3597 1087 3647 i
1123 3613 1225 3669 quo
1265 3608 1383 3653 ante
1413 3612 1534 3655 sunt
1562 3603 1697 3657 beati
1739 3604 1914 3677 angeli
1937 3607 2004 3661 ab

396 3684 681 3739 immundis
707 3687 973 3757 spiritibus
1000 3690 1249 3759 separati.

469 3773 599 3829 CAP.
634 3774 721 3830 IV.
751 3775 829 3831 De
852 3782 1227 3834 resurrectione
1251 3782 1327 3836 uel
1356 3783 1460 3837 vita
1488 3795 1811 3841 sanctorum.

469 3866 598 3922 CAP.
631 3867 698 3923 V.
744 3869 895 3935 Quod
940 3875 1269 3943 prasentiurn
1311 3888 1683 3948 contemptores
1722 3882 1877 3935 etiam
1917 3880 2001 3935 ltic

393 3960 801 4031 contemplativa
823 3963 940 4017 vitta
969 3966 1230 4020 beatitudo
1258 3967 1490 4024 delectet.

467 4048 597 4103 CAP.
628 4050 711 4105 VI.
755 4051 909 4119 Quod
943 4058 1186 4121 perfectio
1212 4061 1626 4130 contemplativa
1651 4063 1768 4117 vita:
1788 4080 1902 4133 qua:
1915 4064 1999 4120 hic

394 4139 581 4193 haberi
628 4149 830 4213 potest,
889 4142 915 4181 ι
965 4149 1268 4214 perfectioni
1319 4154 1508 4220 futuro:
1552 4156 1848 4225 comparari
1894 4172 1997 4211 non

394 4231 581 4298 possit.

466 4320 596 4377 CAP.
633 4323 744 4379 VII.
785 4326 937 4391 Quod
970 4326 1248 4385 Dominum
1272 4336 1437 4388 sancti
1461 4340 1683 4407 perfecte
1701 4341 1872 4395 videre
1892 4358 1995 4397 non

392 4411 611 4477 possint,
652 4414 753 4468 nisi
792 4432 907 4470 cum
962 4418 1032 4471 ad
1080 4418 1449 4477 beatitudinem
1494 4428 1687 4495 futurae
1728 4430 1843 4483 vita:
1876 4448 1995 4500 per-

393 4502 643 4557 uenerint.

466 4590 598 4648 CAP.
628 4594 759 4649 VIII.
806 4597 932 4663 Qua:
961 4610 1005 4677 et
1034 4610 1231 4668 quanta
1261 4604 1331 4657 sit
1357 4604 1410 4658 in
1426 4604 1523 4658 Itac
1553 4623 1709 4663 carne
1727 4610 1843 4665 vitta
1873 4628 1994 4666 con-
2025 4590 2076 4649 D
2104 4546 2255 4612 QuOd
2288 4565 2345 4603 ea
2386 4558 2453 4603 Μ
2472 4555 3245 4683 ‘vmztiziiie'imi'tiﬁem’r’:

398 4685 708 4751 templatim
729 4690 995 4758 perfectio,
1028 4692 1105 4746 vel
1132 4696 1352 4763 qualiter
1386 4698 1434 4750 ei
1465 4703 1793 4769 perfruenda:
1821 4706 2000 4759 mundi

403 4784 776 4861 contemptores
802 4783 1105 4836 inluereant.

465 4962 492 5029 ξι
532 4954 632 5029 bis.
662 4970 799 5011 unus
818 4997 845 5029 ,_
865 4973 959 5028 pro
990 4962 1391 5029 congregandis.

462 5021 491 5061 δ
528 5024 622 5081 Sic
645 5040 774 5080 mss.
817 5021 924 5081 duo
954 5021 1208 5084 cutn'ed".
1242 5031 1411 5101 Lugd.
1458 5043 1516 5088 et
1569 5036 1734 5092 hunc.
1785 5038 1842 5095 In
1872 5042 1993 5100 aliis

388 5093 420 5148 (Ι
446 5102 544 5150 δεδι
580 5104 798 5150 tantum.

462 5174 486 5242 ξ
520 5164 617 5242 bis.
650 5180 816 5231 unus,
847 5168 1067 5238 origines
1095 5168 1351 5242 malorum
1380 5173 1632 5242 definiunt
1656 5180 1911 5235 omnium.

460 5230 486 5269 δ
530 5234 621 5291 Sic
671 5230 809 5311 mss.
861 5230 952 5292 sei
985 5252 1107 5292 cani
1137 5240 1265 5294 edit.
1322 5230 1488 5311 Lugd.
1534 5246 1639 5301 Alii
1694 5230 1986 5309 tedii-ticum

389 5317 492 5388 ms.
525 5319 664 5370 uno,
692 5306 797 5388 sed.
810 5316 865 5359 ut
889 5317 1053 5361 vestra
1081 5312 1244 5388 magis
1288 5306 1612 5382 curawsciret,
1652 5318 1699 5388 si
1727 5306 1987 5388 regulari;

390 5380 557 5428 ter....
602 5376 943 5457 capitulgrum
973 5376 1320 5459 .euplicdliOtte
1345 5376 1611 5454 conferrie
1643 5376 1983 5450 Camlieron.

390 5457 493 5497 ms.
515 5484 530 5508 ,
563 5456 619 5500 ut
653 5456 819 5499 vestra
845 5456 1092 5515 magistra
1118 5466 1263 5505 cura.

464 5522 488 5581 ἦ
530 5515 655 5572 Mss.
688 5515 820 5581 duo,
852 5534 996 5571 secus
1033 5534 1093 5570 ac

466 5580 487 5621 ί
525 5584 653 5656 Mss.
684 5580 940 5656 quinque,
976 5590 1189 5655 possint.

462 5661 488 5737 ς
520 5654 645 5737 biss.
673 5654 1131 5737 QuinqueLqunc
1163 5661 1317 5729 igitur
1337 5668 1470 5737 jam.

463 5721 487 5758 ¹¹
531 5725 628 5781 Ms.
669 5721 889 5789 Catuli,
928 5729 1079 5783 Dens.

471 5793 482 5828 ³
530 5795 627 5852 Ms.
663 5813 830 5865 unus,
859 5804 918 5852 ab
951 5802 1202 5855 omnibus.

2112 3343 2232 3397 liter
2252 3344 2486 3399 viventis.

2178 3432 2309 3490 CAP.
2361 3435 2528 3491 XXII.
2574 3436 2727 3502 Quod
2754 3441 3033 3495 secundum
3063 3457 3351 3498 sermonem
3383 3454 3411 3495 σι
3457 3446 3718 3516 propheta

2106 3526 2377 3597 culpa'sua
2414 3538 2625 3595 pereant
2654 3531 2742 3599 qui
2774 3532 3096 3586 sacerdotum
3124 3534 3501 3607 increpationes
3522 3537 3601 3593 uel
3625 3539 3717 3593 ad-

2105 3618 2412 3672 monitiones
2444 3635 2681 3687 perversa
2706 3621 2970 3678 uoluntate
2999 3634 3359 3681 contentnunt.

2176 3708 2305 3763 CAP.
2336 3708 2525 3764 XXIII.
2569 3711 2723 3777 Quod
2747 3717 3040 3770 sacerdotes
3066 3717 3221 3771 etiam
3254 3728 3277 3756 ι’
3304 3720 3397 3786 qui
3420 3721 3573 3777 aliter
3599 3739 3716 3790 pos-

2105 3810 2247 3861 sunt,
2280 3809 2385 3852 tam
2412 3802 2713 3869 simpliciter
2741 3802 2928 3858 docere
2956 3805 3211 3871 debeant,
3239 3816 3294 3862 ut
3322 3824 3497 3865 omnes
3515 3827 3601 3867 eos
3624 3814 3716 3867 do-

2103 3899 2272 3943 centes
2310 3890 2628 3961 intelligant.

2173 3980 2302 4034 CAP.
2336 3981 2525 4036 XXIV.
2572 3982 2710 4049 Quid
2748 3986 2945 4039 intersit
2971 3987 3108 4040 inter
3141 3990 3376 4045 doctores
3404 3993 3493 4062 qui
3533 3991 3714 4050 Ecde-

2101 4073 2231 4125 siam
2261 4074 2559 4143 simpliciter
2588 4076 2833 4132 docentes.
2855 4079 3139 4148 aediﬁcant,
3170 4093 3219 4136 et
3247 4099 3333 4139 eos
3358 4086 3447 4155 qui
3474 4086 3714 4158 eloquen-

2100 4163 2227 4215 tiam
2249 4180 2397 4217 snam
2428 4164 2700 4220 luculentis
2726 4167 3192 4226 declamationibus
3216 4180 3238 4208 ⁸
3267 4175 3491 4243 jactant.

2174 4253 2302 4308 CAP.
2357 4254 2524 4310 XXV.
2568 4257 2762 4323 Quales
2800 4274 2909 4313 esse
2934 4260 3148 4317 debeant
3187 4266 3478 4323 sacerdotes
3512 4271 3600 4338 qui
3627 4287 3713 4325 vo-

2100 4343 2212 4397 lunt
2242 4345 2357 4413 ﬁeri
2391 4347 2507 4402 uitta
2533 4350 2943 4417 contrmplatioce
2973 4355 3275 4425 participes.

2620 4460 2851 4518 CAPUT
2895 4460 3187 4520 PRIMUM.

2562 4567 2607 4605 ω
2634 4555 3048 4628 contemplatiute
3097 4559 3411 4628 proprietas,
3446 4559 3533 4614 ubi
3572 4560 3709 4615 Deus

2175 4710 2601 4778 Contemplativa
2632 4725 2764 4778 vnto,
2794 4716 2845 4769 in
2896 4734 3000 4787 qna
3026 4718 3343 4776 Creatorem
3372 4737 3528 4777 suum
3556 4736 3707 4777 crea-

2107 4809 2224 4855 tura
2255 4802 2631 4860 intellectualis
2660 4806 2729 4859 ab
2754 4810 2899 4863 omni
2933 4822 3155 4880 peccato
3180 4822 3423 4884 purgata,
3452 4822 3612 4885 atque
3638 4830 3705 4871 ex

2179 4975 2193 5049 ξ
2236 4976 2337 5033 Ms.
2369 4977 2559 5033 Camb.
2578 5020 2594 5045 ,
2623 4990 2742 5034 ante
2771 4986 2901 5049 iam.

2174 5045 2200 5122 ξι
2235 5049 2332 5122 _S_ic
2362 5064 2493 5103 mss.
2544 5052 2651 5105 duo
2684 5045 2813 5122 urg.
2847 5066 2901 5108 et
2930 5055 3117 5113 Camb.
3157 5056 3299 5113 Editi
3325 5061 3529 5120 addunt
3570 5065 3703 5121 illic.

2176 5113 2193 5153 ι
2231 5117 2330 5171 Ms.
2375 5122 2561 5174 Camb.
2586 5162 2601 5185 ,
2640 5113 2940 5179 Dominum.

2173 5188 2431 5266 m_3_lss.__2
2459 5189 2591 5259 Reg.
2622 5205 2675 5246 et
2702 5192 2892 5249 Camb.
2919 5234 2933 5266 ε
2962 5196 3251 5266 relinquere
3276 5202 3474 5257 vo.’unt.

2167 5266 2194 5337 ’ξ
2228 5258 2326 5337 δίε.
2363 5260 2496 5337 Il_eg.
2530 5258 2690 5337 anus,
2729 5263 2967 5337 exempla
2994 5258 3217 5337 agendo.

2172 5336 2197 5363 °
2230 5328 2356 5411 Ilss.
2392 5328 2523 5411 Reg.
2562 5346 2615 5386 et
2643 5328 3003 5411 Gnmberon.,
3027 5328 3192 5393 'Nihit
3232 5341 3394 5411 prosit
3420 5345 3703 5399 sacerdoti-

2097 5398 2190 5480 bus
2210 5400 2256 5453 si
2283 5399 2408 5454 bene
2445 5407 2642 5467 vivunt,
2670 5405 2714 5458 si
2741 5407 2876 5459 male
2914 5398 3133 5463 viventes
3179 5398 3393 5466 tacendo
3433 5430 3534 5467 non
3586 5398 3702 5469 cor-

2247 5480 2286 5522 t.

2094 5485 2370 5615 "grass.
2404 5541 2537 5613 Reg.
2558 5542 2594 5595 Ξ
2622 5552 2675 5599 el
2716 5543 3037 5602 Cumberon.
3062 5588 3079 5615 ,
3111 5547 3402 5607 Carnaliter
3424 5555 3698 5609 viventium

2094 5611 2436 5665 sacerdotum.

2170 5690 2195 5727 ίι
2227 5679 2353 5753 μεθ.
2394 5682 2503 5737 duo
2522 5724 2537 5747 ,
2565 5684 2869 5753 prophetiae.

2168 5758 2188 5829 ξ
2225 5750 2315 5829 _S_ic
2342 5768 2471 5829 mss.
2506 5756 2632 5829 duo.
2662 5750 2827 5810 Editi.
2866 5761 3085 5826 qualiter
3109 5776 3342 5829 possunt.

2169 5828 2189 5855 ³
2224 5822 2351 5877 Mss.
2387 5824 2538 5892 dum,
2581 5826 2853 5895 dejectant.
2876 5822 2986 5885 'Ms.
3011 5822 3169 5903 unus,
3201 5836 3481 5904 dejactant.
