4516 6472
911 479 1011 533 419

2247 470 2504 528 ιυιιΑΝι
2545 467 2820 524 POMERII

4063 474 4166 530 420

907 590 1047 644 omni
1080 600 1227 656 parte
1253 599 1433 644 sanata
1459 588 1632 643 visura
1660 594 1760 647 est.
1783 600 1810 639 a
1835 584 2263 654 contemplando,
2290 584 2340 638 id
2367 591 2470 644 est.
2502 583 2552 640 Α
2578 579 2752 634 dicam
2773 623 2789 648 ,
2822 593 2940 649 quas
2968 579 3142 650 ρωίιιί
3169 577 3328 634 debet
3358 578 3501 634 credi
3531 593 3690 649 (ιιιειιιι
3721 577 3859 635 ἀίείῖ
3894 579 4005 636 Nec
4048 585 4167 638 ideo

907 681 1155 744 videndo,
1205 695 1399 735 nomen
1448 679 1669 744 accepit.
1719 676 1870 743 Quod
1918 677 1961 730 si
2011 675 2084 730 ita
2123 683 2228 736 est.
2257 673 2346 728 illa
2375 670 2480 725 vita

909 770 997 824 ubi
1028 770 1171 824 Deus
1199 769 1363 825 videri
1390 776 1559 836 potest
1586 767 1697 834 ipsa
1719 773 1746 802 ι
1768 765 2181 834 contemplativa
2209 763 2478 818 credenda

910 868 1015 912 est.
1045 859 1099 911 In
1128 859 1372 928 praesenti
1399 856 1425 894 δ
1447 867 1621 910 autem
1650 856 1751 909 vita
1802 855 2058 922 miseriis,
2105 853 2484 921 errirribusque

914 948 1235 1017 plenissima,
1270 948 1454 1012 Deum,
1503 947 1656 1000 sicuti
1699 957 1802 1009 est,
1835 945 2003 999 videri
2045 961 2148 999 non
2181 958 2355 1012 posse,
2387 943 2483 997 du-

913 1041 1054 1093 bium
1087 1052 1190 1091 non
1213 1044 1315 1091 est.
1345 1042 1400 1091 In
1430 1036 1603 1090 futura
1631 1036 1790 1105 igitur
1819 1046 1841 1075 ο
1873 1037 1998 1099 vita,
2025 1037 2141 1105 qua:
2175 1033 2244 1087 ob
2266 1034 2365 1086 hoc
2393 1047 2490 1100 ap-

913 1127 1136 1196 pellatur
1164 1128 1589 1197 contemplativa,
1629 1128 1886 1182 videndus
1916 1136 2034 1192 est.
2068 1142 2166 1182 nec
2196 1126 2481 1180 immerito.

911 1218 966 1272 Si
996 1218 1138 1273 enim
1167 1217 1351 1273 videre
1379 1217 1566 1283 Deum,
1593 1231 1860 1272 summum
1885 1217 2223 1285 solidumque
2245 1223 2330 1270 est
2358 1229 2487 1284 gau-

909 1310 1052 1363 diunt
1085 1324 1348 1364 summum
1379 1306 1407 1346 ά
1437 1325 1562 1364 vero
1592 1309 1841 1378 gaudium
1871 1307 2142 1375 praemium
2195 1306 2330 1360 bene
2364 1320 2486 1360 cre-

910 1402 1054 1455 ditur
1079 1401 1383 1464 beatorum;
1411 1409 1465 1454 et
1490 1400 1762 1468 prannium
1789 1407 1812 1434 °
1845 1414 1947 1451 non
1991 1399 2166 1451 adhuc
2201 1395 2486 1465 pugnanti-

913 1492 1030 1558 bus,
1066 1491 1157 1545 sed
1185 1491 1203 1529 ῐ
1231 1492 1338 1558 jam
1369 1490 1697 1544 vincentibus
1727 1489 1940 1542 dabitur
1973 1497 2090 1554 post
2118 1487 2441 1556 triumphum
2470 1504 2483 1539 :

912 1582 1032 1653 quis
1061 1597 1168 1636 non
1195 1581 1364 1634 videat
1390 1581 1529 1648 quod
1557 1594 1745 1634 omnes
1770 1581 1940 1632 sancti
1970 1579 2138 1633 Deum
2177 1581 2228 1634 in
2259 1579 2348 1633 illa
2381 1580 2488 1632 vita

2586 681 2762 725 tamen
2808 671 2975 726 debeo
3017 668 3142 724 inde
3187 678 3366 724 tacere
3397 677 3422 704 ο
3462 669 3603 739 quod
3631 671 3803 736 valeo,
3836 675 3959 742 quia
3987 673 4168 730 dicere

2585 771 2840 831 quantum
2887 761 3010 815 volo
3054 775 3158 814 non
3203 761 3381 820 valeo.
3412 761 3594 832 Neque
3637 764 3781 818 enim
3826 766 3949 833 quia
4000 767 4167 823 Deum

2588 853 2910 909 ineffabilem
2960 852 3262 919 credimus,
3313 855 3406 908 tari
3453 855 3522 910 de
3572 855 3663 911 illo
3709 855 3851 926 quod
3885 870 4168 925 possumus

2587 959 2693 998 non
2723 945 3002 999 debemus.
3029 943 3102 997 ita
3144 957 3296 1010 sane,
3330 953 3389 998 ut
3415 945 3532 1012 plus
3555 945 3804 1020 credatur
3829 947 3898 1002 de
3923 948 4012 1002 illa
4037 948 4167 1014 vita,

2586 1050 2745 1102 quam
2773 1045 2801 1085 ι)
2827 1035 3124 1100 scribatur;
3165 1036 3288 1102 quia
3317 1048 3417 1091 nec
3445 1045 3620 1105 potest
3645 1037 3770 1094 inde
3811 1048 4014 1094 tantum
4048 1056 4167 1109 pro.

2587 1123 2715 1180 ferri
2746 1139 3013 1190 sermone,
3042 1134 3300 1193 quantum
3347 1137 3521 1195 potest
3553 1136 3731 1182 mente
3759 1131 4076 1198 complecti;
4117 1141 4170 1185 et

2591 1217 2766 1270 minus
2799 1213 3034 1285 concipit
3064 1215 3258 1269 mentis
3291 1217 3536 1271 humanm
3565 1217 3859 1286 quamlibet
3901 1218 4169 1289 profunda

2587 1305 2910 1370 complexio,
2937 1319 3100 1379 quam
3130 1314 3156 1353 τι
3200 1319 3260 1360 se
3305 1306 3468 1360 habet
3510 1307 3590 1360 rei
3639 1308 3806 1377 ipsius
3838 1310 4166 1380 magnitudo.

2592 1397 2730 1466 Ergo
2761 1397 2932 1450 futura
2963 1396 3069 1449 vita
3103 1395 3340 1450 creditur
3377 1397 3534 1452 beate
3561 1400 3917 1468 sempiterna,
3948 1414 4002 1455 et
4029 1417 4170 1456 sem-

2591 1492 2798 1561 piterue
2830 1490 3004 1556 beata,
3030 1490 3117 1544 ubi
3148 1498 3232 1542 est
3254 1498 3400 1542 certa
3432 1492 3717 1555 securitas.
3748 1501 3771 1530 τ
3803 1507 3990 1548 secura
4020 1501 4169 1548 tran-

2589 1582 2847 1651 quiilitas,
2862 1581 3146 1646 tranquilla
3162 1580 3489 1648 iucunditas,
3509 1579 3634 1635 felix
3658 1581 3956 1649 aeternitas,
3971 1595 4172 1640 veterna

913 1682 1108 1727 :eterna
1138 1670 1408 1734 videbunt.
1441 1671 1527 1725 ubi
1552 1670 1672 1726 sine
1700 1671 1803 1724 fine
1832 1670 2166 1740 gaudebunt?
2194 1671 2268 1725 lbi
2292 1672 2492 1741 gaude-
2593 1673 2845 1736 felicitas;
2888 1671 2975 1726 ubi
3006 1679 3092 1726 est
3119 1685 3268 1724 amor
3295 1669 3562 1739 perfectus
3581 1711 3595 1734 ,
3629 1671 3788 1726 timor
3815 1672 4024 1738 nullus,
4055 1674 4172 1730 dies

914 1765 1064 1827 bunt,
1096 1763 1183 1817 ubi
1219 1765 1492 1832 pra‘mium
1524 1764 1904 1832 repertabunt;
1953 1762 2023 1816 ibi
2071 1764 2335 1830 recepturi
2365 1772 2486 1817 sunt

913 1851 1210 1919 prtemium,
1244 1853 1333 1908 tibi
1378 1868 1483 1906 non
1513 1852 1684 1906 solum
1711 1853 1957 1915 devictis,
1985 1853 2078 1908 sed
2115 1855 2276 1908 etiam
2326 1853 2489 1908 finitis

2590 1773 2841 1826 aeternus,
2871 1761 3050 1815 alacer
3085 1769 3280 1828 motus,
3308 1771 3363 1814 et
3398 1776 3538 1815 unus
3575 1760 3814 1815 omnium
3857 1765 4078 1832 spiritus
4108 1764 4172 1819 de

2592 1851 3041 1921 contemplatione
3058 1850 3150 1904 Dei
3171 1852 3275 1912 sui,
3291 1851 3430 1905 aede
3446 1864 3539 1904 sua
3553 1865 3672 1905 cum
3687 1851 3776 1906 illo
3795 1854 4174 1920 permansione

911 1943 1174 2004 hostibus.
1201 1941 1628 2010 triumphabunt;
1654 1941 1724 1997 ibi
1768 1942 2193 2012 triumphabunt,
2227 1945 2313 1998 ubi
2354 1945 2486 1999 ultc-
2520 1933 2565 1992 Β
2592 1958 2842 2008 securus;
2883 1941 2973 1996 ubi
3019 1940 3132 2009 ipsa
3163 1939 3352 1994 civitas
3379 1980 3394 2003 .
3435 1955 3556 2009 qua:
3595 1952 3677 1996 est
3705 1941 4017 2008 angelorum
4050 1961 4174 2000 san-

910 2034 1022 2086 rius
1049 2033 1410 2087 adversarium
1441 2049 1544 2086 non
1568 2041 1594 2080 Β
1623 2033 1923 2089 habebunt.

977 2123 1037 2179 2.
1072 2120 1334 2177 Caeterum
1363 2124 1414 2177 in
1448 2123 1545 2177 hac
1572 2124 1700 2187 vit-i,
1747 2124 1990 2193 quamvis
2018 2135 2237 2179 strenue
2265 2125 2488 2181 dimice-

913 2231 1051 2281 tnus,
1081 2225 1134 2270 et
1161 2215 1445 2282 adjuvante
1464 2216 1708 2280 Domino,
1740 2226 1984 2270 catervas
2013 2217 2268 2283 hostium,
2291 2219 2487 2285 quibus

909 2305 1404 2371 circumfundimur,
1440 2316 1872 2374 prosternamus;
1905 2317 2081 2362 tamen
2112 2311 2156 2363 si
2183 2310 2253 2364 ab
2276 2309 2355 2364 eis
2382 2326 2482 2365 no-

911 2393 1084 2448 lumus
1151 2394 1310 2460 vinci,
1360 2411 1630 2466 nunquam
1684 2395 1970 2467 pugnareh
2005 2398 2317 2455 desinimus.
2377 2400 2485 2457 Nec

911 2487 1184 2538 vincentes
1237 2499 1455 2540 securos
1515 2486 1716 2541 faciunt
1764 2488 1991 2541 viriliter
2047 2489 2300 2544 desudata
2373 2489 2485 2559 jam

911 2573 1129 2640 pra-lia;
1163 2574 1258 2630 sed
1285 2576 1451 2644 magis
1480 2576 1770 2630 sollicitant
1789 2578 2220 2631 adversariorum
2251 2579 2485 2634 rediviva

908 2663 1220 2718 certamina.
1253 2669 1327 2719 Ac
1364 2664 1462 2726 sic,
1487 2667 1607 2733 quia
1632 2667 1922 2720 secundum
1949 2667 2240 2736 Scriptura:
2269 2669 2282 2705 ί
2317 2683 2486 2726 sacras

908 2769 1230 2820 sermonem,
1259 2766 1364 2808 tota
1393 2759 1617 2809 humana
1640 2759 1743 2811 vita
1772 2763 1981 2813 tentatio
2011 2772 2086 2814 est
2111 2777 2267 2827 super
2295 2772 2486 2817 terram

908 2841 1050 2910 (Job.
1082 2859 1175 2909 vn,
1208 2847 1258 2908 t,
1288 2861 1390 2897 sec.
1418 2845 1629 2914 LXX),
1685 2856 1809 2901 tunc
1857 2857 1940 2902 est
1985 2853 2208 2904 tentatio
2251 2850 2510 2908 ﬁnienda-

906 2934 1118 3004 quando
1149 2936 1327 2990 finitur
1354 2948 1409 2992 et
1435 2951 1644 3006 pugna;
1675 2952 1727 2993 et
1768 2950 1893 2994 tunc
1933 2951 2017 2995 est
2047 2943 2276 2998 finienda
2307 2959 2483 3016 pugna

906 3023 1118 3091 quando
1169 3035 1288 3093 post
1349 3025 1484 3080 hanc
1537 3027 1699 3082 vitam
1763 3031 2003 3086 succedit
2060 3047 2247 3104 pugnat
2292 3049 2487 3093 secura

909 3110 1268 3169 victoriaznt
1313 3129 1502 3170 omnes
1551 3118 1747 3174 milites
1802 3117 2022 3185 Christi,
2074 3123 2376 3196 quiesque
2429 3127 2487 3184 in

907 3201 1068 3258 finem
1138 3206 1262 3260 vitai
1316 3207 1596 3273 praesentis
1647 3208 1904 3265 divinitus
1958 3212 2164 3281 adiuti,
2218 3217 2336 3272 suis
2390 3216 2489 3275 ho-

2595 2045 2800 2089 ctorum
2847 2040 2867 2067 ³
2913 2041 2970 2087 et
3017 2030 3290 2086 hominum
3340 2035 3685 2101 congregatio
3727 2033 3922 2100 beata,
3971 2039 4174 2093 meritis

2596 2120 2914 2191 fulgentibus
2942 2119 2960 2155 ί
2985 2119 3160 2184 micat,
3186 2130 3241 2173 et
3270 2128 3468 2174 :eterna
3500 2121 3646 2175 salus
3673 2124 3953 2190 exuberat,
3982 2125 4176 2182 veritas

2593 2220 2812 2279 regnat;
2853 2211 2944 2264 ubi
2998 2225 3096 2265 nec
3143 2210 3274 2264 fallit
3324 2210 3589 2279 quisque,
3630 2226 3730 2265 nec
3759 2212 3995 2280 fallitur;
4036 2219 4176 2273 unde

2593 2311 2618 2338 ιι
2654 2304 2829 2359 nullus
2853 2301 3066 2373 eiicitur
3095 2302 3302 2366 beatus,
3333 2311 3387 2356 et
3417 2315 3526 2372 quo
3567 2303 3742 2360 nullus
3771 2306 3934 2362 miser
3973 2307 4172 2363 admit-

2592 2395 2741 2448 titur.

3204 2481 3431 2537 CAPUT
3467 2481 3557 2541 Ill.

2595 2571 2744 2648 Quod
2770 2588 2826 2625 eo
2863 2571 3066 2648 judicio
3096 2569 3192 2624 Dei
3235 2573 3301 2624 ab
3343 2571 3531 2648 iniquis
3569 2570 3862 2648 hominibus
3899 2581 4176 2648 separandi

2660 2654 2784 2717 sunt
2800 2642 2963 2717 sancti
2992 2657 3092 2707 quo
3122 2652 3288 2717 "ante
3306 2652 3423 2697 sunt
3447 2645 3581 2698 beati
3607 2648 3778 2717 angeli
3805 2648 3869 2702 ab
3895 2642 4174 2706 iuimuadis

2660 2712 2920 2781 spiritibus
2946 2713 3194 2778 separati.

2665 2850 2716 2902 i.
2755 2848 2860 2904 Sed
2884 2855 2914 2885 ι
2941 2858 2996 2904 et
3024 2849 3125 2903 hoc
3151 2850 3392 2906 futurum
3426 2851 3696 2908 credimus
3724 2868 3821 2924 per
3844 2854 4049 2924 justum
4084 2858 4174 2913 Dei

2582 2938 2864 3011 judicium,
2896 2939 2951 2994 in
2981 2953 3091 3009 quo
3117 2954 3224 2995 non
3255 2942 3430 2996 solum
3458 2942 3664 2996 meritis
3683 2984 3699 3010 ,
3729 2944 3824 3000 sed
3850 2945 4014 3001 etiam
4043 2946 4177 3004 locis

2589 3031 2670 3086 sic
2696 3031 2765 3084 ab
2796 3029 2993 3100 iniquis
3011 3030 3143 3100 justi
3171 3039 3202 3078 γ
3222 3032 3506 3102 separandi
3550 3042 3676 3089 sunt
3702 3034 3757 3090 in
3799 3044 4086 3105 cternum,
4116 3050 4176 3094 ut

2587 3124 2698 3190 jam
2728 3136 2827 3177 nec
2855 3131 2878 3158 ι
2901 3123 3226 3178 remunerari
3271 3123 3548 3188 praemium
3575 3122 3784 3192 ﬁniant,
3809 3141 3910 3182 nec
3934 3127 4177 3186 damnati

2592 3214 2947 3283 supplicium;
2988 3212 3422 3282 quandoquidem
3447 3221 3726 3283 propterea
3753 3217 4089 3288 incorruptio
4119 3233 4175 3277 et

905 3294 1078 3349 stibus
1137 3295 1544 3378 Iinfatigabiliter
1612 3301 1963 3370 restiterunt,
2040 3304 2309 3362 laboriosa
2370 3288 2558 3378 jamC
2589 3303 2964 3358 immortalitas
2989 3301 3207 3357 dabitur
3252 3303 3412 3356 etiam
3458 3303 3772 3372 corporibus
3828 3309 4175 3375 miserorum.

904 3376 1330 3456 peregrinatione
1358 3398 1647 3456 transacta,
1696 3405 1923 3462 regnent
1967 3395 2149 3453 felices
2190 3398 2244 3454 in
2292 3376 2483 3469 patria.

905 3474 960 3533 in
999 3489 1099 3548 qua
1148 3475 1375 3536 humana
1425 3487 1612 3538 natura
1662 3482 1733 3536 ita
1784 3486 2078 3553 reparanda
2131 3501 2257 3557 est,
2319 3502 2375 3548 et
2413 3493 2484 3550 ab

906 3574 1052 3625 omni
1087 3585 1303 3640 prorsus
1362 3574 1670 3632 infirmitate
1717 3575 1977 3642 sananda,
2018 3589 2078 3632 ut
2119 3595 2218 3636 nec
2265 3593 2485 3652 peccata

903 3661 953 3715 ei
984 3661 1088 3715 ulla
1113 3661 1129 3712 l
1163 3674 1492 3733 remaneant,
1524 3680 1622 3722 nec
1649 3682 1873 3737 peccare
1895 3666 2011 3739 jam
2035 3667 2063 3706 ¹ι
2093 3671 2285 3728 valeat.
2317 3672 2485 3744 Cujus

907 3750 1010 3806 hoc
1035 3753 1138 3806 erit
1168 3761 1335 3808 totum
1362 3756 1658 3824 prmmium,
1695 3767 1752 3812 ut
1792 3761 1914 3815 vitm
1937 3761 2369 3829 contemplativa:
2396 3777 2484 3821 so-

902 3839 1008 3896 mel
1031 3854 1250 3911 compos
1276 3841 1486 3910 en‘ecta,
1514 3843 1910 3915 inexplebiliter
1947 3860 2222 3909 auctorem
2255 3852 2481 3909 beatitu-

900 3931 1041 3986 dinis
1069 3947 1180 3988 suae
1204 3932 1224 3971 ι
1253 3935 1566 4006 conspiciat,
1589 3937 1657 3993 de
1679 3939 1770 3995 illo
1793 3942 2044 4012 gaudeat,
2063 3953 2103 3983 ι·
2124 3945 2193 4002 de
2220 3945 2479 4015 illaquod

904 4024 1141 4089 speravit
1169 4022 1429 4091 obtineat,
1457 4035 1514 4080 et
1538 4027 1593 4081 itt
1619 4042 1687 4083 eo
1711 4028 1778 4084 ad
1805 4039 1832 4068 υ
1861 4031 2006 4102 quod
2032 4043 2220 4092 sancte
2249 4037 2480 4094 vivendo

905 4111 1168 4179 pervenit,
1197 4111 1313 4168 sine
1341 4113 1446 4170 fine
1465 4128 1799 4186 permaneat.

1524 4206 1750 4264 CAPUT
1787 4210 1852 4264 ll.

1327 4289 1401 4346 De
1426 4293 1671 4361 qualitate
1699 4289 1814 4352 vita
1839 4299 2047 4366 futura.

975 4377 1025 4431 Ι.
1063 4376 1180 4434 Jam
1210 4393 1337 4437 vero
1364 4381 1435 4439 de
1461 4383 1718 4454 qualitate
1746 4387 1912 4459 ipsius
1952 4392 2074 4447 vita:
2116 4391 2310 4450 futura:
2355 4399 2484 4467 quid

976 4585 1022 4666 ᾗ)
1035 4575 1288 4666 ξὶςῃωιε.
1319 4579 1442 4635 duo.
1471 4578 1604 4652 Reg.
1633 4581 1773 4640 Editi
1792 4601 1940 4657 vero,
1971 4589 2086 4658 ipsa
2108 4601 2182 4645 est
2204 4595 2477 4666 contempt.
2507 4599 2561 4662 ι)

904 4647 1174 4700 credenda.

973 4715 1002 4753 δ
1039 4715 1165 4770 Mss.
1196 4715 1328 4786 Reg.
1363 4731 1519 4784 unus,
1551 4721 1752 4776 etenim.

975 4793 1000 4856 ε
1034 4785 1206 4856 _A_best
1231 4785 1344 4856 hiec
1370 4802 1472 4842 vox
1514 4790 1615 4843 vita
1640 4805 1672 4844 a
1699 4807 1828 4849 mss.
1855 4794 2061 4852 duohus
2085 4798 2323 4856 Colbert.

975 4849 1004 4942 tl
1017 4854 1373 4942 Austrtiamb,
1387 4873 1639 4913 samum
1661 4871 1712 4942 et
1736 4849 1908 4919 verum
1927 4849 2323 4937 addidi—is:
2342 4871 2472 4942 Reg.

905 4935 1335 4999 unus_._sun_tntum
1363 4941 1535 4980 verum
1553 4931 1817 4999 gaudium.

977 5002 1000 5067 ς
1031 4991 1136 5067 lls_._
1156 4993 1312 5067 coli).
1340 5009 1496 5067 unus,
1530 4991 1666 5067 quod
1690 5017 1791 5056 non
1822 5003 2014 5060 adhuc.

978 5059 999 5098 ί
1037 5061 1215 5131 tuditio
1243 5062 1440 5131 Lugd.,
1469 5059 1635 5124 etiam.

974 5139 1000 5176 s
1033 5130 1158 5186 Mss.
1187 5130 1432 5199 quatuor,
1457 5150 1558 5189 non
1579 5139 1837 5196 timebunt.

975 5201 999 5236 δ
1040 5201 1415 5284 Μεδηεςρῳηι.
1443 5203 1975 5284 [δἐςεεςὶιιᾳλᾷυιυθη.
1997 5227 2226 5284 quatuor
2243 5215 2474 5274 etCam-

904 5272 1117 5340 hermi"
1145 5271 1440 5340 desinimus.
1475 5271 1636 5340 Edtti,
1662 5271 1971 5337 desinamus.

855 5378 859 5383 .
1029 5338 1198 5414 Editi,
1230 5339 1513 5414 §cripturar
1533 5337 1873 5414 sacrw.Mss.,
1903 5365 2108 5408 sanctor.

868 5451 872 5454 .
978 5405 994 5456 i
1027 5408 1123 5462 Sis.
1148 5407 1301 5462 Colb.
1333 5405 1490 5476 unus,
1512 5414 1619 5469 ulla
1644 5405 1877 5474 alterius;

973 5476 994 5547 'f
1023 5479 1157 5531 lidit.
1186 5477 1378 5547 Lugd.,
1412 5485 1627 5538 pateant.

1152 5544 1446 5632 ltegI‘unus
1469 5562 1522 5606 et
1549 5555 1901 5632 Ququberom.
1918 5575 2242 5632 concupiscat
2273 5582 2399 5622 suae.

973 5625 1011 5653 αι
1034 5618 1154 5672 Mss.
1186 5628 1414 5685 septem.
1446 5638 1547 5676 non
1579 5625 1775 5682 habent
1798 5630 1861 5681 de
1881 5618 1994 5683 illo.

973 5695 998 5722 ¹³
1020 5686 1108 5741 Sic
1136 5702 1263 5809 ttltss.
1297 5705 1410 5744 sex.
1445 5691 1582 5748 Edit.
1616 5711 1760 5764 vero,
1787 5699 1857 5750 ad
1894 5702 2032 5769 quod
2061 5713 2230 5759 sancte
2257 5707 2466 5762 vivendo

973 5773 1151 5809 rerum
1178 5797 1194 5809 .

903 5771 1194 5824 pervenerit.

975 5837 998 5861 υ
1021 5827 1117 5881 bis.
1149 5829 1298 5886 Colb.
1333 5846 1486 5894 unus.
1515 5847 1755 5896 quantum
1785 5839 1944 5894 valeo.

2587 3407 2644 3451 ut
2671 3410 2771 3451 nec
2801 3396 2900 3466 ipsi
2926 3403 2985 3432 ιι
3007 3403 3260 3450 aeternam
3282 3409 3495 3464 pinnam
3524 3395 3730 3466 finiant,
3751 3413 3850 3454 nec
3873 3399 4018 3467 ipsos
4045 3418 4176 3458 εοιι.

2585 3495 2764 3541 sumat
2814 3485 3132 3540 immortalis
3180 3498 3334 3554 paena
3363 3526 3376 3547 ,
3425 3485 3520 3538 sed
3569 3487 3774 3554 puniat.
3823 3487 3948 3544 Ideo
3995 3503 4174 3550 autem

2585 3578 2740 3635 beiita
2763 3579 3162 3649 incorruptione
3178 3587 3232 3632 et
3247 3576 3641 3634 immortalitate
3658 3577 3921 3647 iustorum
3945 3597 4174 3654 corpora

2587 3669 2956 3735 donabantur;
2979 3667 3039 3708 ιιδ
3067 3677 3123 3723 ιιι
3147 3679 3200 3724 et
3228 3670 3327 3739 ipsi
3359 3670 3408 3722 in
3439 3668 3607 3740 gloria
3633 3709 3650 3734 ,
3679 3680 3734 3725 et
3764 3673 3815 3726 in
3843 3673 3974 3743 ipsis
4000 3676 4172 3747 gloria

2589 3772 2787 3815 mterna
2819 3769 3150 3828 permaneat.

2655 3849 2711 3905 2.
2756 3851 2868 3905 Hoc
2889 3850 3148 3920 judicium
3169 3891 3184 3916 ,
3218 3854 3358 3920 quod
3390 3854 3527 3909 inter
3547 3853 3721 3923 justos
3751 3855 3998 3912 homines
4024 3857 4170 3929 inju-

2584 3949 2802 4011 stosque
2849 3943 3082 3996 futurum
3125 3941 3390 4009 dicimus,
3440 3946 3579 4000 inter
3627 3954 3844 4001 sanctos
3869 3949 4090 4017 angelos
4118 3960 4170 4005 et

2586 4033 2891 4089 immundos
2911 4032 3178 4090 credimus
3211 4045 3266 4074 η
3291 4035 3508 4091 factum.
3535 4036 3666 4092 Nam
3690 4052 3811 4096 cum
3833 4047 4015 4097 essent
4041 4045 4172 4102 utri-

2587 4139 2692 4196 que
2721 4125 2836 4180 sine
2865 4136 3086 4194 peccato
3112 4127 3278 4184 creati
3305 4168 3321 4194 ,
3369 4135 3421 4184 et
3451 4122 3516 4184 ad
3564 4130 3904 4187 serviendum
3935 4132 4050 4190 Deo
4073 4149 4174 4189 suo

2586 4212 2642 4252 δά
2671 4215 2900 4272 feliciter
2927 4217 3178 4281 instituti.
3197 4233 3383 4275 eorum
3409 4221 3626 4288 quidam
3653 4223 3927 4279 voluntate
3955 4227 4170 4295 propria

2586 4309 2858 4377 depravati
2880 4309 3164 4366 noluerunt
3193 4326 3503 4380 permanere
3529 4323 3586 4352 ⁸ο
3608 4315 3750 4385 quod
3781 4314 3905 4371 facti
3927 4325 4085 4380 sunt;
4119 4326 4172 4374 ct

2587 4415 2710 4459 cum
2756 4415 2816 4458 se
2847 4411 3035 4458 contra
3079 4403 3389 4460 Creatorem
3431 4419 3591 4462 suum
3618 4402 3671 4444 τί
3707 4406 3872 4478 typho
3905 4409 4171 4479 superbia:

2657 4605 2684 4646 ι’
2706 4595 3118 4668 Μςεχρυίηιιιιθ,
3139 4600 3395 4656 scribitur.

2655 4674 2683 4716 ει
2705 4665 2801 4737 bis.
2829 4664 2984 4722 σου».
3011 4664 3172 4737 unus,
3203 4686 3256 4723 se
3285 4670 3484 4725 habeat.

2657 4745 2679 4772 ι’
2705 4735 2871 4815 E_diti,
2902 4747 2950 4789 et
2971 4735 3520 4815 secura‘tranguittitas
3548 4749 3596 4795 et
3624 4741 3902 4815 tranquilla
3917 4745 4164 4815 jucundi-

2583 4815 2684 4869 tas,
2714 4808 2866 4877 deest
2893 4815 2942 4859 et
2972 4810 3258 4877 utrobique
3287 4808 3338 4863 in
3366 4825 3496 4865 mss.
3527 4808 3794 4867 omnibus.

2655 4886 2679 4958 ξ
2707 4876 2807 4958 bis.
2837 4891 2993 4942 unus,
3024 4876 3345 4958 angelorum,
3375 4891 3763 4958 sanctorumque
3791 4883 4040 4939 omnium.

2657 4946 2675 4982 α
2706 4943 2830 5000 llas.
2864 4955 2997 5011 tres,
3029 4943 3183 5001 mittat
3205 4963 3224 5000 :
3253 4957 3445 5002 eterna
3466 4951 3627 5005 satus.

2651 5023 2679 5051 ιι
2698 5014 2830 5088 βεδε.
2861 5029 3071 5088 omnes,
3101 5017 3278 5072 beatus
3305 5019 3526 5088 ejicitur.

2649 5093 2672 5165 ξ
2697 5083 2825 5165 ρεαδ.
2858 5084 2984 5165 duo.
3005 5089 3122 5157 jam
3147 5097 3291 5165 ante.
3324 5083 3460 5143 Mss.
3492 5088 3579 5145 alii
3599 5089 3738 5159 .duo,
3769 5095 3996 5165 qusjaat
4022 5105 4160 5151 sunt.

2645 5161 2673 5191 ³
2696 5154 3112 5224 μεεηίιυίηᾲυθ,
3138 5156 3244 5212 Sed
3268 5158 3384 5212 Iros.

2645 5232 2674 5271 r
2695 5222 2794 5294 his.
2822 5223 2957 5294 Reg.
2993 5222 3148 5286 unus.
3176 5228 3498 5283 discernendi
3524 5238 3662 5284 sunt.

2647 5301 2670 5328 ι
2693 5293 2870 5371 ξάὶιίο
2900 5293 3031 5371 [.ng.
3054 5296 3165 5371 sola
3186 5339 3203 5371 ._
3214 5313 3302 5350 nec
3323 5301 3657 5354 remuneratis
3685 5303 3958 5365 premium
3985 5305 4155 5371 ﬁniat,

2574 5377 2664 5417 nec
2690 5364 2945 5434 damnatis
2983 5366 3312 5434 supplicium.

2645 5439 2704 5508 ff
2724 5432 2822 5508 bis.
2851 5434 3004 5508 ilo-ib.
3038 5432 3195 5502 unus,
3225 5453 3317 5508 nec
3341 5439 3438 5508 ipsi
3464 5449 3652 5494 (eterna
3678 5455 3826 5508 poma
3852 5439 4120 5507 ﬁniantur.

2642 5499 2700 5540 δι’
2723 5502 2816 5556 Ms.
2841 5503 2993 5559 Colb.
3019 5499 3256 5569 unus,'ut
3279 5499 3374 5583 ipsi
3399 5508 3522 5583 (ms.
3541 5499 3745 5583 alter'rt
3774 5499 3896 5580 ipsi)
3914 5513 3966 5566 iis
3992 5513 4156 5583 gloria

2574 5581 2767 5642 (eterna
2791 5587 3137 5642 permaneant,
3165 5578 3375 5633 exteris
3402 5580 3637 5635 omissis.

2647 5651 2702 5715 ff
2725 5640 2820 5715 his.
2847 5657 3003 5705 unus,
3035 5661 3139 5699 esse
3167 5651 3377 5715 factum.

2648 5707 2703 5747 δά
2738 5711 2833 5765 Ms.
2868 5728 3028 5776 unus,
3057 5707 3294 5781 ﬁdeliter.

2651 5788 2704 5858 ff
2857 5781 3172 5858 lieg._uuus,
3198 5788 3248 5838 in
3269 5802 3329 5838 co
3349 5789 3485 5856 quod
3512 5790 3632 5858 {arti
3661 5800 3797 5844 sunt.

2653 5848 2702 5889 τί
2731 5850 2828 5907 bis.
2858 5848 3203 5923 Cainbcron],
3229 5848 3370 5926 typo;
