4516 6410
204 389 298 444 ﬁl

1263 380 1349 435 DE
1392 378 1549 435 ΥΙΤΑ
1587 373 2165 432 CONTEMI‘LATWA
2205 372 2331 427 Llli.
2380 372 2421 427 Ι.

3384 379 3491 434 4η

203 502 413 557 letbalis
464 498 728 554 hostiliter
770 497 1089 553 extulissent
1115 537 1129 558 .
1178 496 1247 550 de
1276 510 1506 565 superna
1540 492 1663 548 cceli
1706 506 1788 545 τε·
1816 490 1867 549 Δ
1897 486 2023 541 ditia
2050 529 2065 551 ,
2117 496 2175 539 ut
2217 486 2450 541 habeant
2480 486 2620 541 unde
2647 487 2951 543 mundatori
3000 503 3101 544 suo
3132 489 3242 544 Deo
3288 476 3489 561 gratias

202 596 359 664 ginne
386 592 609 662 proiecti
642 598 766 645 sunt
795 589 946 660 (Iaai.
981 603 1091 650 xiv,
1140 586 1248 655 l5).
1277 586 1426 654 Quos
1456 585 1638 638 divina
1666 597 1792 636 sen-

203 686 363 739 tentia
396 692 423 720 “
444 696 513 738 eo
537 681 805 752 supplicio
833 680 1230 743 condemnavit,
1265 688 1323 730 ut
1348 676 1471 744 quia
1500 674 1793 729 noluerunt

200 787 591 843 perseverare,
636 785 758 825 cum
811 779 1069 838 possent,
1123 783 1221 821 nec
1267 766 1294 804 δ
1328 766 1495 820 velint
1523 762 1787 833 reparari,

199 881 300 921 nec
348 863 574 933 possint.
603 860 882 931 Siquidem
929 859 1383 930 pr:cvaricationis
1431 871 1617 911 eorum
1668 855 1785 918 fuit,

197 956 339 1027 quod
370 964 395 994 α
437 951 801 1009 irrevocabilis
823 950 1004 1021 iudicii
1035 948 1508 1005 animadversione
1545 948 1787 1016 percussi

195 1056 353 1113 sunt;
396 1053 452 1100 et
477 1042 547 1099 ad
572 1043 969 1098 datnnationv‘m
1000 1040 1353 1110 iustissimam
1392 1036 1633 1106 profecto
1666 1050 1787 1105 per-

196 1142 390 1206 tinuit,
438 1136 581 1206 quod
605 1136 933 1191 voluntatem
966 1131 1221 1188 redeundi
1252 1146 1315 1185 ac
1354 1130 1663 1184 facultatem
1697 1142 1788 1193 pe-

197 1232 339 1285 nitus
368 1228 693 1292 amiseruut;
732 1227 868 1281 sicut
897 1222 1202 1279 econtrario
1245 1221 1535 1275 voluntatis
1563 1228 1785 1273 sancto-

195 1333 312 1371 rum
339 1317 649 1388 angelorum
678 1316 810 1379 fuit,
838 1313 977 1382 quod
1021 1312 1177 1373 malis
1219 1321 1417 1379 sponte
1440 1310 1781 1371 cadentibus,

194 1409 298 1479 ipsi
343 1408 399 1463 in
443 1420 541 1462 sua
568 1405 828 1475 dignitate
870 1412 1207 1468 manserunt,
1248 1413 1301 1457 et
1327 1401 1511 1456 divino
1531 1402 1783 1469 iustoque

192 1500 394 1568 iudicio
414 1506 591 1552 aetum
614 1508 717 1561 est,
741 1493 834 1550 uttl
852 1510 970 1566 quae
994 1493 1092 1549 fuit
1120 1508 1243 1549 cum
1269 1494 1382 1548 Deo
1402 1509 1500 1547 suo
1531 1492 1780 1547 manendi

193 1593 443 1647 voluntas
467 1632 483 1659 ,
517 1591 671 1645 fleret
716 1588 1069 1659 permanendi
1100 1586 1397 1641 voluntaria
1428 1585 1660 1654 felixque
1689 1599 1781 1638 ne-

194 1682 435 1737 cessitas.
470 1680 538 1734 Et
580 1679 741 1745 ideo,
787 1678 910 1749 quia
958 1692 1059 1732 nec
1105 1685 1463 1746 peccaverunt
1513 1690 1777 1745 unquam,

192 1786 291 1827 nec
322 1784 545 1841 peccare
569 1769 681 1838 jam
708 1778 968 1837 possunt,
1006 1767 1149 1823 illius
1195 1768 1627 1838 contemplativa;
1656 1768 1779 1821 vita:

1894 589 2075 648 agant,
2110 594 2216 633 non
2248 578 2388 635 unde
2416 578 2606 634 offensi
2634 581 2899 649 aliquibus
2944 592 3287 651 peccatorum
3316 587 3464 643 sordi

1895 668 1996 722 bus
2025 668 2378 736 erubescant;
2418 669 2541 738 quia
2574 669 2645 723 ibi
2678 685 2777 724 nec
2808 671 2911 725 ulla
2944 684 3190 741 peccata,
3226 688 3327 728 nec
3360 688 3490 744 pec-

1894 767 2105 813 catores
2130 768 2329 823 erunt,
2377 771 2432 814 et
2474 761 2566 826 qui
2612 758 2685 814 ibi
2712 759 2957 829 fuerint,
2984 762 3095 833 iam
3128 777 3356 833 peccare
3381 780 3486 820 non

1894 855 2164 915 poterunt.
2214 847 2325 904 Nec
2374 848 2561 903 latebit
2602 848 2714 919 iam
2766 849 3001 920 perfecte
3050 852 3236 908 beatos
3286 855 3486 924 aliqu‘il

1892 946 2226 991 secretorum
2256 977 2271 1004 ,
2300 938 2414 1009 qui,
2443 939 2585 1009 quod
2618 949 2701 995 est
2724 941 2884 1012 longe
2912 944 3275 1013 priestsntius,
3309 948 3484 1016 ipsum

1891 1027 2060 1081 visuri
2101 1036 2229 1082 sunt
2275 1030 2489 1084 mundis
2517 1031 2771 1087 cordibus
2816 1032 3483 1104 Deumzquandoquidem

1891 1115 2123 1171 humana
2151 1129 2396 1173 creatura
2444 1120 2517 1175 ita
2550 1123 2787 1190 perfecta
2831 1124 2937 1179 erit
2958 1163 2976 1189 ,
3005 1136 3064 1181 ut
3094 1128 3147 1181 in
3176 1128 3367 1185 melius
3391 1144 3484 1187 aut

1894 1207 1907 1255 l
1938 1207 2175 1263 deterius
2206 1209 2342 1264 ultra
2370 1212 2564 1265 mutari
2595 1227 2700 1267 non
2725 1215 2909 1282 possit.

1959 1298 2014 1353 2.
2054 1297 2220 1368 Cuius
2268 1300 2518 1381 humanae
2560 1305 2883 1363 substantia
2927 1308 2995 1364 ad
3039 1311 3350 1370 Conditoris
3399 1319 3481 1370 sui

1887 1388 2293 1446 similitudinem
2318 1394 2640 1460 sublimata,
2656 1396 2836 1452 omnia
2858 1397 2997 1455 bona
3019 1417 3141 1471 qua:
3166 1408 3483 1463 naturaliter

1886 1490 2109 1548 accepta
2138 1479 2166 1519 κ
2208 1492 2432 1563 peccato
2459 1497 2817 1556 corruperat,
2860 1494 3257 1559 reparabuntur
3285 1498 3337 1551 in
3372 1516 3484 1555 me-

1885 1568 2022 1634 lius;
2064 1569 2119 1624 id
2146 1582 2229 1625 est
2271 1572 2574 1629 intellectus
2620 1577 2737 1632 sine
2784 1593 3013 1645 errore,
3062 1589 3318 1642 memoria
3365 1590 3484 1646 sine

1883 1660 2199 1727 oblivione,
2262 1660 2518 1733 cogitatio
2561 1667 2679 1723 sine
2732 1666 2752 1705 ι
2808 1674 3224 1742 pervagatione,
3283 1682 3480 1738 caritas

1884 1750 2002 1806 sine
2028 1752 2390 1820 simulatione,
2420 1770 2615 1812 sensus
2634 1760 2752 1814 sine
2783 1760 3101 1831 offensione,
3137 1769 3479 1830 incolumitas

191 1862 358 1919 semel
391 1860 515 1917 facti
543 1860 853 1931 participes,
883 1867 906 1894 ·
935 1858 1327 1927 inexplebiliter
1354 1870 1625 1914 auctorem
1659 1846 1782 1913 bea-
1812 1846 1861 1909 B
1886 1846 2003 1906 Siue
2029 1843 2302 1905 άθδῖιίῑδιθ
2324 1887 2340 1913 ν
2376 1849 2520 1906 “his
2545 1852 2666 1909 δίιιθ
2706 1853 2900 1913 dolum
2921 1898 2936 1920 ο
2967 1859 3073 1915 *Ῐιθ
3100 1863 3218 1919 Sine
3260 1876 3434 1922 mone
3458 1908 3475 1931 ν

190 1950 438 2007 titudinis
476 1966 589 2005 suae
621 1950 991 2020 conspiciunt,
1019 1958 1073 2003 et
1105 1949 1298 2005 merito
1325 1964 1438 2003 sua:
1480 1948 1784 2004 stabilitatis

190 2044 242 2097 in
270 2052 532 2096 aeternum
559 2038 743 2096 felices
762 2038 958 2102 effecti,
980 2038 1048 2093 de
1077 2053 1171 2094 sua
1197 2039 1572 2108 permansione
1602 2040 1783 2094 securi

190 2139 335 2185 sunt.
366 2129 470 2204 Qui
514 2143 784 2184 summum
809 2129 1149 2198 solidumque
1189 2127 1442 2199 gaudium
1464 2168 1479 2193 ,
1505 2143 1614 2198 quo
1640 2128 1785 2182 insa-

190 2222 455 2277 tiabiliter
474 2221 840 2288 perfruuntur,
865 2219 935 2275 de
963 2220 1144 2274 divina
1182 2220 1636 2291 contemplatione
1660 2235 1783 2288 per-

190 2312 415 2381 cipiunt,
441 2324 505 2364 ac
518 2309 645 2365 ‘Dso
688 2323 789 2363 suo
818 2308 1222 2379 infatigabiliter
1248 2321 1303 2366 et
1334 2319 1578 2365 amanter
1608 2311 1780 2365 inser-

190 2404 370 2466 viunt;
412 2400 485 2455 ita
532 2399 771 2471 perfecte
800 2399 941 2455 beati
967 2439 984 2467 ,
1030 2408 1091 2455 ut
1134 2414 1235 2456 nec
1263 2400 1482 2470 cupiant
1508 2400 1781 2457 beatiores

190 2494 305 2551 fieri
331 2492 494 2558 ultra,
523 2506 623 2549 nec
648 2494 880 2548 valeant.

808 2604 1036 2661 CAPUT
1074 2605 1163 2661 IV.

437 2716 518 2774 De
542 2719 909 2775 resurrectione
928 2762 943 2788 ,
971 2718 1050 2775 vel
1076 2720 1181 2774 vita
1206 2729 1523 2775 sanctorum.

260 2857 313 2911 l.
358 2853 486 2909 Haec
514 2861 599 2909 est
627 2850 1084 2923 ‘contemplativa
1129 2853 1237 2907 vita
1262 2892 1279 2918 ,
1328 2854 1435 2906 vita
1466 2852 1617 2907 beata
1646 2893 1661 2917 ,
1712 2850 1779 2906 ad

188 2948 348 3018 quam
381 2947 470 3015 qui
514 2944 782 3000 bonorum
813 2960 1034 3013 Operum
1077 2946 1540 3000 consummatione
1586 2960 1778 3013 perve-

188 3038 369 3093 nerint
392 3076 409 3104 ,
437 3036 606 3092 beatis
633 3035 839 3105 angelis
865 3035 1073 3090 similes
1102 3045 1299 3099 erunt,
1328 3044 1384 3089 et
1408 3035 1567 3088 simul
1601 3045 1625 3080 κ
1654 3050 1777 3089 cum

188 3131 300 3185 Deo
328 3129 447 3184 sine
476 3128 581 3182 fine
607 3126 924 3195 regnabunt.
957 3124 1111 3193 Quod
1143 3125 1231 3179 hic
1260 3122 1285 3161 δ
1311 3124 1678 3189 crediderunt,
1703 3126 1773 3180 ibi

1885 1938 2114 1995 facilitas
2139 1943 2256 1997 sine
2284 1941 2668 2013 impedimento
2690 1984 2707 2013 ,
2755 1950 3009 2005 saturitas
3053 1955 3173 2009 sine
3220 1956 3435 2013 fastidio
3456 2000 3472 2023 .

1885 2039 1941 2084 et
1985 2039 2093 2084 tota
2135 2033 2336 2089 sanitas
2364 2034 2482 2089 sine
2510 2036 2702 2093 morbo
2744 2055 2757 2091 :
2800 2043 3053 2110 quoniam
3082 2046 3295 2115 quidem
3321 2051 3476 2120 quid—

1885 2121 2010 2190 quid
2043 2120 2131 2176 bic
2155 2124 2473 2192 corporibus
2504 2134 2542 2162 ω
2567 2130 2817 2185 humanis
2839 2131 3089 2189 vitiandis
3117 2145 3211 2192 aut
3240 2138 3476 2199 ferarum

1884 2229 2095 2269 morsus
2120 2224 2145 2251 ιι
2168 2216 2504 2281 ademerint;
2532 2228 2625 2274 aut
2652 2220 2927 2290 improvisi
2950 2231 3111 2282 casus
3130 2231 3475 2303 abstulerint,

1884 2314 1975 2360 aut
2005 2307 2264 2362 malarum
2299 2308 2667 2365 valetudinum
2708 2327 2905 2382 genera
2946 2315 3159 2375 diversa
3212 2330 3237 2358 °
3263 2323 3474 2392 ,αἰθέρι--

1886 2400 2091 2466 pserint
2115 2437 2130 2463 ,
2162 2407 2253 2452 aut
2283 2398 2515 2453 humana
2559 2400 2848 2459 crudelitas
2886 2410 3245 2471 amputaverit
3266 2453 3284 2475 ,
3311 2424 3404 2468 aut
3429 2416 3473 2472 si

1883 2485 2046 2557 ignis,
2075 2488 2155 2541 vel
2184 2487 2437 2558 quaelibet
2461 2489 2563 2542 alia
2606 2505 2695 2546 res
2722 2492 2925 2563 aliquid
2953 2495 3247 2555 debilitatis
3274 2502 3465 2560 intule-

1885 2577 1976 2640 rit,
2006 2586 2097 2630 aut
2125 2575 2241 2645 ipsa
2268 2587 2521 2633 senectus
2547 2580 2709 2635 etiam
2737 2584 2885 2637 sanis
2914 2599 3143 2641 onerosa
3174 2596 3473 2659 negaverit,

1884 2666 2001 2722 inec
2040 2678 2200 2737 atque
2228 2669 2311 2723 bis
2338 2668 2532 2724 similia
2562 2685 2850 2741 corporum
2896 2674 3092 2733 damna
3132 2694 3235 2734 una
3286 2683 3357 2738 ibi
3390 2700 3473 2741 re-

1883 2760 2149 2813 surrectio
2179 2760 2471 2828 reparabit,
2492 2768 2652 2831 atque
2680 2776 2743 2818 ea
2768 2779 2992 2835 corpora
3019 2772 3276 2825 m-mtris
3300 2779 3475 2831 omni-

1884 2848 1984 2903 bus
2012 2849 2327 2914 instaurata,
2360 2850 2782 2921 incorruptibilis
2810 2858 3013 2912 sanitas
3042 2859 3327 2919 obtinebit.

1954 2944 2008 2997 5.
2051 2941 2343 3010 Propterea
2370 2944 2676 3015 quicunque
2704 2946 2775 3001 ibi
2820 2957 2981 3013 erunt
3001 2990 3016 3017 ,
3048 2954 3149 3007 etsi
3181 2954 3473 3012 differenti.

1884 3032 1984 3085 bus
2021 3031 2228 3087 meritis
2252 3031 2324 3086 ab
2338 3031 2579 3089 invicem
2605 3035 2878 3091 distabunt
2898 3078 2913 3101 ,
2944 3053 3135 3097 onmes
3161 3052 3339 3098 tamen
3375 3063 3472 3103 una

1880 3122 2213 3189 perfectione
2256 3122 2397 3179 beati
2444 3134 2604 3179 erunt
2646 3142 2660 3179 :
2704 3126 2824 3193 quia
2864 3128 3090 3199 singulis
3123 3136 3343 3201 prmmia
3373 3153 3469 3194 sua

187 3219 472 3282 ridebunt;
502 3215 585 3271 sui
609 3215 883 3271 Creatoris
905 3216 1258 3269 substantiam
1286 3215 1499 3268 mundis
1524 3214 1776 3271 cosdibus
1802 3206 1849 3268 C
1882 3211 2201 3268 sufficieutia
2244 3223 2403 3268 erunt
2428 3254 2443 3279 ,
2473 3222 2529 3269 et
2571 3229 2767 3285 capere
2812 3218 3044 3287 amplius
3098 3227 3331 3288 praemiis
3362 3230 3475 3281 suis

187 3309 636 3376 contemplantes,
664 3316 865 3361 aeterna
892 3306 1252 3361 exsultatione
1276 3306 1611 3377 gaudebunt;
1662 3307 1675 3343 ί
1703 3308 1786 3363 di-

187 3402 308 3456 vina
353 3415 419 3453 ac
443 3408 623 3453 mutua
659 3397 947 3453 dilectione
976 3397 1210 3466 possessi
1234 3439 1251 3465 ,
1279 3398 1392 3453 Deo
1417 3412 1515 3453 suo
1544 3400 1596 3453 in
1622 3408 1776 3454 mter-

186 3505 314 3548 num
344 3499 400 3545 et
430 3488 662 3543 invicem
691 3488 795 3542 sibi
845 3486 1072 3543 feliciter
1115 3486 1503 3553 adba-rebunt;
1544 3490 1778 3558 receptis

184 3596 309 3636 tum
353 3578 757 3647 incorruptione
785 3588 947 3646 atque
977 3577 1379 3633 immortalitate
1416 3578 1734 3649 corporibus
1756 3623 1770 3647 ,

186 3673 573 3741 municipatum
617 3670 802 3739 patrias
844 3667 1083 3725 cmlestia
1120 3670 1416 3739 accipient;
1458 3682 1619 3743 atque
1659 3674 1777 3743 eius

185 3766 239 3820 in
268 3775 529 3833 aeternum
557 3762 705 3817 cives
729 3762 906 3817 effecti
933 3800 949 3827 ,
979 3763 1241 3830 promissa
1273 3763 1490 3831 praemia
1537 3775 1777 3833 reporta-

185 3862 340 3913 bunt.
368 3856 443 3911 lbi
468 3856 547 3911 eis
573 3853 890 3911 exuberabit
912 3863 1055 3909 tanta
1079 3854 1284 3925 laetitia,
1301 3865 1446 3911 tanta
1468 3857 1776 3913 cmicstium

182 3952 351 4022 gratia
384 3949 721 4019 gaudiorum,
752 3958 811 4003 ut
849 3958 904 4004 et
932 3954 1322 4005 remuneratori
1352 3967 1453 4007 suo
1482 3967 1578 4021 pro
1616 3955 1778 4009 tantis

184 4039 498 4095 muneribus
514 4038 722 4109 gratias
749 4050 929 4108 agant,
956 4047 1013 4094 et
1040 4038 1245 4095 nullum
1274 4040 1543 4097 fastidium
1571 4058 1635 4098 ea
1662 4046 1772 4113 ipsa

183 4127 519 4184 amoeutium
559 4127 823 4182 bonorum
867 4129 1217 4198 perceptione
1242 4132 1567 4187 sustineant.
1594 4132 1669 4188 lbi
1701 4135 1773 4189 ita

182 4220 446 4291 patebunt
470 4218 802 4289 singulorum
843 4219 1071 4290 singulis
1098 4231 1327 4286 mentes,
1359 4223 1496 4279 sicut
1520 4240 1775 4295 corpora-

183 4315 327 4371 libus
356 4313 530 4371 oculis
558 4313 839 4384 subiacent
867 4313 1033 4371 facies
1063 4318 1375 4386 corporales
1398 4335 1415 4375 :
1438 4320 1562 4389 quia
1591 4320 1773 4377 buma-

182 4420 375 4463 norum
406 4413 685 4477 pectorum
723 4416 868 4461 tanta
895 4407 968 4462 ibi
996 4407 1105 4463 erit
1128 4416 1188 4464 et
1210 4419 1318 4465 tam
1344 4410 1580 4480 perfecta
1618 4430 1775 4469 mun-

1878 3303 1991 3371 iam
2046 3302 2269 3373 perfecti
2312 3318 2419 3358 non
2473 3315 2744 3373 poterunt.
2790 3306 2943 3361 Sicut
2984 3310 3127 3366 enim
3176 3318 3475 3385 corporalis

1882 3396 2139 3449 saturitas
2185 3408 2377 3450 omnes
2424 3403 2637 3448 saturos
2678 3398 2959 3467 mqualiter
3004 3400 3198 3471 habet,
3232 3412 3477 3474 quamvis

1879 3482 2074 3552 singuli
2103 3482 2279 3537 cibum
2329 3497 2436 3537 non
2478 3484 2777 3553 aequaliter,
2828 3486 2923 3542 sed
2973 3504 3071 3558 pio
3119 3495 3477 3562 possibilitate

1882 3576 2223 3645 perceperint
2262 3616 2278 3631 .
2322 3575 2393 3629 ita
2422 3589 2610 3630 omnes
2653 3578 2866 3644 sancti,
2899 3579 3005 3633 etsi
3050 3582 3248 3638 fuerint
3290 3586 3472 3657 aliqua

1879 3665 2140 3736 graduum
2180 3681 2401 3721 suorum
2445 3667 2759 3724 diversitate
2799 3669 3073 3737 distincti,
3115 3689 3218 3729 una
3248 3686 3277 3727 P
3307 3677 3475 3735 beati-

1880 3759 2065 3815 tudine
2103 3758 2327 3828 perfecti
2360 3768 2549 3825 erunt,
2589 3761 2712 3829 quia
2740 3772 2795 3816 et
2826 3778 2929 3817 una
2962 3765 3297 3834 perfectione
3330 3772 3473 3828 beati

1880 3864 1909 3904 ιι
1953 3852 2114 3907 futuri
2163 3859 2307 3907 sunt.
2354 3850 2621 3908 Czeterum
2671 3854 2726 3907 in
2778 3855 2867 3909 illa
2916 3865 3078 3912 tantas
3125 3860 3474 3919 beatitudinis

1881 3943 2101 4014 regione
2128 3951 2149 3979 τ
2188 3956 2289 3998 nec
2315 3942 2536 4011 maioris
2568 3944 2740 3998 meriti
2769 3943 2873 3998 sibi
2899 3944 3099 4015 aliquid
3126 3951 3357 4017 quisque
3386 3968 3473 4008 ar-

1882 4034 2127 4104 rogabit,
2159 4035 2281 4102 quia
2310 4033 2615 4101 arrogantia
2657 4032 2730 4087 ibi
2760 4034 2904 4088 nulla
2934 4036 3068 4100 erit;
3115 4048 3136 4072 ·
3180 4054 3281 4092 nec
3309 4054 3473 4111 supe-

1877 4127 2007 4181 riori
2044 4125 2265 4180 inferior
2295 4124 2588 4190 invidebit,
2622 4124 2641 4160 ί
2683 4125 2805 4193 quia
2847 4125 2921 4180 ibi
2968 4127 3173 4181 invidia
3216 4144 3337 4185 esse
3364 4148 3472 4190 non

1878 4217 2094 4288 poterit.
2145 4216 2211 4270 Et
2251 4214 2406 4281 ideo,
2439 4214 2541 4269 etsi
2568 4214 2671 4269 erit
2702 4214 2773 4269 ibi
2810 4215 3067 4271 distantia
3098 4220 3470 4288 mansionum,

1876 4323 2087 4365 summa
2122 4316 2299 4362 tamen
2339 4306 2395 4360 in
2428 4306 2532 4361 illis
2560 4308 2665 4362 erit
2693 4307 2852 4362 unius
2885 4309 3224 4377 perfectionis
3253 4318 3471 4385 aquali-

1879 4420 1981 4471 tas,
2006 4402 2200 4475 quibus
2228 4399 2330 4455 erit
2358 4399 2506 4469 regni
2535 4398 2775 4455 cmlestis
2801 4416 2903 4454 una
2937 4401 3183 4459 felicitas.

255 4549 283 4579 ι
306 4540 431 4618 μη,
466 4548 577 4618 ιφ,
601 4581 618 4609 ν
659 4556 721 4595 ιο
759 4542 854 4596 σαι,
889 4542 1118 4612 judicia,
1164 4542 1262 4598 Ms,
1295 4544 1454 4609 alter,
1485 4562 1545 4599 εο
1566 4549 1773 4618 judicio
1801 4551 1854 4611 ι)
1880 4542 2445 4618 eiectione__oc__ntutna
2485 4536 3086 4618 delectatimtepossessi.
3135 4538 3287 4618 Alter
3322 4558 3469 4606 vero,

181 4612 560 4667 condemnavit.

253 4681 283 4721 δ
303 4680 380 4736 ita
404 4694 536 4736 mss.
566 4694 776 4737 omnes.
818 4680 959 4737 Edlti
992 4696 1140 4745 vero,
1169 4699 1261 4738 nec
1282 4684 1472 4738 uellent
1514 4689 1769 4753 reparari,

182 4766 277 4806 nec
306 4760 531 4817 possent.

256 4820 396 4876 ’δίο
440 4833 570 4874 mss.
603 4820 858 4889 quinque.
908 4821 1007 4877 Ms.
1036 4822 1189 4885 alter,
1239 4823 1577 4879 incredibilis.
1629 4826 1770 4881 Editi

256 4836 396 4876 'btc
440 4836 858 4945 tangamque.
908 4836 1007 4877 us.
1036 4836 1189 4885 alter,
1239 4836 1577 4879 incredibilis.
1629 4836 1770 4881 Editi

179 4904 341 4955 vero,
382 4890 551 4963 irrepo;
633 4892 656 4963 _'
679 4892 795 4945 iter.
830 4890 1184 4963 bis.icamb.,
1213 4895 1655 4963 prwvaricatiouis
1685 4914 1771 4951 eoo

176 4977 294 5030 rant
314 4961 595 5030 quodrfttit,
624 4960 969 5015 irrevocabilis
989 4960 1201 5030 judicii.

246 5029 276 5068 ⁴¹
299 5031 399 5084 ιι..
426 5027 583 5101 Culb.
609 5045 768 5101 unus,
790 5040 844 5085 ut
871 5027 1052 5101 quibus
1079 5032 1197 5101 fuit.

248 5110 275 5170 ξ
300 5101 430 5170 Mss.
463 5099 572 5153 duo
598 5099 773 5163 Colb.,
798 5099 1243 5170 inexplicabiliter.

250 5169 272 5209 ί
297 5169 389 5225 Sic
421 5182 535 5243 gms.
584 5185 730 5243 unus
746 5171 895 5226 Golb.
919 5169 1123 5228 Caneri
1150 5187 1271 5227 cum
1304 5172 1484 5243 editis,
1522 5174 1652 5231 ιιωσ
1690 5186 1766 5231 est

172 5240 565 5308 eonternpbttiva
587 5240 688 5293 vita
713 5241 878 5295 beata.

243 5320 271 5359 ι
292 5309 392 5366 ω.
432 5308 563 5379 Reg.
590 5324 727 5364 unus
763 5320 818 5364 et
850 5311 981 5367 Edd.
1021 5310 1154 5384 Lug.
1180 5323 1234 5367 et
1268 5313 1461 5384 Duae.,
1498 5330 1617 5369 cum
1656 5314 1762 5371 Deo

166 5398 288 5435 ιιιο.

170 5525 205 5574 Δ
242 5450 279 5535 '1'
292 5450 386 5505 Sic
412 5462 541 5504 mss.
573 5463 695 5505 sex.
724 5448 881 5517 Editi,
906 5453 1247 5509 crediderant.
1274 5454 1375 5509 Ms.
1404 5469 1565 5523 unus,
1594 5456 1761 5509 credi-

205 5532 358 5574 ermt.

205 5525 358 5575 erinl.

246 5589 261 5628 ⁸
292 5590 368 5644 Ita
413 5586 574 5643 Editi.
608 5589 769 5660 Dnac.
795 5602 847 5646 et
874 5592 1066 5647 Colon.
1100 5608 1230 5648 mss.
1262 5604 1395 5660 tres,
1432 5593 1607 5648 divina
1632 5594 1760 5649 dile-

168 5662 421 5734 ctionem;
448 5669 629 5734 mutua
655 5659 943 5734 dilectione.
987 5663 1127 5718 Edit.
1165 5679 1293 5718 vero
1334 5659 1465 5734 Lug.
1498 5682 1619 5720 cum
1655 5681 1758 5719 ms.

170 5746 295 5799 uno,
312 5732 498 5783 dicitur:
519 5729 801 5785 dilectionis
824 5747 884 5784 ne
908 5742 1081 5785 nmmo
1105 5729 1456 5789 delectatione.
1482 5736 1577 5789 Ms.
1602 5738 1757 5798 alter,

170 5804 338 5857 dmino
377 5799 710 5855 delecttttime
738 5818 797 5856 ac
838 5816 1014 5859 mutuo
1045 5804 1335 5859 dilectione.
1378 5805 1549 5871 Alius,
1585 5805 1760 5859 divina

1880 4614 2065 4667 dit'inte
2095 4607 2379 4662 dilectionis
2407 4622 2466 4659 ac
2496 4615 2683 4659 mutate
2714 4607 2939 4660 raritatis
2970 4612 3302 4672 possessione.

1956 4686 1970 4734 l
2008 4681 2132 4735 Mss.
2160 4676 2373 4741 Cautb.,
2405 4686 2495 4729 aut
2538 4677 2590 4730 in
2636 4677 2877 4730 deterius.
2920 4676 3022 4733 Alii
3050 4695 3172 4733 cum
3199 4683 3347 4750 edd.,
3380 4694 3475 4738 aut

1881 4753 2123 4806 deterius.

1954 4822 1981 4860 ¹ι
2004 4823 2102 4876 Ms.
2139 4832 2296 4880 unus,
2324 4816 2602 4885 peccando.

1957 4890 1973 4930 Ῑ
2004 4894 2104 4948 Ms.
2139 4904 2296 4953 uuus,
2331 4886 2769 4950 praevaricatione.

1958 4972 1997 5001 ω
2024 4963 2122 5017 bis.
2154 4972 2311 5021 unius,
2336 4956 2572 5010 humanis
2600 4957 2681 5010 hic
2707 4955 3009 5025 corporibus
3036 4957 3246 5015 vitiatis.

1949 5050 1976 5077 ιι
2002 5034 2097 5088 Ms.
2126 5029 2316 5085 Camb.
2348 5039 2401 5082 et
2430 5027 2517 5082 ed.
2552 5027 2748 5093 Lugd,
2777 5031 3042 5082 ademerit.

1950 5117 1975 5145 ο
2001 5105 2088 5160 Sic
2114 5116 2243 5155 tnss.
2280 5110 2406 5153 tres.
2436 5098 2545 5169 Alii
2564 5112 2683 5151 cum
2715 5098 2864 5169 αφά..
2896 5099 3256 5168 discerpteriut
3282 5118 3303 5155 :
3323 5102 3465 5169 quod

1872 5177 2177 5235 membrum
2214 5170 2365 5223 abest
2394 5169 2461 5221 ab
2487 5168 2722 5221 editione
2754 5168 2921 5235 Lugd.

1945 5259 1973 5299 ι)
2003 5249 2104 5302 Ms.
2138 5257 2274 5295 unus
2300 5280 2317 5305 ,
2365 5254 2470 5291 una
2502 5250 2669 5291 tamen
2699 5237 3031 5293 beatitudine.
3065 5240 3165 5294 Ms.
3194 5240 3353 5308 alter,
3382 5246 3465 5311 qui

1865 5329 1914 5374 et
1940 5336 2063 5371 una.

1939 5399 1967 5439 ει
1995 5390 2091 5441 Ms.
2119 5397 2277 5448 unus,
2308 5380 2431 5450 facti
2468 5386 2609 5450 sunt.

1945 5468 1965 5496 τ
1998 5458 2041 5512 Μ
2079 5497 2094 5510 .
2121 5448 2333 5516 (ἐθωὺξ,
2353 5464 2444 5522 nec
2466 5448 2632 5517 major
2660 5448 2826 5502 ttttriti
2846 5448 2941 5503 sibi
2959 5449 3158 5521 aliquid
3187 5452 3465 5522 orrogabit.

1868 5529 1966 5583 Ms.
1998 5529 2158 5591 alter,
2188 5520 2520 5590 magabant.

1856 5616 1860 5619 ‘
1941 5607 1960 5633 ⁸
1979 5598 2047 5652 Μ.
2066 5588 2217 5650 Colb.
2236 5588 2393 5657 unus,
2407 5606 2495 5643 nec
2508 5588 2858 5658 superioribus
2871 5588 3463 5659 inferioreaim'idebunt.

1946 5670 1963 5704 ι
1994 5669 2085 5723 Sic
2131 5679 2263 5718 tnss.
2313 5664 2569 5729 quinque.
2624 5660 2750 5714 biss.
2800 5659 2890 5712 alii
2930 5658 3067 5721 duo,
3115 5660 3314 5712 invidus
3360 5680 3463 5717 esi-4

1869 5756 1968 5793 non
2000 5739 2206 5809 poterit.
2236 5733 2396 5801 Edd.,
2430 5734 2550 5797 quia
2582 5732 2650 5785 ibi
2677 5730 2877 5784 invidus
2908 5729 3085 5784 nullus
3117 5745 3223 5785 me
3252 5734 3456 5800 poterit.
