4316 6452
373 420 475 475 825

1431 408 1522 465 DE
1566 406 1723 463 ΥΠΛ
1765 399 2350 462 CONTEMPLATIVA
2393 402 2518 459 Llll.
2562 402 2602 458 1.

3568 398 3674 455 426

372 532 477 585 vita
506 524 765 583 videndus
809 530 893 579 est
938 541 951 576 :
994 520 1065 576 ibi
1110 528 1195 576 est
1238 518 1711 589 contemplationis
1760 516 1960 571 divinae
1990 519 2039 577 Α
2069 516 2148 569 sui
2188 524 2454 585 proponat
2494 524 2551 571 et
2577 514 2792 584 diligat;
2835 526 2935 568 nec
2981 518 3186 568 metuat
3226 507 3431 579 aliquid
3470 517 3675 580 tempn.

374 618 634 689 speranda
684 614 976 686 perfectio,
1008 611 1097 667 ubi
1144 611 1249 667 erit
1276 611 1544 666 bonorum
1574 607 1814 663 omnium
1849 605 1966 676 ple-

373 710 581 765 nitndo.

960 793 1190 852 CAPUT
1227 793 1364 850 Vill.

376 912 506 977 Quia
528 920 578 967 et
602 919 791 978 quanta
817 910 884 964 sit
913 909 965 962 in
988 907 1086 962 hac
1114 922 1268 961 carne
1292 907 1407 959 vitm
1428 905 1833 975 contemplativa
1859 919 1975 973 per-

448 984 620 1066 [ectio,
637 982 729 1066 uel.
744 980 964 1049 qualiter
988 980 1033 1034 ei
1055 978 1381 1050 perfruendte
1403 979 1577 1030 mundi
1600 986 1976 1045 contemptores

446 1051 752 1107 inhaereant.

451 1164 685 1219 Proinde
717 1163 842 1217 vita:
882 1158 1314 1229 contemplativa:
1354 1164 1591 1212 sectator
1622 1163 1647 1192 ιι
1677 1154 1744 1209 ad
1775 1152 1976 1209 Condi-

377 1266 552 1311 torem
593 1267 749 1307 snum
792 1250 956 1307 corde
998 1248 1382 1305 illuminandus
1424 1246 1668 1312 accedat,
1704 1245 1803 1312 ipsi
1849 1258 1979 1298 eon-

377 1345 688 1416 tetnplando
715 1353 877 1414 atque
906 1342 932 1381 δ
964 1336 1364 1413 infatigabiliter
1394 1336 1720 1407 perlruendo
1748 1334 1979 1406 vigilan-

380 1451 466 1494 ter
494 1437 767 1504 inserviat,
815 1435 989 1503 ipsum
1016 1434 1218 1505 jugiter
1247 1432 1611 1501 concupiscat,
1644 1444 1755 1499 pra)
1794 1442 1981 1483 amore

379 1530 501 1598 ejus
548 1527 728 1582 omnia
772 1526 967 1595 quibus
1016 1527 1141 1581 inde
1187 1534 1365 1596 potest
1406 1522 1603 1586 averti,
1658 1530 1681 1560 ο
1729 1518 1980 1588 refugiat,

380 1633 573 1673 omnes
613 1602 970 1687 cegitationes
1011 1630 1166 1679 snas,
1209 1630 1273 1670 ac
1314 1624 1477 1670 totam
1526 1627 1678 1683 spem
1723 1627 1788 1665 ex
1839 1610 1984 1666 illius

382 1710 739 1765 delectatione
787 1707 885 1782 [αι.
926 1704 1247 1777 dilectione]
1311 1705 1637 1775 suspendat,
1687 1702 1982 1759 litterarum

380 1800 687 1856 divinarum
719 1800 888 1855 sacris
919 1798 1358 1854 meditationibus
1402 1805 1575 1861 vacet,
1611 1798 1664 1850 in
1696 1794 1779 1850 his
1806 1809 1867 1850 se
1894 1793 1981 1848 di-

2074 607 2210 671 rale,
2241 621 2341 662 nec
2368 605 2580 677 cupiat;
2623 619 2692 662 ne
2725 613 2818 660 aut
2846 613 3024 661 metus
3063 600 3376 659 amittenda
3414 600 3492 655 rei
3534 610 3675 657 tem-

2076 700 2298 766 toralia,
2326 706 2419 752 aut
2440 697 2705 768 cupiditas
2727 697 3068 766 acquirendae
3095 693 3446 752 intentionem
3481 696 3678 751 mentis

2077 790 2193 861 ejus
2239 790 2512 857 emolliat;
2564 806 2674 845 non
2717 805 2842 844 eum
2892 789 3087 845 blanda
3139 800 3526 860 corrumpant,
3578 804 3679 844 nec

2079 882 2308 935 adversa
2351 882 2699 943 concutiant;
2740 896 2845 934 non
2889 879 3039 935 inﬂet
3065 880 3249 947 Opinio
3291 880 3550 946 secunda,
3577 894 3681 935 nec

2079 973 2296 1026 sinistra
2330 972 2569 1041 dejiciet,
2599 987 2703 1027 nec
2730 970 2864 1026 falsa
2896 973 3218 1039 vituperatio
3262 973 3377 1027 sive
3417 972 3678 1037 laudatio,

2080 1075 2269 1135 augeat
2298 1075 2325 1114 ρ
2368 1065 2561 1134 gaudia
2606 1064 2743 1134 ejus,
2787 1074 2878 1118 aut
2923 1064 3157 1129 minuat;
3200 1079 3308 1119 non
3346 1065 3577 1135 gaudeat
3614 1065 3685 1120 de

2084 1157 2469 1227 temporalibus
2494 1157 2735 1223 omnino,
2770 1172 2868 1212 nec
2898 1156 3093 1228 lugeat.
3132 1158 3276 1213 inter
3306 1159 3426 1212 laeta
3452 1159 3688 1214 invictus

2083 1261 2146 1302 ac
2174 1248 2378 1313 tristia;
2422 1261 2585 1302 unam
2612 1246 2805 1301 facient
2828 1257 2861 1296 tt
2887 1246 3049 1301 animi
3084 1248 3380 1303 constantis
3421 1249 3685 1315 obtineat,

2085 1352 2186 1394 nec
2213 1348 2234 1377 τ
2258 1338 2463 1409 pectori
2483 1338 2601 1407 ejus
2621 1336 2871 1392 stabilem
2901 1337 3232 1407 firmitatem,
3264 1339 3525 1407 quidquid
3556 1352 3684 1409 pro-

2084 1431 2250 1487 mittit
2278 1429 2510 1485 mundus
2534 1440 2629 1484 aut
2657 1430 2913 1495 minatur,
2945 1430 3214 1494 excutiat;
3245 1430 3341 1485 sed
3371 1430 3511 1486 idem
3542 1445 3686 1485 sem.

2086 1538 2183 1594 per
2209 1538 2273 1579 ac
2297 1523 2398 1580 sibi
2427 1518 2622 1577 similis
2659 1534 3033 1592 perseverans,
3057 1521 3246 1575 mundi
3291 1521 3449 1590 hujus
3494 1523 3692 1577 damna

2088 1623 2109 1651 '
2128 1616 2287 1669 simul
2305 1623 2359 1670 et
2379 1615 2527 1670 lucra
2546 1629 2651 1669 non
2676 1615 2894 1669 sentiat.
2926 1613 2991 1667 Et
3017 1628 3136 1668 cum
3168 1612 3285 1667 ltzec
3304 1622 3361 1668 et
3386 1612 3471 1667 his
3495 1614 3692 1669 similia

2086 1708 2517 1778 contemplativa
2572 1707 2697 1763 vitat
2747 1706 3021 1762 desiderio
3079 1705 3302 1759 allectus
3363 1704 3687 1775 impleverit,

2088 1818 2195 1859 non
2225 1816 2283 1857 se
2312 1802 2399 1857 hic
2422 1802 2533 1870 jam
2564 1816 2632 1855 ex
2662 1800 2810 1855 omni
2846 1808 3000 1869 Parte
3046 1796 3362 1867 perfectum,
3389 1803 3483 1853 sed
3531 1797 3696 1868 perli-

377 1894 582 1951 vinitus
619 1891 949 1947 illuminatus
988 1890 1243 1955 oblectet,
1278 1888 1351 1944 ibi
1402 1903 1462 1943 se
1512 1897 1682 1945 totum
1731 1886 1878 1942 velut
1925 1887 1978 1940 in
2012 1889 2060 1949 Β
2084 1892 2336 1949 ciendum
2364 1892 2415 1946 in
2449 1891 2535 1945 illa
2566 1890 2725 1946 beata
2751 1892 2879 1957 vita,
2911 1903 3030 1959 qua
3066 1888 3242 1943 futura
3277 1896 3391 1953 est,
3433 1887 3695 1942 immobi-

380 1984 610 2056 speculo
639 1984 869 2054 quodam
897 1982 925 2019 ά
953 1982 1255 2053 refulgente
1283 1981 1592 2037 consideret
1623 1997 1636 2033 :
1669 1980 1813 2050 quod
1845 1982 1896 2034 in
1927 1994 1988 2035 se

383 2090 613 2147 pravqu
654 2073 1075 2143 deprehenderit
1120 2073 1377 2143 corrigat,
1408 2081 1432 2111 ο
1460 2071 1603 2141 quod
1652 2080 1858 2128 rectum
1905 2079 1991 2125 est

383 2175 595 2232 teneat,
640 2166 783 2238 quod
823 2166 1068 2225 deforme
1113 2177 1424 2235 componat,
1460 2164 1479 2204 ι
1511 2164 1655 2233 quod
1703 2164 1988 2235 pulchrum

384 2260 625 2327 excolat,
654 2258 795 2328 quod
824 2273 1013 2315 sanunt
1041 2266 1241 2324 servet,
1281 2258 1425 2328 quod
1460 2258 1731 2312 infirmum
1772 2256 1989 2312 assidua

384 2352 626 2408 lectione
652 2351 1004 2416 corroboret;
1038 2349 1251 2404 Domini
1282 2350 1364 2403 sui
1396 2358 1663 2418 prmcepta
1694 2348 1993 2420 infatigabi-

382 2444 512 2499 liter
541 2444 704 2514 legat,
730 2452 755 2491 κ
779 2442 1183 2512 inexplebiliter
1204 2441 1413 2512 diligat,
1437 2441 1731 2496 eﬂicaciter
1750 2441 1990 2511 impleat,

385 2542 449 2592 et
475 2534 602 2604 quid
641 2534 740 2589 sibi
771 2533 1070 2589 cavendum
1111 2533 1309 2601 quidve
1338 2532 1654 2587 sectandum
1679 2530 1771 2598 sit,
1803 2547 1871 2586 ex
1916 2532 1995 2587 eis

384 2623 725 2680 sufﬁcienter
752 2623 1047 2678 instructus
1074 2632 1351 2692 agnoscat,
1378 2621 1650 2691 mysteriis
1680 2620 1993 2677 earumdem

385 2717 698 2771 divinarum
772 2714 1179 2784 Scripturarum
1256 2713 1664 2782 perscrutandis
1748 2712 1993 2777 insistat,

386 2808 670 2865 Christum
693 2806 722 2845 ¹ι
744 2808 816 2864 ibi
840 2809 1169 2878 promissum
1198 2808 1342 2877 legat
1371 2806 1552 2874 (Joan.
1578 2822 1617 2874 t,
1642 2807 1762 2874 45),
1793 2820 1996 2876 reprte—

387 2910 665 2958 sentatum
721 2902 931 2967 videat,
983 2901 1359 2971 prophetatam
1411 2901 1765 2971 perditionem
1814 2896 1999 2969 populi

386 2994 729 3049 contumacis
774 2992 1063 3063 intelligat,
1115 2989 1131 3030 ί
1180 2991 1395 3063 impleri
1440 2991 1658 3060 lugeat,
1714 2990 1782 3045 de
1829 2989 2000 3044 salute

389 3086 638 3156 gentium
666 3084 912 3155 gaudeat,
952 3084 966 3134 i
1007 3100 1072 3139 ex
1102 3084 1390 3153 prmteritis
1434 3098 1553 3153 quae
1589 3081 1843 3152 praedicta
1875 3092 2001 3137 sunt

388 3185 452 3232 et
490 3176 710 3248 impleta
749 3185 947 3249 teneat,
988 3175 1181 3231 futuris
1211 3174 1656 3244 promissionibus
1694 3173 1899 3239 credat,
1931 3174 2000 3228 ab

2091 1986 2215 2040 liter
2237 1985 2450 2049 credat;
2481 1992 2645 2050 atque
2678 1985 2696 2018 ι
2727 1982 2793 2037 ad
2825 1996 2946 2037 eam
2973 1996 3053 2048 se,
3090 1982 3182 2037 ubi
3212 1981 3309 2038 Dei
3338 1980 3696 2038 substantiam

2090 2074 2329 2132 revelata
2356 2074 2490 2129 facie
2519 2073 2703 2129 videre
2733 2074 2919 2142 possit,
2946 2072 3224 2128 extendat.

2712 2184 2943 2241 CAPUT
2983 2183 3076 2239 IX.

2097 2281 2248 2349 Quod
2279 2290 2476 2334 tantum
2514 2278 2723 2333 interest
2751 2279 2882 2332 inter
2912 2279 3274 2347 perfectionem
3304 2280 3421 2333 vita:
3448 2278 3612 2349 istius
3652 2285 3702 2332 et

2168 2355 2375 2421 futttrw,
2409 2361 2662 2421 quantum
2688 2350 2893 2421 interest
2922 2348 3057 2401 inter
3083 2349 3341 2416 perfectos
3369 2348 3458 2416 qui
3487 2364 3699 2421 peccare

2168 2419 2372 2486 nolunt,
2397 2432 2444 2474 et
2467 2436 2551 2474 eos
2577 2419 2664 2488 qui
2680 2422 2796 2491 jam
2822 2420 3033 2489 peccare
3057 2434 3159 2470 non
3182 2430 3415 2489 possunt.

2173 2536 2223 2589 1.
2268 2535 2401 2589 Nam
2445 2536 2585 2589 sicut
2616 2534 2703 2589 hic
2732 2542 2763 2571 τι
2784 2533 3190 2603 comparatione
3224 2533 3371 2604 juste
3414 2534 3708 2591 viventium

2098 2627 2296 2682 dicitur
2318 2627 2546 2697 quisque
2571 2625 2874 2695 perfectus,
2899 2625 3023 2695 quia
3051 2625 3232 2693 justus
3259 2633 3525 2694 praecepta
3557 2625 3710 2690 facit,

2101 2716 2370 2787 perfectus
2426 2724 2607 2771 autem
2664 2726 2933 2784 prmcepta
2992 2717 3325 2771 transcendit
3373 2734 3388 2772 :
3433 2716 3508 2771 ita
3563 2718 3710 2773 idem

2100 2811 2327 2865 collatus
2377 2810 2483 2864 illis
2538 2809 2783 2863 absolute
2833 2809 3104 2879 perfectis,
3158 2810 3248 2879 qui
3298 2810 3351 2865 in
3399 2810 3510 2864 vita
3555 2811 3712 2867 beata

2101 2900 2267 2956 futuri
2294 2910 2575 2965 sunt,,non
2600 2909 2705 2964 est,
2732 2910 2789 2954 ut
2819 2900 2888 2953 ita
2915 2900 3112 2965 dicam,
3140 2899 3380 2978 perfecte
3404 2892 3711 2971 perfectus;

2102 2993 2185 3048 cui
2215 2993 2314 3047 etsi
2343 2992 2564 3047 dimissa
2595 3000 2678 3045 est
2716 2992 2892 3045 omnis
2934 2992 3208 3060 iniquitas,
3256 3006 3361 3046 non
3408 3000 3492 3048 est
3529 2992 3710 3047 adhuc

2103 3092 2309 3149 sanata,
2356 3082 2452 3136 sed
2499 3090 2533 3137 ν,
2574 3090 2793 3136 sanatur
2832 3081 2950 3151 ejus
2992 3083 3308 3146 inﬁrmitas;
3349 3096 3403 3138 et
3444 3084 3567 3139 ideo
3614 3086 3715 3143 etsi

2104 3184 2259 3231 xnon
2307 3183 2512 3242 peccat,
2538 3182 2598 3229 ut
2644 3174 2715 3227 sit
2757 3190 2883 3229 vere
2933 3175 3228 3245 perfectus.
3257 3191 3482 3243 peccare
3535 3189 3716 3233 tamen

389 3269 628 3339 strepitu
667 3267 1001 3338 negotiorum
1048 3267 1384 3323 stecularium
1424 3264 1451 3304 ἒ
1481 3266 1907 3331 remotissimus,
1938 3280 1999 3322 ea
2028 3252 2076 3314 C
2110 3276 2285 3335 potest
2314 3284 2326 3319 ε
2360 3264 2483 3334 quia
2517 3280 2622 3319 non
2653 3274 2731 3317 est
2760 3276 3077 3335 consumpta
3108 3269 3252 3319 omni
3288 3268 3599 3324 infirmitate
3628 3284 3720 3325 sa-

396 3354 419 3395 ι
451 3357 723 3414 ferventer
760 3358 1050 3426 exc03itet,
1077 3357 1267 3426 quibus
1307 3357 1544 3411 animum
1586 3370 1744 3410 suum
1780 3356 1833 3410 in
1855 3356 2003 3411 deri-

390 3450 612 3506 derinm
668 3449 862 3504 futura:
917 3451 1370 3504 remunerationis
1426 3450 1757 3513 inﬂammet,
1814 3448 2006 3504 studiis

390 3540 800 3612 spiritualibus,
860 3539 1058 3610 quibus
1115 3542 1167 3593 in
1216 3541 1332 3595 dics
1388 3540 1629 3609 singulos
1688 3540 1879 3594 melior
1942 3554 2007 3593 ac

393 3632 596 3688 melior
628 3632 738 3698 ﬁat,
784 3633 1050 3702 invigilet,
1099 3642 1245 3687 amet
1276 3632 1444 3686 otium
1487 3642 1764 3696 sanctum,
1801 3634 1851 3686 in
1900 3624 2009 3702 quo

394 3735 662 3780 exerceat
687 3723 882 3778 anima:
906 3739 1017 3778 sum
1044 3724 1341 3792 negotium,
1368 3733 1639 3777 mortuum
1662 3724 1763 3778 sibi
1787 3724 2009 3793 deputet

395 3818 691 3882 mundum,
724 3832 787 3871 ac
813 3832 872 3871 se
902 3817 1085 3871 mundi
1128 3827 1165 3853 ω
1197 3817 1519 3871 blandientis
1561 3817 1828 3871 illecebris
1857 3817 2010 3871 exhi-

394 3912 533 3966 beat
560 3911 910 3976 crucil‘tsum;
943 3910 1283 3965 delectatiOni
1314 3910 1742 3979 spectaCnIorutn
1775 3923 2011 3978 prmsen-

396 4006 541 4059 tiutn
574 4004 1071 4074 incomparabiliter
1108 4012 1401 4073 anteponat
1433 4003 1515 4056 sui
1546 4001 1820 4057 Creatoris
1849 4000 2014 4055 intui-

398 4104 549 4160 tum,
599 4111 814 4165 semper
841 4112 901 4152 se
931 4105 959 4132 ιι
990 4097 1306 4165 proliciente
1350 4108 1604 4149 successu
1646 4092 1699 4147 in
1742 4093 2010 4163 fastigium

400 4190 615 4247 divina:
662 4190 1133 4260 contemplationis
1179 4189 1429 4253 attollat;
1480 4201 1790 4256 nunquam,
1839 4201 1904 4241 ne
1945 4186 2010 4241 ad

400 4291 752 4338 momentum
784 4282 1000 4351 quidem
1020 4322 1035 4346 ,
1069 4296 1097 4335 a
1126 4280 1576 4352 promissionibus
1608 4279 1801 4334 futuris
1830 4278 2013 4334 consi—

402 4372 672 4429 derandis
718 4388 971 4439 aversus,
1028 4374 1095 4426 ad
1144 4382 1355 4427 terrena
1404 4370 1687 4441 respiciat;
1740 4385 1805 4425 eo
1847 4371 2017 4424 aciem

404 4462 619 4518 mentis
657 4463 1025 4519 indesinenter
1056 4463 1316 4528 intendat,
1348 4477 1456 4532 quo
1487 4463 1771 4531 pervenire
1801 4462 2015 4518 deside-

405 4563 536 4619 rat;
580 4552 963 4609 beatitudinem
1005 4555 1130 4609 vitae
1173 4553 1363 4609 futurts
1405 4562 1531 4610 ante
1572 4552 1761 4609 oculos
1793 4562 1818 4591 ο
1854 4555 2019 4609 animi

500 4743 526 4772 ἰ
555 4734 681 4791 Mss.
706 4734 863 4790 Colb.
892 4733 1018 4799 duo,
1045 4742 1099 4786 ut
1124 4734 1193 4787 ad
1221 4732 1569 4790 Conditorem.

496 4802 530 4843 δ
559 4805 659 4860 Ms.
689 4820 847 4868 unus,
878 4804 1236 4859 insatiabiliter
1264 4805 1597 4873 perfruendo.
1631 4804 1731 4859 Ms.
1758 4804 1916 4871 alter,
1942 4806 2024 4858 in-

410 4876 734 4949 satiabiliter
772 4877 1150 4949 consequendo,
1181 4874 1256 4928 vel
1297 4877 1487 4929 utendo
1520 4874 1860 4947 perfruendo,
1894 4876 2026 4949 vigi-

413 4951 600 5005 lanter
621 4947 885 5002 inserviat.

510 5027 534 5055 ο
569 5016 691 5071 Mss.
724 5021 978 5088 quinque,
1006 5019 1200 5143 [κρίσι.

510 5084 535 5124 ¹¹
566 5088 665 5141 Ms.
699 5102 858 5143 unus.
887 5091 1000 5143 refu
1028 5099 1200 5143 uenten

507 5084 535 5124 ιι
566 5088 665 5159 Ms.
699 5084 858 5152 unus,
873 5084 1246 5159 refulgEntem.
1424 5156 1429 5159 ν

511 5168 535 5227 9
566 5157 662 5212 Ms.
695 5159 907 5223 Camb.,
939 5157 1076 5227 quod
1105 5170 1298 5215 rectum
1325 5168 1419 5212 est.

514 5226 534 5267 τ
569 5231 698 5284 Mss.
730 5228 838 5283 dun
862 5226 1061 5300 lleg.et
1087 5230 1436 5296 Cantharam,
1465 5229 1600 5295 quod
1629 5227 1901 5297 pulchrum
1930 5248 2038 5287 ser-

417 5308 537 5361 cet,
553 5303 691 5371 quod
710 5316 894 5354 sanum
915 5303 1136 5355 excolat.

513 5379 541 5454 ξ
572 5375 713 5454 ἓξὲξ..
738 5381 869 5454 tres,
899 5372 1243 5454 implebiliter.
1272 5372 1371 5427 Me.
1398 5385 1558 5440 unus,
1587 5372 2035 5441 inexplicabiliter.

513 5437 543 5511 ll
574 5441 763 5510 Editi.,
792 5437 1052 5496 Christum
1081 5446 1406 5511 promissum.

520 5510 539 5581 ἱ
573 5511 670 5567 Ms.
696 5512 850 5567 Coll).
876 5527 1036 5578 unus,
1061 5510 1344 5581 impletum.

519 5580 536 5633 l
572 5583 672 5638 Ms.
709 5584 861 5655 Colb.
890 5600 1050 5649 unus,
1078 5580 1193 5653 qua
1223 5585 1288 5637 de
1310 5582 1505 5639 Christi
1544 5582 2041 5655 mortepropftetata

421 5661 641 5727 erantet
670 5654 883 5727 impleta
904 5655 1135 5727 plangat,
1160 5657 1349 5724 futuris
1374 5654 1818 5727 promissionibus.

519 5723 550 5764 ι
574 5724 670 5779 Ms.
702 5726 857 5782 Colb.
891 5723 1050 5796 unus,
1098 5723 1463 5781 reinotissimus
1493 5729 1695 5781 existat.
1748 5725 1920 5793 Alter,
1951 5724 2041 5781 sed

424 5814 507 5856 ea
537 5798 805 5864 ferventer.

526 5869 544 5909 ι
571 5869 669 5925 Ms.
697 5870 850 5924 Coll).
881 5884 1038 5932 unus,
1070 5867 1379 5938 frequenter.

735 5962 1012 6023 Parner..
1056 5959 1222 6021 LIX.

2110 3366 2299 3422 natus;
2332 3371 2395 3411 ac
2426 3371 2522 3426 per
2562 3356 2684 3416 hoc.
2719 3354 2810 3409 ubi
2854 3357 2923 3411 ab
2953 3358 3100 3411 omni
3138 3370 3361 3426 peccato
3398 3359 3717 3429 mundatus,

2109 3463 2337 3519 peccare
2365 3463 2471 3503 non
2498 3446 2715 3516 poterit,
2744 3446 2817 3501 ibi
2845 3450 2951 3501 erit
2973 3447 3213 3516 perfecte
3239 3464 3404 3504 sanus
3430 3460 3484 3505 et
3508 3464 3723 3507 summe

2110 3540 2385 3611 perfectus

2181 3635 2236 3688 9..
2282 3632 2380 3687 llic
2417 3642 2597 3687 autem
2635 3633 2968 3702 quantalibet
3005 3634 3129 3704 quis
3163 3634 3485 3690 excellentia
3525 3635 3725 3691 sancti-

2113 3726 2241 3781 tatis
2301 3725 2573 3789 emineat,
2634 3725 2972 3794 quantalibet
3025 3726 3319 3780 eminentia
3372 3726 3725 3795 perfectionis

2113 3816 2373 3881 excellat,
2415 3824 2591 3883 potest
2624 3816 2838 3885 quidem
2874 3818 2986 3871 fieri
3022 3832 3118 3885 pro
3156 3817 3374 3871 modulo
3412 3818 3571 3886 hujus
3600 3820 3723 3872 vine

2116 3907 2415 3978 perfectus;
2462 3906 2555 3961 sed
2598 3922 2705 3962 non
2736 3917 2821 3960 est
2860 3907 2938 3961 sic
2973 3907 3043 3962 de
3081 3922 3176 3961 sua
3209 3908 3543 3976 perfectione
3572 3924 3727 3965 secu-

2115 4015 2229 4066 rus,
2260 4008 2322 4053 ut
2347 4014 2454 4053 non
2484 3999 2680 4052 debeat
2707 4010 2828 4052 esse
2858 3997 2925 4052 de
2955 4012 3084 4052 casu
3114 3999 3383 4053 sollicitus
3418 4018 3433 4055 :
3465 4010 3518 4055 et
3546 4001 3729 4070 utique

2118 4094 2209 4149 ubi
2246 4102 2330 4149 est
2358 4091 2683 4159 sollicitudo,
2717 4107 2821 4147 non
2856 4100 2941 4147 est
2969 4093 3215 4147 absoluta
3256 4095 3554 4152 beatitudo.
3598 4097 3729 4165 Qua:

2120 4199 2458 4255 nequaquam
2514 4186 2746 4254 perlecta
2792 4185 3064 4239 credenda
3125 4197 3235 4252 est,
3287 4188 3332 4241 si
3380 4204 3567 4244 secura
3618 4207 3726 4245 non

2120 4277 2312 4343 fuerit;
2355 4291 2455 4332 nec
2495 4292 2687 4331 secura
2725 4276 2848 4341 erit,
2892 4277 2994 4331 nisi
3043 4293 3259 4332 omnem
3308 4279 3731 4336 sollicitudinem

2121 4368 2383 4425 securitas
2448 4376 2650 4422 mterna
2709 4371 3128 4437 consumpserit.
3190 4370 3570 4441 Quapropter,
3640 4376 3734 4442 qui

2123 4463 2378 4519 dicuntur
2421 4462 2473 4515 in
2516 4460 2616 4517 hac
2655 4463 2763 4515 vita
2801 4462 2969 4528 beati,
3002 4477 3100 4532 spe
3143 4462 3495 4519 beatitudinis
3538 4464 3737 4521 futura:

2124 4553 2268 4611 beati
2299 4563 2461 4617 sunt;
2493 4562 2519 4601 γ
2548 4552 2662 4622 ipsa
2692 4562 2869 4608 autem
2903 4567 2961 4607 re
2993 4569 3100 4608 non
3133 4554 3239 4620 hic,
3291 4556 3387 4612 sed
3416 4557 3467 4612 in
3499 4556 3592 4613 illa
3625 4560 3738 4615 vita

2048 4738 2102 4798 1)
2199 4744 2237 4771 ιη
2269 4732 2368 4788 Ms.
2415 4730 2570 4786 Colb.
2619 4744 2778 4795 unus,
2831 4732 3188 4790 blandimentis
3231 4748 3284 4791 et
3326 4739 3597 4796 illecebris.
3636 4742 3738 4801 Ila.

2137 4805 2414 4869 Camber.,
2443 4802 2807 4875 blandimentis
2835 4802 3205 4875 illecebrisque.

2209 4884 2238 4957 ξι
2266 4876 2355 4930 Sic
2386 4889 2517 4928 mss.
2541 4874 2669 4939 duo,
2696 4889 2818 4928 cum
2848 4875 2978 4931 edit.
3012 4874 3183 4946 Lugd.
3209 4877 3316 4933 Alii
3342 4880 3581 4952 codices,
3610 4878 3737 4955 pro?

2141 4948 2413 5016 ﬁcientem.

2216 5028 2241 5055 ο
2276 5019 2375 5072 Ms.
2405 5030 2561 5081 unus,
2584 5016 2774 5069 artium:
2799 5032 2925 5070 ante.
2952 5017 3052 5073 Ms.
3078 5018 3235 5088 alter,
3260 5022 3440 5077 mentis
3470 5040 3596 5079 stur.

2214 5098 2243 5138 ι)
2271 5089 2368 5142 Ms.
2402 5101 2561 5153 unus,
2592 5088 2842 5157 gaudium
2872 5091 3006 5159 ejus.

2216 5169 2245 5209 ει
2272 5160 2361 5214 Sic
2392 5172 2523 5212 mss.
2547 5173 2666 5211 sex.
2694 5158 2858 5222 Edtti,
2883 5158 3058 5213 animo
3085 5163 3364 5215 constanti.

2215 5238 2237 5267 ι’
2392 5243 2522 5283 mss.
2550 5238 2801 5306 quatuor.
2834 5228 3026 5306 _Ct'ete_ri
3057 5246 3175 5285 Cum
3204 5233 3387 5300 editis,
3416 5237 3654 5306 pectoris.

2217 5309 2238 5336 ³
2272 5300 2398 5355 Mss.
2432 5308 2660 5366 septem,
2692 5298 2850 5351 simul
2876 5316 2937 5352 ac
2964 5301 3129 5356 lucra.

2220 5374 2237 5407 ί
2274 5371 2347 5442 Ita
2380 5384 2509 5424 mss.
2534 5384 2754 5430 omnes;
2784 5370 2914 5424 editi
2949 5388 3102 5442 vero,
3133 5373 3206 5426 ad
3233 5374 3487 5433 eumdem.

2212 5448 2247 5563 :t
2273 5441 2370 5494 Ms.
2405 5452 2563 5506 unus,
2594 5456 2657 5494 ea:
2681 5444 3084 5509 comparatione.
3126 5444 3227 5500 Ms.
3257 5448 3422 5517 alter,
3446 5450 3516 5503 ad
3539 5465 3750 5523 compa-

2230 5527 2417 5563 tonent.

2144 5527 2417 5566 rationem.

2220 5592 2249 5621 ν
2278 5584 2407 5637 Mss.
2437 5581 2564 5648 duo,
2595 5581 2882 5636 sanabitur.

2226 5661 2255 5689 κ
2283 5653 2412 5708 Mss.
2429 5652 2569 5721 duo,
2600 5653 2645 5706 si
2673 5669 2775 5707 non
2805 5661 3001 5721 peccat.

2220 5732 2249 5773 γ
2274 5725 2373 5799 Ms.
2406 5720 2571 5799 μοις).
2602 5739 2760 5791 unus,
2788 5720 2891 5795 ipsi
2932 5737 3103 5782 autem
3133 5729 3297 5783 sancti
3325 5747 3426 5787 non
3449 5730 3553 5799 llic,
3575 5731 3667 5787 sed
3697 5734 3750 5786 in

2150 5795 2244 5849 illa
2270 5795 2372 5850 vita
2400 5792 2529 5848 beati
2556 5804 2694 5848 sunt.

3171 5967 3241 6019 η
