4516 6402
944 409 1040 462 127

2244 382 2500 440 Π]υᾶδί
2543 380 2819 438 POMERII

4089 370 4192 426 49.8

944 516 1082 572 beati
1116 513 1276 570 futuri
1303 517 1430 567 sunt
1459 527 1472 565 :
1504 506 1622 578 quia
1655 503 1726 560 ibi
1766 499 2002 557 omnium
2030 497 2308 552 beatorum
2337 493 2480 550 beati
2540 497 2593 554 Α
2620 492 2841 548 rationis
2881 486 3108 558 imperio
3135 493 3468 558 temperare;
3502 483 3568 539 ad
3599 484 4066 554 contemplativam
4106 499 4195 538 su-

947 609 1074 663 tudo
1113 606 1344 676 perlecta
1383 600 1505 663 erit,
1537 598 1629 651 ubi
1669 594 1898 648 humana
1940 598 2126 644 natura
2155 589 2249 655 sui
2292 584 2514 656 gloriam

948 695 1271 761 Conditoris,
1309 702 1363 748 et
1399 703 1547 744 suam
1587 682 1820 755 perfecte
1850 677 2153 736 beatiﬁcata
2196 676 2372 729 visura
2413 681 2513 737 est,

951 796 1108 857 atque
1160 785 1210 840 ei
1267 782 1384 836 sine
1444 777 1554 832 ullo
1605 771 1814 829 defectu
1865 784 1978 827 sua;
2027 764 2372 824 beatitudinis
2424 761 2518 816 ad-

955 877 1196 933 hatrebit.

1570 932 1797 991 CAPUT
1835 932 1904 987 Χ.

954 1035 1103 1100 Quod
1133 1032 1213 1084 hic
1244 1029 1405 1083 sancti
1439 1026 1602 1080 Deum
1639 1027 1692 1077 in
1722 1031 1984 1092 assumpta
2021 1028 2256 1074 creatura
2282 1015 2515 1069 viderint.

1024 1147 1133 1201 Nec
1176 1149 1394 1199 moveat
1437 1140 1580 1212 quod
1625 1139 1712 1193 hic
1754 1151 1964 1207 quoque
2016 1150 2046 1189 a
2089 1133 2245 1202 justis
2290 1127 2522 1198 antiquis

952 1239 1125 1293 visum
1157 1235 1380 1305 legimus
1406 1232 1573 1286 Deum
1607 1249 1619 1282 :
1648 1227 1770 1298 quia
1809 1240 1915 1280 non
1947 1234 2030 1281 est
2068 1225 2120 1278 in
2147 1223 2246 1276 hac
2275 1219 2523 1274 humilia-

954 1327 1100 1382 tione
1152 1333 1332 1380 nostra
1386 1323 1463 1378 sic
1507 1319 1687 1381 visus,
1727 1317 1866 1372 sicut
1911 1315 1966 1369 in
2010 1314 2095 1368 illa
2142 1310 2524 1366 clarificatione

955 1418 1216 1473 videndus
1241 1425 1324 1470 est
1359 1430 1374 1468 :
1408 1406 1832 1481 quandoquidem
1877 1414 1904 1443 ι
1943 1404 2063 1459 sine
2098 1401 2265 1456 forma
2301 1398 2524 1453 visibilis

954 1518 1236 1570 creaturae,
1269 1506 1318 1560 in
1358 1517 1461 1573 qua
1492 1516 1588 1570 pro
1622 1497 2020 1568 dispensatione
2061 1497 2389 1563 temporum,
2435 1489 2521 1543 ubi

954 1598 1139 1660 voluit,
1167 1605 1222 1651 et
1253 1595 1445 1662 quibus
1480 1590 1647 1646 voluit
1681 1589 1839 1658 justis
1885 1585 2146 1655 apparuit,
2193 1596 2292 1636 nec
2335 1577 2523 1648 potuit,

954 1703 1054 1744 nec
1109 1694 1281 1756 potest
1323 1681 1526 1745 videri;
1569 1680 1662 1735 sed
1713 1675 1905 1746 poterit
1961 1689 2081 1727 cum
2125 1670 2190 1724 ad
2239 1682 2524 1736 supernam

953 1780 1176 1851 patriam
1222 1773 1576 1847 peregrinatio
1622 1779 1802 1826 nostra
1840 1763 2175 1836 pervenerit,
2214 1770 2268 1815 et
2304 1758 2528 1814 mortale

2619 600 2714 654 pra
2765 583 2991 636 humana
3040 589 3063 618 ε
3108 577 3378 634 desiderio
3418 576 3759 648 perfectionis
3793 575 4111 641 ascendere,
4143 582 4198 628 et

2618 670 2644 710 ιι
2679 673 3036 727 indesinenter
3078 670 3338 740 augendis
3378 667 3662 723 virtutibus
3698 665 3978 721 incubare.
4027 665 4200 719 liabet

2618 762 2784 818 activa
2818 759 3137 829 profectum,
3163 757 3574 826 contemplativa
3606 755 3892 822 fastigium.
3924 753 4050 808 Haec
4074 753 4200 808 facit

2620 854 2888 907 hominem
2932 858 3196 926 sanctum,
3226 847 3313 901 illa
3359 847 3677 916 perfectum.
3727 845 3900 913 Hujus
3946 844 4073 898 vitze
4117 852 4203 898 est

2620 943 2753 998 nulli
2813 954 3032 1009 prorsus
3081 938 3301 1008 injurias
3357 937 3627 1005 irrogare;
3696 935 3876 999 illius,
3942 933 4203 1003 irrogatas

2621 1032 2989 1103 aequanimiter
3033 1031 3318 1085 sustinere.
3379 1029 3526 1093 Imo,
3593 1034 3652 1080 ut
3698 1025 3945 1095 proprius
3989 1024 4203 1088 dicam,

2621 1137 2905 1180 exsecutor
2955 1123 3141 1177 activae
3189 1119 3366 1174 studet
3411 1118 3462 1171 in
3513 1132 3574 1172 se
3615 1117 3853 1186 peccauti
3899 1113 4202 1176 dimittere;

2619 1212 3050 1282 contemplativa
3101 1219 3337 1266 sectator
3404 1207 3634 1263 oﬂensas
3689 1204 3882 1274 quibus
3937 1202 4204 1272 pulsatur.

2627 1316 2725 1357 nec
2763 1301 2982 1354 omnino
3018 1300 3343 1362 concutitur,
3374 1298 3620 1366 ignorare
3663 1294 3830 1364 magis
3869 1305 4084 1363 paratus
4124 1301 4209 1347 est

2624 1409 2781 1461 quam
2809 1391 3034 1446 donare.
3067 1389 3170 1443 Iste
3201 1389 3331 1443 iram
3367 1387 3637 1457 patientiae
3662 1387 3860 1440 virtute
3889 1383 4202 1452 comxescit,

2627 1483 2990 1540 immoderatis
3017 1480 3396 1550 cupiditatibus
3426 1479 3773 1548 parcimonize
3807 1487 3830 1514 ⁸
3862 1479 4070 1531 frenum
4102 1477 4205 1530 im-

2628 1562 2807 1645 ponit;
2852 1573 3081 1641 tangitur
3110 1570 3387 1626 desideriis
3415 1569 3738 1632 carnalibus,
3771 1581 3872 1622 nec
3901 1568 4204 1631 consentit;

2632 1666 2866 1734 pulsatur
2895 1663 3078 1716 mundi
3116 1662 3271 1730 huius
3307 1660 3639 1724 curiositate,
3672 1673 3772 1714 nec
3811 1659 4048 1727 rapitur;
4082 1674 4210 1728 qna-

2633 1757 2762 1810 titur
2794 1753 3056 1808 diabolica
3095 1752 3530 1820 impugnatione,
3571 1763 3669 1803 nec
3702 1748 3960 1812 vincitur;
4003 1757 4059 1803 et
4099 1748 4210 1802 Deo

954 1839 1194 1926 nostrum
1222 1839 1619 1921 immortalitas
1680 1860 1832 1914 beata
1896 1855 2174 1916 vestierit;
2242 1859 2402 1920 atque
2461 1847 2526 1901 ad
2559 1839 2606 1899 B
2631 1860 2729 1901 suo
2766 1845 2954 1898 derata
2997 1853 3174 1897 mente
3215 1842 3517 1910 subjectus,
3555 1854 3662 1894 non
3704 1840 3948 1894 atteritur
3985 1840 4211 1893 d.versis

956 1960 1460 2030 contemplationem
1490 1953 1743 2032 divinam,
1775 1949 1806 1989 δ
1847 1946 2342 2018 perceptionemque
2364 1939 2530 1995 coale-

954 2053 1114 2106 stium
1142 2049 1476 2119 pra-miorum
1505 2056 1692 2097 omnes
1727 2053 1850 2094 vere
1883 2036 2065 2090 fideles
2096 2033 2228 2086 fides
2259 2032 2396 2100 ipsa,
2427 2042 2530 2098 qua

957 2145 1044 2198 hic
1075 2142 1247 2197 futura
1275 2136 1648 2198 credebantur,
1682 2129 1898 2198 impleta
1926 2121 2256 2196 perduxerit.

1565 2241 1789 2300 CAPUT
1827 2238 1921 2296 Xl.

962 2346 1034 2398 De
1057 2343 1299 2414 qualitate
1337 2338 2044 2414 gloriﬁcatorunticorporutn
2072 2341 2184 2399 qua
2219 2326 2272 2379 in
2306 2337 2530 2378 resurre.

1487 2407 1650 2459 ctione
1688 2409 1861 2472 futura
1889 2409 2028 2457 sunt.

1033 2502 1108 2558 lbi
1145 2499 1342 2554 diversi
1384 2496 1598 2566 quidem
1637 2507 1796 2549 sexus
1845 2502 2090 2560 corpora,
2132 2486 2227 2543 sed
2268 2485 2386 2539 sine
2428 2483 2532 2537 ulla

959 2590 1389 2661 concupiscentia
1413 2586 1673 2656 corporali
1699 2584 1873 2639 futura
1895 2591 2038 2637 sunt.
2070 2582 2146 2636 Ibi
2170 2579 2267 2635 erit
2297 2577 2532 2632 omnium

961 2683 1191 2752 perfecta
1233 2681 1447 2741 caritas,
1493 2685 1548 2731 et
1592 2675 1732 2729 nulla
1769 2672 2028 2737 cupiditas
2074 2670 2231 2740 (Aug.
2279 2668 2342 2720 de
2379 2665 2529 2720 Civil.

957 2773 1059 2828 Dei
1085 2772 1175 2827 lib.
1214 2785 1344 2835 uti,
1381 2784 1497 2834 cap.
1531 2767 1640 2836 l7).
1691 2764 1763 2819 lbi
1803 2763 1963 2818 etiam
2000 2758 2320 2830 corporales
2349 2757 2534 2829 oculos

958 2863 1090 2920 nihil
1118 2862 1340 2918 visibilis
1368 2868 1628 2914 creatum
1655 2855 1864 2920 latebit,
1896 2854 2019 2924 quia
2051 2849 2534 2920 incorruptibilium

960 2969 1239 3024 corporum
1284 2952 1428 3007 visus
1476 2950 1660 3016 utique
1708 2945 2128 3014 incorruptibilis
2172 2944 2306 3007 erit;
2359 2951 2414 2995 et
2459 2940 2532 2993 ita

962 3050 1074 3102 sine
1116 3044 1512 3111 comparatione
1538 3039 1770 3095 vivacior
1793 3052 1949 3107 quam
1981 3037 2066 3090 hic
2107 3035 2228 3099 fuit,
2259 3042 2316 3086 ιιι
2349 3031 2400 3087 ei
2438 3031 2536 3084 ali-

962 3138 1087 3207 quid
1121 3132 1410 3190 visibilium
1441 3131 1679 3184 clausum
1709 3143 1827 3183 esse
1854 3142 1957 3180 non
1988 3125 2178 3195 possit.
2210 3121 2534 3189 Corporibus

2635 1933 3035 1997 teutationibus,
3077 1931 3170 1986 sed
3219 1929 3494 1997 probatur.
3542 1928 3633 1983 Ille
3673 1942 3861 1983 omnes
3903 1926 4212 1982 aﬂ'ectiones

2632 2022 2824 2092 quibus
2867 2023 2972 2074 vita
3023 2019 3327 2075 mortalium
3372 2019 3631 2082 variatur,
3679 2019 3883 2078 sanctis
3927 2017 4214 2072 virtutibus

2632 2114 2822 2179 vineit,
2854 2111 3202 2181 cupiditatum
3233 2125 3295 2163 ac
3324 2110 3781 2179 perturbationum
3813 2110 4051 2164 omnium
4082 2109 4215 2164 liber

2636 2204 2791 2258 beata
2823 2206 3001 2272 quiete
3033 2201 3343 2270 perfruitur,
3373 2210 3428 2254 et
3456 2199 3724 2254 illecebris
3756 2214 3820 2255 ac
3856 2201 4216 2270 voluptatibus

2636 2292 2809 2347 factus
2855 2292 3102 2360 expedita
3147 2299 3327 2344 mente
3387 2289 3666 2356 superior,
3729 2289 3983 2343 inellabili
4026 2290 4216 2359 gaudio

2631 2383 2829 2437 divina:
2876 2381 3342 2462 contemplationis
3386 2379 3404 2417 τ
3445 2381 3683 2449 erigitur.
3733 2382 3841 2436 Iste
3881 2381 4217 2449 suscipiendo

2637 2474 3004 2542 peregrinum,
3043 2471 3320 2527 vestienda
3357 2471 3589 2536 nudum,
3630 2471 3976 2540 gubernando
4039 2473 4217 2540 subje-

2635 2575 2799 2632 ctum,
2829 2565 3142 2620 redimendo
3167 2565 3454 2634 captivum,
3483 2565 3681 2620 tuendo
3707 2566 3970 2621 violenter
3995 2581 4218 2636 Oppres-

2633 2671 2781 2722 sum,
2812 2657 3012 2726 jugiter
3039 2671 3098 2711 se
3126 2656 3194 2710 ab
3221 2656 3470 2710 omnibus
3511 2655 3879 2726 iniquitatibus
3915 2657 4030 2712 suis
4066 2675 4133 2713 eu
4157 2673 4219 2712 a-

2634 2746 2798 2812 culat,
2840 2757 2891 2800 et
2933 2746 3093 2799 vitam
3139 2760 3288 2800 suam
3333 2755 3359 2792 κ
3394 2745 3653 2800 bonorum
3699 2760 3919 2815 operum
3961 2746 4220 2802 fructibus

2635 2837 2803 2902 ditat;
2849 2836 2941 2891 ille
2972 2836 3313 2890 facultatibus
3335 2836 3448 2890 suis
3478 2837 3530 2889 in
3561 2851 3690 2890 usus
3719 2851 4009 2906 pauperum
4035 2836 4221 2891 distri-

2635 2929 2799 2997 butis,
2829 2926 2854 2963 δ
2885 2928 3039 2982 simul
3081 2941 3140 2984 se
3165 2927 3489 2996 exspoliavit
3533 2927 3754 2990 mundo,
3785 2936 3841 2982 et
3883 2928 4122 2983 admovit
4163 2943 4222 2983 so

2635 3021 2761 3073 totis
2789 3018 2988 3072 viribus
3017 3018 3187 3082 caelo;
3225 3032 3312 3073 res
3341 3017 3524 3072 mundi
3563 3019 3762 3073 mundo
3792 3019 4048 3089 proiecit,
4081 3028 4137 3073 et
4162 3034 4222 3072 se

2638 3111 2809 3178 ipsum
2841 3109 3031 3162 devota
3067 3116 3246 3163 mente
3267 3107 3484 3162 Christo
3522 3109 3773 3173 restituit,
3804 3123 3834 3162 a
3859 3123 3970 3178 quo
4001 3108 4222 3163 immor-

961 3186 1587 3297 quippeﬁimmortalitate
1614 3218 1825 3272 donatis
1859 3186 2144 3270 aufeienda
2175 3221 2255 3268 est
2286 3186 2530 3274 tarditas,
2559 3186 2604 3246 ο
2639 3199 2781 3253 lales-
2804 3199 3016 3253 divitias
3058 3198 3159 3252 sibi
3204 3198 3318 3252 dari
3342 3205 3489 3260 orat,
3539 3205 3596 3252 ut
3638 3213 3867 3267 pauper;
3916 3199 4118 3270 protegi
4163 3214 4223 3254 se

965 3333 1066 3372 non
1099 3315 1405 3384 integritas;
1447 3309 1761 3372 necessitas,
1791 3322 1896 3360 non
1917 3305 2191 3368 voluntas,
2224 3311 2282 3356 ut
2311 3302 2380 3355 ibi
2415 3301 2533 3354 sine

969 3406 1222 3472 temporis
1265 3401 1418 3473 [alias
1459 3395 1779 3468 temporum]
1820 3410 1966 3450 mora
2019 3403 2109 3448 aut
2156 3391 2533 3462 impedimento

969 3495 1220 3566 ponderis
1256 3495 1384 3556 sint,
1416 3491 1502 3544 ubi
1529 3504 1649 3543 esse
1675 3487 1967 3550 voluerint;
2010 3492 2164 3552 atque
2195 3497 2260 3538 eo
2286 3489 2536 3550 sequatur

968 3587 1084 3640 sine
1121 3585 1226 3639 ulla
1267 3582 1580 3638 difﬁcultate
1609 3578 1885 3648 spirituale
1919 3577 2026 3645 jam
2053 3591 2267 3644 corpus,
2300 3588 2537 3641 quocun-

966 3690 1069 3744 que
1130 3675 1206 3728 ire
1270 3673 1498 3726 voluerit
1559 3671 1812 3737 spiritus,
1880 3666 2137 3734 angelica:
2195 3663 2538 3718 beatitudinis

966 3766 1267 3835 aequalitate
1297 3761 1584 3831 perfectus.
1615 3759 1764 3814 Tunc
1793 3757 2042 3814 filiorum.
2075 3763 2378 3824 parentum,
2409 3768 2539 3808 con-

965 3857 1145 3926 iugum
1176 3854 1412 3918 miseria,
1436 3852 1523 3921 qui
1553 3849 1622 3903 ibi
1646 3863 1749 3904 non
1779 3848 1994 3912 fuerint,
2018 3847 2200 3902 beatos
2221 3845 2538 3901 contristare

967 3964 1074 4001 non
1107 3945 1300 4016 poterit
1328 3945 1482 4014 (Aug.
1504 3942 1592 3995 tib.
1642 3956 1658 3993 ι
1687 3940 1913 3993 ιίεειαιι.
1945 3955 2060 4007 cap.
2096 3938 2232 3991 t5‘et
2260 3936 2343 4006 l9)
2369 3951 2385 3990 ε
2412 3937 2534 4005 quia

971 4039 1186 4094 nomina
1238 4037 1472 4090 omnium
1521 4030 1971 4087 necessitudinum
2015 4029 2369 4096 corporalium
2423 4042 2542 4096 qua:

971 4131 1056 4183 hic
1100 4134 1278 4182 nostra
1324 4125 1576 4194 fragilitas
1617 4123 1816 4187 habuit,
1857 4119 2170 4175 excellentia
2205 4119 2346 4173 illius
2377 4119 2542 4172 beati-

974 4223 1167 4277 tudinis
1197 4235 1299 4274 non
1340 4216 1570 4270 admittit
1601 4233 1612 4266 ε
1642 4215 1731 4269 ubi
1761 4228 1946 4267 omnes
1986 4212 2290 4280 quicunque
2320 4210 2537 4274 fuerint,

971 4329 1130 4368 unum
1162 4326 1352 4378 corpus
1381 4317 1557 4370 erunt,
1588 4313 1643 4361 et
1680 4304 1872 4373 singuli
1909 4302 1977 4357 de
2015 4316 2109 4356 sua
2145 4300 2228 4356 vel
2256 4301 2322 4355 de
2362 4301 2542 4369 singu-

971 4407 1143 4460 lorum
1164 4401 1412 4456 felicitate
1431 4396 1753 4467 gaudebunt.
1775 4395 1897 4450 llaec
1920 4393 1986 4448 de
2007 4391 2412 4461 contemplativa
2437 4391 2541 4444 vita

975 4496 1111 4549 dicta
1149 4491 1433 4548 sulficiant.

1573 4577 1796 4635 CAPUT
1839 4577 1949 4632 Xll.

975 4677 1231 4743 Quanmm
1252 4675 1380 4727 inter
1400 4671 1838 4738 contemplativam
1854 4676 1902 4722 et
1921 4667 2132 4720 activam
2155 4665 2305 4718 vitam
2328 4665 2541 4717 intersit.

1047 4769 1099 4822 l.
1139 4767 1253 4820 .lam
1282 4781 1419 4819 nunc
1456 4764 1580 4832 quid
1620 4762 1759 4816 inter
1799 4761 1969 4830 ipsam
1998 4759 2458 4826 contemplativam
2487 4769 2543 4814 et

873 4871 876 4874 ‘
975 4858 1198 4912 activam
1229 4857 1390 4910 vitam
1435 4856 1644 4910 intersit
1671 4854 1903 4907 breviter
1927 4853 2271 4906 disseramus.
2304 4851 2452 4915 Quod
2485 4861 2542 4905 ut

978 4951 1250 5005 evidenter
1279 4951 1502 5010 eluceat,
1535 4947 1676 5015 ipsas
1712 4945 1813 4999 sibi
1850 4944 2075 4998 invicem
2107 4944 2269 5004 vitas,
2300 4950 2536 4996 contem-

975 5038 1220 5107 plativam
1258 5038 1458 5092 scilicet
1495 5046 1548 5090 et
1580 5037 1827 5099 activam,
1863 5034 2080 5101 pro'atis
2109 5048 2293 5087 earum
2328 5033 2536 5086 virtuti-

979 5129 1073 5181 bus
1118 5129 1475 5180 coniciamus.
1526 5125 1603 5178 Atl
1648 5125 1873 5177 activam
1923 5123 2081 5175 vitam
2128 5123 2360 5189 pertinet
2405 5123 2540 5177 inter

979 5220 1206 5272 humana
1275 5217 1572 5286 proficere,
1638 5225 1692 5270 et
1763 5214 1984 5270 rebelles
2071 5214 2311 5282 corpois
2369 5225 2541 5268 motus

1059 5358 1084 5386 ⁸
1122 5349 1242 5402 Mss.
1285 5347 1415 5414 Reg.
1461 5347 1566 5401 duo
1615 5357 1667 5402 et
1705 5346 1830 5400 edit.
1876 5345 2066 5415 Lugtl.,
2108 5345 2160 5398 in
2203 5345 2407 5414 forma;
2454 5348 2546 5401 sed

986 5420 1145 5479 male,
1177 5428 1233 5471 ttt
1261 5417 1489 5470 videtur.

1052 5485 1079 5525 δ
1109 5487 1198 5542 Sic
1245 5502 1344 5542 ms.
1390 5487 1544 5540 Colb.
1596 5500 1751 5539 unus.
1802 5484 2009 5555 Reliqui
2063 5493 2170 5539 tam
2209 5499 2338 5539 mss.
2385 5500 2541 5554 quam

987 5555 1128 5620 cditl,
1158 5559 1233 5609 vel
1245 5557 1650 5625 perceptionem.

1055 5635 1077 5662 ε
1110 5625 1206 5679 Iis.
1227 5625 1378 5680 Colb.
1404 5642 1561 5688 ttmts,
1593 5627 1645 5677 in
1670 5625 1937 5678 desidrrt'o.

1050 5688 1078 5730 δ
1107 5693 1230 5749 Mss.
1257 5697 1361 5748 duo
1387 5706 1439 5748 et
1461 5696 1650 5761 Lugd,
1678 5694 1906 5760 propius.

1055 5770 1078 5798 ο
1106 5761 1178 5817 ita
1210 5779 1336 5820 mss.
1371 5764 1497 5834 Reg.
1524 5766 1646 5827 duo,
1677 5775 1728 5817 et
1763 5765 1866 5817 duo
1895 5764 2045 5818 Colb.
2080 5763 2178 5820 Alii
2208 5778 2327 5818 cum
2359 5762 2538 5828 editis,

2634 3291 2872 3360 quotidie
2902 3289 3161 3358 postulat,
3192 3298 3250 3344 ut
3294 3289 3571 3353 infirmus;
3615 3288 4032 3343 immortalitatis
4069 3288 4222 3344 indu-

2637 3391 2818 3436 mento
2847 3379 3031 3434 vestiri
3061 3382 3228 3448 cupit,
3262 3389 3320 3434 ιιι
3343 3379 3548 3444 nudus;
3584 3379 3798 3434 defendi
3830 3394 3888 3434 se
3929 3379 3999 3432 ab
4049 3380 4224 3449 impu-

2635 3475 2886 3541 gnatione
2930 3471 3271 3524 invisibilium
3322 3471 3552 3523 hostium
3595 3471 3890 3538 supplicat,
3925 3479 3981 3524 ut
4024 3473 4224 3542 fragili-

2639 3571 2748 3615 tate
2785 3563 2959 3616 carnis
2999 3576 3305 3630 oppresms,
3348 3570 3400 3614 et
3443 3561 3714 3614 caelestem
3755 3560 3858 3615 sibi
3903 3559 4094 3616 donari
4134 3577 4224 3631 pa-

2641 3655 2795 3708 triam
2827 3652 3116 3717 desiderat,
3149 3663 3202 3706 ut
3233 3655 3561 3721 peregrinus.

2706 3744 2762 3797 ‘2.
2805 3743 2985 3800 Activa
3026 3743 3132 3797 vita
3173 3743 3332 3797 habet
3372 3743 3658 3798 sollicitum
3700 3759 3942 3812 cursum,
3984 3754 4224 3801 contem-

2640 3838 2835 3908 plativa
2889 3837 3138 3907 gaudium
3191 3837 3595 3905 sempiternum.
3665 3837 3719 3891 In
3778 3836 3878 3892 hac
3928 3839 4224 3907 acquiritur

2642 3943 2885 3998 regnum,
2924 3928 2975 3980 iu
3017 3928 3105 3981 illa
3138 3928 3444 3996 percipitur.
3499 3928 3620 3982 llaec
3657 3927 3778 3982 facit
3815 3928 4028 3996 pulsare
4059 3929 4224 3985 bane-

2643 4033 2762 4072 rum
2788 4031 3033 4086 operum,
3058 4019 3204 4070 velut
3233 4017 3544 4084 quibusdam
3575 4019 3822 4073 manibus
3844 4017 4100 4087 ianuam;
4133 4020 4220 4074 illa

2644 4120 2799 4164 vocat
2827 4119 3226 4164 consummatos
3265 4110 3318 4163 in
3349 4111 3590 4179 patriam.
3639 4110 3694 4164 ln
3727 4109 3827 4165 hac
3862 4112 4225 4166 contemnitur

2647 4203 2896 4266 mundus,
2927 4202 2978 4255 in
3009 4202 3096 4256 illa
3126 4201 3394 4257 videbitur
3417 4203 3578 4257 Deus.
3623 4203 3687 4257 Et
3718 4213 3774 4257 ut
3813 4205 3974 4258 multa
4005 4215 4226 4275 praeter-

2644 4311 2761 4350 eam
2783 4310 2897 4362 qua:
2921 4310 3344 4351 commemorare
3375 4311 3478 4350 non
3515 4297 3689 4362 valeo,
3714 4298 3765 4351 in
3791 4297 3889 4352 hac
3919 4299 4027 4353 vita
4052 4303 4224 4355 activa

2644 4388 2733 4456 qui
2779 4387 3065 4440 immundis
3103 4386 3377 4454 spiritibus
3418 4388 3719 4442 exstiterint
3753 4387 4018 4458 fortiores,
4051 4392 4103 4444 in
4134 4391 4220 4445 illa

2644 4478 3220 4544 contemplativtt,qu;e
3269 4491 3478 4531 summe
3525 4478 3677 4531 beata
3720 4487 3820 4543 est,
3847 4492 4224 4536 remnnerante

2567 4545 2621 4606 D
2654 4567 2668 4606 ί
2694 4569 2804 4622 Deo
2832 4567 2958 4620 flent
2984 4568 3188 4636 angelis
3205 4568 3402 4621 sanctis
3424 4567 3673 4636 :equales,
3698 4576 3857 4637 atque
3885 4570 3936 4622 in
3962 4577 4220 4624 aeternum

2646 4676 2766 4714 cum
2814 4659 2905 4713 illo
2955 4661 3248 4729 regnabunt
3282 4661 3333 4711 in
3373 4660 3457 4713 illa
3492 4660 3704 4715 civitate
3741 4675 3972 4729 superna
4015 4661 4220 4718 felices.

2646 4753 3109 4821 ltaque,quoniam
3132 4753 3198 4806 de
3220 4751 3626 4820 contemplativa
3651 4752 3752 4805 vita
3782 4753 3834 4805 in
3857 4753 4224 4822 superioribus

2648 4819 2807 4896 multa
2843 4819 2949 4912 join
2987 4844 3124 4897 dicta
3161 4852 3314 4907 Sunt,
3346 4851 3402 4897 et
3435 4819 3700 4897 Secttndus
3739 4841 3879 4898 liber
3910 4819 3970 4898 ea
4001 4861 4120 4912 qua:
4161 4845 4227 4901 de
4259 4819 4263 4822 .

2645 4934 2814 4988 activa
2843 4934 3065 4987 dicenda
3103 4942 3227 4986 sunt
3260 4933 3567 4994 cootinebit,
3595 4931 3858 4986 sufficiant
3880 4933 3979 4988 ista
4005 4949 4124 5004 quae
4149 4935 4227 4990 di.

2647 5027 2842 5089 ximus,
2861 5035 2918 5078 ut
2937 5025 3341 5078 consideremus
3363 5031 3416 5077 et
3441 5024 3663 5092 reliqua.
3683 5039 3799 5092 quae
3814 5023 3881 5078 de
3903 5027 4060 5080 tertio
4083 5028 4228 5093 capi.

2649 5124 2760 5178 Iule
2787 5137 2955 5191 usque
2977 5123 3040 5174 ad
3073 5119 3233 5175 finem
3273 5118 3388 5172 libri
3420 5116 3575 5186 hujus
3602 5119 3841 5186 sequenti
3870 5119 4228 5189 disputatione

2647 5214 3010 5268 tractaiimus.
3054 5210 3339 5264 Videamus
3379 5223 3517 5263 nunc
3551 5218 3725 5262 utrum
3769 5209 3812 5263 is
3837 5210 3923 5264 cui
3973 5209 4227 5267 Ecclesia

2654 5351 2880 5498 [fariis
2903 5412 3340 5498 Cambmplenus
3380 5412 3608 5482 eﬂicitur.
3648 5411 3744 5467 Ms.
3787 5412 3943 5485 Reg,
3987 5415 4227 5485 eﬁicitnr;

2649 5486 2751 5541 alia
2781 5499 2960 5547 manu,
2989 5484 3226 5553 amciter.

2723 5564 2746 5602 s
2779 5554 2875 5609 Ms.
2908 5551 3064 5613 unus.
3097 5552 3340 5606 bonorum
3371 5551 3635 5620 fructibus.
3667 5551 3764 5609 Ms.
3793 5552 3952 5620 alter,
3983 5554 4226 5611 bonorum

2649 5641 2854 5694 suorum
2882 5623 3146 5694 fructibus.

2719 5692 2746 5731 ιι
2777 5691 2898 5749 Mss.
2930 5693 3060 5759 duo,
3087 5691 3241 5746 semet
3268 5708 3338 5744 se.

2726 5763 2739 5801 ί
2775 5765 2898 5818 Mss.
2932 5773 3061 5828 tres,
3107 5761 3324 5815 Domino
3350 5761 3503 5830 ﬁunt.
