4316 6430
320 469 423 522 429

1377 459 1463 515 DE
1510 458 1668 514 VITA
1709 454 2291 512 CONTEMPLATIVA
2337 454 2463 509 LIB.
2506 454 2546 509 1.

3513 455 3618 509 431)

318 575 564 646 regendas
590 588 715 628 cura
743 576 1026 631 commissa
1058 584 1160 641 est,
1184 541 1616 647 contemplativa:
1638 577 1761 630 vitae
1783 574 1899 629 ﬁeri
1929 574 1982 636 Α
2008 573 2329 636 extendant,
2372 588 2437 627 ac
2474 586 2534 627 se
2570 571 2767 641 passim
2800 571 3086 639 exquisitis
3112 570 3319 625 deliciis
3347 582 3361 608 ι
3395 572 3615 637 dedant,

320 669 590 736 particeps
618 667 804 733 possit.

909 757 1137 813 CAPUT
1178 758 1316 813 XIII.

317 848 469 915 Quod
497 850 781 902 sacerdotes
818 850 983 902 sancti
1007 850 1413 917 contemplativa
1442 852 1557 904 vita:
1594 850 1705 917 ﬁeri
1749 848 1912 915 parti-

932 919 1068 988 cipes
1090 921 1305 989 possint.

395 1031 441 1084 Ι.
483 1031 582 1095 Qui
610 1030 893 1100 diligenter
918 1047 981 1087 ea
1008 1048 1126 1101 que
1151 1035 1400 1102 superius
1430 1033 1496 1087 de
1533 1033 1637 1085 vita
1669 1042 1909 1087 contem.

314 1124 508 1191 plativa
536 1124 678 1178 dicta
706 1134 831 1178 sunt
852 1125 1182 1193 considerat,
1212 1137 1285 1193 et,
1318 1124 1671 1191 sufﬁcienter,
1704 1125 1908 1178 instru-

309 1223 431 1267 ctus
462 1215 707 1284 intelligit
727 1217 940 1284 quando
964 1227 1019 1271 et
1044 1217 1128 1270 ubi
1157 1218 1323 1283 possit
1347 1216 1461 1286 ejus
1481 1216 1740 1285 perfectio
1761 1230 1911 1271 com-

310 1306 611 1371 prehendi,
654 1323 758 1360 non
796 1307 1061 1362 dubitabit
1091 1308 1757 1379 Ecelesiarum-priucipes
1788 1310 1909 1363 vitae

309 1397 741 1465 contemplativa:
772 1412 931 1466 posse
961 1409 1015 1453 et
1041 1399 1240 1455 debere
1270 1400 1384 1454 fieri
1417 1409 1710 1455 sectatores
1742 1416 1757 1454 :
1786 1400 1905 1471 quia

311 1487 429 1542 sive
471 1487 767 1542 secundum
818 1490 1120 1558 opinionem
1173 1480 1529 1560 quorumdam
1588 1490 1721 1546 nihil
1764 1492 1908 1545 aliud

313 1580 389 1632 sit
432 1579 534 1633 vita
566 1581 981 1650 contemplativa
1030 1597 1185 1648 quam
1230 1582 1452 1635 rerum!
1490 1582 1720 1636 tentium
1766 1582 1904 1635 futu-

316 1686 608 1738 rarumque
639 1672 845 1741 notitia,
878 1673 991 1726 sive
1015 1682 1040 1710 ι
1064 1674 1270 1726 vacatio
1298 1675 1367 1727 ab
1396 1675 1645 1728 omnibus
1675 1690 1906 1744 occupa-

307 1763 547 1818 tionibus
578 1766 783 1829 mundi,
815 1765 928 1818 sive
966 1764 1267 1818 divinarum
1306 1766 1541 1820 studium
1585 1767 1903 1833 litterarum,

304 1855 443 1918 sive,
473 1855 612 1923 quod
645 1854 726 1909 his
766 1853 793 1893 ι’
831 1856 1084 1924 probatur
1124 1872 1244 1913 esse
1276 1859 1584 1925 perfectius,
1628 1861 1738 1928 ipsa
1771 1860 1906 1914 visio

2018 682 2137 735 quae
2168 665 2181 715 i
2221 667 2458 720 animum
2491 680 2799 735 corpusque
2830 665 3146 729 debilitant;
3179 667 3221 717 si
3251 665 3477 734 gloriam
3509 684 3614 721 non

2015 756 2243 823 Christi,
2272 758 2365 811 sed
2396 773 2573 824 suam,
2605 756 2816 826 decepti
2846 756 2988 825 vulgi
3021 756 3289 809 adulantis
3322 757 3611 810 honorith

2014 859 2280 919 qttzerant,
2331 850 2558 919 plusque
2605 849 2673 903 de
2722 865 2781 902 se
2822 850 3016 903 aliena:
3066 849 3261 915 linguae
3297 864 3456 918 quam
3504 865 3614 904 sure

2013 942 2362 997 conscientia:
2393 941 2645 1004 credant;
2685 941 2728 993 si
2757 956 2917 993 omne
2945 940 3195 1008 gaudium
3237 955 3391 993 suum
3426 956 3530 993 non
3561 940 3614 994 in

2013 1031 2314 1084 futurorum
2360 1031 2833 1095 remuneratione,
2885 1047 2981 1085 nec
3031 1031 3083 1084 in
3134 1035 3422 1086 sanctitate
3467 1034 3613 1096 vitat,

2013 1120 2107 1175 sed
2154 1122 2205 1174 in
2238 1136 2333 1174 sua
2381 1130 2587 1175 tantum
2630 1121 2886 1191 dignitate
2938 1124 3285 1185 constituant,
3322 1121 3347 1158 ¹ί
3386 1134 3439 1177 et
3482 1126 3609 1177 dum

2014 1209 2149 1265 tales
2189 1225 2311 1266 esse
2352 1212 2538 1280 quales
2578 1212 2895 1279 creduntur,
2935 1224 3137 1277 amant,
3186 1231 3459 1284 nunquam
3510 1218 3614 1272 sibi

2012 1302 2350 1371 displiceant,
2379 1320 2441 1357 ac
2474 1305 2746 1372 placentes
2784 1306 2885 1359 sibi
2917 1322 3023 1359 non
3066 1307 3173 1359 sint
3200 1307 3266 1362 de
3294 1324 3387 1361 sua
3437 1308 3450 1345 ι
3489 1324 3615 1363 cor-

2011 1393 2250 1448 rectione
2294 1396 2509 1449 solliciti
2549 1398 2713 1465 :quis
2757 1412 2865 1450 non
2914 1398 3205 1467 intelligat,
3264 1399 3419 1464 tales,
3465 1401 3509 1453 si
3557 1400 3608 1454 in

2014 1484 2210 1540 talibus
2242 1495 2610 1553 perseverent,
2645 1502 2742 1541 nec
2774 1503 2831 1543 se
2856 1498 2981 1542 ante
3013 1489 3174 1542 ﬁnem
3205 1492 3327 1543 vitm
3366 1506 3607 1558 praesen-

2013 1576 2079 1630 tis
2124 1578 2430 1642 emendent,
2497 1580 2929 1648 contemplativa:
2976 1581 3098 1635 vita:
3144 1583 3434 1651 participes
3488 1598 3610 1638 esse

2010 1682 2119 1721 non
2152 1668 2343 1736 posse?
2384 1668 2448 1721 ad
2478 1685 2637 1737 quam
2668 1685 2773 1723 non
2830 1674 3166 1737 perveniunt,
3216 1674 3320 1727 nisi
3360 1674 3449 1743 qui
3496 1684 3611 1728 stu-

2010 1758 2224 1811 duerint
2260 1773 2379 1813 esse
2414 1761 2556 1829 quod
2600 1761 2723 1815 facti
2754 1771 2908 1825 sunt;
2952 1779 3052 1816 nec
3079 1763 3329 1817 aﬁ‘cctant
3351 1775 3388 1801 ω
3415 1767 3607 1831 videri,

2010 1851 2105 1905 sed
2132 1866 2251 1905 esse
2272 1852 2414 1922 quod
2439 1865 2594 1919 sunt;
2635 1869 2741 1908 non
2772 1854 2964 1909 alienis
2992 1856 3261 1922 laudibus,
3299 1859 3392 1912 sed
3446 1862 3609 1911 mori-

308 1958 332 1983 ε
361 1947 483 2008 Dei;
530 1961 634 1999 non
666 1948 821 2001 video
850 1949 973 2016 quid
1005 1950 1369 2018 impedimenti
1392 1952 1593 2005 sanctis
1614 1952 1907 2006 sacerdoti-
1936 1946 1985 2005 B
2011 1944 2111 1998 bus
2136 1959 2247 1998 ευιε
2273 1946 2491 2009 nimii;
2522 1948 2633 2001 ’1180
2662 1947 2834 2001 εοΙυηι
2865 1948 2932 2002 de
2958 1962 3050 2003 Sua
3076 1950 3354 2019 άῖεηίιιιιθ.
3386 1952 3480 2005 Sed
3516 1966 3609 2019 P0"

304 2037 409 2090 bus
458 2038 626 2105 possit
674 2038 854 2092 'ile‘rri
903 2044 1190 2108 quominus
1231 2043 1295 2095 ad
1346 2045 1459 2097 haec
1504 2054 1734 2113 quatuor
1784 2060 1902 2114 qua:

304 2130 729 2181 conmemorax‘i
764 2132 1091 2198 perveniant.
1144 2134 1261 2186 Duo
1289 2135 1453 2201 enim,
1491 2137 1719 2202 primum
1745 2146 1799 2191 et
1825 2138 1904 2190 ul-

304 2220 517 2286 limum,
548 2221 595 2273 id
626 2231 726 2283 est,
758 2237 935 2274 rerum
962 2222 1238 2278 latentium
1260 2226 1660 2295 futurarumque
1690 2229 1900 2293 notitia,

303 2321 362 2367 et
384 2313 494 2379 ipsa
520 2316 654 2368 visio
678 2315 793 2384 Dei,
820 2318 1315 2388 incomparabiliter
1341 2325 1715 2392 przestantiora
1747 2336 1904 2380 erunt

302 2402 361 2455 in
408 2404 493 2456 illa
536 2406 638 2457 vita
688 2407 839 2461 beata
884 2425 1042 2477 quam
1087 2411 1139 2464 in
1190 2412 1308 2478 iSta,
1355 2414 1580 2469 diversis
1626 2417 1903 2472 erroribus

303 2494 601 2562 implicata,
629 2501 1060 2570 quandoquidem
1093 2514 1199 2557 tam
1232 2522 1408 2559 rerum
1440 2510 1683 2563 omnium
1713 2511 1902 2563 notitia

303 2600 466 2655 quam
498 2589 607 2657 ipsa
636 2590 725 2643 Dei
756 2594 1052 2647 substantia
1085 2597 1239 2664 plene
1268 2613 1331 2651 ac
1360 2599 1591 2667 perfecte
1615 2601 1901 2655 videbitur.

306 2681 429 2734 Duo
458 2692 635 2737 autem
676 2686 871 2750 media,
906 2688 1239 2743 vacationem
1282 2692 1529 2749 videlicet
1560 2693 1628 2747 ab
1657 2694 1904 2751 omnibus

302 2776 745 2841 occupatmnibus
790 2781 1006 2844 mundi,
1056 2790 1109 2835 et
1156 2783 1463 2838 divinarum
1502 2788 1738 2842 studium
1769 2788 1904 2845 litte-

302 2880 521 2932 rarum,
560 2868 720 2921 etiam
752 2870 836 2925 bic
867 2884 1090 2939 possunt
1120 2878 1317 2931 habere
1351 2878 1662 2947 pontiﬁces;
1698 2882 1791 2935 sed
1827 2882 1923 2945 illi,

302 2959 397 3022 qui
428 2972 484 3011 se
514 2958 581 3013 ab
607 2963 855 3017 omnibus
884 2964 1297 3033 iiuplicamcutis
1326 2972 1660 3038 negotiorum
1681 2976 1905 3029 sarcula-

302 3048 447 3103 rium
499 3064 876 3118 removentes,
925 3074 1029 3111 uon
1078 3070 1292 3129 torpent
1334 3065 1467 3129 otio,
1509 3064 1600 3118 sed
1651 3066 1905 3121 Ῑηιίδιιιιιι

306 3142 656 3208 perfectionis
698 3159 808 3199 sua:
855 3149 1101 3215 negotio,
1146 3160 1200 3203 et
1246 3152 1314 3203 ah
1354 3153 1580 3208 stultitia
1624 3157 1903 3223 sapientia:

302 3228 583 3283 saecularis
624 3234 834 3299 aversi,
884 3236 1048 3290 verbo
1093 3237 1185 3291 Dei
1235 3240 1636 3310 infatigabiliter
1690 3259 1899 3313 vacant,

300 3320 579 3387 Sapientes
610 3324 877 3378 veraciter
913 3328 1077 3392 ﬁunt,
1117 3330 1359 3387 caelestia
1405 3337 1641 3403 sapiunt,
1692 3349 1900 3395 terrena
1933 3324 1977 3385 (ἶ

300 3410 628 3480 despiciunt,
648 3416 1080 3473 contradicentes
1101 3435 1245 3476 sanae
1268 3422 1527 3478 doctrina:
1551 3428 1898 3497 redarguunt,

302 3504 627 3559 obedientcs
655 3504 680 3543 ἀ
709 3508 1015 3574 instituunt,
1049 3516 1249 3568 sanctis
1278 3516 1585 3582 virtutibus,
1621 3521 1811 3588 quibus
1845 3525 1896 3576 in

303 3596 425 3651 dies
468 3597 709 3667 singulos
756 3600 886 3654 fiant
928 3603 1037 3657 Deo
1077 3607 1509 3675 propinquiores,
1544 3610 1898 3681 incumbunt,

302 3696 330 3724 ο
362 3697 413 3740 et
437 3697 541 3740 tam
569 3692 681 3743 suis
711 3706 868 3760 quam
894 3696 1131 3748 omnium
1162 3697 1252 3765 qui
1287 3695 1304 3735 ί
1335 3714 1428 3767 per
1447 3714 1539 3753 eos
1564 3703 1899 3770 erudiuntur,

299 3777 638 3847 profectibus
665 3784 815 3847 clari,
844 3782 931 3837 bic
956 3783 1167 3853 quidem
1199 3790 1341 3840 velut
1373 3800 1585 3856 gustum
1614 3796 1898 3862 quemdam

298 3870 736 3938 contemplativa:
770 3873 922 3939 vita}.
966 3892 1073 3944 quo
1118 3877 1181 3930 ad
1224 3893 1340 3932 eam
1374 3880 1666 3938 ferventius
1710 3902 1903 3954 provo-

298 3974 513 4030 centnr,
558 3969 860 4037 accipiunt;
901 3972 993 4025 sed
1040 3972 1107 4026 ibi
1152 3973 1260 4043 jam
1311 3975 1363 4029 in
1414 3986 1673 4033 :rternuin
1719 3981 1901 4038 felices

299 4054 508 4120 eﬂ‘i-cti,
535 4058 601 4112 de
625 4059 741 4127 ejus
771 4062 1100 4129 perfectione
1123 4066 1454 4134 gaudebunt.
1482 4070 1711 4126 Proinde
1737 4084 1763 4120 8
1795 4090 1899 4128 non

299 4147 594 4213 inﬂantur,
649 4152 767 4219 quia
810 4152 897 4207 hic
941 4156 1184 4209 omnium
1230 4158 1461 4212 fidelium
1513 4161 1899 4219 catholicorum

298 4239 641 4294 honorantur
672 4252 726 4295 ut
762 4244 966 4312 capita;
1009 4246 1101 4299 sed
1147 4248 1395 4302 betantur
1435 4252 1631 4319 potius,
1663 4253 1783 4322 quia
1827 4256 1901 4309 ibi

298 4330 543 4396 Christi,
593 4333 681 4401 qui
732 4345 814 4388 est
865 4338 1203 4392 sacerdotum
1266 4354 1330 4393 ac
1374 4340 1612 4396 ﬁdelium
1661 4346 1899 4399 omnium

298 4432 487 4489 caput,
527 4422 752 4477 clariora
795 4424 1032 4479 membra
1076 4426 1236 4482 futuri
1279 4440 1421 4483 sunt.

372 4510 423 4567 2.
472 4510 497 4547 ³³
526 4514 594 4566 At
627 4516 669 4568 si
699 4515 860 4585 (quod
890 4516 1050 4587 absit)
1079 4521 1426 4577 saecularibus
1455 4526 1682 4594 negotiis
1710 4526 1896 4597 impli-

298 4607 442 4672 cati,
492 4604 775 4662 fundorum
833 4610 1090 4666 terminos
1137 4612 1256 4667 sine
1315 4616 1543 4671 termino
1590 4619 1896 4689 cupiditatis

374 4787 400 4815 ι
434 4778 566 4833 Edd.
597 4780 757 4835 Duae.
792 4790 847 4836 et
871 4782 1083 4848 Colon.,
1115 4786 1333 4841 vacatio.

370 4848 399 4886 δ
434 4852 530 4902 Ms.
557 4850 708 4903 Colb.
739 4867 895 4921 unus,
924 4856 1060 4921 quod
1086 4855 1166 4908 his
1195 4867 1287 4909 est.

377 4928 399 4993 ξ
436 4921 565 4993 Mss.
600 4930 728 4993 tres,
757 4920 984 4986 Domini,
1010 4934 1064 4978 et
1094 4926 1171 4979 sic
1199 4926 1356 4993 paulo
1388 4927 1543 4981 infra.

371 4985 399 5024 δ
433 4991 561 5044 Mss.
588 4992 713 5055 duo,
742 4985 1020 5047 instruunt.

368 5069 400 5141 ,α
432 5059 521 5112 Sic
552 5075 680 5117 mss.
723 5077 911 5117 omnes
939 5079 1060 5118 cum
1086 5063 1253 5135 Lugd.
1288 5066 1357 5121 At
1386 5068 1536 5133 editi,
1563 5071 1642 5122 illi
1671 5072 1758 5139 qui
1789 5081 1891 5124 tam

296 5146 428 5184 suta.

382 5197 581 5320 inlidit.
605 5200 820 5268 Colon.,
842 5203 975 5258 inter
998 5222 1101 5259 eos.
1134 5206 1231 5261 Ms.
1255 5222 1393 5261 unus
1420 5211 1581 5277 paulo
1607 5221 1744 5279 post,
1776 5229 1895 5279 pro-

382 5286 428 5320 τι
468 5287 546 5320 ιιι.

298 5281 546 5324 υιειιυιιε.

376 5339 599 5410 βιΕάίιί,
626 5342 838 5409 proinde
866 5360 999 5400 vero.

374 5408 575 5491 hfidit.
609 5408 815 5491 Eugd.,_
842 5412 1031 5491 Etusi.’
1072 5417 1136 5471 Et
1164 5418 1322 5486 paulo
1349 5430 1467 5487 post
1496 5434 1624 5475 mss.
1660 5432 1889 5491 septem,

296 5478 577 5552 implicati.
611 5478 770 5543 Editi,
798 5484 1051 5552 impliciti.

384 5560 401 5588 ι
437 5550 537 5624 Ms.
566 5567 722 5616 unus,
757 5550 962 5608 tradant.
991 5560 1160 5624 Alt:.r,
1185 5559 1321 5612 dent.
1346 5558 1516 5620 Alius.
1541 5560 1713 5615 edant.
1740 5563 1892 5618 Alius

301 5636 455 5682 vero,
485 5621 662 5674 ditent.

380 5691 393 5739 i
440 5690 563 5743 Mss.
594 5691 699 5743 duo
721 5691 896 5756 Colb.,
929 5696 1172 5750 animam.

378 5757 404 5837 ξι
435 5760 525 5837 Sic
554 5777 684 5837 mss.
733 5775 981 5837 quatuor,
1015 5767 1144 5837 Reg.
1181 5769 1311 5834 duo,
1344 5778 1397 5822 et
1426 5766 1577 5825 Colb.
1610 5772 1739 5835 duo,
1767 5788 1887 5828 cum

297 5830 436 5910 edit.
467 5829 877 5910 Lugdum,:quze
903 5835 1054 5910 addit
1096 5829 1173 5893 ξε.
1210 5829 1335 5910 Mss.
1363 5841 1469 5894 duo
1491 5843 1611 5905 alii,
1657 5829 1783 5897 tales
1812 5862 1885 5910 se,

300 5907 501 5969 quales,
528 5910 633 5957 etc.
666 5902 806 5959 Editi
841 5921 967 5960 vero
999 5907 1159 5963 Duae.
1192 5920 1245 5965 et
1270 5909 1482 5979 Colon.,
1514 5902 1729 5966 necdum
1761 5902 1887 5969 tales

2008 2035 2112 2089 tius
2140 2036 2206 2089 de
2236 2036 2585 2091 sacerdotalis
2612 2038 2734 2093 vita:
2760 2046 2787 2073 ιι
2813 2040 3093 2094 nobilitate
3117 2042 3397 2109 conspicui
3452 2061 3464 2093 τ
3515 2044 3603 2111 qui

2007 2138 2130 2181 sunt
2179 2143 2285 2183 non
2314 2128 2675 2197 appellatione
2716 2137 2903 2196 tenus,
2947 2130 3038 2185 sed
3070 2133 3269 2186 virtute
3304 2135 3604 2200 pontiﬁces,

2007 2220 2131 2274 vitae
2156 2221 2593 2291 contemplativa:
2613 2237 2858 2292 capaces,
2883 2234 2935 2278 et
2958 2224 3273 2294 gaudiorum
3302 2226 3607 2280 caelestium

2008 2312 2337 2368 cohwt'edes.

2602 2429 2829 2484 CAPUT
2868 2429 3007 2483 XIV.

2014 2536 2110 2592 (ibi
2134 2539 2329 2592 locutor
2360 2556 2413 2592 se
2442 2549 2648 2592 excusat
2677 2541 2814 2606 quod
2837 2540 3084 2662 c[Ecclesiae
3127 2543 3398 2614 magistros
3428 2544 3605 2599 docere

2645 2628 2744 2662 non
2767 2628 2830 2662 au
2873 2622 2974 2662 cat.

2645 2628 2744 2664 ηοη
2767 2622 2974 2664 audeat.

2080 2745 2158 2797 Ae
2191 2758 2258 2797 ne
2290 2751 2315 2779 °
2356 2744 2587 2811 cuipiam
2621 2760 2778 2799 meus
2807 2761 2987 2799 sermo
3020 2758 3480 2815 praesumptuosus
3514 2764 3607 2817 ap-

2008 2844 2227 2904 pareat,
2262 2836 2307 2889 si
2348 2837 2533 2905 quales
2574 2852 2679 2891 non
2721 2852 2844 2891 esse
2880 2838 2961 2892 vel
2994 2853 3114 2893 esse
3150 2838 3382 2894 debeant
3418 2856 3607 2895 omnes

2008 2926 2318 2979 sacerdotes
2348 2935 2376 2975 ιι
2405 2926 2689 2991 ostendat;
2728 2942 2832 2979 non
2874 2928 3223 2996 generaliter,
3270 2931 3361 2984 sed
3393 2932 3460 2984 de
3499 2947 3606 2985 uno

2008 3019 2138 3072 mibi
2193 3019 2347 3073 video
2377 3034 2497 3073 esse
2528 3019 2845 3082 dicendum,
2879 3031 2933 3072 et
2955 3021 3021 3075 de
3065 3032 3117 3075 te
3150 3023 3488 3090 potissimum
3520 3041 3592 3093 qu

2011 3110 2111 3163 hoc
2166 3110 2295 3163 mihi
2343 3120 2369 3160 (ί
2421 3110 2586 3179 (pace
2636 3119 2723 3164 tua
2777 3111 3038 3180 dixerim)
3088 3122 3292 3167 temere
3347 3114 3606 3183 delegasti

2011 3200 2294 3267 periculosi
2338 3203 2606 3255 sisrmoiiis
2646 3202 2905 3256 ofﬁcium.
2946 3202 3055 3257 Nec
3107 3205 3377 3272 incognita
3421 3206 3605 3271 vobis,

2009 3290 2103 3345 sed
2137 3292 2329 3344 usitata
2360 3293 2533 3346 debeo
2555 3314 2566 3341 ι
2585 3294 3037 3362 omprcbeudere,
3062 3311 3181 3364 qua:
3204 3298 3440 3351 solemus
3469 3300 3605 3353 inter

2008 3395 2106 3431 nos
2150 3390 2332 3433 mutua
2363 3382 2799 3437 confabulatione
2828 3385 3097 3439 conferre.
3130 3387 3336 3453 Quibus
3368 3389 3605 3443 breviter

2006 3470 2308 3535 declaratis,
2334 3487 2439 3524 non
2467 3483 2593 3538 puto
2622 3474 2762 3538 quod
2797 3475 3111 3529 relationem
3143 3492 3341 3542 meam,
3376 3489 3396 3515 τ
3435 3481 3605 3549 inagis

2007 3577 2163 3626 quam
2197 3563 2612 3630 disputationem
2659 3566 2745 3633 qui
2779 3580 2938 3633 quam
2976 3566 3123 3635 juste
3169 3570 3339 3635 possit
3375 3570 3605 3639 alicujus

2007 3653 2323 3707 temeritatis
2352 3668 2609 3722 arguere;
2650 3656 2800 3723 quasi
2833 3665 3012 3723 patres
3040 3672 3192 3712 meos
3230 3658 3458 3714 audeam
3502 3661 3604 3715 do-

2010 3760 2149 3808 cere,
2184 3761 2211 3798 a
2236 3746 2432 3812 quibus
2462 3762 2705 3801 normam
2734 3749 2950 3802 vivendi
2974 3753 3218 3820 accipere
3241 3768 3357 3807 sum
3385 3766 3604 3823 paratus

2003 3848 2056 3889 et
2085 3837 2313 3892 discere.

2610 3933 2835 3987 CAPUT
2876 3935 2991 3988 XV.

2006 4042 2085 4096 De
2124 4044 2429 4121 negligentia
2471 4046 2749 4098 sacerdotis
2792 4051 2915 4117 qui,
2973 4048 3222 4121 doctrina:
3259 4067 3366 4104 sua:
3400 4054 3601 4121 agendo

2077 4117 2362 4178 contraria,
2393 4131 2665 4183 personam
2699 4132 2801 4170 non
2839 4128 3003 4187 polest
3036 4120 3247 4187 implere
3276 4117 3524 4177 doctoris.

2076 4253 2317 4309 Recolite
2340 4269 2467 4325 ergo
2490 4264 2687 4324 quanta
2717 4263 2771 4309 et
2793 4257 2990 4323 qualia,
3010 4272 3095 4311 me
3118 4257 3366 4313 audiente
3388 4266 3410 4294 ⁶
3439 4268 3601 4326 atque

2005 4346 2299 4415 probante,
2333 4346 2512 4399 dicere
2538 4348 2761 4401 soleatis
2786 4348 2853 4401 de
2883 4349 3351 4404 administratione
3384 4353 3601 4419 pontifi-

2004 4441 2102 4500 cis,
2126 4438 2213 4506 qui
2238 4437 2420 4506 populi
2449 4438 2549 4492 sibi
2581 4439 2853 4491 (τοιηωίςεί
2884 4454 3012 4493 cura
3048 4440 3344 4507 posthabita
3364 4482 3376 4504 ,
3406 4443 3600 4496 arden-

2007 4531 2110 4583 tius
2167 4530 2304 4583 bona
2365 4531 2647 4597 prmsentia
2706 4530 2981 4583 desiderat
3051 4546 3209 4598 quam
3266 4532 3480 4597 futura;
3549 4547 3600 4588 et

2005 4621 2200 4675 oblitus
2230 4621 2371 4689 quod
2402 4637 2507 4675 non
2558 4621 2729 4674 solum
2761 4621 2829 4675 de
2860 4637 2917 4676 se
2940 4664 2955 4688 ,
2986 4623 3079 4676 sed
3126 4624 3286 4676 etiam
3328 4623 3395 4677 de
3439 4640 3599 4694 grege

1919 4796 1973 4856 D
1998 4808 2105 4847 esse
2133 4809 2186 4845 se
2220 4794 2393 4862 quales
2421 4793 2701 4845 creduntur
2726 4801 2916 4848 ament.

2080 4863 2093 4899 ι
2132 4864 2206 4937 ita
2238 4879 2365 4917 mss.
2403 4880 2587 4918 omnes
2614 4880 2735 4917 eum
2786 4864 2954 4933 Lugd.
2993 4864 3158 4919 Duac.
3194 4876 3241 4919 et
3288 4868 3499 4937 Colon.,
3538 4875 3599 4928 de

1999 4949 2092 4988 sua
2115 4935 2276 4987 salute
2299 4945 2345 4987 et
2370 4938 2697 4987 correctione.

2070 5014 2109 5077 αξ
2137 5005 2224 5059 Sic
2259 5021 2389 5057 mss.
2419 5020 2607 5057 omnes
2635 5020 2753 5058 cum
2785 5005 2953 5074 Lugd.
2980 5006 3145 5062 Duac.
3177 5018 3233 5062 et
3262 5009 3477 5077 Colon.,
3525 5018 3600 5068 ri-

2000 5074 2109 5127 deri
2128 5091 2234 5127 essc
2255 5077 2392 5143 quod
2421 5092 2522 5128 non
2550 5084 2687 5128 sunt.

2072 5153 2099 5180 ιι
2128 5149 2213 5199 δίο
2266 5162 2395 5199 mss.
2426 5146 2583 5201 Colb.
2622 5156 2851 5214 quatuor
2879 5162 2999 5201 cum
3035 5147 3281 5214 Lugdun.
3331 5165 3383 5208 et
3429 5155 3594 5209 Duae.

2004 5215 2191 5269 Colon.
2204 5257 2216 5274 .
2249 5218 2585 5270 notabilitnte.

2075 5294 2099 5320 ο
2134 5287 2392 5357 8158.-ιίυο
2416 5286 2569 5338 Colb.
2602 5296 2656 5341 et
2682 5287 2899 5349 Colon.,
2932 5288 3188 5357 cuiquam.

2071 5366 2096 5403 P
2124 5357 2219 5409 Ms.
2247 5355 2399 5410 Colb.
2428 5373 2589 5419 unus,
2624 5361 2906 5411 ostendant.

2072 5435 2101 5474 τι
2129 5426 2225 5499 ills.
2251 5442 2412 5499 unus.
2442 5437 2495 5499 ut
2525 5436 2612 5480 tua
2637 5446 2761 5499 pare
2789 5429 3029 5483 dixerint.

2074 5505 2094 5531 ν
2127 5496 2180 5570 _|u
2228 5514 2330 5549 ms.
2364 5497 2519 5551 Colb.
2544 5496 2652 5551 uno
2684 5510 2737 5552 et
2764 5499 2943 5570 Regiis
2969 5500 3179 5555 duobus
3218 5503 3415 5559 desunt
3448 5506 3593 5570 haec,

1998 5568 2161 5643 magis
2214 5584 2361 5643 quain
2404 5569 3006 5643 disputationem._Edit.
3072 5587 3200 5626 vero
3249 5576 3417 5643 Lugd.
3470 5568 3595 5631 cum

1998 5638 2208 5715 dirubtis
2237 5636 2476 5691 Culbert.
2508 5655 2661 5699 tuss..
2695 5641 2997 5715 relationem
3027 5644 3191 5713 magis
3234 5636 3388 5714 quant
3414 5646 3595 5715 dispu-

1998 5707 2238 5758 tationem
2270 5724 2452 5767 meam.
2481 5721 2534 5762 ct
2570 5720 2748 5777 postea
2780 5711 2942 5775 editi,
2975 5707 3163 5777 posset.

2076 5784 2097 5810 ³
2148 5776 2283 5852 Edd.
2311 5778 2475 5852 Duae.
2509 5776 2797 5847 etColon.,
2827 5797 2941 5849 qua:
2970 5776 3235 5852 probante.
3268 5784 3427 5840 Tum.
3459 5801 3593 5843 mss.

1998 5846 2128 5912 duo,
2159 5848 2417 5903 solebatis.
