4516 6440
797 425 888 478 431

2088 412 2346 472 JUIJANI
2386 414 2666 471 POMERII

3941 422 3966 472 .i
3975 420 4035 473 3‘2

792 536 890 589 sibi
914 531 1113 587 credito
1135 531 1393 584 rationem
1423 525 1623 581 Pastori
1648 533 1916 593 pastorum
1937 523 2173 579 omnium
2199 533 2226 561 κ
2245 521 2358 576 rcd-
2389 529 2435 587 Α
2469 527 2702 583 Ecclesia
2730 569 2746 593 ,
2793 541 2910 596 quae
2939 528 3085 582 velut
3129 529 3278 583 navis
3325 541 3513 599 magna
3541 543 3636 598 per
3663 543 3810 586 mare
3856 538 4034 588 monui

792 626 913 690 dat,
948 638 1044 679 sua
1081 633 1402 689 suorumque
1445 617 1765 672 detrimenta
1800 629 1905 670 non
1939 615 2356 684 cogitatzquem

793 732 900 772 non
921 713 1334 784 delinquentium
1361 717 1574 779 peccata
1590 707 1928 771 contristant,
1953 720 2053 761 nec
2077 704 2358 774 prolicien-

793 809 925 862 tium
959 807 1094 862 bona
1124 800 1421 865 Iantiﬂcant;
1467 799 1558 854 sed
1589 797 1658 853 de
1686 812 1745 852 se
1769 807 2002 861 tantum,
2049 796 2357 866 plerumque

793 911 969 954 autem
1000 910 1095 949 nec
1121 893 1188 948 de
1215 906 1274 948 se
1305 891 1522 945 omnino
1547 888 1836 953 sollicitus,
1863 886 1990 958 quid
2017 901 2045 940 a
2072 887 2182 941 suis
2231 885 2354 939 boni

793 993 984 1047 malive
1011 999 1247 1060 geratur,
1292 987 1500 1057 ignorat
1532 1003 1544 1037 :
1577 985 1668 1054 qui
1701 998 1808 1038 non
1833 981 2084 1053 pradicat
2113 995 2358 1051 perseve-

787 1085 1016 1140 rantiam
1055 1082 1241 1152 justis,
1273 1074 1690 1149 ptnnitentiamh
1733 1075 1947 1145 pravis,
1995 1080 2355 1142 contemptum

790 1174 970 1230 mundi
1017 1173 1290 1227 conversis
1315 1208 1332 1236 ,
1381 1168 1586 1223 futuras
1610 1181 1796 1237 ptenas
1831 1166 2063 1230 aversis;
2105 1163 2195 1235 qui
2249 1179 2354 1219 non

791 1273 966 1331 potest
1018 1265 1200 1318 dicere
1254 1259 1708 1328 contemptorihus
1751 1254 2125 1310 admonitionis
2169 1269 2280 1309 sum
2338 1271 2351 1307 :

791 1357 1048 1411 Futurum
1091 1355 1320 1422 cogitate
1361 1361 1384 1390 ε
1423 1349 1711 1420 judicium,
1763 1347 1904 1417 quod
1933 1347 2046 1417 ipse
2077 1345 2213 1402 forte
2248 1361 2357 1401 non

791 1450 1015 1518 cogitat;
1040 1445 1364 1500 amatoribus
1385 1442 1566 1498 mundi
1596 1456 1613 1495 :
1635 1439 1809 1496 Nolite
1828 1438 2052 1509 diligere
2074 1437 2352 1504 mundum,

791 1542 836 1596 si
860 1555 981 1596 eum
1007 1537 1185 1593 mundi
1221 1550 1373 1590 amor
1415 1533 1674 1597 oblectat;
1707 1529 2040 1585 ambitiosis:
2065 1527 2355 1584 Ambitioni

792 1628 818 1668 ἀ
843 1631 998 1684 linem
1029 1623 1365 1696 imponite,si
1394 1637 1514 1677 eum
1541 1620 1761 1678 ambitio
1788 1620 2004 1676 ruinosa
2029 1618 2351 1688 praecipitat;

790 1719 1046 1796 cbriosis:
1083 1727 1105 1754 ε
1145 1714 1466 1771 Ebrietatem
1494 1721 1708 1778 cavete,
1738 1713 1782 1766 si
1812 1725 1872 1766 se
1915 1725 2064 1765 mero
2090 1723 2256 1780 usque
2285 1708 2352 1763 ad

787 1811 1157 1866 alienationem
1185 1805 1378 1862 mentis
1411 1805 1717 1875 ingurgitat.
1752 1801 2091 1872 Sumptuosis
2127 1801 2353 1872 dapibus

2463 620 2620 690 hujus
2641 620 2904 690 enavigat,
2934 634 3054 690 quze
3082 620 3308 676 diversis
3335 620 3685 676 tentationum
3708 620 3958 678 ﬂuctibus
3986 625 4034 679 in

2462 713 2564 769 hac
2605 715 2711 769 vita
2755 712 3133 780 contunditur,
3164 727 3285 781 qua:
3331 712 3728 768 immundurum
3755 714 4034 783 spirituum

2462 802 2922 874 persecutionibus
2939 801 3084 858 velut
3107 802 3424 872 quibusdam
3448 803 3762 872 procellosis
3785 803 4033 862 ﬂuetibus

2461 895 2514 949 in
2541 894 2748 949 diversa
2769 891 3019 962 jactatur.
3054 907 3174 964 quae
3199 892 3573 949 scandalorum
3601 894 3848 951 cautibus
3877 896 4036 951 vado-

2457 984 2534 1039 sis
2553 983 2798 1048 illiditur,
2824 998 2944 1053 qua:
2969 991 2997 1020 ³
3025 983 3171 1038 velut
3199 997 3393 1053 aggere
3417 997 3598 1040 arena:
3623 985 3897 1055 gravantis
3916 987 4031 1042 ein-

2456 1076 2621 1147 gitur,
2652 1090 2756 1130 uon
2787 1074 3136 1145 relinquenda
3165 1082 3284 1138 est,
3308 1074 3405 1130 sed
3443 1074 3679 1145 regenda
3709 1090 3868 1145 :quaa
3897 1077 4035 1133 sicut

2458 1180 2645 1221 omnes
2665 1180 2800 1234 quos
2829 1164 2994 1228 vehit,
3029 1165 3274 1233 perducit
3297 1165 3591 1221 incolumes
3612 1165 3986 1236 gubernatoris
4006 1175 4032 1203 °

2456 1257 2721 1327 vigilantia
2751 1257 3077 1326 gubernata,
3107 1258 3178 1310 ita
3222 1272 3328 1312 non
3357 1258 3531 1311 solum
3562 1271 3752 1313 omnes
3779 1272 3915 1326 quos
3943 1260 4034 1313 ha-

2453 1350 2564 1414 bet.
2580 1349 2677 1405 sed
2703 1350 2864 1404 etiam
2889 1349 3059 1417 ipsum
3079 1350 3492 1419 gubernatorem
3522 1348 3734 1418 perdet,
3755 1349 4031 1405 submersa

2455 1441 2703 1496 ﬂuctibus
2732 1449 2825 1495 aut
2860 1441 3054 1495 soluta.

3029 1529 3254 1586 CAPUT
3295 1530 3454 1586 XVII.

2457 1621 2556 1677 Ubi
2581 1622 2788 1696 anxium
2810 1621 2946 1692 quod
2977 1620 3258 1676 Ecclesium
3283 1638 3376 1696 nec
3405 1624 3712 1696 relinquere,
3742 1639 3836 1696 nec
3860 1639 4032 1696 regere

2523 1694 2985 1816 possit,lprovoeat,
3015 1691 3331 1762 suggerendo
3379 1693 3516 1762 quod
3544 1709 3655 1748 eam
3681 1694 3865 1750 melius
3892 1691 4032 1767 rigat

2519 1778 2700 1832 exemp
2724 1779 2775 1815 ο.

794 1901 812 1940 τ
840 1901 1055 1965 crudus,
1075 1913 1178 1954 non
1205 1905 1378 1967 potest
1396 1897 1506 1952 suis
1535 1893 1904 1949 abstinentiam
1929 1892 2168 1958 laudare,
2190 1907 2350 1964 quam
2382 1883 2429 1944 Β
2524 1893 2649 1950 Haec
2693 1903 2854 1964 atque
2882 1904 2911 1945 ιι
2949 1894 3316 1964 hujuscemodi
3357 1908 3443 1950 me
3471 1907 3857 1967 prosequente,
3905 1911 4033 1967 per-

790 1994 990 2056 calcat;
1009 1993 1137 2046 vitio
1158 1988 1460 2060 cupiditatis
1474 1986 1738 2053 addictus,
1759 1985 1963 2056 cupidis
1987 1999 2225 2041 amorem
2251 2001 2356 2041 non

790 2093 965 2154 potest
993 2082 1302 2138 dissuadere
1333 2078 1600 2150 pecunia;
1633 2078 2025 2133 inimicitiarum
2052 2085 2231 2144 tenax,
2250 2093 2356 2134 non

790 2174 1004 2230 audebit
1023 2172 1225 2227 animos
1246 2168 1618 2225 dissidentium
1635 2166 1955 2223 sacerdotali
1981 2165 2358 2238 tranquillitate

791 2279 1141 2336 componere;
1168 2262 1427 2334 justitiam
1457 2260 1752 2332 praedicare
1777 2259 2043 2330 judicibus
2067 2260 2355 2326 erubescit,

788 2373 944 2429 quam
984 2358 1098 2428 ipse
1139 2369 1380 2425 persona:
1424 2351 1655 2424 potentis
1682 2349 1862 2407 favore
1897 2350 2222 2422 corrumpit;
2256 2364 2357 2407 nec

788 2449 1026 2507 defendit
1063 2461 1369 2520 oppressos,
1393 2445 1439 2502 si
1461 2458 1720 2517 personas
1747 2452 1838 2499 aut
1860 2442 2108 2512 honorat,
2143 2452 2237 2500 aut
2264 2445 2358 2501 de-

789 2544 974 2615 spicit;
1002 2554 1054 2598 ct
1083 2540 1334 2613 quidquid
1361 2539 1486 2596 boni
1516 2555 1622 2594 non
1650 2537 1772 2594 facit
1793 2547 1886 2592 aut
1906 2538 2028 2593 mali
2051 2539 2356 2608 committit,

789 2651 888 2691 nec
929 2644 953 2682 ι
975 2633 1183 2704 jubebit
1236 2631 1386 2700 ﬁcri,
1435 2645 1536 2686 nec
1585 2629 1786 2686 vetabit
1830 2629 1952 2700 quia
2005 2631 2358 2686 necessariam

788 2723 818 2765 ιι
839 2725 1060 2783 docendi
1084 2723 1452 2780 auctoritatem
1476 2721 1848 2778 contrarietate
1873 2733 1984 2775 suae
2010 2719 2241 2776 actionis
2266 2727 2359 2776 aut

787 2816 1005 2883 amittit,
1035 2823 1127 2870 aut
1155 2813 1366 2868 minuit.

1365 2901 1590 2960 CAPUT
1631 2901 1771 2958 XVI.

789 2995 954 3063 Quale
980 2993 1263 3064 periculum
1296 3001 1496 3047 maneat
1523 3009 1607 3047 eos
1634 2992 1720 3063 qui
1758 2989 2044 3064 Ecclesium
2069 2993 2165 3047 sibi
2191 2993 2358 3047 credi-

855 3077 958 3119 tam
983 3062 1058 3119 oel
1082 3065 1367 3134 relinquere
1385 3065 1577 3127 volunt,
1612 3062 1688 3118 vel
1707 3071 1909 3117 strenue
1933 3062 2212 3132 gubernare
2235 3079 2359 3118 con-

857 3145 1108 3190 temnunt.

2458 1985 2585 2039 moti
2635 1984 2871 2054 graviter
2893 1983 3248 2053 ingemuistis,
3273 2000 3368 2039 vos
3414 1985 3466 2039 in
3506 1999 3625 2040 eam
3657 1986 4032 2042 necessitatem

2457 2075 2619 2132 fuisse
2657 2075 2977 2146 perductos,
3019 2089 3178 2146 quam
3211 2089 3311 2130 nec
3349 2075 3574 2145 implere
3599 2076 3780 2145 aliquo
3824 2079 4033 2144 studio,

2457 2184 2557 2226 nec
2582 2169 2702 2226 sine
2723 2177 2942 2239 peccato
2957 2168 3258 2238 relinquere
3281 2165 3534 2224 valeretis
3554 2185 3568 2233 ;
3587 2183 3650 2224 ac
3666 2168 3882 2239 deinde,
3911 2185 4032 2227 cum

2459 2263 2557 2332 piis
2585 2261 2869 2334 gemitibus
2898 2260 3112 2326 vestris,
3136 2275 3198 2316 ea
3227 2275 3329 2330 qua
3357 2270 3386 2311 ιι
3415 2259 3572 2316 vobis
3599 2260 3887 2317 obstrictus
3914 2277 4033 2317 sum

2457 2354 2632 2412 cordis
2662 2353 2944 2410 aﬂectione
2971 2367 3308 2424 compassus,
3330 2353 3534 2409 orando
3561 2367 3655 2409 vos
3683 2364 3707 2392 τ
3739 2355 3848 2410 dixi
3878 2370 4034 2424 posse

2458 2448 2716 2518 perlicere
2762 2446 2903 2517 quod
2961 2462 3069 2502 non
3125 2447 3353 2516 possetis
3410 2445 3652 2500 docendo
3705 2459 4033 2517 suggerere;

2458 2537 2684 2609 plusque
2712 2536 2897 2593 ﬁdeles
2923 2538 3215 2593 catholicos
3243 2538 3398 2591 hunis
3443 2537 3733 2606 exemplis,
3764 2553 3925 2608 quam
3956 2540 4032 2594 lu-

2459 2631 2685 2686 culentis
2717 2631 2896 2687 verbis
2926 2630 3102 2686 solere
3141 2630 3430 2699 proficere;
3471 2643 3698 2698 eamque
3741 2640 3863 2685 esse
3890 2645 4034 2686 sum-

2459 2738 2601 2779 mam
2651 2722 3050 2792 perfectamque
3093 2720 3390 2776 doctrinam
3421 2761 3436 2786 ,
3489 2735 3648 2790 quam
3702 2724 4035 2777 conversatio

2459 2813 2754 2883 spiritualis
2789 2821 2812 2850 ³
2844 2799 3168 2877 03tenderit,
3211 2827 3316 2867 non
3359 2827 3518 2878 quam
3557 2811 3730 2868 inanis
3756 2828 3936 2869 sermo
3959 2813 4036 2884 ja~

2458 2906 2695 2972 ctitarit;
2728 2921 2825 2964 tec
2844 2907 2863 2942 ί
2889 2920 2919 2961 a
2944 2908 3098 2961 nobis
3128 2906 3179 2960 in
3208 2906 3296 2961 die
3321 2904 3510 2974 judicii
3538 2906 3700 2960 verba
3728 2907 4033 2976 querenda,

2456 2997 2552 3054 sed
2601 3011 2799 3068 opera;
2845 3011 2946 3054 nec
2995 2996 3151 3052 iacile
3194 3005 3222 3032 ιι
3265 2996 3570 3066 persuaderi
3612 3010 3734 3053 esse
3780 2996 4042 3067 possibile

2457 3089 2601 3156 quod
2630 3088 2786 3145 docet
2813 3089 2992 3158 lingua
3017 3131 3033 3157 ,
3065 3089 3110 3143 si
3141 3102 3173 3142 a
3202 3089 3380 3158 lingua
3416 3090 3519 3143 vita
3550 3089 3861 3155 dissentiat;
3904 3089 4038 3146 illud

2460 3191 2637 3238 autem
2663 3191 2690 3219 ν
2720 3182 2930 3251 probari
2962 3181 3238 3252 possibile,
3269 3181 3412 3251 quod
3452 3181 3568 3238 sive
3598 3183 3857 3252 praedices
3880 3225 3896 3245 .
3927 3185 4045 3238 sive

855 3270 980 3324 Hmc
1015 3278 1174 3338 atque
1202 3267 1289 3322 his
1328 3266 1520 3322 similia
1558 3276 1917 3322 memorantes
1961 3267 1976 3305 ί
2021 3269 2358 3338 episcopatus
2383 3248 2429 3311 (ἶ
2461 3289 2566 3329 non
2598 3248 2879 3344 praedices,
2903 3248 3144 3327 lacientlo
3167 3248 3474 3339 conlirmas,
3505 3282 3559 3329 et
3582 3248 3777 3329 imitari
3808 3275 4040 3332 volenti-

782 3376 878 3418 vos
924 3361 1127 3431 accepti
1181 3359 1432 3430 paenituit
1471 3376 1484 3412 :
1535 3359 1656 3429 qui,
1685 3357 1822 3414 sicut
1867 3358 2354 3416 administratorem

783 3467 936 3508 suum
963 3491 980 3516 ,
1029 3450 1072 3504 si
1106 3450 1120 3499 i
1161 3448 1326 3517 probe
1354 3447 1774 3514 administretur,
1804 3447 2076 3514 illustrat,
2105 3452 2176 3505 ita
2227 3465 2354 3507 con-

785 3548 1101 3608 temptorem
1147 3553 1300 3593 suum
1327 3537 1668 3592 condemnat.
1699 3537 1940 3608 Denique
1969 3540 2211 3596 volentes
2257 3541 2356 3597 Ec-

783 3633 998 3687 clesium
1028 3628 1178 3684 vobis
1218 3627 1476 3683 creditam
1500 3668 1516 3694 ,
1563 3629 1706 3683 velut
1736 3629 1968 3699 impares
2010 3630 2058 3684 ei
2109 3631 2354 3702 regenda:

782 3725 1053 3780 dimittere
1075 3762 1091 3788 ,
1143 3732 1304 3790 atque
1333 3722 1385 3775 in
1416 3721 1645 3791 aliquam
1675 3721 2015 3777 solitudinem
2039 3721 2062 3761 ι
2096 3739 2201 3779 non
2245 3733 2351 3780 tam

780 3816 955 3871 studio
984 3813 1178 3886 quietis
1202 3827 1360 3882 quam
1381 3811 1548 3882 ipsius
1576 3811 1734 3866 officii
1767 3816 1931 3868 vestri
1972 3814 2351 3885 desperatione

780 3905 1056 3970 secedere,
1079 3902 1221 3959 nulla
1243 3916 1330 3957 res
1355 3902 1456 3955 alia
1479 3901 1631 3956 vohis
1652 3901 1826 3973 exegit
1856 3902 1908 3958 in
1932 3905 2124 3960 melius
2145 3914 2351 3964 mutare

779 3997 1092 4060 consilium,
1143 3994 1244 4049 nisi
1285 3993 1423 4064 quod
1453 3992 1607 4048 veriti
1636 3993 1766 4049 estis
1799 3994 2092 4063 periculum
2127 3995 2147 4035 1
2179 3999 2350 4068 majus

781 4088 1096 4142 incurrere:
1127 4085 1377 4154 quoniam
1409 4083 1454 4138 si
1495 4083 1851 4153 periculosum
1888 4096 1970 4141 est
1997 4088 2171 4142 navim
2212 4088 2352 4144 inter

781 4179 971 4231 ﬂuctus
996 4184 1148 4231 caute
1169 4189 1275 4228 non
1299 4188 1506 4244 regere,
1535 4183 1736 4236 quanto
1760 4175 2109 4244 periculosius
2131 4187 2212 4234 est
2231 4195 2349 4236 eam

781 4269 936 4322 nudis
989 4265 1469 4320 intumescentibus
1535 4265 1878 4320 ﬂuctuantem
1939 4267 1990 4321 in
2038 4277 2352 4339 tempestate

779 4359 1112 4429 relinquere?
1135 4357 1216 4412 Ad
1237 4372 1394 4428 quam
1415 4356 1552 4412 sicut
1567 4367 1606 4394 ω
1623 4359 1790 4412 satius
1805 4367 1888 4413 est
1911 4373 2014 4415 non
2031 4362 2341 4434 ascendere,

780 4452 850 4505 ita
886 4449 1049 4504 semel
1077 4459 1378 4518 susceptam
1405 4450 1654 4504 convenit
1678 4449 1984 4507 ﬂuctuantis
2019 4454 2187 4526 pelagi
2219 4472 2345 4527 pro-

2457 3364 2558 3420 bus
2610 3378 2733 3420 cum
2780 3361 3011 3435 quadam
3050 3363 3401 3419 delectatione
3442 3363 3612 3435 ipsius
3670 3364 4039 3434 possibilitatis

2458 3464 2485 3493 κ
2524 3455 2760 3511 inculcas
2781 3471 2795 3509 :
2819 3469 2915 3510 vos
2945 3469 3061 3511 mea
3089 3457 3432 3524 suggestione
3462 3455 3731 3526 paululum
3760 3455 4036 3524 delectati,

2457 3548 2560 3605 hoc
2590 3547 2855 3618 protinus,
2884 3546 2931 3602 si
2961 3561 3046 3601 me
3074 3562 3180 3602 non
3215 3545 3376 3601 habet
3403 3545 3630 3616 oblivio,
3660 3547 3939 3605 retulistis.

3021 3677 3246 3734 CAPUT
3285 3677 3470 3733 XVIII.

2457 3773 2607 3840 Quod
2645 3788 2827 3840 parum
2865 3771 3032 3826 ualeat
3062 3772 3288 3839 excinplo
3331 3770 3532 3840 agenda
3565 3779 3882 3838 monstrare,
3939 3773 4044 3828 uixi

2522 3845 2675 3967 ἓιὶαςη
2714 3858 2828 3912 qua:
2866 3843 2967 3896 sint
3004 3843 3257 3896 credenda
3297 3841 3530 3896 docendo
3574 3843 3814 3897 sacerdos
3860 3855 4029 3899 osten-

2557 3924 2675 3967 erit.

2525 4003 2593 4058 Et
2615 4003 2724 4072 jam
2747 4001 2792 4057 si
2815 4011 2923 4058 tota
2951 4001 3213 4072 perfectio
3238 3999 3292 4056 in
3313 4015 3478 4072 opere
3497 4009 3722 4066 tantum,
3743 4017 3852 4058 non
3874 4003 4034 4060 etiam

2453 4096 2506 4149 in
2553 4093 2655 4150 lide
2680 4093 3025 4159 consisteret,
3056 4108 3156 4150 nec
3178 4092 3306 4164 quid
3343 4093 3506 4148 homo
3533 4092 3895 4160 credidisset,
3938 4097 4037 4153 sed

2450 4186 2577 4258 quid
2605 4186 2804 4258 egisset
2828 4186 2880 4242 in
2901 4185 2991 4242 die
3012 4186 3195 4258 judicii
3226 4195 3578 4254 quereretur,
3604 4186 3723 4257 quis
3742 4187 3847 4243 erit
3872 4197 4036 4245 tantae

2451 4281 2787 4350 arrogantim,
2828 4279 2941 4349 qui,
2973 4277 3346 4335 ecclesiastica:
3375 4279 3636 4346 doctrina:
3661 4288 3690 4328 γ
3712 4283 4034 4336 auctoritate

2449 4372 2713 4444 neglecta,
2737 4370 2806 4427 de
2851 4385 2947 4426 sua
2987 4370 3088 4426 sibi
3111 4370 3314 4441 iustitia
3344 4369 3679 4426 blandiatur?
3707 4379 3730 4408 ⁸
3758 4386 3882 4427 cum
3923 4387 4031 4427 non

2448 4463 2952 4528 solum,secundum
2979 4463 3294 4531 Apostolum
3320 4459 3374 4531 (1
3383 4459 3408 4514 I
3434 4459 3611 4516 Thess.
3634 4473 3712 4524 ut,
3734 4461 3799 4526 9;
3834 4459 3859 4515 ι
3886 4460 4029 4517 Petr.

781 4543 916 4612 iecta
947 4541 1248 4606 formidine,
1274 4556 1336 4596 ac
1361 4555 1456 4611 spe
1485 4544 1827 4611 perveniendi
1857 4555 2144 4616 concepta,
2173 4565 2345 4622 usque
2372 4617 2410 4624 _
2451 4571 2501 4620 v,
2541 4552 2598 4624 5)
2630 4567 2730 4608 nos
2770 4561 3016 4622 oporteat
3053 4552 3277 4606 formam
3320 4552 3560 4622 praebere
3603 4549 3887 4618 lidelibus,
3935 4553 4030 4608 sed

781 4636 832 4688 in
864 4643 1070 4702 Ροτιυῐη
1099 4633 1217 4688 Sine
1245 4632 1347 4687 “"3
1371 4635 1620 4688 ιηθτείυιη
1643 4635 1849 4702 iam!”
1883 4637 2192 4703 Ρετάιιοθτε.
2215 4617 2344 4710 Quae
2372 4617 2421 4678 θ
2446 4617 2607 4705 etiam
2648 4661 2743 4703 eos
2771 4617 2916 4716 ipsos
2945 4645 3156 4714 ﬂt‘leles,
3187 4646 3278 4716 qui
3320 4617 3476 4701 nobis
3505 4645 3759 4701 divinitus
3788 4655 3845 4683 ι·
3872 4617 4025 4701 insti-

779 4742 899 4781 cum
921 4723 1072 4780 vobis
1094 4725 1421 4793 comparatio
1443 4724 1747 4792 placuisset,
1771 4727 1987 4796 adjunxi
2022 4748 2033 4782 :
2060 4730 2126 4785 Et
2145 4731 2344 4794 idcirco

849 4869 875 4928 ἒ
901 4860 998 4914 Ms.
1029 4858 1158 4928 Reg.
1192 4869 1347 4920 unus,
1377 4856 1571 4910 reddet.

850 4927 876 4966 δ
908 4932 1002 4984 Ms.
1028 4932 1180 4983 tlolb.
1210 4941 1373 4991 unus,
1400 4928 1623 4996 injustis.

849 5011 872 5038 α
906 4999 1004 5054 Ed.
1030 4997 1241 5062 Co|0n.,
1272 4997 1643 5066 pra'judicium.

847 5068 872 5107 d
897 5072 1020 5143 μω.
1040 5070 1309 5143 quinque,
1326 5065 1583 5143 ambitioni
1601 5071 1716 5139 jam
1745 5069 1898 5138 ﬁnem
1920 5073 2110 5143 ponite.

849 5150 873 5178 ⁸
905 5140 1003 5193 Ms.
1031 5136 1242 5200 Camb.,
1263 5136 1619 5190 ebriositatem.

853 5209 871 5248 τ
902 5211 998 5263 Ms.
1028 5206 1182 5261 Colb.
1209 5215 1362 5273 unus,
1387 5207 1648 5276 gravidus.

847 5289 873 5328 s
901 5281 997 5333 Ms.
1025 5277 1178 5332 Colb.
1202 5292 1357 5339 unus,
1385 5291 1476 5329 nec
1494 5278 1644 5346 jubet
1665 5277 1798 5345 ﬁeri,
1822 5296 1911 5336 nec
1932 5293 2081 5346 vetat.

845 5349 871 5386 δ
899 5350 996 5404 Ms.
1026 5345 1178 5402 Colb.
1208 5361 1378 5408 unus.
1409 5345 1632 5401 dcendi.

851 5419 866 5494 ᾗ
899 5420 1025 5494 Mss.
1055 5417 1208 5473 Colb.
1247 5415 1381 5494 duo,
1404 5418 1747 5494 episcOpatum
1778 5435 1863 5494 eos
1888 5424 2157 5494 accepisse.

846 5492 858 5539 ι
899 5490 996 5544 Ms.
1022 5502 1177 5551 unus.
1207 5487 1429 5560 provide.
1460 5488 1555 5541 Ms.
1580 5489 1733 5555 alter,
1761 5493 1803 5544 si
1835 5493 1988 5560 probe
2005 5487 2332 5549 ministretur.

845 5561 866 5596 ’ί
895 5560 1018 5614 Mss.
1043 5570 1246 5625 septem
1274 5559 1524 5612 omittunt
1559 5574 1681 5610 non.

855 5628 867 5668 1
908 5631 1002 5701 Ms.
1035 5642 1190 5694 unus,
1218 5627 1397 5701 magis.
1431 5627 1726 5701 Mesetres,
1754 5632 1918 5701 magis
1957 5633 2257 5690 incumbere.

855 5706 882 5734 π
907 5699 1004 5771 Ms.
1029 5713 1186 5761 unus,
1212 5699 1435 5762 sanctius
1453 5704 1548 5750 est.
1565 5697 1687 5753 Mss.
1708 5697 1934 5771 septem,
1955 5720 2052 5759 nou
2072 5709 2327 5760 accedere.

861 5776 871 5802 '
903 5769 1025 5822 Mss.
1049 5782 1256 5836 omnes,
1281 5781 1395 5836 qua:
1409 5782 1613 5834 aggere.

853 5852 868 5876 λ
897 5838 1016 5894 Mss.
1037 5834 1186 5892 C-wlh.
1217 5834 1322 5894 duo
1347 5837 1547 5892 addunt
1574 5839 1672 5894 sui.

2452 4739 2628 4797 tuendi
2651 4737 2925 4793 commissi
2945 4746 3091 4802 sunt,
3113 4738 3382 4793 instruere
3403 4736 3696 4794 debeamus
3720 4735 3826 4794 :de
3848 4738 4029 4805 Patre,

2520 4879 2548 4918 ῐι
2569 4868 2696 4923 Mss.
2738 4876 2866 4931 tres,
2897 4877 3044 4938 atque
3071 4867 3150 4923 Itis
3175 4868 3384 4924 similia.

2517 4949 2544 4989 tt
2571 4940 2664 4994 Ms.
2688 4955 2848 5002 unus,
2877 4954 2907 4990 a
2933 4938 3068 4991 vobis
3096 4939 3333 4992 astrictus
3357 4954 3488 4994 sum.

2523 5019 2545 5046 τ
2576 5010 2666 5065 Sic
2684 5010 2834 5064 editi.
2859 5011 2926 5062 At
2953 5023 3082 5062 mss.
3107 5011 3344 5077 quinque
3368 5009 3624 5062 omittunt
3646 5021 3829 5064 vocem
3870 5011 4021 5066 dixit.

2449 5080 2543 5134 Ms.
2569 5083 2726 5142 alter,
2743 5079 2940 5132 ortm'lo
2953 5093 3038 5130 vos
3052 5095 3113 5145 po
3143 5094 3194 5131 se
3209 5079 3446 5144 perﬁcere
3454 5077 3593 5148 quod
3603 5095 3702 5132 non
3719 5081 3926 5144 possitis
3937 5083 4022 5135 do-

2445 5153 2600 5203 cendo
2623 5163 2959 5219 suggererem.
2981 5147 3202 5216 Aliquis,
3223 5149 3454 5202 dicendo.
3468 5147 3648 5216 Alius,
3667 5165 3770 5202 non
3786 5153 4017 5220 potestis.

2519 5228 2540 5255 ο
2569 5226 2638 5272 ita
2669 5221 2819 5275 editi.
2855 5222 2922 5272 At
2952 5234 3082 5272 mss.
3119 5229 3246 5282 tres,
3279 5220 3590 5286 ostenderet,
3625 5234 3725 5273 non
3746 5235 4016 5288 quam.....

2432 5291 2712 5359 jactituret.
2750 5290 2874 5359 Mss.
2904 5289 3039 5359 duo,
3073 5289 3311 5356 jacturet.
3341 5291 3439 5344 Ms.
3486 5291 3697 5353 unicus,
3725 5290 4014 5357 iactauerit.

2518 5362 2534 5395 ι
2570 5361 2606 5414 S
2629 5375 2656 5413 c
2678 5359 2805 5413 edit.
2833 5357 3002 5428 Lugd.
3035 5373 3154 5411 cmn
3177 5375 3306 5414 mss.
3331 5375 3446 5416 sex.
3470 5359 3604 5414 Alia:
3624 5359 3780 5430 cdit.,
3804 5377 3838 5414 α
3859 5362 4016 5418 vobis.

2512 5439 2538 5466 ιι
2562 5432 2685 5482 Mss.
2715 5440 2965 5497 quatuor,
3000 5434 3324 5497 persuadere.

2511 5510 2538 5537 τ
2567 5499 2690 5554 Mss.
2721 5511 2966 5567 quatuor,
2999 5499 3231 5565 probare.

2512 5577 2540 5607 ι
2566 5569 2660 5624 Ms.
2689 5583 2844 5633 unus,
2869 5570 3150 5640 indulgeas.

2510 5647 2540 5687 γ
2572 5640 2696 5692 Mss.
2728 5651 2836 5693 tres
2866 5639 3041 5698 Coll);
3070 5639 3299 5694 utilita'e.

2513 5718 2534 5744 ι
2566 5708 2689 5762 Mss.
2715 5714 2971 5778 quinque,
2996 5710 3060 5762 At
3081 5725 3219 5767 cum.
3244 5709 3338 5763 Ms.
3369 5709 3527 5776 alter,
3558 5719 3803 5767 autcum.

2510 5787 2568 5815 ιι
2600 5779 2725 5832 Mss.
2755 5779 2882 5844 duo,
2911 5779 3104 5833 tuendi.
3133 5779 3178 5832 li
3198 5812 3234 5832 ρ.
3263 5794 3418 5842 unus,
3445 5781 3695 5836 intuendi.
3726 5781 3829 5837 Ms.
3869 5782 4016 5836 alter.

2437 5848 2738 5904 instruendi.
2796 5848 2892 5903 Ms.
2921 5850 3058 5904 alius
3078 5892 3092 5910 .
3128 5853 3296 5906 divino
3341 5852 3571 5907 instituto
3596 5853 3854 5908 commissi
3885 5869 3974 5908 sun
4006 5885 4014 5906 ι
