4316 6456
346 446 443 502 BS
1404 428 1494 484 DE
1536 426 1691 480 VITA
1734 420 2305 479 CONTICMPLATIVA
2351 420 2477 475 LIB.
2519 419 2563 477 1.
3525 419 3631 474 45:,

336 554 610 631 quomodo
654 552 802 609 solus
840 546 1133 619 accipiatur
1159 543 1457 613 ingenitus;
1490 540 1556 595 de
1590 539 1763 602 Filio,
1787 551 1927 606 qtm-
1959 538 2008 595 Α
2037 532 2361 590 stiﬁcat..Et
2393 532 2517 587 ideo
2558 531 2604 586 si
2636 529 2801 586 corde
2840 530 3077 585 creditur
3097 528 3165 585 ad
3199 528 3497 598 justitiam,
3540 546 3635 584 ore

343 620 507 705 modo
536 662 601 702 ex
625 645 741 714 ipso
761 644 833 699 sit
856 642 1090 714 genitus,
1120 638 1187 692 de
1201 636 1401 707 Spiritu
1427 641 1637 697 sancto,
1663 631 1935 702 quomodo
2041 638 2223 682 autem
2245 624 2519 683 confessio
2546 623 2605 679 ﬁt
2631 623 2699 678 ad
2728 623 2986 687 salutem;
3018 620 3033 661 ι
3064 622 3155 693 qui
3176 637 3284 677 non
3314 620 3597 676 crediderit
3620 662 3636 687 ,

343 757 411 798 ex
441 740 602 797 Patre
629 748 684 794 et
735 734 877 792 Filio
905 743 931 773 ι
963 729 1291 803 procedens,
1343 742 1443 783 nec
1468 725 1739 796 ingenitus
1768 723 1937 791 possit

342 831 460 888 dici
483 872 499 898 ,
549 844 651 886 nec
677 827 921 899 genitus;
965 823 1197 893 qualiter
1225 821 1327 875 ista
1360 819 1458 874 tria
1504 831 1667 871 unum
1713 814 1853 879 sint,
1884 822 1941 868 et

348 924 453 979 hoc
502 936 667 976 unum
707 933 815 973 non
864 915 1154 982 dividatur,
1183 912 1280 969 sed
1308 911 1669 979 distinguatur
1692 908 1743 961 in
1791 908 1888 961 tria
1923 922 1937 958 :

345 1010 805 1085 quemadmodum
828 1023 932 1065 nec
958 1008 1137 1073 Pater,
1169 1018 1270 1060 nec
1294 1003 1530 1071 Spiritus
1559 1009 1807 1063 sanctus,
1845 996 1939 1051 sed

346 1104 500 1161 solus
517 1100 684 1158 Filius
699 1100 768 1156 de
787 1100 905 1156 solo
924 1098 1086 1154 Patre
1106 1093 1448 1151 ineﬁ'abiliter
1471 1100 1645 1155 natus,
1669 1089 1939 1161 hominem

348 1204 522 1251 totum
549 1194 670 1249 sine
695 1191 800 1248 ulla
821 1189 1117 1247 mutatione
1136 1186 1448 1241 substantia:
1476 1197 1588 1237 sua:
1609 1178 1940 1245 susceperit;

352 1298 419 1341 ac
444 1299 503 1341 se
534 1283 703 1340 Deum
730 1288 790 1339 et
816 1280 1089 1336 hominem
1120 1290 1304 1333 verum
1335 1289 1431 1345 per
1452 1274 1699 1335 virtutes,
1732 1269 1943 1341 passio-

352 1387 561 1443 nosque
591 1371 928 1444 probaverit,
959 1365 1344 1436 comprehendi
1377 1361 1718 1433 permiserit,
1769 1358 1945 1416 occidi

353 1463 608 1527 voluerit,
641 1461 793 1517 tertia
824 1459 914 1515 die
939 1456 1316 1521 resurrexerit,
1350 1454 1378 1494 δ
1403 1454 1456 1508 in
1482 1452 1649 1507 cmlos
1673 1449 1947 1505 hominem

353 1556 427 1613 de
454 1553 610 1610 nobis
655 1559 989 1620 assumptum
1019 1562 1115 1604 sua
1155 1547 1352 1601 virtute
1382 1543 1642 1600 levaverit
1662 1584 1677 1610 ,
1708 1555 1820 1594 sua:
1864 1553 1951 1593 re-

355 1642 709 1702 surrectionis
747 1642 998 1710 exemplo
1042 1637 1199 1694 nobis
1237 1635 1573 1706 regeneratis
1602 1633 1655 1687 in
1697 1646 1758 1687 se
1796 1644 1950 1699 spem

357 1736 592 1794 feliciter
612 1731 927 1804 resurgendi
964 1728 1304 1799 praestiterit;
1336 1725 1576 1781 membra
1623 1736 1721 1779 sua
1746 1735 1845 1775 nos
1876 1720 1955 1781 fe-

2042 735 2150 775 non
2176 717 2428 772 habendo
2453 715 2613 771 fidem
2632 755 2647 781 ,
2678 730 2779 771 nec
2797 715 3063 783 justitiam
3106 713 3288 771 cordis
3316 712 3517 769 habere
3546 727 3637 782 po-

2043 813 2194 875 terit,
2226 824 2327 866 nec
2350 809 2601 865 salutem.

2639 898 2871 955 CAPUT
2910 897 3029 953 XX.

2050 998 2201 1066 Quod
2238 997 2369 1051 nihil
2407 996 2568 1066 prosit
2626 994 2917 1067 sacerdoti,
2949 992 3172 1067 _etiamsi
3222 994 3344 1067 bene
3387 991 3557 1057 vivat,
3599 991 3643 1044 si

2284 1061 2418 1121 male
2437 1067 2682 1121 viventem
2709 1062 2922 1119 tacendo
2949 1062 2985 1084 "
3017 1080 3120 1117 non
3140 1061 3389 1133 corrigat.

2120 1186 2172 1240 1.
2196 1182 2347 1250 Quod
2380 1196 2509 1238 vero
2537 1180 2670 1235 dicit
2701 1179 2992 1247 Apostolus
3016 1177 3063 1251 (ι
3098 1176 3244 1231 Petr.
3271 1193 3322 1242 v,
3348 1176 3430 1245 3),
3462 1184 3519 1230 ut
3548 1190 3645 1227 nos

2048 1282 2276 1333 formam
2303 1275 2596 1331 debeamus
2627 1274 2885 1330 exhibere
2914 1271 3193 1335 ﬁdelibus,
3235 1271 3365 1341 quid
3411 1268 3643 1333 valebit,

2050 1370 2095 1425 si
2121 1371 2165 1424 is
2194 1369 2282 1424 cui
2312 1368 2393 1423 vel
2425 1365 2752 1423 exhortandi
2785 1366 2991 1429 bonos,
3024 1365 3107 1419 vel
3149 1363 3446 1433 castigandi
3478 1362 3650 1415 malos

2050 1477 2178 1517 cura
2204 1461 2496 1518 commissa
2528 1470 2633 1524 cst,
2659 1460 2797 1515 bene
2816 1458 3049 1513 vivendo
3071 1472 3133 1512 se
3154 1456 3470 1512 imitandum
3495 1455 3652 1509 bonis

2053 1553 2328 1618 exhibeat,
2386 1561 2443 1607 ct
2472 1552 2642 1606 malos
2691 1550 2918 1605 tacendo
2945 1564 3051 1603 non
3099 1547 3372 1617 corrigat?
3417 1546 3496 1602 Ad
3548 1546 3653 1602 hoc

2053 1645 2197 1701 enim
2216 1688 2231 1711 ,
2258 1645 2358 1699 nisi
2403 1658 2491 1699 me
2521 1641 2651 1698 fallit
2681 1642 2883 1711 opinio,
2918 1649 3103 1695 sancte
3130 1638 3420 1693 vivendum
3453 1646 3539 1692 est
3566 1651 3655 1690 sa-

2054 1735 2283 1801 cerdoti,
2313 1750 2382 1791 ne
2406 1734 2548 1790 dicta
2576 1749 2669 1790 sua
2700 1733 3125 1802 repugnantibus
3146 1731 3299 1786 factis
3326 1740 3581 1793 evacuet;
3608 1730 3651 1781 si

358 1827 526 1892 οοτὶκ
559 1838 667 1881 υοιι
710 1821 1056 1879 οτθδειιῐίδιιε
1099 1818 1202 1874 Sibi
1230 1859 1246 1885 ν
1276 1814 1362 1873 θυι
1406 1833 1433 1870 ³
1464 1831 1525 1872 ⁸ο
1570 1811 1953 1870 recedi"th
1982 1889 2025 1899 _
2058 1827 2201 1899 quod
2224 1826 2477 1897 praedicat
2499 1826 2615 1881 ﬁeri
2637 1825 2835 1880 debere
2856 1839 2963 1880 non
2988 1823 3176 1887 faciat,
3198 1831 3289 1876 aut
3311 1823 3355 1876 si
3379 1820 3521 1891 quod
3546 1834 3656 1873 non

359 1889 687 1993 supplicium
738 1914 1097 1972 comminatus
1140 1913 1250 1977 sit,
1300 1921 1359 1968 et
1408 1906 1807 1965 adhaerentibus
1849 1904 1950 1960 sibi
1982 1889 2029 1951 Β

2094 1920 2187 1975 Icit
2218 1889 2511 1987 praedicare
2542 1916 2967 1987 praesumpserit.
3000 1922 3029 1952 ιι
3052 1914 3111 1969 Si
3141 1922 3320 1968 autem
3348 1889 3507 1967 aliter
3527 1925 3661 1979 ege-

361 2027 591 2085 regnum
620 2008 846 2068 caeleste
875 2005 1201 2079 promiserit.

943 2095 1170 2152 CAPUT
1209 2092 1351 2149 XIX.

366 2197 447 2254 De
468 2194 805 2277 uirtute‘ﬁdei
822 2232 841 2260 ,
870 2190 1111 2277 qlpd__ad
1138 2204 1250 2277 eam
1279 2202 1382 2238 non
1413 2180 1816 2277 solum-credere
1835 2220 1849 2243 ,
1880 2178 1958 2235 rel

523 2254 837 2336 intelligere,
859 2254 947 2317 sed
967 2260 1121 2314 etiam
1141 2261 1263 2311 bene
1288 2256 1489 2310 onerari
1521 2254 1792 2323 pertineat.

439 2382 566 2437 llaec
598 2391 623 2420 ο
651 2388 708 2435 et
734 2378 865 2444 alia,
895 2384 952 2431 et
971 2371 1223 2429 sacerdos
1252 2383 1412 2423 nosse
1436 2367 1616 2428 debet,
1648 2375 1707 2420 ut
1734 2365 1958 2429 doceat,

368 2482 421 2529 ct
476 2470 705 2542 populus
745 2466 992 2531 credere,
1022 2460 1135 2518 utd
1180 2475 1301 2531 qua:
1352 2460 1609 2513 doceatur
1664 2455 1958 2526 intelligat;

370 2572 397 2602 ε
427 2562 643 2618 dicente
662 2558 919 2628 Apostolo
952 2573 967 2610 :
997 2555 1117 2609 Nisi
1138 2552 1485 2614 credideritis,
1529 2566 1630 2604 non
1668 2547 1962 2619 intelligetis

371 2652 525 2726 (lsai.
557 2666 659 2715 vit,
691 2649 747 2716 9,
769 2652 924 2720 juxta
956 2643 1148 2715 LXX).
1195 2642 1347 2700 Unde
1372 2641 1530 2695 datur
1558 2639 1706 2693 intell
1729 2641 1777 2708 gi
1818 2637 1963 2708 quod

373 2760 479 2803 non
511 2742 643 2799 ﬁdes
681 2754 748 2796 ex
789 2737 1099 2799 intellectu,
1136 2735 1232 2790 sed
1263 2749 1332 2789 ex
1367 2733 1473 2788 fide
1508 2733 1814 2788 intellectus
1852 2730 1965 2785 exi-

373 2848 510 2904 stat;
534 2833 555 2874 ί
585 2848 687 2890 nec
714 2834 803 2903 qui
835 2828 1088 2900 intelligit
1105 2826 1308 2893 credat,
1329 2824 1424 2883 sed
1453 2824 1543 2901 qui
1572 2824 1742 2878 credit
1768 2823 1965 2878 intelli-

376 2941 489 3004 gat,
528 2940 582 2987 et
609 2929 700 3001 qui
744 2928 1099 2989 intellexerit,
1125 2923 1265 2979 bene
1299 2934 1449 2992 agat;
1483 2924 1619 2975 sicut
1661 2916 1786 2973 alibi
1828 2912 1967 2972 scri-

378 3033 530 3093 ptum
553 3031 633 3077 est
654 3039 669 3075 :
694 3019 874 3075 Noluit
897 3014 1198 3088 intelligere,
1215 3026 1267 3066 ut
1282 3014 1404 3066 bene
1420 3020 1590 3082 ageret
1610 3009 1785 3081 (Psal.
1807 3023 1964 3070 xxxv,

378 3112 459 3183 6).
490 3113 605 3167 Non
633 3110 773 3166 dixit
809 3128 821 3163 :
856 3108 971 3165 Non
1016 3108 1209 3177 potuit,
1236 3105 1330 3158 sed
1363 3104 1528 3156 noluit
1568 3100 1881 3170 intelligere;
1912 3111 1971 3154 ut

381 3203 515 3258 nihil
548 3202 693 3257 aliud
720 3202 862 3256 nolle
891 3198 1193 3268 intelligere
1223 3197 1451 3259 dictum,
1485 3208 1645 3265 quam
1676 3192 1820 3248 nolle
1846 3206 1969 3246 cre-

383 3293 513 3347 dere
540 3292 875 3354 noverimus;
908 3303 972 3343 ac
999 3259 1093 3357 pe;
1119 3287 1225 3341 hoc
1250 3295 1309 3341 ut
1331 3286 1468 3341 bene
1496 3259 1618 3354 agat
1642 3285 1759 3353 quis
1777 3324 1791 3349 ,
1817 3285 1973 3339 intel-
2000 3259 2047 3322 (ἶ

384 3384 553 3450 ligere
572 3380 807 3449 studeat,
835 3388 893 3434 et
913 3390 970 3433 ut
1001 3378 1282 3448 intelligat.
1308 3377 1512 3431 credat.
1548 3375 1652 3432 Sed
1683 3380 1804 3445 quia
1830 3375 1971 3429 idem

383 3473 681 3541 Apostolus
701 3471 833 3527 dicit
858 3488 870 3522 :
902 3467 1064 3523 Fides
1089 3484 1153 3522 ea:
1174 3469 1387 3533 auditu;
1406 3468 1615 3521 auditus
1642 3476 1812 3520 autem
1835 3476 1859 3513 ε
1885 3482 1975 3533 per

386 3563 591 3617 sorbum
618 3562 717 3617 Dei
742 3563 920 3633 (Rom.
952 3576 1008 3628 x,
1034 3558 1146 3631 1'7),
1171 3559 1535 3615 debetdoctor
1556 3559 1811 3614 Ecclesiae
1834 3574 1974 3628 pra:-

389 3652 607 3727 dicare,
636 3652 780 3723 quod
808 3652 993 3707 audiat
1028 3651 1335 3707 crediturus
1369 3669 1381 3704 :
1421 3651 1546 3721 quia
1571 3651 1688 3707 sine
1720 3652 1978 3720 praedica-

394 3745 539 3801 tione
561 3743 739 3798 nullus
752 3744 857 3798 erit
879 3743 1125 3807 auditus;
1144 3742 1336 3798 eodem
1359 3742 1619 3812 Apostolo
1640 3740 1665 3779 ιι
1689 3751 1979 3800 attestante

391 3843 555 3902 atque
569 3833 781 3888 dicente
796 3850 810 3889 :
827 3832 1099 3937 Quomodo
1117 3832 1329 3886 audient
1344 3833 1454 3886 sine
1467 3833 1777 3902 praedicante
1788 3833 1840 3905 (Ι
1848 3835 1934 3889 bid
1941 3875 1978 3900 .,

398 3926 530 3995 M)?
550 3926 605 3983 Si
627 3940 757 3995 ergo
782 3925 1007 3995 qu‘ilibct
1032 3927 1151 3980 sine
1181 3926 1508 3995 pradicante
1530 3940 1635 3981 non
1666 3928 1836 3991 audit,
1865 3929 1983 3983 sine

394 4019 582 4074 auditu
607 4033 714 4073 non
736 4017 930 4087 credit,
961 4017 1078 4073 sine
1107 4017 1213 4072 ﬁde
1243 4032 1350 4071 non
1381 4016 1650 4087 intelligit,
1682 4018 1800 4072 sine
1827 4018 1984 4073 inieL

397 4108 542 4163 let-tu
590 4106 728 4163 bene
757 4124 862 4162 non
908 4108 1047 4178 agit;
1077 4108 1299 4163 verbum
1347 4106 1363 4144 ί
1414 4108 1538 4164 ﬁdei
1589 4108 1985 4176 praedicandum

396 4208 503 4268 est,
550 4201 568 4252 l
619 4208 677 4255 ut
702 4199 926 4255 audiens
948 4201 1154 4269 credat,
1182 4197 1408 4257 credens
1437 4202 1723 4273 intelligat,
1755 4210 1812 4258 et
1833 4203 1990 4259 intel-

399 4289 577 4360 Sigeas
621 4288 824 4345 bonum
868 4305 1005 4361 opus
1040 4300 1473 4360 perseveranter
1510 4300 1807 4348 exerceat:
1856 4306 1993 4364 quo-

400 4383 548 4437 niam
576 4379 607 4420 ι
633 4397 757 4438 cum
776 4380 871 4453 qui
898 4389 1077 4451 potest
1101 4383 1178 4438 uti
1210 4383 1393 4439 liberte
1420 4384 1713 4439 voluntatis
1739 4384 1989 4453 arbitrio,

403 4486 506 4529 nec
531 4486 697 4529 onera
723 4472 844 4530 sine
870 4472 1004 4541 ﬁde,
1036 4488 1139 4531 nec
1167 4474 1285 4531 sine
1310 4476 1565 4546 operibus
1596 4476 1729 4533 ﬁdes
1757 4477 1871 4534 sola
1897 4478 1991 4550 ju-

480 4690 510 4754 _‘
538 4688 639 4739 Ms.
662 4696 821 4748 unus,
851 4683 915 4738 sit
938 4683 1238 4754 procedens,
1264 4699 1375 4754 nec.

407 4823 572 4879 aclis.

489 4904 512 4964 ξ
542 4893 619 4950 Ita
648 4894 1069 4964 mssuquinque.
1102 4893 1263 4960 Editi,
1293 4902 1340 4947 et
1366 4892 1493 4948 alia.

485 4959 515 5000 δ
541 4964 669 5020 Mss.
699 4959 846 5030 tres;
861 4975 917 5018 ut
942 4959 1003 5018 ea
1030 4980 1145 5032 quin
1164 4959 1394 5019 docetur.

450 5034 838 5159 ἵέυῗέὀίιιυε,
863 5034 1032 5089 dicam
1061 5037 1125 5088 de
1154 5034 1314 5106 (forte
1339 5033 1558 5106 dicente)
1588 5036 1837 5107 propheta
1853 5077 1871 5105 .
1917 5036 2003 5093 vel

412 5121 799 5299 ρῒῗρῧξῖιῗίθῗ.
827 5190 986 5239 unus,
1012 5191 1101 5229 nec
1124 5178 1243 5245 quia
1266 5174 1501 5245 intelligit
1521 5176 1717 5242 credat,
1741 5179 1829 5232 sed
1857 5178 2001 5245 quia.

490 5253 518 5292 κ
546 5243 643 5299 Ms.
673 5244 751 5299 Co
776 5246 829 5299 b.
861 5260 1031 5299 unus.
1067 5262 1157 5299 ner
1203 5246 1407 5299 verbum
1441 5244 1655 5299 Christi.
1696 5249 1823 5299 M~s.
1872 5250 2001 5299 dno.

490 5253 518 5292 κ
546 5243 643 5299 Ms.
673 5243 829 5301 Colb.
861 5260 1031 5309 unus,
1067 5243 1157 5314 per
1203 5246 1407 5300 verbum
1435 5243 1655 5301 Christi.
1696 5249 1823 5302 M~s.
1870 5243 2003 5313 duo,

415 5330 511 5389 per
549 5314 779 5370 verbum.
806 5314 908 5389 Alii
936 5330 1057 5370 cum
1078 5386 1087 5389 _
1098 5316 1289 5389 editis,
1320 5333 1411 5387 per
1439 5317 1639 5372 verbum
1692 5317 1805 5382 Dei,
1849 5318 2001 5389 juxta

415 5387 598 5454 Graec.
631 5395 838 5441 textum
870 5386 1131 5454 Apostoli.

492 5453 521 5491 ⁸³
552 5455 713 5522 Editi,
747 5453 1076 5510 contestante.
1102 5458 1199 5511 Ms.
1225 5472 1382 5523 unus,
1411 5466 1641 5512 testante.

498 5526 516 5564 ⁸
551 5525 682 5580 Mss.
708 5533 841 5595 tres,
868 5525 1073 5580 verbum
1101 5526 1218 5582 Dei.

494 5606 512 5647 t
548 5596 649 5652 Ms.
680 5612 835 5661 unus,
870 5606 925 5650 ut
953 5597 1130 5649 audiat
1161 5608 1207 5649 et
1228 5599 1423 5652 credat.

494 5664 521 5703 ³
554 5665 681 5722 Hec
707 5666 901 5733 verba,
942 5682 1057 5720 eum
1087 5668 1175 5735 qui
1220 5680 1382 5735 potest
1410 5670 1484 5724 uti
1514 5671 1688 5726 libera:
1731 5670 2012 5725 voluntatis

423 5735 670 5812 arbitrio,
683 5736 1062 5812 desiderantur
1084 5736 1138 5791 in
1153 5735 1295 5812 edit.
1322 5738 1493 5812 Lugd.
1522 5742 1653 5799 Mss.
1676 5742 1805 5809 duo,
1835 5750 2015 5810 poten-

421 5807 618 5877 tesuti.
655 5807 751 5861 bis.
784 5808 939 5875 alter,
974 5808 1190 5877 potentis
1214 5810 1308 5862 nti.

502 5874 517 5913 ί
552 5875 651 5932 Ms.
677 5876 890 5948 Camb,
928 5874 1170 5951 quoniam
1200 5882 1305 5949 qui.

2061 2011 2163 2077 rit,
2191 2010 2324 2064 nihil
2354 2008 2497 2078 apud
2528 2023 2623 2063 eos
2648 2010 2737 2077 qui
2766 2007 2889 2072 ejus
2920 2006 3087 2060 vitam
3112 2017 3317 2059 novere
3345 2043 3363 2070 ,
3411 2001 3657 2071 proﬁcit;

2061 2104 2184 2173 quia
2213 2102 2280 2157 ad
2309 2102 2410 2157 hoc
2438 2109 2522 2155 est
2548 2101 2807 2157 Ecclesiae
2835 2100 2931 2154 Dei
2963 2097 3316 2169 praepositus,
3350 2104 3409 2149 ut
3436 2110 3545 2149 non
3572 2108 3662 2148 so-

2061 2199 2171 2252 lum
2194 2197 2333 2252 bene
2361 2193 2598 2250 vivendo
2618 2235 2635 2261 ,
2660 2194 2795 2248 alios
2824 2193 3073 2259 exemplo
3095 2205 3207 2245 sua:
3233 2189 3662 2244 conversationis

2063 2286 2338 2350 instituat,
2377 2286 2468 2340 sed
2500 2286 2661 2340 etiam
2687 2282 3002 2338 ﬁducialiter
3029 2279 3397 2351 praedicando,
3422 2287 3448 2315 ο
3475 2278 3664 2348 singu-

2063 2381 2129 2436 lis
2150 2389 2276 2435 ante
2304 2377 2489 2432 oculos
2514 2385 2730 2444 peccata
2760 2390 2853 2429 sua
2876 2374 3167 2430 constituat
3188 2388 3203 2427 :
3222 2387 3345 2442 qua:
3368 2385 3526 2440 poena
3551 2386 3663 2424 ma-

2068 2480 2193 2527 neat
2219 2470 2405 2532 duros,
2424 2484 2545 2538 qua:
2564 2467 2729 2536 gloria
2757 2466 3074 2522 obedien'es
3103 2464 3384 2528 ostendat;
3411 2470 3440 2512 P
3461 2461 3663 2516 nullius

2066 2562 2294 2617 salutem
2345 2557 2684 2629 desperando
2734 2564 3077 2619 contemnat;
3117 2553 3328 2608 animas
3385 2551 3663 2607 emendari

2067 2654 2363 2709 nolentium
2414 2653 2668 2721 plangat,
2718 2650 2958 2706 imitatus
3013 2646 3367 2718 Apostolum,
3406 2646 3497 2713 qui
3545 2645 3661 2698 ait:

2074 2744 2142 2800 Ut
2171 2744 2375 2818 lugeam
2408 2745 2596 2795 multos
2627 2758 2689 2796 ea:
2713 2742 2793 2795 his
2818 2741 2906 2810 qui
2932 2748 3049 2793 ante
3078 2744 3445 2809 peccaverunt,
3482 2743 3530 2788 et
3564 2750 3667 2787 non

2070 2844 2279 2908 egerunt
2308 2835 2653 2906 paenitentiam
2674 2830 2874 2903 (llCor.
2898 2846 2974 2885 xu
2994 2871 3009 2895 ,
3034 2828 3159 2897 2i);
3184 2836 3239 2883 et
3267 2828 3462 2882 iterum
3488 2842 3505 2880 :
3537 2825 3666 2893 Quis

2070 2928 2387 2999 inﬁrmatur,
2416 2936 2464 2981 et
2486 2941 2579 2996 ego
2609 2941 2710 2979 non
2738 2922 3013 2993 inﬁrmor?
3032 2922 3161 2988 Quis
3185 2918 3591 2984 scandalizztur,
3620 2925 3667 2971 et

2071 3037 2168 3093 ego
2199 3036 2300 3073 non
2332 3033 2454 3072 uror
2484 3015 2573 3087 (ll
2602 3014 2723 3070 Cor.
2756 3031 2831 3081 xt,
2853 3013 2987 3077 29)?

2144 3111 2201 3165 2.
2227 3111 2565 3177 Quapropter
2592 3108 2771 3161 sciens
2796 3105 2938 3174 quod
2971 3104 3015 3158 si
3061 3102 3389 3174 quibuslibet
3414 3098 3673 3156 divitibus

2078 3218 2142 3260 ac
2164 3202 2475 3274 potentibus
2497 3209 2525 3249 (ι
2549 3205 2756 3270 parcat,
2784 3197 2923 3251 male
2945 3196 3247 3252 viventibus
3267 3202 3449 3249 autem
3474 3192 3671 3251 faveat,

2074 3310 2171 3352 eos
2204 3294 2391 3363 perdat
2410 3292 2569 3346 simul
2597 3299 2652 3343 et
2682 3300 2706 3327 τ
2740 3297 2951 3357 pereat;
2985 3298 3040 3343 et
3079 3297 3265 3343 sancte
3294 3287 3480 3341 vivere
3511 3283 3677 3339 debet

2080 3394 2301 3455 propter
2326 3380 2635 3448 exemplum
2662 3419 2678 3443 ,
2730 3388 2786 3433 et
2828 3388 2850 3415 ³
2884 3379 3081 3432 docere
3108 3385 3328 3445 propter
3353 3391 3468 3430 suae
3502 3374 3679 3429 admi-

2081 3471 2417 3530 nistrationis
2442 3470 2678 3524 ofﬁcium
2706 3486 2718 3521 :
2748 3476 2929 3523 certus
2952 3467 3094 3538 quod
3117 3466 3168 3522 ei
3199 3465 3334 3520 nihil
3356 3480 3452 3521 sua
3471 3464 3677 3535 justitia

2081 3566 2425 3635 suffragetur,
2449 3562 2519 3619 de
2544 3562 2699 3631 cujus
2724 3576 2889 3616 manu
2920 3560 3100 3615 anima
3124 3558 3403 3629 pereuntis
3425 3555 3676 3627 exigitur.

2083 3659 2310 3731 Quando
2338 3659 2647 3730 quicunque
2674 3656 2814 3711 alius
2836 3655 3080 3725 perierit,
3099 3670 3258 3725 quem
3286 3654 3429 3709 nulla
3453 3650 3680 3708 docendi

2083 3752 2378 3810 necessitas
2422 3758 2635 3814 manet,
2674 3749 2825 3804 solus
2855 3762 3043 3817 pinnas
3073 3747 3092 3783 τ
3123 3745 3350 3802 sceleris
3379 3745 3465 3801 sui
3495 3744 3680 3807 dabit;

2086 3844 2178 3900 ille
2198 3851 2376 3897 autem
2401 3842 2497 3896 cui
2509 3840 2837 3909 dispensatio
2853 3837 2999 3895 verbi
3026 3837 3315 3894 commissa
3339 3845 3443 3902 est,
3473 3834 3684 3891 etiamsi

2087 3944 2275 3993 sancte
2300 3933 2478 3996 vivat,
2528 3941 2585 3987 et
2614 3942 2794 3987 tamen
2833 3930 3042 3997 perdite
3072 3931 3314 3985 viventes
3345 3944 3570 3997 arguere
3597 3937 3687 3979 aut

2089 4024 2396 4089 erubescat,
2432 4031 2525 4078 aut
2553 4031 2779 4087 metuat,
2811 4036 2934 4077 cum
2966 4022 3241 4087 omnibus,
3268 4021 3358 4091 qui
3385 4036 3451 4073 eo
3479 4030 3692 4074 tacente

2093 4114 2377 4187 perierint,
2403 4112 2563 4183 perit.
2608 4112 2675 4167 Et
2700 4112 2909 4181 quid‘ei
2944 4100 3190 4182 proderit
3218 4127 3325 4166 non
3359 4112 3537 4181 puniri
3568 4125 3690 4175 suo,

2094 4206 2186 4278 qui
2214 4204 2516 4275 puniendus
2544 4210 2629 4259 est
2653 4203 2830 4259 alieno
2855 4204 3111 4273 peccato?
3135 4203 3386 4269 Mentior,
3405 4212 3434 4239 ιι
3454 4203 3561 4257 nisi
3583 4202 3688 4257 hoc
3793 4226 3803 4233 ο

2099 4297 2360 4353 Dominus
2400 4310 2497 4366 per
2536 4294 2878 4371 Ezechielem
2916 4295 3237 4365 prophetam
3278 4295 3379 4350 sub
3410 4293 3693 4362 cujusdam

2098 4387 2322 4445 terroris
2344 4386 2752 4442 denuntiatione
2774 4386 3033 4456 loquitur,
3055 4386 3242 4443 dicens
3264 4386 3329 4440 ad
3353 4401 3508 4440 eum:
3534 4384 3600 4437 Et
3619 4394 3694 4448 tu,

2102 4480 2182 4552 ﬁli
2210 4480 2452 4548 hominis,
2472 4484 2847 4552 speculatorem
2868 4480 2987 4534 dedi
3008 4489 3056 4536 te
3076 4480 3255 4535 domui
3285 4477 3451 4536 Israel
3480 4476 3695 4550 (Eseclt.

480 4690 510 4723 ι
662 4696 821 4748 unus,
851 4683 915 4738 sit
938 4683 1238 4764 procedens,
1262 4699 1375 4765 nec.
2018 4686 2074 4747 D
2168 4694 2207 4725 ω
2236 4686 2336 4743 Ms.
2368 4684 2522 4741 Colb.
2552 4700 2713 4749 unus,
2748 4701 2849 4739 non
2879 4691 3084 4755 arguat.
3115 4684 3244 4738 Mss.
3279 4682 3387 4738 duo
3412 4682 3570 4753 Reg.,
3597 4682 3700 4739 8η-

478 4751 509 4792 δ
530 4754 619 4792 Rm
652 4768 761 4792 mna
815 4762 925 4792 Ima
947 4753 1084 4792 nnlh
1135 4754 1275 4792 Ralm
1341 4769 1393 4792 sn
1423 4754 1549 4792 uuln
1621 4754 1698 4792 lla
1754 4754 1888 4792 olim-
1940 4757 1991 4792 3η
2101 4758 2393 4792 svo-mimihi.
2423 4756 2621 4792 uinmd
2644 4760 2769 4792 hosm
2795 4756 2966 4792 ninnnt
3101 4754 3376 4792 rnninnnl,

530 4754 619 4812 Sic
652 4768 783 4811 mss.
815 4762 926 4809 tres
943 4753 1103 4809 Colb.
1135 4753 1300 4823 Editi,
1341 4753 1393 4806 in
1423 4754 1570 4809 coelo.
1621 4754 1721 4810 Ms.
1752 4754 1907 4826 alter,
1940 4757 1994 4810 in
2101 4758 2393 4811 cerdotibus
2422 4756 2623 4810 etiamsi
2644 4753 3061 4826 beneoiuan’t....
3101 4754 3381 4826 corrigant.

2176 4836 2204 4863 η
2229 4828 2356 4883 Mss.
2389 4837 2593 4894 septem
2626 4834 2683 4881 et
2728 4825 2860 4880 edit.
2898 4825 3069 4895 Lugd.
3097 4839 3203 4879 non
3233 4822 3441 4895 habent
3468 4822 3608 4895 lucc,
3656 4825 3706 4877 si

2105 4893 2647 4981 autept_ali_teregerit;
2677 4896 2730 4950 in
2760 4896 2841 4981 his
2862 4893 3061 4977 deinde
3094 4895 3288 4965 legitur
3311 4893 3570 4963 proﬁciat,
3600 4908 3706 4949 non

2106 4968 2326 5038 proﬁcit.
2364 4969 2464 5022 Ms.
2491 4966 2648 5029 unus,
2691 4966 2943 5036 proﬁciet.

2182 5047 2206 5072 ο
2231 5038 2357 5093 Mss.
2389 5037 2544 5092 Colb.
2570 5037 2700 5101 duo,
2730 5036 2948 5106 singulis
2996 5035 3297 5090 imitabilem
3345 5050 3400 5086 sc
3452 5033 3705 5102 praebeat,

2108 5116 2259 5172 atque
2280 5120 2397 5162 ante
2423 5108 2620 5161 oculos.

2185 5188 2213 5228 ρ
2237 5179 2335 5234 Ms.
2370 5179 2502 5249 Reg.
2537 5191 2696 5240 unus,
2730 5176 2903 5249 nullus
2924 5177 3161 5249 salutem
3184 5176 3536 5249 desperando,
3582 5190 3710 5229 con-

2112 5258 2307 5302 tenmat
2330 5246 2529 5303 animos
2559 5247 2821 5301 emendari
2846 5246 3149 5312 nolentium,
3173 5247 3264 5300 sed
3295 5246 3529 5314 plangat.

2186 5330 2211 5368 «ι
2244 5320 2369 5374 Mss.
2406 5321 2535 5379 Reg.
2568 5320 2698 5383 duo,
2728 5327 2785 5373 et
2809 5316 2999 5372 Camb.
3034 5332 3155 5372 cum
3201 5316 3333 5371 edit.
3377 5314 3573 5383 Lugd,
3601 5318 3712 5382 qui-

2115 5389 2331 5444 buslibet
2377 5390 2615 5445 divitibus
2648 5405 2712 5442 ac
2756 5386 3043 5456 potentibus
3069 5388 3202 5441 male
3226 5388 3504 5441 viventibus
3536 5399 3714 5454 parcat

2114 5471 2205 5598 put
2232 5464 2420 5583 (queat.
2474 5461 2576 5516 Ms.
2616 5458 2774 5514 Colb.
2815 5473 2977 5524 unus,
3001 5475 3062 5513 ac
3093 5458 3377 5527 potentibus
3406 5466 3580 5527 parcat
3621 5468 3717 5511 aut

2139 5546 2261 5583 aveo
2289 5572 2304 5586 .

2139 5546 2304 5586 αυεαι.

2192 5610 2214 5638 τ
2246 5600 2344 5671 Ms.
2384 5614 2545 5666 unus,
2571 5602 2807 5671 perimat.

2193 5681 2215 5707 ⁸
2249 5670 2347 5742 Ms.
2382 5686 2539 5742 unus,
2571 5670 2617 5726 et
2648 5673 2731 5742 pie
2752 5673 2952 5726 docere.

2199 5744 2212 5775 ‘
2246 5740 2371 5796 Mss.
2398 5739 2533 5811 lieg.
2565 5739 2694 5807 duo,
2727 5742 2836 5796 suis
2865 5740 3159 5796 sceleribus.

2123 5880 2167 5935 εἰ
2197 5818 2222 5844 υ
2233 5812 2330 5937 alia
2354 5808 2720 5883 mssfseptcm
2742 5826 2865 5869 cum
2888 5812 3020 5870 edit.
3040 5809 3207 5880 Lugd.
3233 5808 3397 5865 Duae.
3423 5817 3480 5866 et
3499 5808 3716 5875 Colum,

2197 5897 2228 5935 ιι
2268 5896 2322 5936 ιι.
