4316 6430
841 375 950 431 455

2153 367 2412 426 JULIANI
2449 369 2734 426 POMERII

3993 377 4100 433 ιπσ

839 504 1026 554 xsxtu,
1043 488 1121 557 7).
1148 485 1256 542 Nec
1279 485 1379 540 hoc
1405 481 1736 539 transeunter
1761 479 2023 537 debemus
2051 481 2256 546 audire,
2279 479 2420 552 quod
2446 484 2498 542 Α
2527 482 2710 549 sequia
2725 481 3020 538 desiderata
3034 481 3362 541 subducant:
3386 501 3449 542 ac
3467 499 3545 542 sic
3563 486 3870 542 muneribus
3886 501 4095 552 eorum,

840 581 1173 650 sacerdotem
1199 568 1587 648 speculatorem
1601 571 1836 644 appellat
1853 591 1868 628 :
1883 581 1943 628 ut
1953 574 2090 629 sicut
2109 575 2414 642 speculato-

840 672 918 726 ris
943 679 1058 736 est,
1089 669 1156 723 de
1191 668 1310 722 loco
1337 663 1546 720 editiori
1577 665 1908 733 prospicere,
1941 672 1994 719 et
2025 663 2142 732 plus
2170 664 2416 718 omnibus

841 760 1220 830 contemplari;
1245 760 1315 812 ita
1338 756 1590 811 sacerdos
1609 755 1770 810 debet
1786 771 1904 811 esse
1930 765 1956 792 ⁸
1975 757 2231 825 propositi
2256 755 2418 809 subli-

842 853 1026 906 mitate
1045 849 1232 906 celsior
1243 847 1473 916 cunctis,
1489 862 1551 901 ac
1567 847 1784 916 majoris
1795 846 2030 901 scientia:
2045 847 2301 915 propositi
2325 846 2414 899 ha-

841 943 969 996 bere
1013 941 1271 1008 gratiam,
1305 954 1407 1008 qua
1441 939 1608 1007 possit
1639 937 1738 991 sub
1765 951 1824 992 se
1852 935 2098 992 viventes
2127 936 2414 992 instruere.

909 1031 964 1084 ‘5.
1009 1029 1299 1084 Videamus
1322 1030 1434 1100 jam
1466 1027 1591 1097 quid
1621 1027 1827 1081 divinus
1854 1038 2034 1082 sermo
2063 1026 2090 1066 ι’
2121 1029 2415 1083 contineat.

841 1125 1092 1188 Audiens,
1137 1123 1329 1193 inquit,
1378 1139 1444 1178 ea:
1471 1140 1558 1178 ore
1590 1137 1695 1176 mea
1737 1137 2043 1181 sermonem.
2092 1120 2418 1175 anuuntiabis

839 1214 910 1266 eis
939 1210 1356 1283 exnte(1bid.);
1411 1224 1466 1267 ut
1517 1212 1617 1271 hac
1657 1210 1799 1265 dicat
1846 1211 2118 1277 sacerdos,
2166 1209 2306 1279 quod
2351 1225 2415 1265 ex

843 1306 1021 1358 divina
1046 1305 1275 1360 lectione
1300 1305 1563 1371 didicerit,
1590 1304 1730 1374 quod
1761 1304 1840 1359 illi
1874 1305 2014 1360 Deus
2053 1304 2413 1373 inspiraverit,

841 1413 946 1453 non
975 1400 1116 1468 quod
1150 1409 1172 1437 θ
1206 1399 1620 1466 praesumptione
1660 1398 2100 1453 humanisensus
2128 1399 2415 1455 invenerit.

842 1490 1178 1544 Annuntiabis
1219 1489 1309 1554 eis,
1352 1488 1545 1558 inquit,
1593 1505 1656 1543 ea;
1684 1505 1780 1542 me.
1817 1486 1900 1542 Ex
1929 1505 2041 1554 me;
2068 1485 2096 1535 ἀ
2131 1502 2238 1543 non
2273 1503 2335 1544 ex
2367 1496 2419 1544 te

841 1594 956 1635 mea
983 1579 1142 1633 verba
1172 1579 1425 1649 loqueris.
1454 1579 1572 1634 Non
1591 1589 1676 1636 est
1709 1589 1733 1618 ε
1756 1580 1896 1650 quod
1934 1595 1999 1635 ex
2030 1581 2131 1644 eis,
2159 1591 2416 1651 tanquam

840 1674 908 1728 de
932 1674 1037 1728 tuis
1060 1671 1281 1728 inﬂeris.
1316 1673 1394 1728 Ex
1424 1688 1532 1742 me,
1556 1673 1750 1743 inquit,
1780 1673 1858 1729 eis
1880 1672 2158 1727 aununtia.
2186 1673 2413 1741 Sedjam

839 1763 962 1831 quid
985 1766 1265 1821 annuntiet
1293 1765 1572 1820 audiamus
1602 1782 1614 1818 :
1650 1763 1711 1820 Si
1738 1779 1815 1818 me
1833 1764 2033 1819 dicente
2069 1765 2138 1819 ad
2158 1765 2372 1836 impium
2393 1780 2416 1819 :

839 1854 1216 1926 Impie,.ntarte
1243 1856 1510 1922 morieris;
1530 1845 1567 1894 ’ί
1593 1871 1694 1909 non
1723 1855 1882 1923 fueris
1910 1855 2129 1919 locutus,
2165 1865 2222 1908 ut
2249 1865 2417 1909 custo-

842 1947 948 2001 diat
974 1964 1030 2002 se
1053 1949 1243 2018 impius
1270 1965 1303 2001 a
1322 1949 1403 2001 via
1440 1963 1551 2012 sua,
1585 1947 1692 2017 ipse
1715 1947 1904 2015 impius
1932 1947 1986 2001 in
2011 1947 2282 2016 iniquitate
2321 1963 2416 2002 sua

841 2040 1106 2106 morietur,
1138 2041 1431 2110 sanguinem
1459 2055 1573 2093 vero
1608 2040 1721 2099 eius
1760 2039 1824 2093 de
1849 2056 2002 2092 manu
2033 2047 2122 2092 tua
2160 2040 2416 2109 requiram

842 2128 1030 2198 (Ibid,
1061 2129 1139 2200 8).
1184 2128 1318 2195 Quid
1364 2129 1530 2198 potuit
1571 2129 1903 2198 expressius,
1943 2138 1968 2176 ε
2009 2128 2134 2197 (ιιιτά
2181 2129 2415 2198 apertius

840 2229 1016 2288 potest
1039 2219 1194 2275 dici?
1231 2219 1287 2274 Si
1315 2219 1496 2288 impio,
1529 2221 1718 2290 inquit,
1759 2221 1970 2292 loculus
2001 2236 2105 2275 non
2141 2220 2325 2286 fueris,
2357 2229 2416 2275 ut

838 2312 906 2366 ab
936 2310 1207 2381 impietate
1227 2326 1318 2365 sua
1350 2327 1408 2366 se
1429 2315 1711 2376 custodiat,
1746 2309 1772 2349 δ
1803 2322 1854 2367 et
1889 2313 1980 2367 ille
2007 2313 2250 2382 perierit,
2292 2327 2415 2367 san-

837 2401 1049 2469 guinem
1071 2401 1188 2470 ejus
1212 2400 1277 2455 de
1300 2416 1457 2455 manu
1477 2409 1570 2455 tua
1596 2400 1882 2468 requiram.
1939 2401 2052 2455 Hoc
2081 2410 2161 2455 est
2189 2401 2368 2456 dicere
2394 2417 2410 2454 :

841 2491 898 2547 Si
926 2493 973 2546 ei
1004 2500 1215 2561 peccata
1245 2505 1339 2546 sua
1370 2505 1474 2544 non
1495 2490 1918 2554 annuntiaveris,
1947 2491 1991 2544 si
2019 2507 2141 2545 eum
2185 2506 2291 2546 non
2327 2505 2416 2544 ar-

839 2581 1040 2650 gueris,
1073 2589 1132 2635 ut
1160 2580 1227 2636 ab
1256 2579 1525 2649 impietate
1563 2594 1656 2634 sua
1686 2589 2029 2634 convertatur
2058 2588 2114 2634 ct
2152 2580 2326 2642 vivat;
2359 2587 2416 2635 et

837 2682 912 2738 te,
937 2672 1024 2738 qui
1050 2686 1153 2726 non
1183 2672 1200 2726 i
1225 2673 1493 2740 icrepasti,
1522 2682 1576 2725 et
1605 2672 1798 2740 ipsum,
1834 2671 1924 2740 qui
1957 2682 2008 2724 te
2033 2680 2256 2735 tacente,
2284 2685 2413 2740 pec-

834 2763 995 2830 cavit,
1029 2763 1257 2818 llammis
1283 2763 1604 2832 perennibus
1631 2762 1874 2830 perdam.
1918 2763 2069 2829 Quis,
2109 2778 2261 2832 rogo,
2302 2773 2408 2818 tam

835 2854 981 2908 saxei
1009 2854 1261 2922 pectoris,
1291 2855 1411 2924 quis
1439 2863 1548 2909 tam
1578 2854 1781 2909 lerreus
1809 2856 1933 2916 erit.
1961 2869 2118 2922 quem
2145 2856 2410 2909 sententia

838 2945 936 2998 ista
969 2961 1072 2999 non
1097 2945 1330 3000 terreat?
1355 2945 1473 3015 quis
1502 2954 1607 2998 tam
1630 2944 1834 3000 alienus
1863 2960 1894 2998 a
1921 2944 2050 3011 nde,
2078 2946 2168 3016 qui
2195 2952 2414 3001 senten-

838 3035 924 3090 tia:
955 3035 1040 3090 isti
1067 3050 1170 3090 non
1202 3035 1424 3090 credat?

1427 3125 1650 3183 CAPUT
1688 3126 1829 3182 XXI.

882 3218 1135 3274 Luctnasa
1162 3219 1434 3288 descriptio
1461 3217 1479 3256 ί
1512 3220 1788 3274 sacerdotis
1816 3221 2092 3273 carnaliter
2111 3220 2344 3275 viventis.

905 3312 958 3366 l.
991 3311 1096 3369 Sed
1128 3326 1224 3367 nos
1253 3312 1604 3380 pra'seutibus
1633 3311 1907 3375 delectati,
1938 3311 2063 3367 dum
2089 3313 2140 3366 in
2171 3312 2271 3368 hac
2296 3313 2402 3369 vita

834 3400 1111 3457 commoda
1139 3409 1340 3467 nostra,
1363 3409 1418 3457 et
1439 3401 1670 3456 horrores
1690 3400 2039 3470 inquirimus;
2073 3417 2180 3457 non
2211 3413 2271 3460 ut
2295 3417 2411 3458 me-

835 3495 1017 3559 liores,
1044 3493 1137 3548 scd
1169 3503 1227 3548 ut
1253 3494 1514 3557 ditiores;
1546 3507 1644 3548 nec
1673 3503 1728 3546 ut
1749 3493 2068 3561 sanctiores,
2101 3493 2196 3548 sed
2231 3504 2286 3548 ut
2313 3495 2410 3549 bo-

833 3599 868 3637 n
892 3584 1132 3639 iratiores
1172 3585 1339 3637 simus
1372 3586 1388 3632 l
1421 3583 1631 3637 ca'teris
1681 3583 2034 3638 festinamus:
2068 3600 2166 3640 nec
2191 3600 2405 3655 gregem

834 3675 1064 3738 Domini,
1084 3674 1170 3741 qui
1204 3673 1357 3728 nobis
1389 3673 1689 3743 pascendus
1727 3674 2064 3743 tuendusque
2087 3677 2408 3730 commissus

829 3779 943 3831 es';
981 3766 1077 3821 sed
1113 3773 1323 3819 nostras
1359 3763 1387 3802 ι
1423 3765 1743 3834 voluptates,
1791 3765 2238 3832 dominatiOnem,
2271 3767 2400 3822 divi-

831 3856 955 3920 tias,
984 3864 1038 3911 et
1067 3866 1260 3910 ecetera
1299 3854 1663 3910 blandimenta
1695 3852 1714 3892 ι
1745 3855 2032 3910 carnaliter
2069 3857 2402 3927 cogitamus;

832 3953 1077 4014 pastores
1101 3944 1205 3999 dici
1235 3943 1500 4012 volumus,
1527 3960 1624 4000 nec
1646 3955 1824 4000 tamen
1846 3961 1968 4006 esse
1989 3947 2364 4003 contendimus
2388 3965 2404 4014 ;

830 4033 992 4090 cilicii
1013 4035 1180 4088 nostri
1210 4035 1439 4089 vitamus
1458 4033 1718 4098 laborem,
1747 4037 2045 4104 appetimus
2071 4037 2404 4106 dignitatem.

834 4123 1251 4179 lmmundorum'
1277 4125 1559 4192 spirituum
1607 4123 1743 4179 feras
1788 4140 1816 4178 a
1861 4140 2020 4194 grege
2065 4127 2408 4185 dilaceranda

831 4232 938 4271 non
970 4217 1234 4285 pellitnus,
1263 4224 1304 4251 ιιι
1333 4225 1386 4270 et
1420 4216 1561 4285 quod
1591 4217 1667 4269 eis
1698 4215 2018 4272 remanserit
2057 4217 2157 4287 ipsi
2199 4233 2404 4275 consu-

832 4310 1062 4374 mimus;
1110 4307 1326 4378 quando
1354 4317 1636 4376 peccantes
1671 4309 1887 4376 divites,
1939 4311 2025 4366 vel
2073 4321 2320 4380 potentes
2352 4323 2405 4382 ³,

835 4418 942 4458 non
968 4403 1141 4459 solum
1174 4418 1279 4458 non
1303 4402 1593 4473 arguimus,
1626 4401 1721 4458 sed
1761 4402 1922 4458 etiam
1953 4418 2304 4472 veneramur;
2337 4421 2405 4462 ne

2521 582 2575 627 et
2600 574 2872 642 obsequiis
2895 575 3059 643 capti,
3092 574 3202 629 imo
3239 593 3336 646 per
3385 578 3500 632 hace
3545 578 3654 632 illis
3695 577 3913 648 addicti,
3953 578 4093 650 loqui

2521 663 2625 718 illis
2647 665 2713 720 de
2743 674 2960 734 peccato
2983 679 3080 719 suo
3105 675 3196 721 aut
3212 667 3280 722 de
3302 667 3479 723 futuro
3503 668 3707 737 jud’cio
3728 669 4093 724 lormidamus.

2519 753 2586 807 Et
2617 755 2740 810 ideo
2765 755 3044 810 minaciter
3073 757 3376 825 superbiam
3410 768 3649 813 nostram
3681 752 3894 816 divinus.
3916 774 4094 814 sermo

2519 845 2827 910 contundit;
2859 845 2951 900 sed
2984 856 3165 902 noster
3185 849 3399 903 auditus
3429 849 3559 904 nihil
3593 850 3731 904 unde
3755 848 4095 920 proﬁciamus

2521 938 2754 992 admittit
2781 955 2795 992 :
2822 939 2946 1008 quia
2983 942 3265 1006 prmsentis
3312 942 3434 996 vitae
3470 943 3608 1012 capti
3645 942 3946 1008 dulcedine,
3978 958 4095 1010 «tua:

2521 1042 2678 1096 poena
2707 1035 2732 1063 ο
2763 1028 3139 1098 negligentiam
3182 1043 3417 1086 nostram
3457 1042 3674 1087 maneat
3718 1031 3772 1087 in
3809 1040 4092 1102 :eternuru,

2499 1117 2766 1173 nolumus
2795 1119 3054 1186 cogitare.

2588 1209 2644 1263 2.
2677 1208 2732 1264 lu
2764 1219 3007 1278 pastores
3033 1227 3161 1283 ergo
3190 1214 3288 1267 ista
3308 1212 3577 1283 dicuntur,
3606 1214 3674 1272 de
3694 1228 3917 1284 quorum
3942 1214 4097 1270 nobis

2521 1298 2663 1353 inani
2694 1299 3053 1368 appellatione
3081 1301 3386 1358 blandimur
3417 1320 3432 1356 :
3479 1302 3611 1359 thc
3650 1305 3777 1358 dicit
3800 1301 4049 1358 Dominus
4077 1319 4100 1359 :

2526 1387 2618 1442 Var
2646 1388 2930 1458 pastoribus
2959 1387 3147 1456 Israel,
3168 1392 3256 1460 qui
3277 1393 3548 1461 pascebant
3576 1394 3884 1462 semetipsos.
3916 1391 4100 1447 Nonne

2519 1496 2695 1553 greges
2743 1491 3025 1551 pascuntur
3066 1498 3098 1536 a
3145 1484 3478 1551 pastoribus?
3519 1486 3626 1538 Lac
3667 1484 4022 1550 camedebatis,
4052 1493 4100 1537 et

2519 1573 2653 1625 lanis
2691 1573 3102 1642 operiebamini;
3151 1575 3291 1642 quod
3337 1591 3568 1630 crassum
3615 1586 3727 1631 erat
3772 1577 4098 1643 occidebatis,

2519 1680 2720 1735 gregem
2747 1675 2916 1719 autem
2949 1683 3116 1721 meum
3146 1684 3248 1722 non
3293 1668 3600 1737 poscebatis.
3644 1670 3795 1737 Quod
3839 1671 4098 1738 inﬁrmum

2521 1755 2618 1825 fuit
2649 1773 2751 1810 non
2775 1757 3155 1826 cansalidastis,
3184 1769 3232 1814 et
3261 1761 3401 1830 quod
3423 1771 3674 1831 a'grotunt
3699 1778 3799 1815 non
3841 1763 4062 1817 sanastis
4082 1804 4097 1826 ,

2445 1837 2494 1899 Β
2519 1850 2654 1918 quod
2680 1860 2708 1899 P
2736 1851 2957 1922 fractum
2983 1859 3094 1906 erat
3122 1868 3225 1906 non
3263 1851 3550 1923 alligaslis,
3581 1863 3632 1908 et
3671 1854 3810 1924 quod
3851 1855 4103 1925 abjectunt

2519 1955 2621 1993 non
2650 1941 2948 1994 reduxistis.
2982 1940 3131 2008 Quod
3160 1943 3378 2008 perierat
3417 1959 3519 1996 non
3549 1945 3826 2013 quecsistis,
3871 1945 3962 1998 sed
3987 1960 4103 1998 cum

2517 2030 2812 2085 austeritate
2834 2031 3159 2098 imperabatis
3179 2032 3272 2098 eis,
3301 2041 3347 2086 et
3368 2049 3483 2086 cum
3500 2035 3724 2102 potentia
3750 2050 3768 2088 :
3794 2044 3841 2089 et
3861 2035 4104 2100 dispersa

2518 2130 2645 2174 sunt
2671 2136 2789 2177 aves
2814 2137 2960 2191 meat,
2988 2137 3051 2176 ea
3078 2124 3216 2192 quod
3237 2139 3339 2177 non
3371 2133 3498 2177 esset
3523 2132 3721 2192 pastor,
3751 2134 3798 2178 et
3833 2125 3958 2196 facti
3986 2136 4103 2179 sunt

2517 2213 2570 2266 in
2600 2212 2976 2268 deuoratiaaem
2991 2216 3214 2268 omnium
3237 2216 3508 2269 bestiarum
3525 2215 3637 2284 agri
3665 2214 3874 2287 (Ezech.
3917 2231 4100 2281 xxxiv,

2515 2304 2550 2358 2
2572 2304 2756 2372 seqq.).
2807 2303 2872 2358 Et
2906 2305 3065 2373 paulo
3113 2315 3268 2374 post:
3302 2303 3600 2374 Propterea,
3631 2314 3882 2372 pastores,
3925 2306 4100 2358 audite

2516 2395 2722 2449 verbum
2767 2395 2972 2449 Domini
3004 2411 3021 2448 :
3056 2394 3184 2450 Vivo
3239 2410 3334 2467 ego
3360 2436 3377 2463 ,
3431 2396 3555 2450 dicit
3601 2395 3854 2450 Dominus
3913 2395 4052 2450 Deus
4081 2411 4100 2450 :

2519 2495 2547 2536 ιι
2565 2488 2686 2558 quia
2713 2503 2808 2558 pro
2831 2503 2891 2541 eo
2916 2488 3056 2558 quod
3079 2490 3204 2558 facti
3229 2498 3345 2541 sunt
3365 2503 3542 2560 greges
3571 2488 3671 2542 mei
3695 2488 3748 2542 in
3770 2503 4023 2559 raprnam,
4055 2496 4101 2540 et

2517 2595 2630 2632 aves
2657 2594 2780 2632 mete
2805 2579 2858 2632 in
2897 2580 3270 2633 (lacerationem
3298 2580 3523 2633 omnium
3553 2579 3824 2634 bestiarum
3870 2581 4002 2651 agri.
4043 2593 4101 2633 eo

2514 2672 2774 2740 quodnon
2805 2679 2932 2724 esset
2962 2682 3172 2738 pastor;
3203 2687 3361 2737 neque
3379 2672 3514 2724 enim
3540 2672 3852 2740 quaesierunt
3873 2679 4099 2741 pastores

2515 2778 2717 2831 gregem
2751 2777 2951 2825 meum;
2989 2761 3081 2816 sed
3112 2761 3388 2833 pascebant
3424 2773 3649 2828 pastores
3697 2762 4014 2830 semetipsos,
4055 2771 4101 2815 et

2515 2868 2714 2922 gregem
2741 2861 2762 2890 τ
2795 2867 2963 2905 meum
2989 2868 3088 2905 non
3120 2853 3393 2916 pascebant
3426 2868 3446 2906 :
3491 2851 3803 2920 Prapterea,
3848 2863 4097 2923 pastores,

2515 2947 2690 2999 audite
2710 2945 2916 2999 uerbum
2939 2945 3164 2998 Domini.
3223 2945 3346 2998 lla'c
3375 2945 3496 2998 dicit
3520 2945 3812 3000 Dominus:
3849 2944 3982 2999 Ecce
4007 2961 4100 3014 ego

2518 3038 2627 3106 ipse
2654 3054 2808 3107 super
2832 3045 3092 3108 pastores;
3125 3039 3381 3106 requiram
3419 3054 3620 3108 greu'em
3655 3053 3820 3091 meum
3847 3037 3914 3092 de
3946 3055 4101 3092 manu

2517 3146 2712 3194 eorum,
2742 3137 2793 3182 et
2817 3145 3014 3183 cessare
3035 3145 3120 3183 eos
3148 3129 3360 3198 faciam,
3390 3139 3444 3183 ut
3476 3129 3614 3182 ultra
3637 3145 3738 3182 non
3758 3139 3970 3200 pascant
3988 3145 4102 3198 gre-

2516 3236 2630 3289 gem
2663 3235 2851 3287 meum,
2895 3236 2987 3273 nec
3030 3227 3256 3288 pastores
3290 3219 3515 3288 amplius
3557 3228 3769 3288 pascant
3805 3207 4102 3291 semetipsos

2517 3307 2708 3378 (me,
2737 3309 2772 3362 7
2797 3317 2843 3363 el
2873 3307 3058 3379 seqq.).

2588 3401 2641 3455 5.
2681 3397 2811 3464 Quis
2840 3397 2907 3453 ad
2937 3397 3051 3453 haec
3074 3413 3184 3452 non
3206 3398 3617 3452 contremiscat?
3662 3396 3790 3465 Quis
3834 3397 3935 3452 ista
3981 3397 4100 3453 sine

2517 3491 2841 3547 intolerabili
2875 3499 3020 3544 metu
3052 3489 3241 3543 futurae
3269 3487 3952 3556 examinationis'accipiat.
3994 3488 4098 3544 nisi

2519 3585 2608 3654 qui
2656 3591 2749 3638 aut
2792 3596 2900 3637 non
2942 3581 3216 3651 intelligit,
3257 3587 3350 3634 aut
3385 3577 3561 3634 futura
3594 3594 3700 3634 non
3738 3578 3946 3635 credit?
3985 3577 4096 3635 Sed

2521 3685 2542 3712 ο
2573 3675 2694 3743 quia
2718 3673 2896 3729 omnia
2933 3687 3053 3742 qua;
3082 3671 3224 3726 Deus
3247 3670 3519 3725 observari
3558 3669 3747 3736 voluit,
3777 3680 3882 3724 tam
3911 3679 4097 3739 aperte

2515 3763 2710 3834 posuit,
2735 3763 2874 3818 etita
2894 3762 3129 3817 nominis
3156 3761 3237 3816 sui
3263 3760 3581 3816 auctoritate
3604 3760 3857 3829 ﬁrmavit,
3889 3768 3947 3815 ut
3977 3761 3994 3795 ¹
4027 3774 4093 3815 ea

2515 3857 2717 3910 facilius
2740 3854 2905 3925 (quod
2951 3854 3095 3909 dictu
3126 3868 3336 3924 quoque
3368 3853 3516 3908 nefas
3536 3839 3646 3923 est,
3662 3860 4091 3921 contemnamus,

2515 3954 2544 3982 ιι
2576 3961 2737 4013 quam
2777 3961 2884 3999 non
2922 3945 3226 4015 intelligere
3263 3945 3351 3998 vel
3381 3959 3488 3998 non
3521 3943 3741 4000 credere
3769 3951 3875 3998 tam
3910 3952 4091 4012 aperta

2517 4049 2571 4091 et
2597 4037 2774 4092 divina
2799 4036 3058 4104 litigamus
3087 4053 3099 4088 :
3127 4035 3342 4106 quando
3369 4036 3635 4104 audimus,
3677 4034 3806 4089 Haec
3828 4034 3952 4089 dicit
3983 4034 4094 4088 Da-

2517 4132 2684 4185 minus
2707 4174 2722 4200 ,
2745 4139 2774 4168 ν
2797 4129 2916 4198 quis
2958 4128 3195 4184 futurum
3232 4143 3354 4184 esse
3406 4143 3512 4183 non
3560 4127 3748 4184 credat
3783 4127 3924 4198 quod
3963 4126 4096 4182 dicit

2517 4232 2543 4260 κ
2565 4223 2839 4289 Dominus,
2865 4222 2966 4277 nisi
2989 4223 3078 4291 qui
3105 4222 3214 4276 Deo
3231 4236 3336 4276 non
3353 4220 3554 4277 credit?
3573 4221 3728 4288 Quod
3740 4229 3916 4276 autem
3928 4219 4058 4276 dicit
4076 4239 4093 4277 :

2523 4314 2614 4369 Var
2656 4313 2960 4386 pastoribus,
3011 4313 3152 4368 istud
3199 4328 3274 4368 ore
3313 4327 3412 4383 pro
3454 4311 3744 4368 maledicto
3783 4320 3809 4361 1
3849 4311 3996 4380 peni,
4039 4319 4095 4366 et

2517 4416 2789 4475 pastorum
2820 4405 3038 4460 nomine
3062 4419 3161 4459 nos
3190 4403 3476 4473 signiﬁcari
3503 4404 3625 4475 quis
3663 4416 3771 4458 non
3807 4402 4090 4474 intelligat.

834 4494 989 4550 uobis
1016 4504 1108 4548 aut
1135 4508 1356 4548 munera
1385 4494 1539 4549 solita
1569 4494 1754 4549 oll'ensi
1780 4508 1882 4549 non
1906 4493 2159 4565 dirigant,
2189 4505 2281 4550 aut
2306 4497 2401 4552 ob-
2429 4483 2480 4544 Ι)
2507 4495 2607 4551 nisi
2635 4496 2725 4565 qui
2754 4503 2776 4531 ²
2809 4495 2984 4551 futura
3021 4511 3128 4552 non
3156 4493 3399 4565 cogitat?
3425 4503 3483 4534 ⁸⁸
3524 4493 3727 4566 Greges
3758 4493 3966 4551 Domini
3996 4510 4095 4566 pa-

903 4680 930 4740 fl
957 4670 1034 4740 lita
1065 4683 1194 4740 mss.
1217 4682 1426 4722 omnes.
1461 4668 1597 4740 Editi
1633 4679 1831 4734 autem,
1861 4681 2145 4740 praposrtrr.

901 4738 930 4778 δ
960 4739 1055 4794 Ms.
1081 4737 1233 4793 Colb.
1263 4752 1422 4804 unus,
1452 4739 1693 4793 obtineat.
1745 4737 1914 4807 Alter,
1943 4737 2222 4793 continuet.

907 4821 928 4879 ς
963 4810 1090 4879 Mss.
1123 4809 1228 4862 duo
1255 4809 1404 4863 Colb.
1429 4811 1777 4879 praesumptio.

906 4877 932 4914 τι
958 4878 1080 4960 Mss.
1106 4879 1232 4944 duo,
1263 4892 1363 4932 non
1391 4877 1452 4932 ea:
1473 4889 1520 4932 te
1542 4880 1690 4934 verba
1724 4877 1969 4950 loqueris.
2010 4878 2112 4933 Ms.
2143 4878 2296 4944 alter,
2329 4880 2408 4934 lo-

869 4965 998 5004 item
1020 4964 1113 5001 818.

831 4968 998 5020 quens
1020 4968 1113 5001 ets.

911 5029 933 5090 ξ
963 5017 1125 5090 Εᾲιιᾷ,
1148 5032 1247 5090 qua
1265 5018 1319 5070 in
1344 5019 1437 5071 eis.
1459 5018 1585 5074 Mss.
1610 5021 1866 5090 quinque,
1899 5019 2036 5089 qu‘od
2061 5034 2125 5072 ea:
2147 5018 2239 5072 eis.

909 5087 928 5126 τ
961 5087 1123 5155 Editi,
1151 5086 1195 5139 si
1222 5102 1322 5140 nan
1353 5090 1529 5157 fueris.

907 5169 931 5206 ς
963 5158 1091 5216 Mss.
1135 5166 1406 5229 quatuor.
1435 5159 1560 5226 quid
1599 5161 1824 5229 apertius
1869 5158 2012 5212 dici?
2058 5157 2232 5224 Editi,
2277 5161 2403 5229 quid

831 5230 1056 5298 apertius
1087 5234 1247 5294 potest
1271 5227 1411 5298 dici?

906 5297 930 5370 ι)
963 5298 1059 5370 Ms.
1087 5310 1245 5357 unus,
1274 5294 1362 5349 ille
1380 5299 1581 5370 quidem
1604 5296 2062 5370 perit,sanguinem
2084 5306 2253 5350 autem
2272 5299 2400 5370 ejus.

911 5367 924 5403 ί
962 5367 1085 5421 Mss.
1114 5375 1245 5428 tres,
1275 5367 1546 5418 carnaliter
1569 5384 1596 5419 υ
1619 5371 1838 5423 centium
1859 5367 2194 5421 sacerdotum.

907 5435 922 5502 i
964 5436 1058 5490 Ms.
1091 5450 1244 5488 unus.
1279 5436 1474 5489 caneris
1497 5452 1706 5502 pra'esse
1728 5437 2048 5500 fes'inamus.

905 5501 931 5572 ξι
964 5506 1087 5557 Mss.
1120 5511 1348 5570 quatuor
1376 5501 1648 5559 comedit.
1678 5505 1841 5572 Lugd.
1866 5548 1879 5571 ,
1910 5505 2174 5558 vanitates.

903 5561 921 5600 ¹
963 5561 1253 5628 Abest-vox
1285 5574 1559 5627 carnali'er
1587 5591 1614 5628 a
1637 5561 1894 5630 m5.-ttuo'.

898 5641 934 5710 Ψ
970 5641 1069 5697 Ms.
1095 5658 1248 5708 unus,
1277 5644 1364 5695 sed
1385 5646 1543 5710 quod.

905 5709 928 5735 ’³
964 5710 1063 5781 Ms.
1093 5728 1228 5764 unus
1254 5712 1401 5766 addit
1427 5713 1764 5781 conspicimus

905 5781 928 5807 “
965 5779 1060 5835 Ms.
1084 5796 1146 5835 ex
1170 5781 1322 5836 Golb.
1350 5795 1504 5837 unus.
1542 5779 1594 5835 et
1621 5785 1830 5849 t.‘amb.,
1872 5783 2192 5849 negligentia
2223 5798 2409 5841 nostra:

2512 4679 2908 4796 ὛἭξέΪίως
2933 4740 3113 4813 _Colb.,
3142 4742 3364 4810 fractum
3393 4750 3486 4796 est.
3533 4739 3676 4801 Edit.
3715 4740 3910 4813 Lugd.,
3957 4741 4096 4812 quod

2510 4815 2738 4879 fraetum
2758 4827 2859 4881 non
2888 4811 3161 4881 alligastis.

2582 4892 2609 4931 ιι
2640 4881 2768 4952 Mss.
2797 4880 2904 4936 duo
2927 4880 3034 4934 non
3068 4881 3267 4936 habent
3291 4881 3378 4937 hic
3394 4882 3536 4952 quia.

2576 4961 2605 5000 ἰ’
2643 4949 2807 5004 Abest
2834 4966 2934 5004 vox
2965 4967 3130 5004 meum
3157 4967 3184 5002 a
3206 4965 3332 5005 mss.
3358 4949 3480 5007 sex.

2583 5031 2604 5095 tt
2639 5021 2770 5095 Mss.
2799 5028 3030 5095 quatuor
3059 5031 3242 5075 carent
3268 5020 3366 5077 hac
3395 5021 3650 5092 particula
3670 5023 3812 5095 quia.

2588 5093 2605 5126 ι
2645 5092 2768 5144 Mss.
2801 5091 3017 5156 Camb.,
3045 5106 3107 5144 ea
3127 5108 3249 5144 non.

2582 5169 2610 5197 ιι
2643 5161 2738 5214 Ms.
2760 5157 2974 5225 Catub.,
3016 5169 3064 5212 et
3086 5177 3399 5231 nequaquam
3423 5179 3515 5217 nos
3547 5180 3650 5218 non
3679 5162 3964 5237 intelligere
3987 5173 4090 5223 tam

2508 5240 2705 5297 aperta.

2581 5309 2609 5336 ν
2637 5301 2708 5353 Ita
2739 5313 2869 5355 mss.

2511 5370 2682 5422 credat
2700 5372 2724 5424 Ρ

2584 5448 2608 5474 κ
2639 5440 2760 5495 Mss.
2783 5440 2907 5504 duo,
2943 5439 3098 5494 Deus.

2581 5520 2607 5556 γ
2638 5511 2766 5582 Mss.
2790 5511 2916 5573 duo,
2949 5512 3112 5578 ponit.
3154 5509 3250 5563 Ms.
3285 5527 3443 5576 unus,
3467 5513 3696 5582 ponitur.

2585 5588 2606 5615 ι
2636 5579 2759 5633 Mss.
2792 5589 3036 5647 quatuor,
3069 5582 3317 5647 futurum.

2585 5658 2642 5686 ⁸⁸
2678 5651 2751 5704 Ita
2783 5665 2910 5704 mss.
2934 5665 3155 5725 omnes;
3181 5662 3232 5703 at
3250 5651 3396 5725 editi,
3423 5650 3638 5724 Gregem
3660 5653 3865 5709 Domini
3882 5672 4067 5725 pascca

2515 5721 2633 5772 dum
2661 5730 2891 5790 pastores
2921 5723 3043 5789 {acti
3069 5723 3401 5790 suscepimus.

2921 5308 3171 5369 quatuor.
3214 5301 3373 5367 Editi,
3417 5303 3529 5371 quis
3569 5320 3669 5357 non
3716 5308 3947 5375 [usurum
3981 5320 4094 5361 esse
