4316 6432
270 416 341 473 3'1
1280 397 1369 451 DE
1414 394 1569 449 \ITA
1610 383 2195 446 CONTELII'LATIV‘A
2239 385 2365 439 LIB.
2412 383 2451 436 Ι.

3446 374 3550 430 4ἶὸ

236 522 469 581 scendos
494 528 741 591 pastores
763 513 886 571 facti
908 510 1260 579 suscipimus;
1289 518 1345 560 et
1366 519 1461 559 nos
1491 486 1633 569 ipsos
1659 499 1833 570 pasci-
1862 504 1911 562 Α
1943 496 2130 565 impius
2152 496 2207 548 in
2238 494 2508 562 iniquitate
2538 506 2632 543 sua
2669 489 2937 591 morietur,
2983 498 3029 540 et
3073 496 3125 539 tu
3157 486 3550 591 nuntiantium:

240 630 394 683 mus,
425 589 638 680 quando
662 623 771 663 non
800 617 1023 676 gregum
1049 598 1260 654 utilitati
1304 594 1681 666 prospicimus,

240 680 581 775 quid'foveat
621 709 675 755 et
717 704 910 765 augeat
953 700 1165 747 nostras
1195 699 1219 725 ἰ
1256 680 1839 775 voluptatesiattendi-

243 774 385 850 mus.
423 793 527 846 Lac
553 801 606 844 et
632 790 783 843 lanas
806 784 985 839 ovium
1014 781 1209 836 Christi
1238 777 1289 845 δ,
1317 774 1679 831 oblationibus
1705 785 1838 841 quo-

245 881 462 939 tidianis
485 896 549 935 ac
569 874 795 932 decimis
818 863 1051 928 ﬁdelium
1087 869 1381 940 gaudentes
1423 865 1739 933 accipimus,
1786 870 1841 915 et

245 986 437 1029 curam
454 966 843 1039 pascendorum
870 978 1089 1033 gregum
1112 975 1175 1014 ac
1198 956 1635 1018 reﬁciendorum,
1666 968 1694 1005 a
1725 951 1844 1019 qui-

245 1064 347 1119 bus
369 1074 623 1132 perverso
646 1058 838 1113 ordine
867 1056 1114 1110 volumus
1145 1052 1314 1122 pasci,
1346 1049 1689 1117 deponimus.
1724 1044 1840 1098 Non

245 1168 503 1211 sanamus
534 1150 801 1221 spirituali
836 1148 1068 1205 consilio
1106 1144 1338 1214 peccatis
1388 1142 1687 1204 inﬁrmum,
1739 1150 1845 1191 non

246 1244 569 1301 ucerdotali
591 1257 696 1312 ope
723 1240 1123 1297 consolidamus
1150 1247 1172 1276 ε
1205 1245 1297 1291 aut
1319 1233 1597 1290 reﬁcimus
1618 1230 1849 1282 diversis

247 1337 685 1393 tribulationibus
713 1336 963 1399 lractutn,
990 1346 1097 1387 non
1128 1331 1194 1386 ad
1231 1332 1369 1384 viam
1410 1327 1599 1381 sa'utis
1630 1338 1851 1380 revoca-

250 1443 373 1482 mus
401 1424 430 1464 ἀ
456 1435 754 1488 errantem,
787 1438 894 1479 non
925 1422 1250 1493 requirimus
1282 1416 1643 1474 sollicitudine
1668 1423 1851 1483 pasto—

250 1517 350 1573 rali
392 1518 562 1572 venite
604 1514 986 1585 desperatione
1012 1513 1120 1581 jam
1152 1510 1420 1580 perditum
1449 1524 1465 1562 :
1498 1507 1564 1560 ad
1596 1505 1699 1560 hoc
1733 1512 1851 1558 tan-

251 1619 367 1664 tum
397 1616 641 1677 potentes
671 1606 871 1671 effecti,
905 1613 963 1658 ut
992 1603 1149 1659 nobis
1194 1602 1247 1656 in
1293 1600 1568 1667 subjectos
1610 1597 1854 1651 domina-

255 1702 460 1755 tionem
513 1698 849 1771 tyrannicam
909 1696 1288 1756 vindicemns;
1354 1706 1460 1746 non
1516 1699 1575 1744 ut
1625 1688 1856 1743 afﬂictos

254 1803 444 1850 contra
491 1776 805 1848 violentiam
858 1790 1183 1860 petentium,
1235 1788 1327 1857 qui
1374 1787 1425 1841 in
1475 1799 1571 1841 eos
1616 1782 1852 1837 ferarum

254 1899 408 1942 more
436 1885 685 1949 steviunt,
722 1881 1097 1937 defendamus.

324 1975 378 2030 ι.
422 1974 551 2029 inde
571 1982 657 2028 est
693 1972 838 2043 quod
872 1980 896 2009 ο
930 1982 1035 2024 tam
1068 1986 1095 2023 a
1128 1970 1437 2040 potentibus
1476 1967 1633 2037 hujus
1662 1964 1853 2022 mundi

251 2077 413 2135 quam
444 2078 473 2118 a
505 2062 678 2126 nobis,
706 2062 848 2133 quod
878 2064 1030 2131 pejus
1057 2070 1166 2127 est,
1195 2060 1436 2115 nonnulli
1466 2060 1703 2130 graviter
1726 2054 1851 2109 fati-

250 2155 363 2225 gati
410 2155 727 2223 depereunt,
779 2167 914 2222 quos
954 2167 1016 2206 se
1067 2151 1137 2207 de
1182 2166 1345 2205 manu
1378 2159 1559 2205 nostra
1596 2148 1857 2202 Dominus

254 2246 640 2315 requisiturum
673 2243 989 2299 terribiliter
1016 2242 1399 2307 comminatur,
1426 2240 1615 2295 dicens
1639 2256 1653 2294 :
1682 2238 1865 2309 Requi-

255 2350 369 2388 ram
391 2348 510 2388 ores
536 2348 675 2387 meas
697 2333 760 2389 de
775 2348 931 2386 manu
953 2343 1242 2399 pastorum,
1256 2342 1301 2385 et
1325 2346 1523 2385 cessare
1542 2346 1627 2385 eos
1648 2329 1861 2398 faciam,

261 2433 320 2479 stt
348 2424 486 2479 ultra
509 2440 611 2478 non
634 2436 849 2493 pascant
874 2422 1094 2495 (Emit.
1120 2437 1308 2487 xxxiv,
1332 2421 1446 2491 £0).
1469 2421 1621 2488 Quod
1636 2421 1762 2492 quid
1782 2430 1867 2476 est

259 2516 404 2572 aliud
417 2523 850 2583 quam,pastores
861 2515 951 2585 qui
964 2517 1309 2585 semetipsos,
1329 2530 1435 2569 non
1452 2529 1669 2584 gregem
1684 2529 1862 2569 meum

262 2614 511 2678 pascunt,
527 2607 859 2663 sublimitate
876 2621 988 2671 sum
1004 2608 1280 2678 dignitatis
1303 2608 1634 2675 exspoliem;
1658 2619 1711 2663 et
1727 2606 1869 2661 inter

264 2700 551 2771 reprobus,
581 2702 706 2771 quia
735 2701 995 2756 honorem
1042 2714 1197 2755 suum
1242 2700 1531 2755 noluerunt
1571 2698 1865 2766 custodire,

266 2791 589 2862 projiciam?
652 2791 853 2846 Horum
902 2799 959 2846 et
995 2790 1081 2845 bis
1129 2791 1385 2845 similium
1424 2789 1864 2846 consideratione

272 2879 292 2919 ί
324 2881 865 2952 perterritus:Titnor
891 2892 939 2938 et
974 2893 1163 2937 tremor
1194 2884 1484 2936 ceciderunt
1509 2899 1664 2950 super
1693 2898 1793 2947 me,
1821 2891 1869 2934 et

268 2986 606 3032 contexerant
632 2994 712 3031 me
743 2978 979 3044 tenebrar,
1014 2986 1061 3032 et
1089 2978 1201 3032 dixi
1223 2994 1240 3031 :
1269 2978 1397 3044 Quis
1425 2978 1566 3031 dabit
1597 2979 1723 3032 mihi
1748 2994 1873 3049 pen-

268 3084 362 3124 nas
384 3068 518 3123 sicut
544 3069 815 3135 columba,
847 3078 893 3123 et
920 3070 1123 3134 volabo,
1152 3080 1200 3123 et
1219 3071 1535 3138 requiescam
1560 3069 1732 3140 (Psal.
1760 3085 1869 3134 uv,

270 3159 328 3226 6,
356 3160 457 3230 7)?
486 3158 553 3214 Et
578 3159 681 3215 hoc
705 3168 786 3216 est
811 3168 982 3215 totum
1016 3171 1238 3230 propter
1258 3161 1400 3231 quod
1431 3161 1712 3231 imperitiae
1736 3176 1871 3216 mea:

1944 586 2173 641 liberasti
2208 582 2428 651 (Ezech.
2455 597 2637 645 xxxix,
2680 580 2761 649 9).
2805 578 2902 633 llic
2936 588 3086 633 certe
3114 577 3245 630 satis
3276 576 3553 629 eviden'cr

1945 679 2273 741 ostenditur,
2302 676 2443 747 quod
2476 676 2591 728 sive
2620 674 2925 743 proﬁciant,
2969 673 3084 726 sive
3125 686 3232 725 non
3275 669 3556 739 proﬁciant

1944 770 2241 836 auditores,
2267 777 2445 821 tacere
2465 766 2545 819 eis
2564 781 2669 817 non
2690 764 2925 819 debeant
2946 762 3289 823 sacerdotes;
3324 776 3424 815 nec
3442 760 3559 813 ideo

1946 862 2023 916 rei
2050 862 2177 923 sint,
2200 859 2246 913 si
2270 857 2409 913 forte
2433 871 2620 911 eorum
2643 854 2808 910 verba
2835 853 3015 924 populi
3041 867 3146 907 non
3179 851 3195 889 ί
3227 850 3456 905 audiunt
3478 852 3560 904 vel

1947 954 2125 1007 au-lita
2140 958 2524 1011 contemnunt;
2554 946 2647 1002 sed
2664 946 2709 1001 si
2732 946 2800 1001 ab
2812 948 2891 1000 eis
2903 943 3239 1014 corrigendis
3260 943 3561 998 absistunt:

1949 1044 2071 1113 quia
2101 1042 2147 1095 si
2172 1055 2271 1095 nec
2302 1038 2557 1108 exemplo
2586 1039 2710 1092 vita:
2748 1037 3163 1107 praepositorum
3191 1050 3436 1098 suorum,
3460 1048 3564 1089 nec

1950 1132 2116 1186 verbo
2133 1130 2390 1186 doctrinae
2405 1127 2587 1198 populi
2601 1135 2951 1182 contumaces
2964 1125 3234 1180 emendati
3252 1124 3563 1193 proﬁciunt,

1952 1223 2057 1292 ipsi
2102 1220 2203 1276 sibi
2244 1234 2404 1274 causa
2442 1232 2558 1274 sua:
2592 1217 2913 1289 perdition’s
2942 1217 3202 1281 existunt,
3233 1222 3288 1269 et
3314 1214 3565 1268 doctores

1952 1330 2105 1379 suos,
2134 1328 2364 1382 quorum
2388 1312 2630 1381 exempla
2655 1310 2813 1365 simul
2838 1323 2901 1365 ac
2926 1308 3091 1365 verba
3120 1308 3447 1377 despiciunt,
3479 1307 3565 1360 in-

1958 1407 2179 1461 volvere
2212 1404 2529 1459 criminibus
2560 1402 2674 1457 suis
2699 1395 2917 1455 timnino
2942 1416 3048 1455 non
3072 1407 3343 1469 poterunt.

2024 1497 2081 1551 2.
2123 1496 2275 1565 Quod
2301 1495 2441 1549 idem
2467 1492 2726 1563 propheta
2749 1492 3051 1547 evidentius
3080 1491 3186 1542 alio
3218 1491 3338 1543 loco
3370 1504 3563 1556 prose-

1956 1590 2139 1660 quitur
2168 1588 2354 1642 dicens
2381 1604 2394 1639 :
2429 1584 2743 1656 Speculator
2776 1583 2789 1633 i
2827 1584 2871 1637 si
2894 1583 3078 1636 viderit
3106 1582 3339 1653 gladium
3365 1581 3570 1634 venien-

1960 1692 2059 1735 tem
2080 1698 2235 1750 super
2259 1691 2471 1747 terram,
2500 1686 2550 1731 et
2576 1678 2815 1731 cecinerit
2844 1676 3079 1741 buccina,
3110 1686 3156 1731 et
3187 1675 3571 1728 ann'ntiat'ertt

1963 1774 2187 1841 populo;
2210 1772 2429 1825 audiens
2458 1778 2649 1833 autem,
2678 1768 2908 1837 quisquis
2934 1767 3026 1821 ille
3046 1776 3140 1831 est,
3178 1782 3361 1820 sonum
3401 1766 3572 1820 bucci-

1897 1875 1938 1932 B
1963 1882 2061 1927 me,
2100 1882 2202 1917 non
2246 1882 2299 1918 se
2330 1862 2687 1928 observaverit,
2724 1861 3017 1927 veneritque
3064 1858 3268 1930 gladius
3306 1865 3353 1911 et
3402 1856 3571 1911 tulerit

1964 1973 2102 2024 eum,
2132 1956 2347 2025 sanguis
2378 1955 2541 2022 ipsius
2572 1969 2728 2024 super
2749 1961 2903 2020 caput
2926 1952 3035 2021 ejus
3066 1951 3199 2015 erit;
3236 1964 3420 2002 sonum
3449 1950 3572 2001 buc-

1965 2049 2095 2102 cina:
2117 2047 2336 2113 audivit,
2361 2056 2407 2099 ct
2437 2061 2491 2099 se
2512 2060 2617 2097 non
2642 2043 2947 2103 (bservavit,
2990 2040 3203 2113 sanguis
3233 2040 3343 2109 ejus
3375 2039 3429 2091 in
3461 2040 3573 2105 ipso

1966 2140 2082 2194 erit.
2130 2138 2193 2193 Si
2234 2150 2407 2191 autem
2444 2153 2498 2191 se
2543 2135 2861 2202 custodierit,
2896 2134 3127 2187 animam
3169 2148 3317 2185 suam
3358 2130 3574 2184 salvalit

1970 2231 2186 2303 (Ezech.
2215 2246 2409 2297 sum,
2433 2230 2467 2284 '5
2488 2238 2533 2283 et
2562 2229 2715 2297 seq.).
2772 2228 2869 2282 llic
2900 2236 3080 2281 autem
3111 2224 3239 2294 quid
3274 2238 3437 2294 agt-re
3482 2222 3577 2276 de-

1970 2326 2093 2380 beat
2119 2325 2206 2393 qui
2238 2321 2476 2392 fungitur
2508 2318 2869 2390 speculatoa-is
2890 2317 3071 2373 ofﬁcio
3099 2334 3111 2369 :
3146 2315 3365 2371 divinus
3394 2328 3575 2368 sermo

1970 2419 2103 2472 satis
2124 2417 2383 2480 ostendit,
2420 2414 2630 2470 scilicet
2665 2424 2722 2467 ut
2768 2412 2984 2482 quando
3030 2411 3224 2465 viderit
3266 2408 3575 2463 venientem

1968 2508 2205 2578 gladium
2232 2520 2397 2573 super
2422 2514 2648 2570 terram,
2672 2500 2701 2541 τι
2726 2502 2860 2556 iram
2883 2500 2979 2555 Dei
3012 2499 3217 2553 scilicet
3238 2512 3404 2565 super
3446 2511 3575 2565 pec-

1971 2598 2235 2653 catoresl
2286 2595 2543 2665 operibus
2596 2593 2827 2650 terrenis
2870 2591 3144 2655 addictos,
3193 2589 3417 2643 omnino
3468 2603 3573 2641 non

1973 2696 2180 2752 taceat,
2224 2696 2387 2756 atque
2426 2687 2506 2740 eis
2559 2682 2799 2753 quandiu
2844 2681 3160 2736 inhaeserint
3211 2678 3579 2749 iniquitatibus

1971 2782 2108 2845 suis,
2133 2788 2172 2816 ω
2197 2779 2508 2849 impendere
2537 2775 2734 2830 divinae
2763 2772 3147 2842 indignationis
3170 2774 3445 2827 interitum
3477 2772 3578 2825 de-

1973 2869 2223 2925 nuntiare
2249 2884 2356 2925 non
2385 2868 2631 2931 desinat;
2690 2864 2787 2921 sed
2826 2864 2971 2919 clare
3022 2872 3077 2918 et
3127 2862 3347 2931 publice
3390 2870 3581 2932 arguat

1978 2960 2124 3033 (quia
2146 2960 2251 3013 hoc
2279 2957 2519 3013 buccina:
2551 2972 2751 3012 nomen
2784 2952 3065 3025 insinuat),
3098 2968 3148 3007 ut
3180 2955 3258 3008 sic
3301 2967 3361 3009 se
3398 2968 3428 3007 a
3467 2952 3582 3009 suis

1973 3051 2289 3107 criminibus
2328 3048 2706 3111 emendantes,
2752 3046 3075 3116 supplicium
3122 3044 3319 3100 futura:
3354 3046 3582 3099 damna-

1976 3143 2140 3198 tionis
2176 3137 2452 3211 ell‘ugiant.
2484 3139 2636 3207 Quod
2668 3140 2710 3194 si
2737 3140 3149 3209 corripientem,
3181 3140 3227 3193 si
3261 3142 3394 3193 iram
3435 3137 3582 3193 futu-

270 3264 332 3304 ac
354 3250 518 3305 futuri
548 3249 672 3305 ﬁnis
717 3252 1032 3306 recordatus
1070 3252 1328 3319 ingemui,
1363 3260 1419 3307 et
1456 3252 1621 3319 volui,
1650 3235 1917 3306 sarcina‘

1897 3235 1940 3297 C
1974 3250 2109 3300 ram,
2143 3250 2266 3303 quae
2305 3232 2777 3301 contemptoribus
2804 3239 2832 3268 ³
2864 3233 2975 3299 jam
3024 3231 3288 3295 imminet,
3331 3232 3585 3284 nuntiam

269 3342 745 3412 episcopatusmei
776 3343 1041 3414 deposita,
1090 3345 1346 3415 elongare
1388 3345 1615 3415 fugiens,
1653 3354 1710 3399 et
1756 3360 1871 3399 ma-
1914 3400 1917 3401 ν

263 3434 475 3505 nerein
506 3434 829 3500 solitudine,
868 3445 923 3490 et
972 3434 1045 3490 ibi
1074 3446 1393 3505 esSpectare
1424 3436 1731 3501 Dominum,
1776 3435 1867 3506 qui

270 3538 360 3580 me
384 3524 593 3579 salvum
626 3526 875 3582 facereta
907 3525 1351 3594 pusillanimitate
1380 3541 1522 3592 mea,
1558 3537 1613 3580 et
1648 3527 1717 3582 ab
1756 3526 1870 3596 ipsa

270 3613 688 3672 intolerabilium
720 3615 854 3671 mihi
889 3613 1297 3672 sollicitudinum
1336 3627 1675 3686 tempesta'e.

857 3725 1085 3782 CAPUT
1128 3726 1297 3781 XXII.

273 3813 433 3898 Quod
447 3816 733 3898 secundum
752 3831 1036 3898 sermonem
1057 3818 1339 3898 prophetis,
1352 3815 1507 3898 culpa
1525 3835 1623 3898 sua
1640 3829 1871 3889 pereant,

338 3884 433 3956 qui
456 3886 786 3960 sacerdotum
820 3884 1193 3955 increpationes
1227 3887 1307 3942 vel
1346 3884 1722 3945 admonitiones
1750 3907 1870 3960 pcr-

344 3971 491 4010 vcrsa
519 3957 779 4009 volutuate
803 3966 1150 4012 contemnunt.

346 4066 403 4121 ί.
436 4064 519 4121 Ad
544 4066 660 4122 haec
683 4080 786 4136 ego
815 4076 841 4115 tt
878 4075 1003 4123 tunc
1026 4085 1038 4119 :
1061 4066 1171 4135 Sic,
1194 4067 1438 4139 inquam,
1465 4069 1565 4125 ista
1595 4069 1876 4127 invidie-is

273 4157 555 4225 questibus
597 4156 808 4227 iactas,
853 4165 912 4213 et
958 4159 1011 4213 in
1062 4159 1491 4230 suggillationem
1537 4162 1873 4234 pontificum,

272 4245 363 4302 vel
392 4255 543 4302 certe
579 4247 749 4319 ipsius
790 4247 1135 4319 pontiﬁcatus
1172 4264 1464 4321 exaggeras
1489 4268 1504 4306 :
1534 4252 1685 4322 quasi
1711 4250 1736 4289 δ
1768 4269 1877 4310 non

273 4341 367 4396 ubi
398 4340 499 4395 ista
518 4341 726 4413 legisti,
756 4343 952 4413 quibus
986 4343 1381 4400 rationabiliter
1408 4345 1771 4413 permoveris,
1804 4346 1876 4401 ibi

275 4439 334 4485 et
377 4430 464 4484 illa
505 4430 615 4486 sint
647 4444 789 4501 qum,
831 4446 861 4485 a
904 4431 1060 4486 vobis
1099 4433 1495 4499 prmtermissa,
1538 4434 1779 4488 breviter
1821 4435 1878 4489 in

277 4522 686 4577 excusationem
725 4521 887 4579 ofﬁcii
924 4522 1279 4578 sacerdotalis
1304 4522 1586 4595 attingam.
1631 4524 1761 4580 Post
1788 4526 1881 4581 illa

1977 3338 2084 3381 tem
2127 3326 2378 3379 homines
2426 3324 2627 3379 terreni
2678 3322 3006 3390 despiciunt.
3051 3323 3271 3392 sanguis
3306 3331 3497 3378 carum
3528 3324 3581 3377 in

1974 3419 2107 3489 ipsis
2136 3418 2272 3483 erit;
2303 3425 2360 3472 et
2387 3414 2643 3471 sacerdos
2672 3416 2765 3485 qui
2787 3416 2867 3472 eis
2887 3426 3107 3486 peccata
3137 3431 3231 3470 sua
3260 3430 3371 3472 non
3393 3427 3585 3484 tacuit,

1976 3524 2148 3579 poenae
2169 3524 2289 3579 qua:
2313 3522 2409 3564 eos
2438 3516 2717 3578 exspectat
2744 3505 3017 3579 particeps
3039 3521 3164 3564 esse
3185 3522 3293 3563 non
3325 3509 3545 3578 poterit.

2556 3660 2785 3720 CAPUT
2822 3663 3014 3720 XXIII.

1983 3777 2460 3849 Quodsacerdotes
2481 3778 2634 3832 etiam
2653 3778 2744 3847 qui
2773 3777 2929 3833 aliter
2950 3789 3186 3848 possunt,
3203 3786 3307 3835 tam
3336 3780 3591 3849 simpli“-

2025 3860 2100 3903 ter
2119 3848 2303 3903 docere
2322 3849 2562 3918 debeant,
2577 3857 2633 3903 ut
2650 3864 2829 3903 omnes
2848 3865 2934 3904 eos
2958 3851 3194 3905 docentes
3222 3850 3539 3922 intelligant.

2055 3981 2165 4038 Nec
2202 3996 2334 4038 vero
2370 3996 2432 4038 se
2481 3996 2579 4051 per
2633 3979 2957 4048 imperitiam
3008 3982 3249 4052 pontifex
3288 3974 3591 4042 eamsabit.

1984 4074 2135 4142 quasi
2167 4082 2453 4142 propterea
2480 4072 2682 4127 docere
2709 4086 2816 4126 non
2844 4072 3045 4137 valeat,
3077 4072 3220 4142 quod
3243 4073 3292 4128 ei
3314 4072 3597 4127 sufﬁciens

1982 4175 2040 4221 et
2069 4165 2377 4221 luculentus
2405 4179 2591 4221 sermo
2618 4180 2727 4220 non
2753 4174 3005 4235 suppetat
3036 4182 3050 4218 :
3078 4164 3295 4235 quando
3321 4164 3467 4219 nulla
3489 4165 3592 4219 alia

1984 4256 2285 4313 sacerdotis
2339 4257 2586 4313 doctrina
2634 4256 2796 4313 debet
2847 4272 2971 4313 esse
2996 4272 3158 4326 quam
3189 4257 3320 4327 vita,
3354 4258 3595 4328 satisque

1986 4349 2262 4405 auditores
2292 4347 2502 4419 possint
2531 4348 2818 4418 proﬁcere,
2844 4349 2887 4404 si
2916 4364 2946 4402 a
2968 4348 3285 4405 doctoribus
3308 4349 3423 4404 suis
3447 4347 3592 4419 quod

1988 4441 2176 4495 vident
2205 4441 2561 4511 spiritualiter
2586 4440 2729 4504 ﬁeri,
2779 4438 2885 4495 line
2920 4440 3021 4494 sibi
3063 4442 3226 4495 etiam
3273 4439 3595 4509 simpliciter

1989 4532 2210 4588 audiant
2240 4531 2541 4603 praedicari,
2583 4531 2799 4588 dicente
2825 4532 3088 4597 Apostolo
3121 4551 3133 4587 :
3173 4531 3288 4587 Etsi
3325 4532 3597 4611 imperitus

277 4615 464 4682 verba,
488 4615 684 4685 quibus
710 4616 1093 4687 negligentiam
1118 4616 1461 4672 sacerdotum
1495 4618 1617 4673 linis
1638 4620 1878 4675 ostendi-
1906 4607 1955 4667 Ῑ)
1983 4641 2239 4689 sermone,
2267 4626 2357 4679 sed
2378 4640 2480 4679 non
2506 4623 2725 4679 scientia
2745 4621 2833 4693 (Il
2859 4622 2980 4678 Cor.
3010 4640 3085 4687 χι.
3118 4624 3199 4692 6).
3248 4622 3403 4680 Unde
3434 4607 3595 4679 datur

280 4714 392 4769 tur,
420 4704 491 4761 de
518 4705 771 4776 pontiﬁce
796 4706 1035 4763 ofﬁcium
1066 4722 1222 4762 suum
1253 4717 1478 4763 curante
1509 4709 1768 4780 propheta
1797 4710 1877 4767 sic

278 4796 520 4866 loquitur
543 4815 557 4851 :
592 4798 656 4853 Si
682 4807 853 4853 autem
873 4800 1213 4854 annuntiante
1241 4810 1287 4855 te
1312 4800 1381 4855 ad
1406 4802 1619 4869 impium
1650 4813 1706 4855 ut
1733 4819 1764 4855 a
1789 4804 1882 4858 viis

280 4888 387 4943 his
416 4900 761 4961 convertatur,
804 4908 908 4947 non
928 4893 1081 4963 fuerit
1104 4908 1378 4948 conversus
1417 4908 1450 4947 a
1491 4894 1574 4947 via
1613 4911 1732 4963 sua,
1773 4898 1883 4967 ipse

358 5048 384 5076 ⁸
412 5038 536 5094 Mss.
567 5051 818 5107 quatuor,
846 5045 1156 5099 voluntates.

285 5109 531 5234 άεὲἱηξιῗ.
573 5107 784 5179 Catnb.,
829 5115 1065 5169 videlicet
1117 5116 1401 5169 oblationes
1439 5117 1771 5185 quotidiana:
1822 5134 1882 5173 ac

458 5199 484 5231 ΙΙ
521 5220 533 5233 ο

324 5195 533 5234 cctmas.

364 5251 510 5328 f_b‘_ic
536 5266 666 5305 mss.
700 5253 953 5322 quinque.
982 5254 1145 5326 Editi,
1170 5265 1325 5327 atque
1344 5257 1624 5326 reﬁcimus.

360 5317 548 5377 "Mss.
578 5317 1016 5386 tres,'erroneum.

365 5399 389 5428 ε
416 5391 516 5445 Ms.
545 5392 762 5453 Camb..
785 5409 886 5447 non
908 5403 1031 5449 tam.

368 5459 509 5516 tSic
546 5463 679 5535 eligit.
719 5462 853 5533 Lug.
904 5480 1024 5518 cum
1079 5481 1211 5521 mss.
1255 5467 1510 5535 quinque.
1563 5469 1665 5523 Alii
1728 5486 1877 5535 vero,

294 5532 487 5608 Duac.,
510 5542 565 5587 et
586 5532 798 5608 Dolon"
814 5532 1116 5604 perterritus
1146 5532 1417 5608 propheta,
1433 5538 1587 5591 timor
1606 5551 1651 5593 et
1679 5532 1889 5605 tremor,

291 5602 477 5672 inquit,
512 5602 987 5682 ceciderttnt’super
1016 5622 1115 5682 me,
1148 5602 1209 5659 et
1236 5602 1567 5682 contexerunt
1600 5626 1681 5664 me
1711 5602 1893 5682 pecco;

294 5682 459 5725 torum
505 5689 736 5728 meorum
775 5678 1015 5731 tenebrat.
1071 5676 1197 5732 Mss.
1234 5676 1340 5733 duo
1386 5693 1456 5735 ex
1495 5680 1606 5746 bis,
1648 5676 1890 5737 venerunt

294 5757 445 5809 super
474 5759 573 5797 me.

369 5819 395 5859 ι
421 5812 519 5870 Ms.
553 5814 685 5885 Reg.
718 5832 884 5887 unus,
915 5828 1092 5873 tecum.

1987 4716 2212 4786 intelligi
2243 4715 2390 4785 quod
2419 4730 2528 4769 non
2558 4730 2619 4771 se
2646 4714 2844 4770 debeat
2873 4714 3130 4771 Ecclesia:
3168 4716 3360 4771 doctor
3397 4714 3469 4771 de
3498 4730 3597 4771 ac-

1986 4808 2155 4861 curati
2216 4806 2487 4862 sermonis
2535 4807 2898 4862 ostentatione
2940 4808 3179 4877 jac-tare,
3235 4823 3305 4862 ne
3350 4806 3599 4863 videatur

1989 4906 2014 4933 ο
2051 4897 2347 4953 l-chlesiam
2385 4898 2479 4952 Dei
2528 4912 2635 4953 non
2681 4897 2821 4953 velle
2856 4898 3150 4965 aediﬁcare,
3188 4898 3288 4955 sed
3335 4900 3507 4971 magis
3535 4912 3599 4955 se

2066 5046 2095 5086 ³³
2125 5051 2226 5105 Ms.
2251 5050 2389 5123 Reg.
2419 5065 2580 5123 ultus,
2618 5065 2723 5104 non
2760 5051 2849 5104 ubi
2877 5050 2977 5105 ista
3004 5068 3121 5122 qua:
3147 5051 3231 5106 hic
3266 5053 3455 5123 legisti,
3484 5070 3599 5123 qut-

1994 5121 2107 5246 ἕως,
2137 5132 2244 5177 etc.
2298 5121 2395 5176 Ms.
2423 5121 2575 5177 Colb.
2608 5137 2772 5190 unus,
2808 5121 3259 5193 irrationabiliter,
3285 5121 3382 5180 sed
3422 5121 3599 5179 minus

2033 5207 2157 5246 ene.

2033 5207 2157 5246 ene.

2078 5260 2091 5297 ί
2131 5263 2256 5316 Mss.
2284 5272 2413 5325 tres,
2445 5260 2685 5327 audiant,
2719 5272 3119 5318 contemnant...
3146 5264 3421 5319 absistunt.

2075 5332 2088 5381 l
2130 5333 2257 5387 Msa.
2281 5348 2400 5393 sex,
2426 5348 2541 5384 cum
2571 5331 2779 5386 viderit.

2072 5401 2097 5439 I‘
2129 5403 2201 5457 Ita
2237 5402 2327 5456 ed.
2356 5402 2488 5470 Lug.
2516 5412 2570 5456 et
2593 5416 2724 5456 mss.
2758 5411 3007 5471 quatuor.
3050 5403 3153 5458 Ed.
3198 5405 3362 5461 Duae.
3403 5413 3458 5462 et
3494 5405 3600 5460 Co-

2001 5473 2139 5532 lon.,
2164 5480 2259 5527 hoc
2289 5479 2363 5524 est
2388 5473 2519 5525 iram
2548 5471 2665 5526 Dei.

2083 5540 2097 5578 ¹
2137 5543 2237 5599 Ms.
2261 5558 2421 5607 unus,
2451 5544 2665 5595 terrenis
2689 5542 2888 5596 actibus
2916 5544 3171 5599 addictos.

2074 5623 2113 5650 ιη
2146 5614 2245 5667 Ms.
2270 5627 2429 5674 unus,
2462 5613 2749 5667 imminere.

2072 5693 2098 5719 "
2135 5681 2295 5738 Deest
2315 5686 2433 5754 jam
2462 5683 2516 5737 in
2548 5699 2682 5738 mss.
2708 5686 2965 5753 quinque.

2074 5762 2098 5789 °
2130 5754 2253 5809 Mss.
2282 5755 2415 5821 duo,
2446 5755 2839 5824 nonazdi/icare
2870 5756 3160 5810 I‘Icclcsiam
3190 5758 3339 5813 velle.
