4516 6396
800 403 907 456 869

2106 395 2360 454 JULIANI
2400 395 2673 455 POMERll

3919 397 4022 453 ΗΟ

793 521 1001 581 quantae
1027 512 1096 567 sit
1123 511 1436 568 eruditionis
1463 507 1762 565 ostendere.
1805 507 1918 564 Non
1962 509 2119 580 igitur
2145 511 2197 564 in
2225 525 2345 565 ver-
2377 511 2431 569 Α
2455 509 2635 578 beant,
2681 515 2727 568 si
2781 511 3114 568 inﬁrmitates
3156 510 3441 566 carnaliter
3470 509 3756 564 viventium
3798 505 4020 562 fratrum

796 603 981 656 horum
1011 602 1316 670 splendore,
1342 599 1434 655 sed
1458 599 1508 652 in
1544 612 1767 667 operum
1796 597 1990 652 virtute
2016 608 2177 654 totam
2209 612 2348 668 pra:-

793 691 1007 747 dicandi
1031 691 1274 748 ﬁduciam
1303 675 1499 759 ponat;
1540 705 1642 742 non
1677 688 1895 743 vocibus
1942 688 2235 744 delectetur
2257 702 2353 758 po-

796 781 904 848 puli
933 779 1268 836 acclamantis
1290 778 1412 844 sibi,
1461 780 1556 832 sed
1600 777 1838 842 ﬂetibus;
1894 792 1994 833 nec
2039 779 2276 846 plausum
2321 791 2353 831 a

797 873 991 943 populo
1014 871 1224 926 studeat
1245 877 1571 937 exspectare,
1596 867 1689 924 sed
1713 868 1986 937 gemitum.
2018 869 2128 923 lloc
2151 869 2354 938 specia-

796 964 918 1018 liter
958 965 1143 1016 doctor
1184 960 1575 1016 ecclesiasticus
1623 957 1882 1023 elaboret,
1935 972 2042 1028 quo
2092 959 2217 1012 ﬁant
2260 959 2349 1026 qui

793 1057 1013 1111 audiunt
1051 1070 1172 1111 eum
1226 1056 1369 1110 sanis
1425 1053 1870 1124 disputationibus
1923 1053 2199 1116 meliores,
2248 1066 2352 1104 non

796 1155 822 1184 ⁸
852 1160 987 1200 vana
1014 1146 1376 1201 assentatione
1417 1144 1670 1198 fautores.
1697 1144 1981 1212 Lacryma's
2025 1157 2154 1212 quas
2183 1141 2293 1194 vult
2323 1156 2353 1194 a

795 1235 907 1290 suis
939 1235 1271 1290 auditoribus
1305 1235 1453 1289 fundi
1491 1235 1604 1303 ipse
1640 1233 1881 1302 primitus
1921 1232 2126 1300 fundat,
2179 1242 2234 1287 et
2276 1233 2354 1287 sic

794 1339 890 1380 eos
909 1325 1318 1395 conpunctione
1340 1326 1420 1379 sui
1441 1323 1615 1378 cordis
1639 1323 1916 1378 accendat.
1971 1323 2100 1377 Tam
2130 1323 2355 1392 simplex

797 1422 853 1470 et
877 1424 1129 1484 apertus;
1167 1415 1371 1469 etiamsi
1398 1413 1571 1467 minus
1593 1413 1828 1479 Latinus,
1875 1412 2244 1482 disciplinatus
2278 1423 2358 1466 ta-

798 1522 922 1563 men
967 1516 1023 1563 et
1061 1508 1232 1576 gravis
1277 1520 1454 1561 sermo
1503 1505 1664 1561 debet
1707 1519 1828 1562 esse
1866 1505 2131 1575 pontificis
2161 1522 2175 1558 :
2206 1514 2265 1558 ut
2289 1505 2357 1560 ab

799 1597 1140 1667 intelligentia
1171 1595 1254 1650 sui
1282 1595 1309 1634 δ
1339 1596 1544 1660 nullos,
1573 1598 1816 1665 quamvis
1855 1597 2146 1666 imperitos,
2177 1597 2357 1653 exclu-

799 1687 923 1750 dat;
956 1686 1050 1741 sed
1090 1685 1143 1740 in
1185 1687 1417 1740 omnium
1457 1686 1784 1742 audientium
1817 1698 1838 1726 ε
1871 1696 2051 1756 pectus
2075 1702 2194 1742 cum
2229 1701 2359 1756 qua-

795 1776 918 1831 dam
943 1777 1295 1834 delectatione
1319 1776 1627 1832 descendat.

1356 1889 1581 1945 CAPUT
1619 1888 1802 1944 XXIV.

801 1978 938 2044 Quid
973 1980 1171 2034 intersit
1206 1980 1338 2033 inter
1368 1981 1595 2034 doctores
1620 1982 1704 2046 qui
1748 1977 2026 2033 Ecclesium
2066 1981 2360 2049 simpliciter

867 2049 1099 2103 docentes
1129 2051 1406 2117 ludiﬁcant,
1439 2060 1484 2101 et
1511 2066 1594 2102 eos
1617 2051 1701 2118 qui
1726 2050 2060 2115 eloquentiam
2091 2066 2236 2104 suam
2274 2053 2354 2102 lu-

868 2120 1082 2172 culentis
1113 2121 1556 2172 declamationibus
1575 2122 1798 2188 jactant.

869 2229 1104 2300 Denique
1133 2231 1230 2283 alia
1249 2240 1328 2283 est
1353 2229 1486 2284 ratio
1506 2229 1946 2297 declamatorum,
1990 2239 2044 2286 et
2063 2231 2166 2286 alia
2192 2229 2354 2286 debet

800 2334 922 2374 esse
949 2321 1243 2374 doctorum.
1286 2319 1366 2374 llli
1401 2320 1724 2376 elucubratze
1772 2320 2169 2376 declamationis
2213 2335 2362 2392 pom-

800 2425 920 2478 pam
963 2411 1085 2464 totis
1135 2411 1391 2465 facundia:
1435 2425 1545 2465 sine
1590 2412 1790 2467 viribus
1824 2413 2226 2481 concupiscunt,
2277 2413 2363 2470 isti

801 2501 982 2554 sobrio
1011 2500 1206 2554 usitato
1227 2516 1310 2566 lue
1339 2515 1587 2556 sermone
1616 2501 1815 2556 Christi
1841 2503 2065 2571 gloriam
2095 2514 2358 2574 quaerunt.

803 2589 882 2645 Illi
913 2591 1072 2645 rebus
1100 2591 1342 2644 inanibus
1374 2591 1601 2659 pretiosa
1628 2593 1907 2647 verborum
1937 2593 2160 2647 induunt
2201 2608 2362 2648 orna-

801 2691 1016 2747 menta;
1063 2681 1146 2735 isti
1192 2683 1464 2736 veracibus
1505 2684 1782 2737 sententiis
1827 2693 2039 2750 ornant,
2082 2681 2184 2740 etd
2210 2699 2361 2740 com-

805 2771 1059 2826 mendant
1089 2772 1246 2826 verba
1278 2773 1556 2842 simplicia.
1590 2773 1666 2828 illi
1698 2773 1946 2830 aﬂ'ectant
1983 2790 2202 2830 suorum
2232 2793 2328 2832 sen

801 2877 955 2916 suum
976 2861 1374 2917 deformitatem
1408 2875 1654 2933 tanquam
1685 2866 1948 2921 velamine
1972 2867 2202 2936 quodam
2231 2868 2332 2936 pla

801 2951 954 3006 Ierati
980 2952 1242 3006 sermonis
1268 2952 1632 3018 abscondere;
1667 2955 1751 3008 isti
1780 2956 2112 3025 eloquiorum
2144 2970 2360 3011 suorum

802 3041 1146 3095 rusticitatem
1191 3042 1404 3096 student
1465 3045 1710 3111 pretiosis
1758 3045 2005 3101 sensibus
2055 3056 2360 3102 venustare.

803 3129 881 3184 illi
905 3138 1066 3183 totam
1096 3131 1309 3185 laudem
1333 3145 1482 3185 suam
1510 3134 1561 3186 in
1587 3133 1768 3188 favore
1788 3135 1948 3203 vulgi,
1976 3135 2061 3190 isti
2090 3136 2141 3189 in
2170 3136 2366 3192 virtute

2456 603 2616 659 modo
2663 606 2943 661 verborum
2985 603 3280 659 salubrium
3319 602 3761 659 medicaminibus
3809 609 4017 656 curent.

2456 696 2618 750 modo
2655 711 2787 767 quas
2835 696 3156 752 incurabiles
3196 695 3458 765 judicant,
3506 693 3777 763 patientiae
3827 693 4020 747 virtute

2455 785 2782 850 sustineant;
2824 785 2870 839 si
2897 784 3134 839 moribus
3170 798 3233 837 ac
3269 782 3733 852 prazdicationibus
3769 781 3880 835 suis
3916 795 4019 834 non

2456 889 2631 944 suam,
2669 875 2760 932 sed
2787 874 2985 930 Christi
3029 875 3250 945 gloriam
3295 881 3577 942 quaerant;
3619 885 3718 927 nec
3756 867 3917 925 verba
3957 882 4020 923 se

2458 968 2591 1022 facta
2612 981 2706 1020 sua
2732 967 2784 1020 in
2821 964 2838 1003 ί
2868 966 3090 1034 pretium
3122 963 3321 1019 favoris
3351 961 3670 1017 conciliandi
3703 958 4020 1016 miserabili-

2459 1065 2538 1111 ter
2563 1055 2802 1124 perdant,
2834 1054 2928 1110 sed
2960 1054 3210 1124 quidquid
3241 1053 3339 1108 sibi
3361 1052 3768 1108 sacerdotaliter
3793 1049 4020 1106 viventi-

2457 1145 2558 1201 bus
2585 1155 2740 1213 atque
2763 1145 3079 1200 docentibus
3106 1143 3325 1199 honoris
3350 1144 3695 1212 impenditur,
3735 1143 3848 1197 Deo
3886 1157 4021 1197 scm-

2458 1250 2552 1306 per
2570 1235 2867 1302 ascribant;
2891 1237 2937 1290 si
2959 1250 3063 1290 non
3089 1235 3340 1290 inﬂentur
3361 1233 3613 1291 officiosis
3629 1231 4023 1289 occurrentium

2458 1324 2884 1390 salutationibus,
2920 1326 3012 1380 sed
3037 1333 3358 1396 graventur;
3390 1337 3490 1379 nec
3509 1321 3764 1377 honorari
3803 1336 3889 1388 se,
3933 1321 4024 1376 sed

2459 1415 2666 1470 onerari
2707 1414 2990 1470 faventium
3025 1416 3124 1470 sibi
3162 1414 3408 1470 laudibus
3447 1413 3710 1468 credant:
3751 1412 3797 1468 si
3836 1424 4024 1467 conso-

2457 1508 2631 1561 lentur
2651 1507 2898 1574 afllictos,
2925 1515 3142 1576 pascant
3162 1520 3382 1576 egenos,
3409 1505 3637 1560 vestiant
3664 1503 3861 1569 nudos,
3888 1501 4026 1559 redi-

2459 1606 2604 1652 maut
2631 1596 2894 1666 captivos,
2930 1597 3220 1666 suscipiant
3265 1596 3613 1666 peregrinos;
3653 1595 3698 1650 si
3729 1594 4027 1650 errantibus

2459 1684 2596 1739 viam
2619 1685 2804 1741 salutis
2831 1686 3131 1750 ostendant,
3160 1685 3175 1735 i
3211 1685 3508 1752 desperatis
3535 1699 3684 1755 spem
3713 1685 3883 1739 venia:
3903 1697 4027 1739 con-

2460 1776 2745 1848 sequentiae
2777 1777 3117 1846 promittant;
3155 1785 3434 1832 currentes
3457 1773 3482 1813 ¹ι
3514 1773 3811 1842 impellant,
3852 1786 4029 1828 remo-

2387 1862 2435 1923 B
2463 1877 2641 1922 rantes
2664 1867 2983 1931 accendant,
3016 1875 3069 1921 et
3091 1865 3346 1935 quidquid
3374 1863 3442 1920 ad
3470 1863 3708 1920 ofﬁcium
3733 1876 3888 1917 suum
3913 1877 4028 1931 per-

2463 1961 2614 2027 tinet,
2651 1969 2960 2014 conSIanter
2992 1966 3314 2012 exerceant:
3343 1957 3463 2027 quis
3494 1957 3572 2011 sic
3608 1955 3712 2011 erit
3759 1954 3969 2009 alienus
4000 1967 4030 2008 a

2461 2052 2584 2116 ﬁde,
2624 2061 2683 2107 ut
2724 2051 2933 2106 dubitet
2973 2050 3106 2106 tales
3135 2049 3568 2120 contemplativa
3597 2045 3617 2086 ι
3663 2046 3876 2102 virtutis
3913 2059 4030 2102 esse

2461 2145 2763 2214 participes,
2792 2158 3016 2214 quorum
3042 2141 3290 2212 exemplo
3341 2141 3496 2195 simul
3547 2153 3611 2194 ac
3649 2138 3813 2194 verbo
3857 2138 4030 2208 plures

2461 2235 2594 2290 ﬂuut
2623 2249 2904 2304 regnorum
2935 2233 3228 2288 ctelestium
3250 2230 3559 2288 cohazredes
3587 2229 3610 2282 1'

2530 2328 2585 2382 2.
2624 2326 2714 2382 lsti
2745 2335 2870 2381 sunt
2898 2324 3119 2380 ministri
3143 2321 3318 2386 verbi,
3342 2331 3381 2360 ω
3400 2321 3670 2392 adjutores
3696 2318 3814 2388 Dei,
3845 2332 4030 2374 oracu~

2465 2420 2572 2474 lum
2598 2418 2829 2488 Spiritus
2856 2416 3045 2472 sancti.
3092 2415 3195 2471 Per
3224 2413 3359 2469 tales
3385 2413 3528 2468 Deus
3552 2412 3792 2482 placatur
3817 2408 4028 2479 populo,

2463 2511 2691 2582 populus
2711 2518 2738 2546 ιι
2763 2508 3041 2564 instruitur
3067 2506 3196 2561 Deo.
3246 2504 3335 2560 Isti
3372 2513 3497 2558 sunt
3537 2501 3899 2572 apostolon
3929 2499 4031 2554 Do-

2466 2605 2596 2661 mini
2641 2617 3014 2670 successores,
3061 2601 3150 2671 qui
3201 2598 3470 2675 EecLesias
3511 2611 3643 2668 quas
3687 2595 3763 2650 illi
3808 2603 3834 2631 °
3874 2593 4031 2648 editis

2465 2695 2789 2751 mirabilibus
2818 2693 3190 2758 fundaverant,
3215 2689 3534 2746 mirabiliter
3559 2684 3869 2756 apostolicis
3897 2697 4031 2753 prteo

2463 2785 2555 2841 diti
2606 2785 2889 2840 virtutibus
2937 2793 3166 2853 regunt;
3216 2782 3306 2851 qui
3358 2779 3516 2834 ﬁdem
3568 2777 3888 2834 catholicam
3941 2783 4032 2829 aut

2463 2874 2937 2944 disputationibus,
2978 2883 3066 2926 aut
3095 2873 3139 2926 si
3172 2871 3246 2926 ita
3273 2870 3564 2926 necessitas
3602 2875 3818 2938 poscat,
3858 2881 4033 2921 mem-

2466 2969 2680 3023 brorum
2707 2979 2921 3020 suorum
2949 2963 3274 3018 laceratione
3303 2959 3618 3026 defendunt,
3644 2973 3744 3029 pro
3772 2973 3878 3029 qua
3907 2957 4031 3012 totis

2467 3069 2494 3107 ρ
2515 3059 2715 3111 viribus
2743 3053 3015 3110 retinenda
3033 3094 3049 3116 .
3090 3053 3299 3108 amissis
3328 3052 3665 3107 facultatibus
3690 3051 3830 3116 suis,
3870 3051 4032 3106 etiam

2471 3149 2603 3202 mnri
2637 3145 2804 3216 parati
2840 3153 2986 3201 sunt.
3037 3143 3298 3200 Fidelium
3322 3141 3720 3198 'catholicorum
3747 3139 4032 3196 virtutibus

801 3217 899 3272 Dei
925 3221 1272 3274 constituunt.
1316 3221 1389 3275 Illi
1423 3222 1775 3290 plausibiliter
1799 3223 2000 3290 dicunt,
2034 3233 2088 3280 et
2117 3227 2243 3280 nihil
2272 3243 2366 3282 au-
2395 3219 2439 3281 C
2471 3245 2733 3299 crescunt,
2759 3235 2847 3304 qui
2879 3248 2973 3302 per
2993 3247 3087 3289 eos
3113 3234 3225 3288 Deo
3249 3239 3472 3287 auctore
3498 3230 3810 3301 proﬁciunt;
3841 3237 3897 3285 et
3927 3228 4033 3284 Deo

799 3307 1059 3362 ditoribus
1088 3309 1196 3362 suis
1226 3309 1576 3365 declamando
1604 3321 1627 3349 °
1673 3313 1983 3381 proﬁciunt;
2025 3316 2109 3370 isti
2156 3317 2364 3373 usitatis

800 3399 1142 3455 sermonibus
1182 3400 1396 3471 docent,
1443 3411 1498 3458 et
1547 3403 1842 3460 imitatores
1880 3419 2005 3460 suos
2063 3407 2361 3465 instituunt.

802 3487 935 3553 Quia
960 3491 1220 3544 rationem
1267 3491 1430 3564 [forte
1455 3494 1783 3568 orationem]
1822 3510 1972 3551 suam
2000 3499 2142 3552 nulla
2176 3500 2365 3557 fucata:

801 3582 1200 3650 compositionis
1234 3582 1251 3622 ι
1277 3583 1610 3642 aﬂ‘ectatione
1631 3599 1996 3658 corrumpunt.

1375 3694 1600 3752 CAPUT
1639 3697 1802 3752 XXV.

803 3778 988 3846 Quales
1029 3797 1137 3836 esse
1168 3782 1378 3838 debeant
1424 3787 1708 3858 sacerdotes
1747 3789 1834 3857 qui
1879 3789 2056 3842 volunt
2099 3791 2214 3858 ﬁeri
2248 3793 2364 3847 vita

1211 3856 1610 3925 contemplativa:
1649 3856 1938 3928 participes.

870 3940 923 3995 ί.
961 3940 1240 4009 Quocirca,
1274 3947 1318 3998 si
1349 3946 1653 4002 sacerdotes
1689 3949 1856 4002 sancti
1893 3949 2023 4018 (non
2065 3953 2249 4022 quales
2286 3953 2361 4008 illi

803 4040 925 4084 sunt
945 4045 1079 4100 quos
1119 4033 1435 4100 iudicandos
1481 4047 1638 4106 atque
1666 4038 1994 4094 damnandus
2022 4044 2362 4099 comminatio

801 4121 978 4175 divina
1033 4127 1358 4192 pronuntiat,
1414 4126 1506 4181 sed
1560 4130 1742 4195 quales
1787 4132 2076 4198 apostolica
2122 4135 2362 4190 doctrina

797 4212 1180 4282 commendat),
1231 4217 1558 4272 multosttad
1602 4218 1764 4274 Deum
1813 4232 1992 4277 sancte
2039 4224 2264 4279 vivendo
2309 4235 2364 4281 et

798 4302 1136 4371 prmdimndo
1161 4317 1508 4372 convertant;
1557 4309 1600 4364 si
1649 4311 1776 4364 nihil
1809 4307 1834 4347 ιι
1865 4327 1930 4368 ex
1976 4314 2221 4382 imperio,
2267 4318 2361 4372 sed

797 4395 973 4448 omnia
1026 4394 1296 4451 humiliter
1338 4407 1511 4468 agant.
1562 4415 1624 4455 ac
1663 4416 1721 4456 se
1767 4418 2076 4461 communes
2124 4407 2203 4464 eis
2245 4412 2364 4479 qni-

802 4483 901 4537 bus
922 4493 1044 4538 sunt
1082 4487 1367 4556 pmptisiti,
1409 4487 1583 4544 studio
1624 4502 1816 4546 sanctze
1861 4493 2162 4553 dilectionis
2199 4499 2363 4555 exhi-

866 4649 890 4676 ³
921 4639 1018 4692 Ms.
1043 4638 1195 4694 Colh.
1227 4655 1381 4706 unus,
1410 4657 1552 4695 uana:
1573 4648 1946 4704 assentatiom‘s.

795 4707 916 4832 dbd
931 4709 1033 4830 ills;
1071 4707 1220 4764 Colb.
1262 4726 1426 4777 unus,
1475 4714 1648 4766 nullus
1688 4719 1913 4784 quamvis
1953 4720 2213 4792 imperitus
2262 4743 2352 4781 ea:-

848 4796 876 4831 u
921 4800 945 4828 u
975 4796 1001 4827 11
1037 4817 1053 4832 .

848 4796 1053 4834 υαυιιιτ.

870 4859 892 4885 ε
928 4848 1022 4900 Ms.
1055 4863 1212 4912 unus,
1240 4860 1464 4916 pectora.

869 4916 896 4952 ά
926 4917 1070 4986 Εόὶῐ.
1103 4917 1265 4986 Lugd.
1292 4918 1422 4984 sola,
1446 4923 1785 4978 commodam.

870 4995 894 5064 ξ
924 4985 1046 5064 Mss.
1073 4985 1198 5050 duo,
1228 4989 1434 5064 ct_edit.
1465 4990 1653 5061 Lugd,
1687 4995 2020 5064 prospiciunt.

869 5052 891 5092 ¹
930 5055 1055 5108 Mss.
1090 5064 1216 5120 tres,
1245 5055 1523 5123 aﬁ'ectione.

867 5131 893 5171 ι
923 5123 1050 5177 Mss.
1077 5133 1206 5187 tres,
1232 5127 1300 5178 ad
1332 5124 1625 5181 Dominum.

864 5189 892 5263 ll
919 5193 1070 5263 Mssa
1083 5203 1189 5248 tres
1217 5205 1398 5248 carent
1425 5200 1606 5263 partic.
1640 5216 1720 5254 ex.

872 5262 886 5298 ί
916 5261 1012 5314 Ms.
1035 5261 1242 5326 Camh.,
1270 5261 1447 5328 pretio.
1517 5326 1521 5330 η

865 5329 883 5381 1
917 5331 1015 5385 Ms.
1043 5346 1195 5388 unus.
1220 5329 1613 5403 desperantibus.

2465 3340 2564 3379 suo
2593 3321 3015 3394 inseparabiliter
3041 3321 3408 3388 adhaerentes,
3450 3321 3506 3374 in
3531 3334 3636 3390 quo
3670 3319 3772 3374 sibi
3809 3319 4033 3375 credunt

2463 3415 2632 3471 solida
2671 3429 2734 3470 ac
2772 3427 3116 3484 permensum
3158 3413 3296 3468 bona
3338 3413 3608 3481 reposita,
3653 3410 3838 3468 mundi
3880 3410 4034 3480 hujus

2463 3507 2651 3576 gaudia
2683 3505 2898 3574 fugitiva
2927 3503 3224 3558 fastidiunt.
3269 3502 3536 3557 Hactenus
3562 3515 3722 3569 super
3747 3500 3920 3556 tribus
3943 3514 4035 3554 ca-

2465 3595 2643 3665 pilulis
2669 3609 2972 3650 sermonem
2994 3603 3022 3643 τι
3044 3591 3314 3648 laciniosa:
3333 3591 3704 3660 disputationis
3731 3590 4035 3661 prolixitate

2465 3686 2812 3756 produximus
2836 3703 2849 3738 :
2894 3685 2948 3740 iu
2987 3699 3116 3752 quo,
3144 3697 3262 3753 quae
3291 3692 3436 3739 esset
3461 3682 3582 3738 vitae
3609 3681 4036 3752 contemplativa)

2467 3779 2804 3849 pr0prietas,
2860 3790 2982 3843 qua:
3026 3773 3328 3829 differentia
3371 3774 3535 3843 ipsius
3584 3781 3643 3828 et
3693 3773 3927 3843 activa,
3983 3781 4036 3829 et

2464 3867 2690 3939 qualiter
2732 3863 3164 3933 contemplativa
3206 3868 3232 3901 ί
3265 3862 3475 3917 virtutis
3519 3860 3826 3917 sacerdotes
3865 3866 3891 3896 '
3922 3860 4035 3920 ﬁeri

2464 3959 2750 4030 participes
2793 3958 3032 4025 possint,
3078 3953 3430 4022 sufficienter,
3459 3960 3521 4008 ut
3547 3953 3758 4023 opinor,
3793 3953 4036 4009 ostendi-

2465 4064 2604 4104 mus.
2655 4048 2880 4116 ldeoque
2924 4045 3046 4100 huic
3087 4043 3302 4100 tandem
3341 4043 3476 4100 libro
3501 4045 3787 4100 terminum
3817 4043 4033 4108 dantes,

2466 4141 2517 4194 in
2547 4137 2782 4194 secundo
2807 4137 3072 4191 volumine
3098 4136 3203 4191 alia
3233 4135 3330 4191 tria
3358 4135 3613 4205 capitula,
3643 4135 3754 4190 Deo
3783 4146 4036 4193 conatum

2465 4241 2706 4286 nostrum
2740 4229 2935 4284 vestris
2973 4228 3302 4283 orationibus
3322 4228 3626 4298 adiuvante,
3652 4227 4034 4293 tractabimus;

2464 4330 2523 4376 ut
2573 4322 2625 4376 in
2674 4321 2832 4375 tertio
2880 4317 3016 4373 libro
3053 4319 3122 4375 de
3158 4318 3380 4390 reliquis
3420 4325 3668 4387 quatuor,
3712 4299 3910 4388 q‘uibus
3956 4320 4036 4374 vi-

2465 4415 2657 4468 tiorum
2696 4419 2853 4480 atque
2879 4407 3129 4464 virtutum
3157 4408 3491 4466 discutienda
3527 4410 3834 4466 continetur
3865 4411 4034 4478 ratio,

2464 4502 2812 4558 disseramus.

2379 4661 2436 4722 D
2531 4657 2555 4695 κ
2580 4656 2676 4711 Ms.
2701 4671 2856 4719 unus,
2877 4655 3154 4724 impediant

2542 4726 2556 4764 ¹
2588 4727 2712 4781 Mss.
2738 4726 2864 4788 duo,
2891 4724 3028 4777 vitae.

2531 4806 2569 4833 ω
2591 4796 2662 4850 Ita
2696 4810 2824 4849 mss.
2851 4809 2969 4848 cum
2998 4793 3129 4848 edit.
3163 4792 3296 4863 Lng.
3333 4799 3388 4846 et
3426 4791 3611 4848 Duaci.
3644 4791 3839 4848 Colon:
3881 4805 4036 4862 vero,

2464 4867 2728 4922 auditores
2755 4863 2870 4919 Dei.

2535 4944 2563 4972 ιι
2588 4937 2685 4990 Ms.
2710 4935 2860 4989 Colb.
2890 4947 3048 4996 unus,
3075 4932 3255 5003 populi
3282 4931 3641 4986 instituuntur.

2540 5013 2564 5040 ο
2591 5006 2689 5060 Ms.
2713 5003 2920 5066 Camb.,
2937 5004 3170 5074 jttdiciis.

2536 5085 2564 5124 ι»
2588 5075 2710 5129 Mss.
2734 5087 2825 5128 sex
2849 5082 2903 5127 et
2923 5070 3054 5142 edit.
3082 5072 3234 5142 ως..
3260 5070 3555 5126 visceribus.

2539 5155 2564 5194 (ι
2589 5144 2683 5198 Ms.
2707 5144 2917 5208 Camb,
2947 5139 3223 5195 lacunosae.

2535 5225 2554 5252 τ
2583 5216 2636 5268 lu
2665 5229 2765 5268 ms.
2801 5227 2907 5266 uno
2936 5210 3086 5264 deest
3109 5211 3326 5264 virtutis.
3356 5208 3411 5262 In
3437 5209 3544 5266 alio
3565 5211 3794 5266 habetur
3812 5215 4035 5263 contem-

2467 5285 2669 5350 plativa:
2697 5285 2828 5338 vitta.

2538 5361 2556 5388 ⁸
2585 5353 2679 5408 Ms.
2705 5368 2861 5421 unus,
2891 5351 3169 5424 participes
3196 5366 3300 5404 esse
3325 5349 3536 5420 possint.
