4516 6416
208 428 301 482 HI

1242 414 1331 470 DE
1372 413 1532 469 VITA
1573 406 2149 467 CONTEMI‘LATIVA
2188 408 2311 462 LIB.
2358 408 2423 461 II.

336 518 3258 550 _____________________..__________—————.——————

1150 611 1627 725 LIBER
1704 605 2540 713 SECUNDUS.

801 782 1193 840 ΡιιᾸΞΡΑΤιΟ.

279 881 333 937 1.
358 878 629 950 Superiori
646 878 774 931 libro
793 877 1037 928 rationem
1060 872 1461 941 contemplativa!
1476 870 1589 922 vitm
1608 877 1630 905 α
1648 882 1783 919 cont-

205 971 408 1040 placus,
450 985 543 1038 pro
580 969 769 1021 viribus
796 983 921 1037 quas
951 965 1198 1018 Dominus
1240 964 1432 1016 donare
1469 961 1781 1030 dignabitur,

204 1063 271 1114 de
312 1060 502 1112 actuali
550 1059 691 1125 vita,
744 1061 873 1111 sicut
921 1056 1167 1125 promisi,
1218 1054 1480 1121 disputare
1527 1050 1779 1104 constitui.

210 1147 580 1221 Quapmpterb
602 1149 731 1200 sicut
758 1148 812 1199 in
838 1145 1141 1217 prazfatione
1176 1144 1326 1213 primi
1364 1142 1636 1195 voluminis
1664 1140 1782 1209 feci,

206 1242 287 1292 hic
333 1255 531 1309 quoque
575 1238 723 1308 officii
763 1238 865 1289 mei
902 1237 1293 1290 cnecessitatem
1340 1234 1519 1304 paucis
1563 1232 1738 1299 aperio
1765 1245 1783 1282 :

204 1332 328 1400 quia
358 1331 402 1384 si
431 1330 707 1399 potuissem
730 1327 841 1382 sine
866 1327 1161 1381 obedientice
1186 1340 1321 1379 noxa
1359 1323 1496 1393 quod
1526 1321 1786 1393 jubebatis

204 1426 447 1486 abnuere,
470 1437 726 1490 nunquam
750 1435 829 1474 me
847 1419 1069 1489 propria:
1089 1417 1361 1471 voluntatis
1383 1415 1623 1467 instinctu
1647 1427 1787 1465 com-

206 1513 457 1566 mitterem
482 1512 877 1565 obtrectatorum
917 1508 1163 1563 malevolo
1205 1506 1232 1542 τί
1254 1507 1405 1559 dente
1442 1502 1786 1572 carpendum;

203 1604 291 1671 qui
343 1602 571 1656 nolentes
623 1604 879 1655 advertere
924 1615 1078 1669 quam
1130 1598 1318 1651 invitus
1367 1596 1475 1649 Ittec
1520 1593 1788 1647 scribenda

202 1696 539 1763 susceperim,
560 1704 721 1747 totum
741 1694 877 1764 quod
896 1702 968 1745 est
990 1700 1168 1745 vestra!
1182 1689 1455 1760 jussionis,
1478 1685 1788 1757 applicaturi

202 1798 320 1838 sunt
348 1794 371 1822 ο
396 1791 526 1855 forte
553 1786 673 1837 vitio
706 1786 942 1837 vanitatis
964 1800 982 1837 :
1024 1784 1242 1836 maxime
1270 1782 1315 1836 si
1342 1781 1407 1835 de
1430 1781 1579 1834 rebus
1603 1778 1788 1831 talibus

202 1880 485 1943 locuturus,
525 1879 704 1947 quibus
744 1878 1200 1930 ecclesiasticarum
1242 1891 1368 1945 pene
1405 1874 1631 1926 omnium
1660 1888 1787 1925 con-

202 1969 420 2022 versatio
448 1968 666 2022 tenenda
690 1966 1008 2029 describitur,
1033 1966 1230 2034 aliquid
1260 1965 1362 2018 tale
1388 1978 1627 2034 posuero,
1652 1962 1790 2031 quod

201 2062 516 2115 saculariter
560 2062 829 2115 viventium
879 2072 1068 2114 mentes
1114 2059 1383 2126 offendat;
1431 2068 1476 2111 et
1516 2056 1537 2095 ί
1576 2057 1697 2109 dum
1737 2056 1790 2108 in

1819 777 1869 832 Α
1899 771 2069 824 tuerit.
2114 768 2356 824 Voluistis
2383 769 2556 840 itaque
2582 767 2721 821 vobis
2746 766 3107 836 proprietatem
3130 764 3246 817 vitae
3268 765 3487 818 actualis

1892 862 2108 929 exponi,
2153 870 2209 914 ut
2252 877 2343 915 vos
2390 877 2507 914 cum
2547 859 2726 913 vestris
2775 858 3057 910 secundum
3095 856 3261 924 ipsam
3301 856 3488 908 vixisse

1886 973 2104 1025 semper,
2154 965 2201 1009 et
2232 957 2395 1009 vivere
2423 954 2745 1023 probaretis;
2787 968 2888 1006 non
2916 952 3137 1021 qualiter
3166 952 3304 1005 vobis
3347 961 3485 1005 esset

1886 1051 2153 1103 vivendum
2194 1049 2368 1101 °meis
2403 1046 2834 1116 disputationibus
2876 1044 3159 1097 disceretis.
3223 1044 3490 1109 Siquidem

1900 1142 2219 1195 conversatio
2244 1140 2485 1211 religiosa
2514 1137 2734 1191 actualis
2764 1145 2836 1191 est
2862 1137 2985 1201 vita,
3013 1152 3131 1205 qua:
3182 1136 3329 1187 docet
3363 1154 3489 1206 quo-

1889 1236 2042 1294 modo,
2078 1234 2340 1303 prarpositi
2378 1233 2469 1286 sub
2502 1248 2555 1285 se
2592 1239 2768 1301 regant
2810 1232 3026 1284 viventes
3059 1241 3105 1283 et
3138 1228 3391 1299 diligant;
3429 1248 3491 1283 ac

1890 1342 1991 1378 non
2038 1325 2205 1379 minus
2254 1325 2317 1378 de
2363 1340 2560 1389 eorum,
2593 1339 2745 1393 quant
2796 1324 2858 1376 de
2906 1340 3001 1377 sua
3049 1324 3217 1377 salute
3254 1322 3486 1388 sollici:i,

1890 1420 2023 1486 quod
2053 1419 2125 1473 eis
2150 1419 2389 1488 expedire
2414 1419 2602 1481 sciunt,
2648 1425 2863 1482 paterna
2898 1432 3027 1469 cura
3066 1416 3402 1484 provideant:
3444 1426 3490 1467 et

1890 1513 2108 1581 qualiter
2131 1511 2403 1581 prteposito
2426 1524 2519 1561 suo
2539 1508 2773 1578 subjecti,
2804 1516 3046 1576 tanquam
3078 1506 3234 1575 capiti
3262 1506 3488 1558 membra

1892 1604 2212 1669 deserviant,
2281 1616 2343 1654 ac
2392 1608 2648 1669 pracepta
2703 1603 2814 1671 ejus
2866 1598 2998 1651 velut
3054 1598 3327 1665 imperium
3389 1595 3485 1649 Dei

1891 1709 2089 1749 summa
2128 1707 2303 1746 amore
2340 1690 2666 1755 custodiant;
2707 1690 2802 1741 Itoc
2834 1706 2937 1742 esse
2971 1697 3223 1750 sanctum,
3260 1689 3357 1740 hoc
3394 1689 3489 1740 sibi

1891 1786 2098 1839 salubre
2135 1793 2182 1837 et
2223 1784 2560 1837 necessarium
2588 1781 2916 1850 judicantes,
2964 1779 3101 1849 quod
3156 1780 3343 1833 rectori
3389 1795 3487 1832 suo

1894 1870 2183 1949 placuerit;
2228 1892 2329 1930 non
2368 1875 2503 1946 quod
2542 1875 2612 1927 eis
2653 1874 2705 1925 in
2745 1873 3015 1941 perniciem
3064 1871 3146 1925 sui
3184 1872 3485 1940 arrogantia

1894 1972 2077 2023 mentis
2118 1969 2312 2022 vitiosae
2351 1967 2639 2021 dictaverit.
2686 1962 2914 2029 Ideoque
2948 1963 3248 2017 obedientiaz
3290 1980 3353 2016 ac
3392 1980 3488 2034 prt-

1896 2062 2087 2116 tientiat
2132 2061 2314 2114 virtute
2355 2058 2579 2129 fundati,
2623 2058 2882 2125 majorum
2918 2070 3135 2107 suorum
3170 2070 3271 2106 non
3312 2054 3489 2106 discu-

204 2154 543 2225 descriptione
562 2154 915 2207 ecclesiastica:
934 2155 1049 2205 vita:
1074 2167 1238 2205 mores
1262 2167 1382 2204 suos
1398 2155 1544 2219 (quos
1568 2149 1791 2201 snesciri
1824 2142 1867 2201 Β
1897 2156 2027 2205 tium
2069 2151 2369 2213 constituta,
2418 2150 2505 2203 sed
2548 2149 2777 2219 faciunt;
2824 2155 2869 2199 et
2908 2146 3115 2212 quando
3154 2145 3297 2216 rigor
3329 2144 3488 2215 exigit

201 2244 363 2313 magis
388 2260 540 2313 quant
567 2243 827 2297 emendari
845 2242 1044 2310 volunt)
1076 2242 1287 2295 viderint
1315 2239 1598 2311 publicari;
1628 2242 1680 2291 in
1706 2254 1787 2291 me

202 2341 445 2401 tanquam
470 2348 680 2386 suorunt
716 2342 923 2385 actuum
962 2333 1303 2400 proditorem,
1346 2330 1622 2384 carnaliter
1644 2345 1787 2382 com-

202 2424 326 2477 moti
365 2424 660 2489 demiant,
712 2436 861 2493 atque
906 2440 964 2477 ea
1007 2440 1121 2493 qua!
1151 2424 1366 2492 fuerint,
1400 2424 1622 2476 donante
1652 2422 1781 2488 Deo,

202 2516 423 2584 prolata,
452 2517 544 2569 etsi
572 2514 943 2569 rationabiliter
970 2516 1106 2567 dicta
1128 2515 1431 2584 dijudiccnt,
1452 2530 1486 2567 a
1514 2530 1591 2566 me
1617 2522 1786 2566 tamen

200 2608 305 2660 dici
350 2623 451 2660 non
499 2607 730 2662 debuisse
774 2607 1125 2671 contendant;
1175 2608 1346 2674 sicque
1391 2615 1480 2659 aut
1524 2606 1787 2659 materiam

201 2698 587 2766 disputationis,
612 2708 699 2752 aut
734 2715 1001 2768 personam
1028 2700 1334 2767 disputantis
1361 2698 1633 2751 irrideant.
1682 2696 1787 2751 Sed

201 2788 441 2856 quoniam
458 2806 585 2843 sana
604 2806 743 2844 mens
762 2790 1225 2860 incomparabiliter
1244 2790 1467 2859 amplius
1490 2789 1788 2843 obedientite

201 2877 425 2947 fructum
460 2878 604 2932 debet
642 2892 878 2949 appetere
903 2896 1058 2950 quam
1097 2879 1255 2934 vitare
1295 2880 1504 2951 injusta.’
1537 2879 1789 2933 obtrecta-

201 2970 356 3024 tionis
384 2971 751 3041 opprobrium;
797 2970 823 3006 ιι
845 2972 1005 3025 levius
1034 2972 1233 3025 credidi
1261 2988 1340 3024 me
1366 2974 1572 3041 gravari
1614 2986 1787 3041 repre-

201 3058 531 3113 bendentium
558 3061 697 3114 dicta
725 3078 834 3114 mea
870 3061 1093 3131 judicio,
1126 3076 1281 3130 quam
1310 3062 1584 3131 pertinacis
1614 3061 1787 3113 inobe-

200 3149 407 3203 dientia:
428 3150 689 3220 subjacere
708 3150 959 3220 periculo.
991 3148 1219 3204 Proinde
1244 3166 1473 3215 securus,
1494 3149 1512 3186 ί
1537 3148 1674 3219 quod
1699 3164 1786 3202 vos

201 3239 329 3293 mihi
358 3241 658 3309 perﬁciendi
695 3239 991 3309 facultatem
1032 3242 1267 3309 precibus
1305 3240 1586 3308 impetretis
1614 3254 1647 3291 a
1672 3235 1784 3292 Do-

202 3331 364 3396 mino,
381 3331 468 3399 qui
482 3331 709 3402 jussistis
728 3339 785 3383 ut
808 3333 1061 3399 loquerer,
1084 3338 1132 3383 et
1159 3330 1605 3397 praesumptionem
1622 3343 1785 3381 meam

201 3419 339 3489 apud
368 3436 454 3475 eos
474 3421 559 3491 qui
585 3436 665 3473 me
682 3420 971 3491 judicaturi
993 3430 1133 3490 sunt,
1158 3422 1438 3484 cxcusetis;
1464 3436 1591 3490 opus
1613 3434 1783 3475 susce-

200 3520 347 3580 ptum
374 3513 388 3560 l
419 3512 555 3565 vobis
582 3512 845 3565 orantibus
872 3512 1200 3584 adjuvandus
1228 3512 1510 3583 expediam.

270 3598 327 3653 2.
367 3599 473 3656 Sed
513 3601 813 3671 priusquam
848 3601 1167 3654 membratim
1204 3602 1410 3673 singula
1448 3618 1563 3671 quin
1597 3617 1786 3672 propo-

199 3692 374 3746 suistis
398 3691 679 3759 absolvam,
720 3694 1072 3749 universaliter
1098 3694 1163 3748 de
1201 3695 1315 3762 ipsa
1354 3711 1409 3748 re
1447 3709 1560 3763 qua:
1600 3695 1654 3747 in
1690 3696 1785 3747 ltac

200 3780 376 3836 libello
408 3786 680 3837 tractanda
709 3793 784 3837 est
826 3800 994 3853 pauca
1031 3784 1157 3837 mihi
1196 3786 1343 3839 video
1380 3800 1489 3840 esse
1521 3784 1741 3839 dicenda
1765 3800 1784 3837 :

198 3874 382 3943 quibus
409 3874 661 3928 evidenter
685 3883 928 3945 appareat
964 3891 1066 3947 qua
1098 3877 1301 3930 ratione
1343 3859 1469 3929 mihi
1496 3878 1785 3930 succenseri

199 3983 349 4039 posse
374 3968 623 4036 praefatus
647 3967 763 4033 sint,
795 3967 858 4020 ab
884 3969 958 4022 eis
986 3969 1073 4038 qui
1101 3969 1267 4040 magis
1287 3968 1399 4039 quis
1424 3968 1593 4037 dicat,
1626 3983 1785 4038 quant

198 4062 324 4132 quid
368 4061 509 4113 dicat
557 4059 868 4125 attendunt;
924 4076 1015 4115 nec
1070 4061 1319 4114 rationem
1359 4059 1646 4125 dictorum,
1695 4061 1784 4114 sed

198 4155 502 4225 dignitatem
526 4153 803 4206 dicentium
820 4150 846 4190 ι
868 4170 1025 4224 prava
1056 4152 1433 4208 examinatione
1469 4153 1784 4215 discutiunt;

198 4256 246 4299 et
271 4243 411 4313 quod
437 4244 605 4313 facere
631 4253 722 4296 aut
748 4242 861 4311 ﬁeri
888 4245 1097 4308 nolunt,
1143 4243 1248 4297 dici
1287 4259 1483 4313 quoque
1515 4241 1535 4281 ι
1559 4244 1655 4297 sibi
1697 4248 1783 4314 fa-

199 4340 444 4404 stidiunt;
480 4337 760 4407 paratiores
786 4334 981 4404 aliquid
1010 4335 1275 4402 doctrinae,
1307 4338 1463 4390 etiam
1490 4338 1627 4406 quod
1655 4339 1783 4390 scire

198 4432 408 4503 cupiunt
427 4430 665 4500 ignorare
683 4442 702 4493 ;
722 4443 873 4497 quam
896 4444 928 4479 a
949 4442 1169 4495 persona
1188 4428 1432 4496 inferiore
1450 4443 1783 4499 cegnoscere:

198 4538 312 4576 cum
338 4520 519 4574 veritas
552 4519 879 4587 undecunque
905 4518 1181 4583 claruerit,
1214 4534 1314 4571 non
1341 4518 1407 4572 sit
1443 4520 1647 4587 ingenio
1686 4519 1783 4571 ltu-

199 4630 347 4667 mano
369 4611 682 4683 deputanda,
705 4612 793 4665 sed
818 4610 955 4675 Deo;
984 4626 1075 4664 nec
1100 4611 1390 4681 aliquorum
1414 4613 1589 4665 debeat
1622 4613 1781 4678 credi,

195 4708 286 4761 sed
333 4704 582 4769 omnium,
611 4719 727 4773 qua:
766 4720 855 4773 per
880 4720 933 4757 se
962 4712 1001 4740 ω
1024 4714 1168 4757 tanta
1215 4714 1262 4758 et
1305 4704 1423 4759 talis
1452 4713 1545 4768 cst,
1584 4714 1639 4758 ut
1683 4722 1784 4761 non

193 4807 316 4851 tunc
354 4798 423 4850 sit
449 4811 657 4865 magna,
698 4794 743 4847 si
786 4809 896 4846 eam
935 4795 1106 4866 magni
1144 4795 1441 4859 docuerint;
1487 4796 1578 4849 sed
1617 4798 1783 4864 potius

1890 2241 2210 2313 disciplinae,
2269 2251 2323 2294 ut
2357 2250 2383 2289 P
2418 2238 2657 2293 severiter
2698 2247 3007 2309 arguantur,
3058 2244 3321 2304 acceptam
3364 2252 3483 2288 car-

1889 2335 2170 2403 reptionem
2214 2329 2611 2403 magnanimiter
2654 2328 2864 2396 ferunt;
2914 2342 3005 2380 nec
3049 2326 3269 2381 motibus
3309 2341 3483 2379 eorum

1890 2444 1921 2481 a
1963 2427 2144 2495 quibus
2189 2426 2379 2495 fuerint
2421 2422 2703 2500 objurgati,
2724 2420 2811 2474 sed
2838 2420 2945 2474 suis
2971 2419 3311 2490 negligentiis.
3340 2418 3479 2485 quod

1889 2522 2225 2587 castigantur,
2262 2514 2546 2567 ascribunt.
2591 2511 2734 2566 Cives
2772 2526 2970 2579 quoque
3008 2526 3131 2562 suos
3176 2510 3396 2578 plebeios
3435 2520 3481 2564 et

1890 2614 2102 2677 nobiles,
2143 2611 2322 2664 divites
2366 2625 2427 2661 ac
2466 2616 2715 2676 potentes,
2756 2604 2977 2675 qualiter
3000 2612 3220 2656 tractare
3245 2612 3294 2656 et
3317 2618 3489 2674 regere

1891 2707 2104 2759 debeant
2147 2704 2473 2768 sacerdotes,
2532 2700 2690 2771 hujus
2757 2696 2917 2751 libelli
2974 2698 3129 2750 series
3186 2696 3484 2751 continebit.

1894 2797 2024 2865 Quis
2067 2812 2182 2868 ego,
2224 2796 2356 2848 sicut
2396 2808 2529 2862 sarpe
2567 2793 2679 2862 jam
2718 2788 2866 2853 dixi,
2909 2786 3129 2841 scribere
3176 2802 3280 2839 non
3319 2785 3487 2838 aude-

1888 2904 1996 2940 rem
2047 2888 2091 2939 si
2148 2884 2285 2938 vobis
2326 2896 2514 2952 negare
2556 2879 2755 2949 aliquid
2799 2888 2825 2927 τι
2864 2877 3162 2949 potuissem.
3229 2874 3336 2931 Sed
3370 2878 3486 2944 jam

1890 2984 2120 3054 capitula
2170 2981 2285 3049 ipsa
2335 2975 2635 3032 disserenda
2674 2989 2950 3045 ponamus.
3009 2970 3279 3038 Quazsistis
3328 2970 3487 3038 igitur

1889 3084 2061 3127 utrum
2100 3070 2460 3143 (equanimiter
2498 3066 2787 3121 sustinendi
2840 3064 2943 3118 sint
2996 3062 3170 3116 divina
3231 3068 3487 3128 praecepta

1887 3166 2171 3228 calcantes,
2221 3178 2289 3215 an
2328 3176 2421 3233 pro
2456 3158 2607 3214 modo
2643 3156 2834 3229 peccati
2870 3156 3085 3211 debeant
3124 3152 3478 3208 ecclesiastica

1887 3256 2153 3310 severitate
2193 3251 2426 3324 coargui.

2492 3335 2877 3393 ELENCHUS.

1958 3433 2139 3488 CAPUT
2168 3432 2209 3486 I.
2255 3430 2407 3497 Quod
2434 3444 2527 3497 pro
2553 3426 2844 3481 diversitate
2868 3423 3211 3487 peccantium,
3235 3420 3331 3475 alii
3360 3436 3485 3491 par-

1811 3499 1858 3564 C
1892 3525 2040 3579 tandi
2063 3532 2207 3589 sunt,
2233 3522 2329 3575 alii
2352 3519 2663 3590 castigandi.

1958 3616 2090 3670 CAP.
2122 3585 2202 3667 11.-
2227 3611 2306 3666 De
2333 3585 2814 3664 laudevsanctorum
2843 3585 3186 3663 sacerdotum.

1958 3704 2088 3759 CAP.
2122 3703 2209 3757 111.
2252 3700 2331 3755 De
2360 3701 2662 3755 testimoniis
2689 3698 3023 3768 apostolicis,
3065 3698 3143 3750 vel
3179 3698 3243 3750 de
3280 3697 3485 3767 exposi-

1886 3797 2025 3849 tione
2051 3809 2248 3849 eorum.

1956 3885 2084 3942 CAP.
2116 3883 2205 3939 IV.
2250 3882 2505 3955 Objectto,
2537 3897 2698 3951 quare
2730 3881 3018 3934 sacerdotes
3046 3878 3230 3943 sancti,
3256 3894 3481 3945 quorum

1884 3992 2008 4031 cura
2034 3987 2105 4029 est
2136 3974 2333 4044 perdite
2362 3974 2580 4026 viventes
2602 3986 2840 4043 arguere,
2865 3970 3191 4023 simulatores
3212 3969 3478 4038 religionis

1886 4066 2242 4138 mquanimiter
2272 4066 2460 4134 ferant.
3180 4072 3183 4075 ’

1956 4158 2087 4213 CAP.
2121 4157 2187 4212 ν.
2236 4155 2551 4226 Responsio,
2596 4154 2683 4207 ubi
2730 4152 3017 4205 ostenditur
3052 4150 3235 4222 quibus
3276 4150 3487 4220 exigem

1886 4250 2016 4303 tibus
2041 4248 2210 4302 causis
2236 4246 2581 4317 quorumdam
2607 4242 2883 4310 inﬁrmitas
2914 4242 3099 4294 blande
3126 4249 3395 4294 tractetur.

1957 4342 2087 4397 CAP.
2114 4338 2200 4393 Vl.
2244 4337 2394 4405 Quod
2426 4338 2506 4390 illi
2536 4346 2743 4403 peccata
2769 4335 2943 4388 aliena
2973 4334 3299 4403 impatienter
3327 4348 3481 4387 accu-

1886 4442 2023 4497 sant,
2056 4433 2144 4503 qui
2174 4446 2270 4483 sua
2300 4446 2401 4482 non
2428 4429 2673 4498 cogitant.

1960 4524 2090 4581 CAP.
2117 4522 2229 4577 VII.
2275 4521 2536 4587 Quantum
2564 4517 2777 4572 remedii
2804 4516 2986 4571 habeat
3016 4517 3275 4586 confessio
3303 4532 3482 4587 pecca-,

1890 4626 2078 4681 torum,
2100 4623 2146 4668 et
2169 4615 2322 4683 quale
2350 4621 2606 4666 mereatur
2636 4609 2911 4665 occultatio
2941 4610 3120 4664 dolosa
3149 4612 3478 4681 supplicium.

1958 4707 2087 4761 ΟΑΡ.
2112 4704 2248 4759 VIII.
2292 4703 2444 4769 Quod
2471 4702 2671 4771 inique,
2712 4712 2759 4755 et
2799 4717 2901 4755 non
2931 4700 3231 4770 simpliciter
3260 4718 3479 4770 arguen-

1889 4811 1982 4866 tes,
2013 4798 2130 4851 vani
2159 4798 2283 4861 sint,
2312 4812 2372 4849 ac
2393 4795 2566 4848 divino
2584 4794 2787 4865 judicio
2812 4795 3209 4849 condemnandi.

193 4889 308 4958 ipsa
337 4902 545 4958 magnos
572 4886 727 4954 faciat
754 4901 862 4951 eos,
893 4902 927 4938 a
954 4887 1133 4954 quibus
1160 4886 1330 4940 doceri
1365 4887 1444 4941 vel
1462 4889 1640 4944 ndisci
1686 4908 1781 4957 ρο-
1812 4888 1865 4948 D
1959 4891 2091 4946 CAP.
2122 4887 2215 4943 IX.
2262 4888 2411 4953 Quod
2442 4888 2735 4941 sacerdotes
2764 4886 2897 4940 nihil
2930 4890 3129 4957 proprii
3167 4886 3348 4943 habere
3384 4885 3477 4942 de.

270 5055 298 5084 ἰ
320 5046 426 5101 Ms.
448 5044 663 5111 Camb.,
690 5044 984 5110 complexus
1013 5060 1149 5111 sum,
1177 5062 1313 5099 nunc
1338 5061 1431 5115 pro
1458 5048 1668 5104 viribus.

264 5116 295 5157 δ
319 5116 446 5170 Mss.
476 5128 593 5182 sex,
615 5116 751 5181 quod
776 5114 851 5167 in.

270 5199 293 5226 ε
318 5187 450 5240 Mss.
478 5193 604 5248 tres,
630 5186 941 5238 necessitate.

265 5255 292 5294 ἀ
318 5257 414 5310 Ms.
441 5254 597 5309 Colb.
622 5269 775 5318 unus,
802 5255 1050 5307 malevolo
1071 5258 1229 5309 denti.

268 5336 293 5363 ο
320 5327 418 5380 Ms.
443 5324 595 5380 CoIb.
620 5337 756 5377 unus
769 5325 975 5393 _omittit
1006 5326 1155 5393 forte.

272 5395 291 5433 τ
322 5398 448 5451 Mss.
474 5396 728 5465 quinque,
758 5391 823 5445 Et
852 5410 983 5449 cum.

267 5474 291 5507 κ
318 5466 446 5536 Mss.
471 5475 720 5536 quatuor,
748 5465 941 5536 nescire
970 5467 1130 5536 magis
1157 5482 1310 5535 quant
1336 5468 1626 5521 emendare.

266 5535 294 5571 ⁸³
316 5534 407 5591 Sic
429 5550 529 5589 ms.
547 5534 681 5609 Reg.
706 5547 861 5587 unus.
883 5533 1198 5609 Lugdivcra
1219 5552 1340 5609 cum
1365 5552 1465 5592 ms.
1484 5539 1595 5609 alio
1616 5538 1776 5609 Begu,

194 5609 351 5661 levius
385 5622 464 5659 me
486 5604 681 5658 credidi
709 5606 909 5675 gravari
936 5604 1410 5672 reprehendentium
1437 5608 1616 5671 dictis,
1665 5604 1775 5664 nico

192 5677 410 5736 iudicio.
452 5676 615 5730 Duac.
648 5674 916 5746 et’Colon.
953 5688 1073 5729 cum
1103 5678 1139 5732 4
1164 5678 1316 5731 Coll).
1349 5693 1474 5746 ωε,
1505 5678 1666 5731 levius
1698 5696 1774 5733 me

189 5748 390 5817 credidi
436 5746 639 5817 gravari
687 5743 1163 5817 reprehendentium
1214 5746 1349 5801 dicta
1399 5743 1510 5801 mea
1553 5749 1767 5813 iudicio.

190 5814 378 5875 Lamb.
404 5814 600 5882 autem,
630 5831 842 5883 gravare
872 5816 1343 5870 revrelteudrntium
1375 5819 1510 5871 dicta
1539 5835 1649 5872 meo
1676 5822 1759 5889 jtr

1890 5051 2045 5104 dicio.

1967 5119 1983 5157 ί
2013 5119 2110 5173 Ms.
2131 5118 2343 5175 Camb..
2374 5133 2579 5171 securus
2607 5132 2785 5171 sum...
2816 5123 2872 5169 ut
2904 5131 3030 5185 opus
3059 5122 3377 5185 susceptum.

1968 5190 1981 5237 ἱ
2018 5190 2117 5243 Ms.
2142 5202 2301 5253 unus,
2328 5188 2505 5241 vestris
2545 5187 2859 5240 orationibus
2896 5184 3277 5255 adjuvantibus.

1962 5258 1985 5297 ι
2015 5260 2109 5311 Ms.
2137 5274 2199 5311 ex
2223 5257 2375 5311 Colb.
2402 5272 2560 5320 unus,
2585 5273 2742 5327 pravo
2770 5256 3023 5311 examine.

1968 5330 1982 5366 ι
2015 5329 2112 5383 Ms.
2140 5344 2272 5381 unus
2304 5342 2408 5380 non
2442 5327 2599 5380 habet
2628 5328 2745 5380 sibi.

1964 5408 2002 5435 ω
2027 5400 2152 5453 Mss.
2176 5400 2433 5465 quinque,
2479 5400 2595 5450 talis
2636 5416 2693 5449 ac
2732 5406 2876 5450 tanta
2914 5403 3012 5451 ett.

1958 5478 1983 5505 η
2010 5469 2096 5521 Sic
2127 5482 2257 5522 mss.
2281 5482 2398 5521 sex.
2426 5468 2586 5534 Edili,
2612 5468 2734 5522 dici.

1955 5549 1980 5574 °
2010 5539 2149 5592 Edit.
2177 5539 2370 5607 Lugth
2412 5539 2465 5589 in
2502 5539 2593 5590 eis.

1952 5618 1979 5656 ρ
2004 5609 2074 5689 Ita
2107 5624 2237 5689 mss.
2259 5603 2429 5662 'Colb.
2458 5617 2586 5663 tres.
2626 5608 2816 5674 Editi.,
2846 5606 3130 5663 severitate.
3175 5603 3304 5661 Mss.
3341 5611 3474 5659 tres.

1878 5688 2035 5733 severi
2059 5688 2261 5732 acrtter.

1950 5760 1973 5801 ς
2000 5748 2097 5805 Ms.
2127 5763 2286 5820 unus,
2316 5762 2537 5807 nossem.
