4516 6472
760 486 863 539 ιο.ιῖ

2104 467 2362 526 JULIANI
2404 465 2684 520 POIIEIIII

3925 472 4025 528 bii

758 596 934 654 beam,
978 604 1020 647 ει
1051 592 1295 648 Ecclesia
1333 588 1600 660 facultates
1627 572 1775 658 quasi
1802 599 2113 647 communes,
2157 590 2329 652 utpote
2356 579 2408 637 Α
2435 587 2461 626 ι
2485 579 2554 631 ita
2595 579 2827 644 peccatis
2855 577 3138 632 dissimilia
3172 587 3290 633 sunt
3322 577 3629 635 adhibenda
3661 581 3926 651 remedia,
3954 587 4025 640 si-

759 683 868 738 Deo
894 686 1138 738 rationem
1167 681 1434 744 reddituri,
1463 677 1769 747 suscipiant.

827 774 956 827 Cap.
989 773 1055 829 Χ.
1100 773 1225 827 Cum
1269 785 1366 838 quo
1408 770 1596 822 damno
1644 768 1828 820 animae
1866 781 1971 819 sure
2011 766 2077 817 ab
2107 764 2338 817 Ecclesia

762 879 872 931 qua!
904 879 1148 934 pauperes
1177 861 1358 930 pascit,
1389 858 1647 927 accipiant
1687 857 1766 911 illi
1795 857 1880 923 qni
1901 856 1997 909 sibi
2023 856 2085 908 de
2110 871 2204 908 suo
2228 853 2340 922 suf-

766 953 966 1017 ﬁcium.

829 1040 954 1092 Car.
980 1037 1069 1091 XI.
1114 1038 1215 1104 Qui
1235 1038 1337 1090 sint
1355 1037 1444 1103 qui
1465 1037 1616 1088 etiam
1635 1049 1750 1086 cum
1774 1031 2004 1100 profectu
2027 1032 2210 1084 animle
2231 1046 2340 1084 sure

760 1129 1314 1196 opibus"sustentantur
1345 1127 1607 1198 Ecclesia.

827 1215 957 1272 Car.
991 1216 1106 1271 XII.
1151 1218 1288 1283 Quid
1316 1217 1488 1285 facere
1511 1214 1719 1266 debeant
1744 1212 1918 1267 clerici
1943 1227 2158 1282 quorum
2185 1211 2339 1278 inﬁr-

761 1309 912 1361 mitas
940 1322 1042 1360 non
1071 1315 1352 1375 potest‘sua
1378 1315 1716 1358 contemnere.

830 1395 959 1450 Car.
991 1393 1130 1450 XIII.
1175 1394 1300 1459 Qua:
1326 1395 1425 1446 sint
1453 1393 1644 1461 gaudia
1673 1408 1821 1457 vera,
1861 1392 1935 1444 vel
1962 1405 2093 1445 certe
2125 1391 2333 1458 divitias,

763 1497 807 1537 η
833 1494 858 1522 ι
881 1486 1005 1554 quid
1035 1484 1378 1555 impedimenti
1409 1483 1631 1550 afferant
1669 1483 1800 1537 bona
1825 1482 2095 1554 praesentia
2123 1492 2337 1537 amato-

765 1574 905 1628 ribus
930 1575 1240 1644 futurorum.

829 1663 956 1718 Car.
988 1661 1126 1717 XIV.
1172 1663 1403 1728 Qualiter
1431 1664 1768 1732 intelligatur,
1800 1662 1943 1732 quod
1968 1663 2092 1717 dicit
2121 1664 2338 1733 Aposto-

762 1758 876 1810 lus:
907 1756 1007 1823 Qui
1037 1757 1091 1810 in
1120 1758 1348 1810 sacrario
1393 1765 1686 1825 operantur,
1718 1770 1834 1826 qua
1859 1755 1924 1808 de
1949 1758 2179 1809 sacrario
2218 1763 2339 1836 sunt

761 1845 940 1900 edunt.

2441 678 2530 723 cut
2555 685 2621 725 ex
2649 668 2992 724 dissimilibus
3019 670 3196 725 causis
3223 671 3443 734 ven'mnt
3475 671 3589 739 ipsa
3618 683 3864 741 peccata.
3901 676 4024 731 Plc-

2441 773 2638 829 resque
2664 760 2805 816 enim
2836 758 3092 827 peccandi
3121 760 3453 814 consuetudo
3480 761 3742 828 deiectat,
3783 765 3923 818 alios
3959 764 4022 818 ad

2442 849 2765 915 peccandum
2795 849 3008 903 occasio
3036 849 3263 915 alicujus
3292 849 3424 905 lucri
3459 851 3769 918 temporalis
3809 852 4022 916 invitat,

2439 934 2699 1007 fragilitas
2747 937 3031 993 nonnullos
3079 937 3345 1002 inclinat,
3409 940 3671 1009 quosdam
3723 942 4021 1010 ignorantia

2439 1025 2565 1081 boui
2595 1027 2717 1083 facit
2744 1028 2952 1082 nescire
3001 1030 3141 1099 quod
3191 1040 3448 1096 peccant,
3496 1038 3552 1083 et
3600 1029 4023 1099 impedit‘mali

2440 1113 2685 1183 dulcedo,
2702 1131 2770 1170 ue
2790 1120 3022 1186 correpti
3050 1118 3333 1188 aliquando
3353 1119 3565 1188 sapiant
3583 1121 3727 1190 quod
3753 1123 4022 1191 ignorant.

2439 1205 2617 1262 Taceo
2633 1206 2701 1260 de
2724 1205 2832 1263 illis
2853 1223 2992 1276 quos
3025 1209 3198 1265 aliena
3219 1210 3412 1267 delicta
3434 1210 3629 1280 quibus
3656 1213 4024 1280 consentiunt,

2439 1294 2768 1352 decolorant.
2818 1297 2940 1352 Illos
2967 1299 3132 1354 etiam
3180 1302 3532 1370 praetermitto
3577 1304 3692 1373 qui,
3739 1305 4021 1372 cupientes

2439 1389 2661 1458 adipisci
2705 1389 2847 1460 quod
2895 1390 3166 1460 diligunt,
3220 1395 3306 1448 vel
3352 1393 3684 1464 refugientes
3729 1395 3841 1463 pati
3882 1396 4026 1462 quod

2437 1487 2703 1542 metuunt,
2737 1488 2830 1534 aut
2857 1480 3015 1534 fidem
3044 1481 3363 1537 catholicam
3396 1483 3660 1551 produnt,
3697 1483 3714 1522 ί
3747 1493 3842 1538 aut
3871 1501 4025 1540 men-

2437 1569 2592 1625 dacio
2640 1571 3004 1640 praestantiam
3046 1572 3288 1626 veritatis
3330 1573 3606 1628 addicunt.
3655 1573 3669 1624 i
3716 1574 3852 1630 Illud
3897 1591 4026 1632 vero

2437 1656 2558 1713 dico
2611 1675 2626 1713 :
2675 1658 2805 1725 Quis
2857 1659 3062 1714 nesciat
3115 1657 3142 1698 ι
3191 1660 3347 1715 aliter
3401 1660 3649 1717 homines
3700 1663 4027 1732 cogitatione

2437 1749 2649 1815 subita,
2707 1750 2863 1804 aliter
2908 1750 3221 1808 deﬁnitione
3271 1750 3623 1821 delinquere,
3682 1751 3846 1808 aliter
3895 1767 4018 1808 ser-

2439 1855 2618 1906 mone,
2639 1840 2799 1897 aliter
2825 1856 3011 1913 opere,
3043 1843 3199 1899 aliter
3224 1842 3571 1909 necessitate,
3600 1843 3759 1898 aliter
3785 1840 3802 1881 ι
3829 1845 4025 1899 volun-

827 1937 959 1993 Car.
986 1936 1102 1992 XV.
1142 1935 1220 1992 De
1241 1937 1535 2007 cupiditate,
1574 1935 1795 2005 qualiter
1817 1935 1891 1990 eis
1917 1950 2044 2004 quos
2075 1935 2230 1989 semel
2255 1936 2338 1990 in-
2363 1924 2414 1985 Β
2441 1943 2550 1989 tate
2579 1947 2801 2000 peccare

763 2031 944 2084 raserit
971 2030 1280 2083 dominetur.

830 2116 961 2173 ΟΑΡ.
985 2112 1121 2173 XVI.
1155 2118 1305 2185 Quod
1331 2118 1490 2172 Deum
1517 2117 1785 2186 per/actius
1808 2116 1889 2170 illi
1919 2116 2233 2186 possideant,
2251 2120 2341 2190 qui

769 2210 982 2264 terrenis
1011 2210 1410 2279 possessionibus
1439 2225 1502 2263 ea:
1525 2209 1676 2263 corde
1705 2207 2018 2261 renuntiant.

835 2302 966 2357 Car.
1004 2302 1166 2357 XVII.
1210 2304 1358 2369 Quod
1391 2302 1520 2356 nihil
1567 2303 1858 2371 proﬁciant,
1890 2303 2001 2373 qui,
2032 2303 2338 2360 abstinentes

768 2407 800 2442 a
836 2391 981 2455 cibis,
1013 2393 1145 2445 vitiis
1183 2393 1443 2456 seruiunt;
1471 2407 1562 2446 nec
1593 2392 1752 2457 prosit
1778 2390 1884 2445 illis
1911 2391 2181 2461 facultates
2206 2393 2340 2464 abji-

765 2496 896 2544 cere.
922 2483 1011 2552 qui
1036 2499 1156 2537 tuas
1181 2483 1378 2553 faciunt
1404 2482 1706 2537 voluntates.

803 2567 963 2626 CAP.
1005 2569 1192 2626 XVIII.
1234 2571 1443 2638 Quanta
1487 2572 1616 2626 bona
1647 2573 1847 2641 primus
1877 2573 2049 2642 homo,
2079 2573 2340 2629 abstinen-

764 2661 852 2715 tite
877 2660 1063 2716 bonum
1089 2662 1385 2731 negligenda
1430 2662 1729 2732 perdiderit.

836 2749 964 2806 CAP.
1007 2750 1146 2806 XIX.
1196 2750 1273 2806 De
1309 2761 1514 2816 peccato
1562 2753 1714 2818 primi
1749 2752 1991 2818 hominis,
2024 2762 2073 2808 et
2100 2755 2164 2808 de
2191 2753 2341 2810 malis

766 2856 883 2912 quia
905 2842 1052 2895 illum
1078 2851 1384 2910 peccantem,
1417 2841 1524 2896 Dea
1535 2842 1826 2912 judicantc,
1853 2852 2028 2899 secuta
2054 2854 2194 2899 sunt.

838 2929 966 2986 Car.
1007 2932 1124 2987 XX.
1172 2932 1324 2998 Quod
1353 2934 1522 2988 omnia
1548 2934 1679 2988 bona
1703 2951 1818 3006 qua!
1843 2937 1897 2990 in
1926 2937 2091 2990 Adam
2112 2939 2344 3010 corrupti

768 3020 1102 3097 perdidimug,
1127 3023 1182 3076 in
1202 3021 1404 3077 Christo
1427 3023 1654 3092 reparati
1677 3021 1707 3063 δ
1733 3024 2055 3094 recipiemus.

835 3109 964 3165 Car.
1004 3109 1145 3166 XXI.
1186 3111 1418 3177 Qualiter
1455 3113 1620 3167 vicere
1658 3113 1876 3169 debeant
1929 3116 2018 3186 qui
2070 3114 2332 3172 Christum

768 3201 964 3254 imitari
990 3201 1305 3256 desiderant.

2509 2025 2576 2079 Ξῖ
2604 2024 2764 2079 Cum.
2782 2024 2943 2093 igitur
2988 2033 3095 2078 tam
3143 2023 3523 2090 multiplicibus
3547 2063 3564 2089 ,
3608 2038 3673 2078 ac
3703 2025 3929 2080 multum
3961 2026 4030 2082 ab

2441 2112 2669 2168 invicem
2698 2123 2736 2150 ω
2769 2113 3087 2168 distantibus
3120 2114 3294 2168 modis
3330 2114 3574 2169 homines
3617 2125 3878 2184 peccent,
3911 2120 4029 2184 quis

2443 2219 2551 2258 non
2582 2203 2842 2274 intelligat
2863 2219 2970 2259 uno
3000 2203 3163 2260 modo
3190 2205 3269 2260 eis
3299 2219 3404 2258 non
3437 2219 3592 2274 posse
3613 2207 3794 2275 utique
3825 2207 4027 2264 mederi

2439 2308 2666 2364 quorum
2698 2303 2805 2349 tam
2833 2294 3032 2350 diversi
3062 2305 3187 2349 sunt
3222 2295 3393 2351 morbi
3422 2296 3446 2349 i
3491 2295 3558 2351 Et
3600 2297 3721 2352 ideo
3745 2297 4032 2368 dupliciter

2440 2383 2651 2453 quidem
2702 2383 2962 2454 fragilitas
3007 2383 3239 2440 humana
3280 2385 3373 2441 Dei
3405 2396 3671 2456 pratccpta
3708 2394 4025 2448 contemnit.

2439 2479 2534 2526 aut
2580 2472 2823 2529 faciendo
2864 2473 3008 2543 quod
3037 2482 3068 2511 ιι
3098 2474 3302 2542 vetuit,
3340 2483 3434 2530 aut
3465 2490 3573 2531 non
3614 2475 3860 2533 faciendo
3887 2480 4028 2550 quod

2437 2566 2602 2637 jussit
2623 2585 2638 2623 :
2661 2569 2756 2625 sed
2782 2577 2808 2605 υ
2835 2568 3104 2639 quomodo
3129 2583 3240 2625 non
3270 2569 3444 2625 solum
3472 2585 3540 2626 ex
3566 2569 3671 2625 illis
3697 2572 3877 2630 causis
3896 2588 4031 2642 quas

2441 2659 2852 2715 commemoravi
2873 2699 2889 2725 ,
2919 2658 3012 2715 sed
3052 2660 3212 2714 etiam
3237 2675 3304 2715 ex
3332 2658 3452 2715 aliis
3490 2675 3626 2731 quas
3651 2675 3761 2716 non
3784 2675 4028 2717 comme-

2442 2750 2670 2816 moravi,
2706 2750 2758 2804 in
2789 2750 3069 2819 prmceptis
3097 2749 3209 2806 suis
3234 2765 3354 2805 eum
3387 2760 3766 2817 contemnunt,
3797 2753 3889 2821 qui
3915 2753 4030 2821 ejns

2441 2849 2705 2908 prmeepta
2736 2854 2842 2894 non
2884 2834 3122 2904 iaciunt;
3174 2840 3251 2894 sic
3290 2839 3491 2896 debent
3525 2853 3714 2895 omnes
3744 2839 3906 2895 modo
3929 2840 4030 2896 do-

2440 2929 2612 2985 cendo
2635 2969 2650 2995 ,
2681 2929 2843 2984 modo
2881 2914 3218 2986 esbort'ando
3242 2971 3259 2997 ,
3289 2930 3450 2984 modo
3486 2929 3799 2985 sustinendo
3821 2971 3839 2994 ,
3870 2931 4032 2986 modo

2441 3020 2767 3090 increpando
2789 3030 2816 3071 ι’
2840 3021 3041 3086 curari,
3063 3031 3122 3076 ut
3147 3021 3249 3076 sub
3268 3035 3370 3091 ope
3391 3019 3588 3076 Christi
3612 3031 3642 3072 ιι
3667 3020 3865 3076 nullius
3886 3022 4032 3077 salus

2442 3111 2497 3166 iu
2527 3111 2628 3166 hac
2655 3112 2763 3166 vita
2790 3111 2983 3167 debeat
3003 3112 3299 3178 desperari.
3323 3111 3440 3166 Iam
3477 3126 3618 3168 nunc
3639 3111 3685 3166 si
3708 3111 3844 3167 satis
3869 3127 4033 3184 appa~

2445 3202 2553 3258 ruit
2579 3201 2720 3272 quod
2746 3202 2924 3258 divina
2961 3212 3223 3272 praecepta
3260 3201 3530 3259 calcantes
3562 3216 3668 3257 non
3698 3202 3873 3258 solum
3904 3217 4032 3273 por-

837 3289 966 3345 Can.
993 3289 1156 3352 XXII.
1185 3303 1208 3332 ο
1239 3292 1354 3358 Qua
1378 3295 1711 3364 temperantia
1737 3297 1813 3349 uti
1838 3295 2051 3351 debeant
2074 3300 2166 3365 qui
2189 3315 2224 3353 α
2250 3315 2342 3354 ro-
2371 3270 2419 3333 ο
2453 3270 2758 3360 tandi‘sunt,
2780 3293 2876 3349 sed
2895 3270 3054 3348 etiam
3077 3270 3402 3364 castigandi;
3433 3308 3462 3347 a
3482 3293 3673 3364 quibus
3701 3291 3752 3348 id
3780 3270 4032 3365 flag—qui,

771 3380 967 3448 luplale
993 3382 1386 3453 delectabiliuns,
1427 3386 1504 3439 uel
1541 3383 1603 3438 ab
1643 3385 1980 3445 immoderata
2024 3389 2344 3458 perceptione

769 3470 992 3524 ciborum
1017 3473 1380 3553 communium,
1411 3481 1560 3543 atque
1578 3491 1612 3527 a
1636 3475 1737 3529 nini
1771 3476 2220 3532 immoderatousu
2252 3495 2343 3532 cu-

769 3563 916 3632 piunt
943 3563 1218 3622 abstinere.

838 3650 968 3706 Car.
1009 3651 1198 3708 XXIII.
1243 3654 1394 3719 Quod
1432 3663 1625 3710 utentes
1663 3654 1903 3710 carnibus
1939 3659 2345 3726 concupiscentia

770 3742 1000 3808 carnium
1026 3744 1246 3811 polluat,
1277 3760 1378 3798 non
1405 3755 1607 3800 natura.

840 3830 969 3885 CAP.
997 3831 1184 3887 XXIV.
1229 3833 1395 3899 Quam
1424 3835 1550 3889 utile
1572 3833 1637 3887 sit
1656 3835 1864 3907 jeiunio
1889 3834 1967 3890 vel
2003 3836 2340 3907 abstinentia,

772 3917 1142 3974 advenientium
1168 3921 1428 3976 caritatem
1453 3922 1747 3995 plerumque
1766 3921 1794 3962 δ
1814 3926 2072 3997 praeferre.

1221 4036 1226 4039 “
1282 4031 1506 4090 CAPUT
1544 4034 1828 4090 PRIMUM.

773 4119 927 4187 Quod
971 4136 1064 4192 pro
1105 4120 1411 4196 diversitate
1437 4126 1751 4196 peccantium
1779 4125 1873 4180 alii
1911 4128 2152 4195 portandi
2184 4138 2339 4196 sunt,

1337 4192 1431 4246 alii
1464 4192 1767 4262 castigandi.

843 4280 896 4335 Ι.
934 4278 990 4336 Si
1020 4296 1124 4337 una
1153 4295 1344 4338 omnes
1372 4283 1688 4353 aegritudine
1718 4286 1977 4340 mentium
2007 4288 2338 4359 laborarent,

771 4385 837 4427 ac
859 4371 1070 4437 paribus
1096 4373 1398 4430 animorum
1423 4374 1626 4431 morbis
1641 4362 1842 4443 aﬂ‘ect‘,
1865 4375 1998 4432 nihil
2017 4379 2086 4436 ob
2110 4379 2339 4439 invicem

772 4460 1172 4532 discreparent,
1216 4473 1310 4520 aut
1333 4465 1634 4520 Hostium
1671 4479 1861 4522 omnes
1901 4481 2122 4525 necesse
2164 4482 2336 4541 esset,

773 4540 866 4606 aut
895 4554 1064 4620 argui.
1104 4553 1254 4610 Nunc
1279 4569 1428 4622 vero,
1457 4568 1740 4626 prepterea
1775 4555 1868 4611 alii
1905 4559 2149 4629 portendi
2187 4540 2336 4630 sunt,

773 4643 862 4698 alii
888 4645 1198 4717 cast‘gandi,
1228 4647 1350 4718 quia
1376 4663 1474 4718 pro
1497 4648 1803 4706 diversitate
1831 4651 2188 4720 peccantium,
2215 4669 2334 4711 mo-

773 4735 872 4792 dus
900 4751 1110 4807 quoque
1154 4737 1399 4794 diversus
1443 4737 2003 4809 estiprzcceptorum.
2054 4742 2123 4798 Et
2151 4744 2335 4816 utique

783 4903 786 4908 ’
845 4924 871 4985 f
897 4914 1020 4969 Mss.
1043 4924 1172 4981 tres,
1203 4915 1339 4985 quod
1370 4913 1808 4985 impedimentum.

847 4982 876 5023 δ
901 4986 995 5039 Ms.
1018 4982 1228 5047 Camh.,
1249 4982 1538 5053 recipimus.

851 5063 875 5090 ε
903 5056 1078 5118 I'Idtti.,
1108 5056 1282 5116 Quali.

843 5121 991 5194 ἀτμῇ.
1014 5125 1221 5194 Camb"
1249 5125 1497 5194 ρτωίσιὶ.

843 5202 869 5230 ο
895 5192 993 5246 Ms.
1016 5189 1169 5248 Colb.
1195 5189 1367 5260 unus,
1395 5193 1639 5247 sustinere
1659 5209 1832 5249 omnes
1869 5210 2070 5249 necesse
2098 5205 2228 5250 esset
2249 5207 2339 5251 aut

773 5278 1021 5415 03.57;.
1043 5331 1198 5387 Colb.
1232 5339 1377 5415 tres,
1403 5341 1458 5387 et
1494 5332 1624 5402 Reg.
1651 5347 1807 5396 unus,
1841 5343 2182 5403 peccatorum.
2234 5335 2334 5390 Ms.

775 5403 910 5458 alter
940 5402 1093 5470 Reg.,
1112 5403 1483 5527 ranitentium.
1685 5473 1697 5484 .
1845 5402 1850 5403 “
2295 5473 2306 5485 .

784 5541 814 5553 η
847 5481 872 5518 8
897 5471 1185 5553 bim-Con
1223 5486 1377 5553 unus,
1409 5474 1724 5553 ita‘pevcatts
1750 5471 2078 5528 dissimilibus
2107 5474 2338 5527 dissimi-

777 5541 848 5609 lia
872 5541 1159 5594 adhibeuda
1186 5551 1303 5596 sunt
1332 5541 1571 5596 remedia.

847 5608 876 5649 ¹ι
900 5611 998 5665 Ms.
1023 5625 1180 5665 unus.
1207 5611 1346 5664 mala
1370 5609 1585 5665 dulcedo

855 5680 870 5764 ξ
1892 5680 1987 5736 bis.
2011 5681 2160 5736 Colb.
2182 5697 2337 5748 unus,

777 5759 866 5802 aut
885 5750 1197 5804 mendacium
1187 5753 1491 5874 {referunt
1517 5753 1732 5804 veritati.

849 5834 866 5870 ι
914 5819 1049 5875 Edit.
1076 5820 1185 5892 Lug
1229 5861 1240 5872 .
1276 5835 1398 5878 cum
1435 5835 1564 5878 mss.
1610 5822 1862 5891 quinque,
1905 5821 2036 5876 illud
2065 5823 2196 5876 dico.
2241 5823 2337 5878 Ms.

2446 3384 2528 3439 vel
2557 3399 2664 3454 quo
2685 3383 2894 3452 ordine,
2918 3391 2972 3439 et
2997 3382 3231 3453 quandiu
3259 3382 3479 3439 curandi
3501 3382 3610 3438 sint
3629 3382 3721 3454 qni
3753 3393 4029 3447 curantur.

2444 3475 2814 3545 adjuvantibus
2843 3490 2930 3531 me
2959 3486 2982 3514 τ
3011 3475 3217 3531 meritis
3243 3483 3300 3530 et
3323 3475 3657 3532 orationibus
3684 3475 3902 3546 vestris,
3935 3477 4035 3533 dc-
4074 3491 4078 3494 ·

2447 3564 2548 3622 beo
2573 3565 2870 3622 declarare.

3082 3658 3308 3718 CAPUT
3344 3658 3407 3715 II.

2767 3747 2845 3804 De
2871 3747 3025 3803 laude
3049 3758 3339 3804 sanctorum
3365 3751 3706 3807 sacerdotum.

2515 3838 2567 3894 I.
2608 3836 2686 3893 Ac
2724 3852 2794 3894 ne
2829 3836 2989 3893 tidem
3021 3852 3174 3894 meus
3197 3851 3378 3894 sermo
3403 3841 3547 3896 velut
3577 3841 3808 3898 humana
3847 3845 4032 3914 conje-

2442 3933 2594 3983 ctura
2621 3942 2728 3983 non
2760 3926 2987 3994 habeat,
3015 3926 3372 4000 eﬂ'ectumque
3391 3971 3408 3996 ,
3450 3929 3578 3986 dum
3605 3932 3656 3988 ei
3688 3947 3878 4002 parum
3908 3948 4029 3991 creo

2441 4020 2608 4084 ditur,
2639 4015 2857 4085 perdat;
2903 4030 2966 4072 ea
2991 4032 3112 4085 qua:
3134 4057 3151 4085 ,
3178 4017 3472 4088 adiuvante
3503 4020 3729 4076 Domino
3749 4060 3769 4088 ,
3797 4021 4028 4079 demon-

2441 4118 2616 4164 strare
2634 4107 2910 4173 constitui,
2931 4122 3060 4164 vera
3084 4124 3206 4166 esse
3229 4110 3425 4166 divinis
3451 4112 3771 4170 testimoniis
3792 4114 4029 4172 conabor

2442 4198 2748 4265 ostendere,
2774 4199 2818 4254 si
2849 4197 2996 4268 prius
3024 4213 3190 4270 pauca
3211 4200 3280 4256 de
3304 4201 3462 4258 laude
3492 4218 3742 4260 verorum
3768 4206 4025 4262 sacerdo-

2442 4299 2577 4355 tum,
2605 4289 2695 4361 qui
2723 4299 2848 4345 sunt
2874 4289 3234 4347 Ecclesiarum
3260 4292 3532 4364 magistri,
3563 4295 3861 4366 promlero.
3891 4295 4026 4368 Ipsis

2441 4383 2583 4438 enim
2606 4381 2820 4451 proprie
2839 4383 3135 4438 animarum
3163 4384 3520 4440 curandarum
3549 4385 3858 4443 sollicitudo
3878 4402 4026 4445 com-

2440 4473 2600 4529 missa
2628 4481 2741 4538 est;
2767 4477 2856 4543 qui
2889 4472 3096 4541 pondus
3121 4473 3300 4542 populi
3332 4473 3433 4529 sibi
3462 4477 3734 4531 commissi
3765 4483 3788 4512 '
3822 4478 4029 4534 utiliter

2440 4563 2784 4630 sustinentes,
2799 4577 2896 4633 pro
2913 4564 3144 4632 peccatis
3169 4563 3405 4618 omnium
3427 4565 3571 4620 velut
3591 4580 3690 4636 pro
3711 4568 3826 4623 suis
3852 4567 4030 4624 infatl~

2441 4655 2600 4727 ga'bili
2608 4663 2688 4709 ter
2711 4653 3007 4725 supplicant
3019 4654 3149 4724 Deo,
3169 4669 3232 4710 ac
3245 4655 3390 4711 velut
3413 4655 3625 4725 quidam
3640 4657 3819 4713 Aaron
3844 4658 4028 4715 incen-

2443 4761 2563 4802 sum
2606 4745 2820 4801 contriti
2848 4743 3028 4804 cordis
3048 4783 3066 4811 ,
3095 4751 3151 4801 et
3181 4743 3446 4800 bumiliati
3472 4747 3696 4816 spiritus
3719 4746 4025 4812 «ﬂatantes,

2442 4933 2603 4984 unus,
2624 4919 2759 4974 illud
2777 4918 2999 4985 quidem.
3026 4917 3125 4972 Iis.
3153 4917 3312 4985 alter,
3332 4919 3504 4973 adhuc
3521 4918 3657 4973 illud
3675 4919 3809 4974 dico.

2513 4989 2542 5028 ιι
2577 4989 2676 5062 Ms.
2695 4985 2850 5043 Colb.
2873 5001 3032 5052 unus,
3061 4985 3210 5041 aliter
3238 4988 3457 5042 hominis
3479 4989 3810 5060 cogitationes
3839 5005 4022 5062 super-

2443 5060 2548 5123 bia,
2564 5088 2565 5091 η
2579 5058 2749 5120 aliter.
2778 5067 2883 5113 etc.

2516 5127 2535 5168 1
2585 5128 2683 5182 bis.
2707 5125 2861 5183 Colb.
2899 5139 3060 5190 unus.
3084 5127 3358 5190 voluptate.

2511 5199 2549 5220 "
2582 5197 2678 5250 Ms.
2717 5210 2870 5261 unus,
2898 5195 3318 5265 discrepantibus.

2510 5275 2538 5305 η
2577 5266 2678 5343 με.
2707 5280 2868 5330 unus,
2889 5264 3025 5335 quod
3044 5264 3198 5343 petat,
3220 5279 3305 5320 aut
3328 5284 3429 5322 non
3460 5267 3694 5343 faciendo
3711 5271 3850 5339 quod
3857 5271 3967 5343 jube
3984 5282 4019 5324 t.

2512 5345 2536 5372 ο
2577 5336 2702 5390 Mss.
2735 5350 2944 5400 omnes,
2974 5336 3233 5404 quoniam,
3267 5346 3322 5391 et
3363 5336 3520 5406 paulo
3560 5350 3680 5407 post
3707 5336 3874 5394 mss.'
3894 5349 4020 5402 tres.

2445 5404 2716 5458 Dominum
2738 5415 3085 5459 contemnunt.

2512 5473 2866 5560 »μαθέ-(120
2896 5474 3044 5560 Ιξβεξί
3083 5489 3209 5558 cum.
3238 5475 3427 5540 editis,
3463 5492 3662 5532 curare.
3699 5477 3827 5534 Mss.
3871 5479 4020 5534 Colb.

2446 5554 2672 5611 quatuor
2701 5553 2753 5599 et
2789 5547 3002 5608 Camb.,
3039 5548 3228 5599 curari.

2446 5683 2482 5693 η
2513 5624 2541 5663 (ι
2580 5613 2680 5669 Ms.
2700 5613 2852 5670 Colb.
2875 5628 3034 5693 unus,
3057 5615 3231 5693 nullus
3249 5615 3419 5693 malus
3443 5617 3493 5668 in
3522 5619 3618 5668 hac
3635 5617 3769 5693 bitu,
3791 5625 3896 5673 εις.
3926 5619 4015 5674 bit.

2443 5683 2578 5751 Ileg.
2603 5696 2759 5746 unus,
2794 5683 2990 5737 nullius
3017 5686 3158 5738 salus
3179 5684 3354 5738 debeat
3385 5685 3666 5748 desperari.

2519 5762 2538 5790 τ
2585 5752 2728 5811 Iltec.
2761 5754 2950 5806 meritis
2981 5762 3047 5812 et.
3071 5753 3311 5808 absunta
3334 5769 3463 5810 mss.
3486 5755 3735 5812 omnibus

2518 5831 2540 5859 ⁸
2586 5822 2712 5877 Mss.
2736 5837 2850 5886 ses,
2879 5824 3090 5878 viriliter
3107 5825 3402 5880 sustinentes
