4516 6408
203 392 303 448 “5

1215 388 1305 445 DE
1345 388 1499 444 YlTA
1540 386 2117 443 CONTEMPLATWA
2157 388 2290 443 LIB.
2333 388 2396 443 11.

3375 388 3487 447 ιισ

206 516 228 543 α
260 520 365 574 quo
394 504 638 575 placatur
668 503 838 568 Deus,
879 508 1126 557 avertunt
1154 502 1287 557 iram
1318 502 1509 557 futura:
1536 499 1781 556 animad-
1808 504 1861 561 Α
1885 502 1988 567 die,
2019 502 2139 571 quia
2165 503 2390 556 mundus
2414 518 2528 556 sum
2557 502 2618 555 ab
2642 502 2868 554 omnium
2896 499 3163 569 sanguine.
3199 497 3318 553 Non
3344 503 3484 556 enim

201 597 463 650 versionis
503 611 535 650 a
582 599 776 666 pupqu
834 595 1044 666 (Exod.
1081 610 1227 659 xxx,
1260 596 1355 658 l0;
1398 594 1516 648 Leu.
1558 609 1677 658 xvr,
1706 592 1783 657 2;

201 685 363 739 Num.
408 702 519 751 xvt,
549 686 665 753 46');
693 685 780 755 qui
811 702 902 753 per
920 686 1011 739 Dei
1045 688 1271 755 gratiam
1314 685 1445 738 fiunt
1469 685 1666 739 divina:
1694 698 1788 738 vo-

200 779 418 833 luntatis
455 780 659 833 indices
684 817 697 838 .
744 778 1099 832 Ecclesiarum
1138 777 1337 832 Christi
1367 787 1487 846 post
1514 775 1786 845 apostolos

198 871 528 933 fundatores,
550 868 577 907 ιδ
596 870 763 923 lidelis
788 871 961 938 populi
986 871 1173 933 duces,
1200 870 1439 925 veritatis
1462 879 1783 930 assertores,

198 978 379 1033 prava:
411 960 668 1015 doctrina:
708 961 919 1027 hostes,
951 962 1198 1016 omnibus
1228 962 1384 1017 bonis
1415 962 1699 1027 amabiles,
1733 970 1788 1014 et

199 1052 336 1106 male
365 1050 466 1104 sibi
494 1051 724 1104 consciis
747 1051 907 1104 ctiam
940 1051 1055 1120 ipso
1081 1052 1195 1105 visu
1228 1052 1521 1114 terribiles,
1549 1051 1786 1105 vindices

196 1155 597 1211 oppressorum,
625 1150 802 1209 patres
830 1141 880 1193 in
910 1141 1012 1195 fide
1037 1141 1297 1195 catholica
1324 1152 1781 1209 regeneratnrum,

198 1230 576 1301 praedicatores
613 1230 943 1295 cmlestlttm,
974 1230 1130 1297 primi
1171 1229 1326 1301 [forte
1356 1229 1566 1300 primae]
1601 1241 1623 1267 ο
1658 1231 1785 1297 pha-

196 1321 381 1391 langes
426 1321 769 1375 invisibilium
820 1320 1122 1389 pra‘liorum
1155 1360 1170 1384 ,
1218 1322 1463 1389 exempla
1522 1323 1781 1375 honorum

197 1427 448 1482 operum,
479 1413 795 1467 documenta
832 1412 1088 1467 virtutum
1113 1453 1129 1479 ,
1173 1422 1229 1466 et
1257 1410 1283 1449 ἀ
1320 1413 1487 1468 forma
1521 1414 1778 1468 fidelium.

195 1501 298 1569 Ipsi
325 1512 452 1557 sunt
478 1509 504 1540 ⁸
535 1501 790 1557 Ecclesia:
819 1502 1015 1568 decus,
1047 1502 1100 1557 in
1132 1503 1326 1571 quibus
1363 1504 1590 1572 amplius
1620 1504 1785 1573 fulget

193 1590 465 1655 Ecclesia;
498 1592 597 1661 ipsi
625 1592 885 1647 columna:
917 1592 1236 1647 firmissima:
1261 1593 1454 1662 quibus
1485 1595 1535 1647 in
1568 1592 1784 1647 (Σιιιηειο

195 1678 431 1734 fundatis
470 1682 711 1735 innititur
737 1682 910 1736 omnis
950 1683 1235 1737 multitudo
1273 1682 1637 1746 credentium;
1680 1684 1780 1750 ipsi

192 1769 369 1839 ianua
393 1771 623 1825 civitatis
650 1780 886 1841 utter-nae,
921 1789 1017 1841 per
1045 1789 1179 1842 quos
1205 1789 1394 1829 omnes
1426 1776 1513 1843 qui
1552 1775 1781 1831 credunt

1891 590 2197 661 subterfugi,
2219 592 2492 660 quominus
2514 592 2872 645 onnuntiorent
2893 591 3029 643 vobis
3050 606 3197 642 omne
3217 591 3483 645 consilium

1892 679 2007 735 Dei.
2034 682 2290 735 Attendite
2321 682 2459 735 vobis
2494 690 2539 734 ct
2566 681 2801 735 uniuerso
2829 681 3002 749 gregi,
3039 681 3091 731 in
3115 696 3215 749 quo
3242 695 3327 732 vos
3356 678 3484 747 Spi-

1886 773 2016 825 ritus
2044 782 2250 827 sanctus
2294 772 2464 837 posuit
2502 773 2795 841 episcopos,
2834 787 3007 839 regere
3043 770 3321 823 Ecclesium
3370 770 3485 833 Dei,

1888 879 2042 931 quam
2077 860 2094 899 ι
2128 864 2395 931 acquisivit
2420 866 2670 933 sanguine
2695 880 2790 915 suo
2841 863 2979 931 (Act.
3013 878 3080 915 xx
3104 902 3118 925 ,
3157 861 3227 915 25
3263 872 3309 914 et
3331 862 3483 929 ιαμ).

1889 951 2129 1022 Regnum
2165 954 2287 1021 Dei,
2323 956 2533 1023 inquit,
2572 956 2713 1007 inter
2745 968 2842 1005 vos
2864 952 3143 1005 ambulans
3174 952 3440 1020 prazdicav
3467 995 3482 1018 ,

1890 1051 1948 1095 ut
1976 1057 2061 1096 me
2089 1041 2323 1096 alienum
2354 1043 2422 1096 ab
2449 1042 2690 1096 omnium
2721 1041 3021 1108 perditione
3055 1054 3328 1094 servarem
3350 1080 3366 1106 ,
3394 1044 3484 1111 qui

1889 1137 2055 1188 verbo
2079 1135 2338 1189 doctrina:
2365 1135 2618 1189 salutaris
2639 1134 2841 1197 audito,
2866 1134 2997 1188 nihil
3024 1142 3063 1169 ω
3098 1144 3487 1200 promoventur

1888 1224 1952 1277 ad
1984 1224 2233 1279 salutem.
2268 1225 2507 1296 Regnum
2545 1224 2637 1280 Dei
2670 1225 2941 1294 praedicat,
2970 1225 3057 1293 qui
3081 1224 3149 1278 de
3173 1224 3278 1277 vita
3310 1222 3484 1279 futura

1886 1330 2008 1383 qua:
2035 1331 2139 1369 non
2165 1315 2327 1370 habet
2355 1316 2511 1369 linem
2534 1332 2547 1379 ;
2579 1317 2645 1369 de
2666 1314 3117 1383 contemplatione
3137 1313 3342 1379 divina,
3367 1330 3486 1382 quas

1888 1420 1993 1457 non
2026 1404 2186 1459 habet
2211 1405 2541 1459 fastidiosam
2570 1406 2902 1468 satietatem;
2934 1405 3003 1459 de
3028 1413 3331 1458 sanctorum
3360 1403 3487 1459 bea-

1888 1496 2138 1562 titudine,
2170 1514 2289 1565 quae
2315 1502 2420 1551 non
2455 1497 2613 1552 habet
2641 1497 2996 1551 defectionem
3022 1512 3039 1561 ;
3078 1496 3146 1552 de
3173 1497 3485 1566 angelorum

1885 1589 2235 1644 similitudine
2278 1590 2652 1659 consequenda
2696 1590 2988 1659 praedicare
3028 1604 3131 1643 non
3163 1602 3337 1644 cessat
3367 1606 3379 1641 :
3413 1590 3485 1643 ita

1887 1687 1947 1731 ut
1972 1687 1997 1713 υ
2023 1679 2069 1732 si
2098 1679 2163 1732 ad
2193 1679 2307 1734 hac
2338 1679 2622 1734 ineﬂ'alxilia
2652 1679 2789 1733 bona
2813 1680 2903 1747 qui
2934 1679 3177 1743 audiunt,
3206 1684 3485 1748 provocari

1888 1768 2189 1834 noluerint,
2219 1754 2605 1825 absolutussit
2644 1770 2732 1826 ille
2759 1770 2850 1839 qui
2879 1770 2958 1825 eis
2999 1771 3340 1841 praedicando
3377 1786 3486 1829 non

196 1856 218 1897 ¹
251 1859 306 1914 in
338 1859 608 1913 Christum
638 1860 1009 1931 ingrediuntur
1035 1863 1103 1917 ad
1131 1865 1433 1930 Christum;
1467 1864 1569 1934 ipsi
1590 1864 1785 1933 janito-
1817 1860 1862 1921 Β
1892 1860 2075 1913 tacuit.

192 1962 282 2004 res
314 1949 508 2019 quibus
553 1950 734 2005 claves
782 1951 921 2007 datm
966 1963 1093 2009 sunt
1145 1956 1297 2024 regni
1341 1957 1635 2015 caelorum;
1685 1956 1786 2026 ipsi

192 2037 357 2092 etiam
387 2038 797 2108 dispensatores
836 2043 995 2112 regia:
1042 2044 1231 2098 domus
1258 2087 1274 2113 ,
1305 2061 1531 2114 quorum
1563 2046 1789 2101 arbitrio

190 2127 245 2183 in
274 2131 393 2184 aula
422 2130 561 2199 regis
589 2132 776 2187 aeterni
805 2132 1116 2189 dividuntur
1141 2134 1360 2205 gradus,
1391 2146 1447 2192 et
1470 2135 1649 2191 officia
1675 2136 1786 2191 sin-

190 2219 461 2288 gulorum.

258 2311 319 2365 2.
360 2310 426 2364 Hi
475 2320 603 2365 sunt
644 2314 734 2382 qui
780 2330 891 2368 non
935 2315 1223 2371 ambiendo
1248 2357 1264 2381 ,
1304 2318 1398 2372 sed
1438 2318 1786 2388 spiritualiter

189 2403 421 2460 vivendo
448 2406 810 2462 saterdotium
844 2419 1189 2475 meruerunt;
1221 2411 1418 2480 quique
1448 2427 1553 2465 non
1587 2411 1784 2468 favoris

188 2493 411 2551 humani
438 2497 710 2569 suﬂ'ragio,
740 2501 835 2554 sed
866 2500 1048 2555 divino
1075 2517 1301 2558 munere
1329 2503 1594 2558 sublimati
1626 2546 1641 2569 ,
1705 2505 1785 2559 ni-

191 2585 262 2639 hil
294 2585 398 2640 sibi
428 2585 496 2640 de
526 2596 551 2634 ε
584 2590 891 2657 ριίιιδιιιιιιίιι
934 2591 1017 2644 sui
1054 2590 1383 2661 principatus
1420 2595 1780 2660 applaudunt;

188 2690 326 2745 quos
352 2692 457 2731 non
489 2675 516 2713 ιι
547 2678 697 2732 inflat
726 2680 898 2734 honor
934 2691 1222 2751 acceptus,
1256 2684 1349 2737 sed
1389 2694 1605 2738 exercet
1634 2685 1784 2739 labor

187 2766 509 2835 impositus;
564 2766 580 2805 ί
620 2769 706 2836 qui
748 2784 855 2823 non
896 2772 1269 2826 excellentiam
1306 2772 1320 2822 i
1358 2787 1511 2827 suam
1549 2776 1784 2843 cogitant

187 2857 473 2923 provecti,
504 2857 596 2912 sed
625 2860 891 2913 sarcinam
915 2876 931 2924 ;
971 2876 1069 2915 nec
1093 2862 1390 2930 gloriantur
1419 2862 1487 2917 de
1517 2862 1677 2917 oflicii
1702 2864 1783 2918 di-

187 2944 407 3012 gnitate,
438 2945 530 2999 sed
559 2946 753 3001 sudant
780 2948 961 3017 potius
982 2950 1257 3004 constituti
1286 2952 1387 3005 sub
1410 2966 1594 3007 onere.
1624 2953 1783 3009 Tales

186 3035 365 3091 divina
387 3037 662 3106 Scriptura
683 3039 1050 3107 speculatores
1071 3040 1309 3110 appellat
1329 3041 1539 3111 (Euch.
1568 3059 1643 3107 ιιι,
1666 3044 1779 3113 17),

185 3124 275 3195 qui
305 3125 653 3193 speculantur
681 3136 833 3183 actus
860 3130 1123 3195 omnium,
1155 3140 1210 3185 et
1239 3131 1467 3199 qualiter
1491 3136 1776 3203 unusquis-

1960 1949 2017 2003 2.
2058 1948 2209 2015 Quod
2238 1958 2415 2005 autem
2444 1961 2659 2007 secutus
2688 1952 2963 2021 adjungit:
2992 1952 3115 2006 Non
3138 1953 3271 2006 enim
3289 1953 3488 2007 subter-

1889 2040 2000 2109 fugi
2027 2041 2298 2109 quominus
2335 2043 2695 2096 annuntiarem
2734 2042 2871 2097 vobis
2910 2060 3057 2097 omns
3096 2044 3361 2098 consilium
3393 2043 3489 2098 Dei

1888 2130 2053 2201 (Ibid.
2076 2171 2091 2195 ,
2120 2131 2215 2201 27)
2252 2150 2263 2183 :
2297 2132 2422 2200 quid
2449 2131 2588 2186 aliud
2621 2134 2746 2187 facit
2783 2134 3048 2205 intelligi,
3092 2135 3191 2188 nisi
3232 2149 3290 2189 ut
3316 2136 3488 2189 eccle-

1886 2220 2133 2273 siasticus
2161 2220 2350 2275 doctor
2391 2221 2800 2290 dispositionem
2847 2222 2940 2278 Dei
2996 2224 3176 2293 (quod
3205 2224 3486 2281 consilium

1889 2312 1983 2385 Dei
2016 2324 2173 2367 vocat
2197 2313 2506 2382 Apostolus)
2546 2315 2625 2369 eis
2656 2330 2791 2383 quos
2819 2316 2979 2371 docet
3005 2316 3252 2386 aperiat?
3298 2317 3487 2386 Aperit

1888 2419 2017 2474 ergo
2045 2404 2411 2473 dispositionis
2440 2404 2634 2460 dir-inte
2681 2406 2965 2459 consilium
3006 2407 3221 2476 quando
3246 2407 3406 2464 docet
3432 2418 3488 2463 ut

1886 2508 2067 2568 patres
2095 2499 2344 2564 pietatem
2372 2497 2493 2552 ﬁliis
2522 2499 2633 2553 suis
2662 2498 3023 2566 impendenda
3051 2540 3067 2565 ,
3098 2512 3217 2554 eam
3247 2514 3488 2555 merean-

1886 2597 1974 2644 tur
1996 2605 2023 2641 a
2057 2588 2282 2643 Domino
2303 2630 2318 2653 ,
2352 2590 2441 2658 qui
2470 2599 2547 2642 est
2578 2590 2817 2643 omn‘nut
2849 2589 3028 2656 Pater,
3056 2598 3081 2625 ο
3114 2600 3169 2643 ιιι
3199 2590 3288 2644 lilii
3319 2590 3490 2645 hono-

1885 2694 1998 2734 rem
2025 2679 2261 2733 debitum
2293 2680 2324 2727 ιθ
2354 2680 2594 2748 patrihus
2621 2681 2733 2733 suis
2762 2681 3070 2745 exhibeant,
3103 2696 3207 2735 non
3237 2682 3487 2739 exhtere-

1884 2768 2118 2823 dationis
2158 2780 2301 2824 metu
2341 2768 2622 2834 deterriti,
2662 2770 2757 2824 sed
2806 2770 2998 2824 futurae
3046 2770 3487 2825 remunerationis

1885 2861 2153 2917 desiderio
2192 2861 2470 2930 provocati
2507 2879 2520 2915 :
2554 2863 2674 2931 quia
2718 2870 3043 2931 praeceptum
3076 2872 3103 2911 τι
3136 2861 3348 2916 Domini
3379 2873 3487 2917 tam

1884 2963 2066 3022 patres
2095 2954 2232 3007 filios
2260 2953 2554 3022 diligendo,
2579 2968 2738 3023 quam
2767 2952 2861 3006 lilii
2895 2951 3353 3009 honoriﬁcentiam
3374 2952 3487 3009 suis

1884 3043 2189 3097 exhibendo
2218 3045 2453 3109 patrihus
2480 3044 2778 3110 complent,
2810 3045 2899 3111 qui
2931 3039 3217 3114 utrumque
3241 3040 3400 3113 jussit
3427 3052 3488 3100 ut

1888 3131 2072 3193 fleret;
2119 3141 2141 3169 τ
2172 3131 2330 3186 ducet
2362 3141 2421 3186 ut
2463 3132 2638 3187 mariti
2681 3132 2841 3187 fidem
2871 3133 3166 3203 coniugalis
3198 3133 3335 3187 tltori
3375 3133 3488 3188 suis

186 3230 289 3283 que
312 3230 436 3271 cum
464 3217 577 3271 suis
607 3218 659 3270 in
686 3218 879 3285 domo,
908 3219 1131 3287 qualiter
1168 3222 1221 3275 in
1254 3222 1473 3277 civitate
1500 3238 1621 3277 cum
1651 3225 1783 3279 civi-
1810 3213 1857 3276 C
1888 3222 2144 3276 uxorib‘us
2170 3234 2412 3287 servent;
2444 3232 2465 3258 ·
2494 3234 2549 3278 ιιι
2574 3239 2767 3278 uxores
2790 3224 3010 3279 maritos
3030 3239 3159 3279 suos
3181 3240 3286 3279 non
3308 3225 3486 3281 studio

185 3306 288 3361 bus
311 3308 477 3373 vivat,
503 3308 799 3365 intentione
822 3310 1091 3381 religiosa:
1112 3314 1439 3370 curiositatis
1458 3316 1739 3382 explorant
1763 3335 1778 3382 ;

185 3412 321 3467 quos
385 3399 557 3454 bonos
619 3401 1001 3469 probaverint,
1057 3403 1371 3458 honorando
1415 3406 1778 3473 conﬁrmant;

184 3502 322 3556 quos
352 3489 813 3558 deprehenderint
842 3490 1094 3557 vitiosos,
1137 3503 1425 3563 arguentes
1451 3496 1780 3563 emendant;

186 3587 280 3631 aut
308 3579 355 3632 si
384 3579 659 3634 emendari
690 3580 981 3649 noluerint,
1010 3585 1382 3650 arquauirniter
1413 3596 1649 3655 portant,
1685 3590 1781 3641 ha-

184 3667 344 3723 bituri
379 3669 705 3723 uberrimum
739 3670 989 3737 fructum,
1020 3683 1113 3727 aut
1138 3673 1206 3729 de
1230 3689 1325 3729 sua
1352 3675 1707 3741 districtione,
1736 3678 1782 3732 si

184 3759 417 3827 correpti
446 3758 811 3829 profecerint;
862 3774 953 3816 aut
994 3762 1063 3819 de
1116 3780 1211 3818 sua
1246 3768 1527 3835 patientia,
1570 3768 1783 3824 etiamsi

184 3847 261 3903 illi
288 3862 428 3920 quos
452 3851 755 3920 sustinent,
780 3854 1056 3907 emendari
1100 3855 1389 3910 uoluerint.

702 3991 705 3994 ι
805 3940 1033 3999 CAPUT
1071 3943 1160 3999 111.

290 4030 380 4084 De
399 4030 700 4086 testimoniis
720 4032 1034 4101 apostolicis,
1064 4045 1113 4088 et
1133 4036 1449 4106 expositione
1476 4054 1673 4094 corum.

254 4121 309 4177 Ι.
340 4120 449 4176 Sed
470 4121 579 4189 jam
591 4122 769 4177 divina
785 4123 1110 4191 testimonia,
1131 4126 1265 4181 sicut
1283 4127 1646 4196 promisimus,
1665 4144 1788 4198 pro-

184 4210 447 4265 feramus.
465 4209 519 4263 In
546 4209 667 4264 Act.
700 4206 1066 4279 apostolorum
1081 4213 1276 4267 Paulus
1305 4216 1577 4282 apostolus
1600 4231 1785 4271 sacer-

182 4300 402 4354 dotibus
428 4298 586 4353 dicit:
617 4298 747 4355 Ecce
774 4316 869 4371 ego
893 4304 999 4357 scio
1027 4304 1165 4372 quod
1187 4303 1410 4375 amplius
1430 4320 1532 4358 non
1558 4306 1788 4361 uidebitis

182 4389 368 4457 faciens
397 4403 680 4457 meam,vos
709 4393 1049 4455 omnes,inter
1070 4408 1196 4461 quos
1222 4394 1475 4448 ambulavi
1501 4395 1787 4463 pm'dicans

183 4476 208 4518 ιι
238 4495 460 4552 regnum
487 4477 614 4534 Iesu
650 4478 863 4536 Christi.
892 4480 1121 4554 Ideoque
1146 4494 1399 4541 contestor
1421 4503 1508 4541 vos
1535 4488 1785 4543 hodierna

1885 3310 2073 3366 formre
2101 3312 2454 3367 lenocinantis
2480 3312 2742 3377 adhibito,
2768 3323 2858 3367 aut
2888 3314 3233 3369 accuratione
3258 3315 3485 3370 vestium

1885 3402 2217 3457 diversarum
2238 3448 2253 3471 ,
2288 3404 2379 3457 sed
2407 3405 2667 3474 gravitate
2695 3420 2907 3459 morum
2938 3405 3239 3471 delectent,
3269 3418 3323 3462 et
3352 3422 3487 3477 ope-

1885 3508 2004 3547 rum
2051 3493 2383 3559 sanctitate;
2436 3504 2493 3548 ut
2535 3495 2737 3550 domini
2778 3510 2964 3551 servos
3012 3496 3155 3551 velut
3196 3512 3383 3552 eorum
3430 3499 3488 3554 in

1885 3582 2104 3638 Christo
2131 3585 2377 3639 conservi
2407 3584 2826 3640 misericorditer
2854 3594 3107 3651 tractent,
3134 3594 3189 3640 et
3214 3588 3354 3641 servi
3385 3587 3486 3643 do-

1886 3676 2045 3729 minis
2095 3676 2164 3729 ita
2211 3689 2281 3734 ex
2325 3677 2489 3731 corde
2529 3678 2877 3746 deserviant,
2930 3686 2989 3733 ιιι
3017 3677 3347 3733 voluntatem
3378 3694 3486 3736 non

1886 3765 2060 3820 solum
2085 3766 2425 3820 dominorum
2456 3781 2705 3831 suorum,
2737 3767 2831 3822 sed
2859 3769 3021 3822 etiam
3054 3768 3148 3822 Dei
3178 3766 3281 3823 hoc
3310 3755 3487 3837 ipsum

1881 3854 2139 3925 juheutis,
2166 3856 2428 3919 efﬁciant;
2458 3865 2515 3910 ut
2539 3855 2678 3911 inter
2702 3872 2760 3910 se
2784 3856 2931 3911 cives
2954 3870 3074 3910 cum
3105 3857 3334 3923 civibus,
3363 3871 3487 3931 cum

1886 3947 2075 4000 amicis
2111 3946 2311 4012 amici,
2350 3960 2474 4000 cum
2504 3946 2817 4014 parentibus
2863 3954 3113 4016 parentes
3141 3961 3323 4001 veram
3346 3961 3487 4017 con-

1887 4036 2125 4092 cordiam
2174 4046 2418 4103 teneant;
2463 4035 2601 4090 utin
2643 4036 2791 4090 nullo
2838 4035 3052 4105 negotio
3081 4036 3219 4089 alter
3256 4034 3487 4092 alterum

1886 4127 2081 4182 callida
2110 4127 2295 4182 fraude
2321 4126 2588 4195 decipiat,
2620 4127 2639 4162 ί
2671 4136 2763 4180 aut
2790 4140 2861 4181 ne
2890 4126 2940 4177 in
2970 4124 3244 4179 communi
3272 4139 3487 4180 contr..-

1888 4222 1978 4269 ctu
2010 4214 2170 4269 fidem
2190 4258 2204 4281 ,
2234 4228 2393 4284 quam
2426 4214 2526 4269 sibi
2552 4216 2756 4269 servari
2786 4216 2979 4285 aliquis
3004 4216 3178 4284 cupit,
3216 4213 3331 4284 ipse
3360 4229 3486 4270 cor-

1889 4313 2125 4373 rumpat.

1957 4396 2016 4451 5.
2057 4394 2151 4449 His
2191 4401 2218 4430 ιι
2246 4402 2301 4449 et
2335 4395 2532 4451 talibus
2575 4404 2631 4450 et
2677 4393 2931 4450 sacerdos
2980 4392 3264 4448 annuntiat
3291 4394 3487 4462 prredi-

1890 4486 2065 4541 cando
2090 4523 2107 4550 ,
2152 4493 2209 4539 et
2236 4484 2540 4540 obediendo
2568 4483 2797 4554 populus
2826 4482 3022 4553 accipit
3050 4482 3145 4537 Dei
3175 4482 3484 4552 consilium,

254 4661 282 4689 “
324 4654 425 4708 Ms.
448 4653 660 4730 Camb.,
691 4671 800 4730 quo
828 4656 1063 4725 placatus
1096 4656 1255 4730 Deus,
1278 4659 1479 4730 auertit.
1516 4660 1613 4715 Ms.
1649 4661 1779 4730 Reg.
1811 4661 1863 4721 ι)
1961 4658 1985 4730 ξι
2032 4662 2132 4715 Ms.
2165 4660 2321 4716 Colb.
2344 4676 2515 4725 unus,
2542 4661 2723 4716 Iesum
2744 4662 3021 4719 Christum.

185 4736 342 4796 unus,
368 4739 476 4796 quo
498 4726 728 4796 placatus
764 4726 921 4796 Deus,
950 4727 1129 4780 avertit
1157 4727 1287 4779 iram
1319 4728 1509 4796 furoris
1541 4739 1587 4783 et
1616 4726 1782 4783 anim-

183 4792 523 4867 adversionis.
564 4793 661 4867 Ms.
688 4795 819 4867 Heg.
845 4795 1009 4859 alter,
1034 4812 1134 4866 quo
1166 4792 1400 4867 placatus
1439 4801 1616 4853 avertit
1652 4803 1781 4854 iram

184 4860 374 4929 futura
404 4860 879 4923 animadversionis.

254 4929 585 5004 b__Ms.ilteg.
608 4946 766 5004 unus,
789 4935 966 5004 ﬁdeles
990 4934 1214 4990 veritatis
1243 4946 1540 5004 assertores,
1563 4940 1779 4996 omissis

183 5002 411 5055 vocibus
436 5002 785 5058 intermediis.

257 5079 281 5109 ⁸
302 5072 443 5147 ἕως.
472 5080 578 5125 tres
595 5072 743 5138 juxta
766 5082 1005 5147 veterum
1028 5074 1270 5147 codicum
1294 5076 1599 5141 lectionem,
1623 5080 1776 5147 primi

184 5138 513 5261 gzlignates,
535 5156 630 5195 seu
651 5141 983 5211 prarliatores.
1025 5144 1124 5200 Ms.
1147 5144 1298 5199 Colb.
1324 5162 1482 5212 unus,
1508 5138 1661 5217 prinii
1688 5166 1781 5218 po-

298 5226 343 5261 "
368 5227 397 5261 ε
430 5248 445 5261 ι
598 5252 612 5261 η

205 5221 445 5264 ωειινιιεδ.
598 5252 612 5261 ,

253 5279 281 5316 ά
324 5278 788 5351 Mss._duo_Colh.,
814 5284 982 5351 forma
1004 5282 1136 5336 vitm.

259 5358 283 5385 ο
323 5348 425 5401 Ms.
450 5344 664 5411 Camb.,
687 5344 841 5402 duces
863 5349 1125 5407 Ecclesia.

262 5416 281 5454 ί
327 5418 461 5473 Mss.
488 5430 583 5472 sex
605 5432 727 5472 cum
753 5419 919 5479 Lugd.
954 5435 1057 5476 non
1082 5422 1283 5477 habent
1314 5425 1367 5478 in
1390 5423 1667 5479 Christum.

260 5497 286 5557 β
328 5488 461 5542 Mss.
485 5488 641 5557 Colb.
667 5488 793 5553 duo,
818 5488 883 5541 de
902 5494 1190 5557 prtesentia.

258 5554 286 5593 δ
327 5558 402 5610 Ita
436 5571 565 5611 mss.
592 5556 722 5627 Reg.
762 5554 912 5612 duo.'
936 5559 1039 5613 Alii
1066 5576 1192 5615 vero
1212 5578 1333 5617 cum
1356 5563 1514 5618 editis
1533 5604 1549 5632 ,
1574 5565 1777 5635 inﬂam-

192 5637 316 5680 ruat.

268 5695 283 5734 ι
330 5694 458 5748 Mss.
481 5692 633 5749 Colb.
667 5704 776 5751 tres
795 5736 810 5761 ,
841 5698 963 5766 quia
985 5714 1104 5752 non.

265 5769 280 5817 l
337 5767 435 5818 Ms.
469 5766 622 5821 Colb.
658 5781 816 5836 unus,
837 5768 917 5821 sui
938 5770 1159 5841 cogitant
1181 5784 1463 5841 provectus.

1963 4727 1982 4767 ι
2027 4731 2297 4795 Mss.,sex,
2321 4734 2588 4799 acquisivit
2616 4733 2735 4788 sibi.

1955 4808 1996 4836 ω
2033 4800 2159 4855 Mss.
2191 4800 2321 4863 duo.
2354 4813 2667 4869 promovent.

1953 4870 2121 4943 “‘Ms.
2161 4885 2335 4937 unus,
2376 4872 2421 4924 si
2453 4871 2563 4926 hac
2592 4872 2909 4942 ineffabilia;
2953 4885 3063 4931 tum
3105 4876 3290 4943 paucis
3320 4877 3487 4935 inter-

1875 4938 2061 5010 jectis,
2085 4954 2214 4994 mss.
2238 4948 2485 5009 quatuor,
2520 4944 2851 5010 pradicando
2874 4938 2977 4999 non
2997 4938 3179 4999 tacuit.

1953 5018 1978 5046 ο
2021 5009 2097 5062 lta
2138 5023 2267 5084 mss.
2292 5023 2498 5084 septem
2522 5028 2643 5067 cum
2667 5014 2798 5067 edit.
2824 5014 2994 5084 Lugd.
3028 5015 3083 5070 In
3108 5016 3226 5070 aliis
3248 5032 3375 5072 vero
3397 5018 3483 5074 hic

1876 5078 2190 5201 i‘pscr‘untur
2226 5080 2325 5134 ista
2350 5097 2364 5134 :
2387 5081 2562 5149 Aperit
2591 5084 2777 5162 divinat
2798 5078 3067 5139 consilium
3101 5087 3338 5155 pietatis,
3368 5105 3484 5143 cum

1923 5166 2009 5201 oce
2038 5189 2051 5200 .

1923 5158 2051 5203 ocet.
2706 5158 2707 5162 ‘

1958 5228 1984 5301 ις
2150 5218 2301 5301 Colb.
2330 5235 2486 5301 unus,
2523 5223 2839 5301 parentibus.

1956 5298 1984 5337 ιι
2027 5291 2147 5367 Mss.
2182 5299 2410 5367 septem,
2442 5290 2565 5355 Dei;
2604 5308 2831 5367 quorum
2872 5310 3009 5350 unus
3036 5292 3155 5365 po‘st
3184 5311 3349 5367 pauca
3384 5296 3481 5350 ha-

1882 5357 1973 5412 bet
1997 5359 2104 5411 suis
2128 5358 2417 5428 exhibendo
2441 5363 2755 5428 parentibus.

1956 5436 1979 5464 ι’
2023 5428 2202 5481 Editio
2243 5427 2593 5501 Lovaniensis
2632 5434 2756 5486 anni
2800 5434 2961 5501 1565,
2995 5436 3161 5490 Duac.
3198 5445 3253 5490 et
3287 5434 3478 5491 Colon.

1886 5494 2050 5577 hicet
2071 5505 2189 5563 post
2219 5498 2446 5567 quatuor
2470 5499 2637 5554 lineas
2658 5503 2863 5577 addunt
2886 5494 3041 5559 Docet
3071 5523 3090 5561 :
3114 5522 3273 5577 quam
3296 5520 3479 5562 vocem

1884 5567 2139 5642 omittunt
2166 5582 2295 5642 mss.
2323 5583 2512 5622 omnes
2533 5584 2653 5624 cum
2676 5573 2845 5642 Lugd.

1962 5646 2002 5702 ⁸λῄ
2026 5637 2155 5691 Mss.
2185 5636 2313 5702 duo,
2339 5648 2385 5691 et
2414 5655 2616 5693 uxores.

1964 5698 2005 5741 ⁸⁷
2033 5705 2155 5775 Mss.
2185 5698 2441 5775 quatuor,
2470 5718 2523 5761 ut
2551 5726 2632 5763 ne.

1958 5781 1985 5811 ’³
2022 5774 2120 5832 Ms.
2147 5774 2303 5848 unus,
2331 5777 2459 5834 llwc
2482 5789 2529 5834 et
2559 5781 2684 5835 talia
2713 5785 2972 5841 sacerdos.
