4516 6482
791 503 892 558 ΙιῑἹ

2113 489 2373 548 JULIANI
2411 488 2684 545 POMEllll

3928 490 4017 544 liii

789 623 903 674 sine
941 632 1050 689 quo
1089 631 1192 674 non
1229 615 1534 687 pervenitur
1568 612 1635 668 ad
1673 626 1928 682 regnum;
1967 610 2022 665 in
2060 622 2166 677 quo
2191 615 2218 644 ι
2242 604 2360 659 solo
2385 603 2437 662 Δ
2461 604 2604 658 unde
2623 605 2774 674 plura
2799 602 2977 659 dicere
3000 601 3252 669 conabar,
3275 603 3639 672 impleveram,
3663 618 3786 660 cum
3811 617 3939 660 ecre
3961 605 4017 659 ad

789 719 1132 766 exsecutores
1173 708 1334 764 divini
1361 705 1566 761 consilii
1592 746 1609 771 ,
1640 705 1951 773 participes,
1983 703 2090 756 Deo
2117 708 2352 762 auctore.

793 799 952 853 luturi
973 807 1097 854 sunt
1116 797 1406 854 calestium
1439 795 1802 864 praemiorum.
1837 792 2036 848 Deinde
2061 793 2198 858 quod
2229 789 2358 844 dicit

794 888 1076 956 Apostolus
1106 904 1120 940 :
1151 887 1402 939 Attendite
1426 885 1562 938 vobis
1588 895 1634 939 et
1661 887 1890 938 uniuerso
1908 883 2045 954 gregi
2069 883 2122 934 in
2147 899 2244 951 quo
2271 896 2358 935 vos

795 977 1018 1044 Spiritus
1037 983 1240 1028 sanctus
1267 973 1434 1042 posuit
1460 974 1723 1043 episcopos
1741 987 1908 1041 regere
1930 969 2210 1024 Ecclesium
2241 969 2355 1032 Dei,

792 1081 940 1135 quant
959 1063 986 1103 δ
1008 1064 1269 1134 acquisivit
1295 1063 1540 1134 sanguine
1563 1078 1656 1117 suo
1681 1062 1814 1132 (Act.
1837 1076 1928 1124 xx,
1948 1058 2043 1130 28)
2070 1059 2224 1130 :quis
2252 1072 2359 1112 non

791 1156 967 1211 videat
993 1154 1135 1223 quod
1167 1162 1296 1210 tunc
1323 1153 1426 1208 sibi
1456 1154 1756 1208 sacerdotes
1793 1151 2073 1205 attendunt
2093 1191 2108 1216 ,
2149 1151 2360 1219 quando

789 1259 974 1304 sancte
1001 1246 1260 1311 vivendo,
1289 1260 1353 1300 ac
1390 1246 1706 1299 voluntatem
1740 1252 1763 1282 ο
1801 1243 2008 1297 Domini
2046 1241 2361 1296 ﬁducialiter

790 1337 1169 1408 predicando,
1203 1334 1452 1391 Ecclesia
1481 1334 1570 1388 Dei
1624 1333 1988 1400 prospiciunt,
2038 1337 2096 1384 ut
2137 1330 2216 1384 eis
2247 1333 2358 1397 jam

790 1442 955 1497 grave
984 1441 1088 1481 non
1113 1425 1183 1480 sit
1208 1425 1442 1480 inﬁmos
1464 1421 1716 1478 Ecclesia
1739 1422 2022 1481 sustinere,
2045 1435 2141 1490 pro
2168 1419 2361 1488 quibus

791 1517 1116 1573 redimendis
1137 1530 1197 1571 se
1222 1514 1463 1583 dignatus
1487 1522 1568 1568 est
1589 1512 1747 1566 morti
1779 1514 1898 1566 vita:
1919 1521 2105 1566 auctor
2126 1511 2360 1566 oilerrei

791 1605 900 1661 Sed
921 1612 974 1660 et
996 1605 1094 1674 ipsi
1122 1603 1211 1674 qui
1239 1603 1516 1667 docentur,
1540 1613 1595 1655 ut
1620 1603 1858 1672 sapiant";
1884 1602 1970 1670 qui
1999 1603 2358 1669 increpantur,

789 1705 849 1750 ut
868 1697 1058 1749 saltem
1087 1693 1345 1763 objurgati
1373 1693 1685 1763 proficiant;
1717 1692 1807 1762 qui
1829 1691 2179 1755 sustinentur,
2209 1699 2267 1744 ut
2292 1691 2360 1746 de

789 1788 902 1840 suis
929 1786 1212 1855 aliquando
1257 1786 1569 1840 criminibus
1613 1785 1969 1852 erubestatnt,
2018 1792 2072 1838 et
2104 1782 2356 1852 gaudium

788 1877 902 1932 suis
931 1877 1256 1945 doctoribus,
1285 1892 1510 1945 quorum
1540 1877 1790 1946 patientia
1822 1874 2012 1931 blande
2040 1885 2352 1944 tractantur,

2459 710 2547 752 me
2567 695 2778 765 quidam
2807 694 2874 750 de
2903 695 3101 749 nostris
3130 695 3417 766 ingressus,
3439 694 3569 766 quid
3595 695 3854 753 dictarem
3890 706 3908 735 ι
3939 711 4018 752 cu-

2459 786 2633 843 riosus
2660 788 2970 856 interrogat.
2999 783 3094 841 Cui
3113 801 3237 842 cum
3266 786 3475 842 recitari
3505 786 3746 842 fecissem
3769 803 3786 842 :
3808 786 4018 852 Omnes.

2460 879 2671 946 inquit,
2719 877 2999 947 episcopos
3061 876 3200 934 tales
3258 891 3378 935 esse
3424 878 3622 934 debere
3668 878 3854 947 quales
3915 888 4020 932 tuus

2459 982 2640 1024 sermo
2665 968 2975 1037 descripsit,
3003 978 3058 1023 et
3096 983 3238 1023 nunc
3270 983 3390 1024 esse
3420 969 3600 1039 plures
3626 974 3765 1038 apud
3796 983 3894 1023 nos
3924 969 4019 1036 ple-

2462 1072 2562 1113 nos
2581 1056 2996 1112 sacerdotalibus
3019 1057 3199 1124 bonis,
3224 1058 3398 1126 qualia
3425 1059 3685 1114 veraciter
3711 1057 4020 1127 praedicant,

2461 1145 2678 1201 dubium
2717 1161 2822 1201 non
2862 1156 2976 1212 est;
3022 1146 3118 1202 sed
3147 1161 3268 1202 cum
3301 1147 3367 1202 ad
3397 1162 3582 1202 eorum
3623 1149 3880 1216 probetur
3920 1146 4023 1199 olli-

2461 1236 2601 1289 cium
2629 1233 2897 1305 pertinere
2920 1275 2937 1300 ,
2975 1244 3034 1289 ut
3073 1236 3335 1306 inquietos
3367 1235 3682 1292 sacerdotali
3717 1234 4024 1289 auctoritate

2461 1323 2782 1394 corripiant,
2810 1325 2972 1381 rudes
3012 1324 3272 1391 doceant,
3299 1326 3724 1382 contradicentes
3751 1339 3902 1381 sanas
3939 1324 4025 1378 do-

2460 1415 2649 1467 ctrinas
2685 1413 3043 1484 redarguant,
3079 1416 3094 1465 1
3132 1414 3262 1485 quid
3310 1424 3394 1471 est
3434 1413 3576 1485 quod
3627 1429 3732 1470 non
3764 1415 3819 1471 in
3847 1428 4024 1469 omnes

2462 1503 2577 1558 inec
2604 1519 2789 1560 eorum
2829 1520 2956 1560 cura
2996 1506 3316 1576 porrigitur;
3358 1521 3456 1562 cur
3486 1519 3595 1562 non
3629 1515 3686 1562 et
3711 1506 3846 1561 alios
3872 1507 4024 1561 simili

2459 1593 2778 1648 auctoritate
2801 1594 3092 1666 castigant?
3137 1594 3261 1649 Illos
3285 1596 3441 1660 dico.
3471 1595 3562 1664 qui
3590 1596 3736 1651 velut
3766 1595 4026 1662 conversi,

2458 1698 2526 1740 ex
2555 1685 2794 1755 pristinis
2823 1687 3060 1743 moribus
3099 1686 3230 1741 nihil
3254 1686 3542 1756 abjieiunt,
3573 1701 3682 1742 non
3711 1694 3896 1744 mente
3918 1702 4026 1744 mu-

2461 1776 2580 1842 tati,
2606 1776 2703 1832 sed
2730 1787 2912 1842 veste;
2955 1791 3054 1833 nec
3080 1787 3222 1844 actu,
3254 1778 3348 1833 sed
3370 1776 3575 1833 habitu.

2528 1865 2584 1920 2.
2625 1865 2688 1921 lli
2712 1875 2836 1921 sunt
2859 1869 2948 1935 qui
2976 1881 3221 1922 sermone
3244 1877 3472 1932 tantum,
3501 1882 3608 1922 non
3628 1881 3816 1937 opere,
3834 1867 4029 1923 seculo

789 1965 816 2005 ά
847 1968 916 2022 de
956 1968 1181 2022 utilitate
1234 1983 1344 2023 suae
1382 1970 1724 2023 correctiou's
1763 1967 2049 2022 exhibeant
2079 1984 2095 2032 ;
2143 1975 2198 2022 et
2235 1965 2357 2036 ipsi,
2391 1951 2439 2013 B
2465 1957 2798 2014 renuntiasse
2824 1959 3060 2013 contenti
3097 1957 3428 2014 smculariter
3459 1958 3672 2022 vivunt,
3702 1965 3758 2014 et
3783 1958 3911 2014 vitia
3937 1973 4029 2015 sua

789 2057 1042 2130 inquam,
1092 2057 1322 2111 libenter
1365 2057 1619 2119 audiant,
1649 2056 1774 2124 quid
1820 2057 1898 2110 eis
1935 2055 2229 2124 apostolico
2263 2070 2358 2111 ore

793 2156 819 2185 ο
849 2147 1060 2200 divinus
1084 2161 1259 2202 sermo
1287 2146 1553 2216 praecipiat
1581 2161 1600 2202 :
1636 2146 1864 2210 Ubedite,
1896 2147 2081 2216 inquit,
2115 2149 2358 2215 preposi-

790 2240 856 2292 tls
883 2239 1052 2294 vestris
1089 2248 1137 2292 et
1163 2240 1374 2311 subjecti
1399 2247 1552 2293 estote
1578 2239 1669 2292 eis.
1723 2237 1832 2306 Ipsi
1865 2241 1998 2292 enim
2035 2241 2354 2308 pervigilant,

788 2329 934 2392 quasi
961 2329 1201 2380 rationem
1229 2344 1323 2396 pro
1351 2327 1616 2380 animabus
1648 2327 1823 2382 uestris
1845 2329 2094 2382 reddituri
2117 2344 2136 2382 :
2155 2337 2211 2382 ut
2240 2345 2357 2382 cum

786 2417 973 2488 gaudio
1001 2416 1096 2470 Itoc
1125 2418 1316 2487 faciant
1336 2426 1382 2470 et
1402 2433 1503 2470 non
1522 2425 1770 2488 gementes
1792 2435 1810 2482 ,'
1839 2418 1934 2472 Itoc
1951 2420 2086 2472 enim
2110 2417 2129 2456 ί
2153 2420 2359 2489 expedit

787 2505 922 2560 vobis
951 2505 1135 2577 (Hebr.
1167 2517 1296 2570 xm,
1324 2505 1436 2574 t7).

856 2595 914 2650 ι.
954 2595 1097 2665 Ergo
1139 2594 1445 2650 doctoribus
1489 2596 1601 2652 suis
1637 2595 1836 2652 debent
1871 2597 2088 2653 obedire
2130 2598 2220 2668 qui
2265 2613 2362 2653 au-

787 2684 945 2740 diunt
965 2725 983 2751 ,
1019 2695 1178 2754 atque
1199 2685 1279 2740 eis
1306 2700 1426 2743 cum
1456 2689 1750 2743 reverentia
1782 2702 1901 2742 esse
1931 2688 2176 2758 subjecti.
2207 2689 2356 2755 Quod

787 2773 988 2830 faciunt
1014 2775 1086 2829 illi
1110 2815 1126 2840 ,
1155 2775 1253 2843 qui
1281 2777 1523 2846 castigati
1553 2776 1780 2831 libenter
1803 2777 2108 2846 accipiunt,
2149 2792 2249 2833 nec
2275 2779 2357 2833 in-

785 2864 1124 2931 crepantibus
1159 2865 1548 2922 contradicunt.
1585 2866 1735 2934 Quod
1781 2882 1907 2921 vero
1933 2867 2008 2922 ait
2036 2886 2049 2922 :
2079 2866 2191 2937 Ipsi
2222 2869 2354 2923 enim

785 2953 1124 3025 pervigilant,
1159 2957 1306 3024 quasi
1341 2956 1588 3010 rationein
1633 2957 1884 3016 reddituri
1938 2974 2029 3029 pro
2089 2958 2355 3018 annnalms

771 3045 963 3102 uestris
1001 3043 1222 3120 (Ibid);
1269 3046 1653 3106 sacerdmalem
1693 3068 1875 3107 curam
1909 3070 2004 3120 rru
2035 3055 2227 3124 populo
2253 3056 2356 3112 sibi

787 3139 1074 3195 commisso
1097 3141 1226 3195 satis
1249 3141 1500 3208 ostendit,
1525 3143 1613 3212 qui
1641 3153 1744 3197 tam
1769 3145 1820 3196 in
1841 3145 1953 3199 suis
1971 3146 2175 3201 actibus
2194 3161 2354 3216 quam

786 3225 842 3281 in
876 3229 1336 3294 praedicationibus
1361 3231 1666 3300 vigilantes,
1697 3234 1924 3290 sollicite
1959 3237 2128 3292 ltostis
2151 3239 2353 3308 antiqui

785 3317 1046 3372 rimantur
1073 3320 1310 3384 insidias,
1333 3336 1400 3376 ne
1429 3337 1603 3390 quem,
1627 3323 1770 3378 velut
1793 3324 2092 3380 dormiente
2117 3337 2348 3397 pastore,
2377 3309 2425 3370 (ἶ

786 3406 943 3477 lupus
973 3417 998 3456 ι
1028 3409 1272 3466 diabolus
1296 3420 1467 3466 astuta
1499 3414 1682 3470 lraude
1709 3416 2000 3485 subripiat,
2039 3427 2096 3473 et
2124 3420 2175 3474 in
2200 3419 2351 3475 dam-

787 3513 914 3553 num
952 3501 1181 3569 pastoris
1215 3503 1490 3570 abreptnm
1515 3544 1533 3570 ,
1561 3519 1740 3560 secum
1771 3521 1938 3576 usque
1983 3509 2048 3562 aul
2091 3510 2351 3578 supplicia

786 3592 1109 3661 sempiterna
1137 3593 1408 3661 perducat.
1439 3595 1632 3650 Verum
1663 3599 1783 3664 quia
1809 3613 1876 3654 ex
1904 3597 1985 3654 bis
2007 3600 2096 3669 qui
2125 3614 2352 3671 arguun-

785 3693 908 3746 tur,
951 3682 1112 3752 aliqui
1160 3697 1220 3738 se
1263 3683 1572 3741 obedientes
1614 3688 1939 3756 emendant,
1984 3690 2144 3760 aliqui
2174 3691 2228 3746 in
2256 3706 2350 3746 sua

786 3771 1136 3840 perversitate
1166 3775 1471 3844 perdurant,
1503 3776 1622 3830 ideo
1653 3775 1718 3832 de
1745 3779 2108 3834 sacerdotibus
2133 3779 2206 3834 ait
2235 3797 2249 3832 :
2285 3779 2352 3835 Ut

781 3874 898 3913 cunt
923 3862 1109 3930 gaudio
1135 3865 1228 3914 hoc
1254 3863 1464 3930 faciant,
1495 3878 1541 3918 et
1568 3881 1669 3920 non
1695 3876 1944 3937 gementes
1973 3866 2183 3938 (Ibid.).
2213 3867 2349 3924 Cum

781 3948 974 4017 gaudio
1002 3950 1307 4006 sacerdotes
1334 3949 1362 3988 δ
1396 3959 1651 4023 arguunt,
1690 3955 1902 4024 quando
1928 3957 2158 4026 correpti
2189 3958 2350 4026 proli-

784 4039 964 4104 ciunt;
986 4049 1040 4093 et
1059 4041 1238 4095 tristes
1261 4044 1360 4096 hoc
1387 4043 1602 4111 faciunt,
1625 4045 1836 4114 quando
1857 4057 1921 4100 se
1938 4045 2068 4100 nihil
2093 4045 2351 4116 proiicere

785 4128 843 4183 iu
871 4129 986 4184 suis
1014 4133 1468 4199 contempmribtts
1494 4135 1876 4204 ingemiscant;
1907 4149 1970 4190 ac
1997 4137 2075 4190 sic
2103 4137 2202 4193 hoc
2224 4138 2352 4202 dicit

783 4217 887 4274 illis
915 4220 1169 4288 expedire
1189 4261 1204 4284 ,
1235 4231 1293 4276 ut
1314 4238 1431 4276 cum
1457 4223 1669 4289 gaudio,
1702 4238 1806 4279 non
1835 4236 2127 4293 gementes,
2154 4240 2247 4282 eos
2271 4228 2352 4282 in-

784 4319 1003 4379 crepent
1027 4312 1353 4377 sacerdotes,
1378 4313 1466 4382 qui
1491 4312 1733 4369 doctores
1753 4328 1880 4370 suos
1899 4329 1991 4370 sua
2020 4317 2350 4374 correctione

781 4398 1068 4454 itetiilcant.
1099 4407 1153 4454 et
1185 4414 1367 4455 eorum
1396 4401 1584 4471 gaudia
1613 4401 1940 4459 incremento
1964 4403 2048 4460 sui
2078 4405 2348 4476 profectus

781 4490 1134 4546 accumulant.

1387 4581 1610 4640 CAPUT
1644 4584 1734 4640 iV.

2461 2048 2602 2102 inani
2633 2046 2963 2114 professione
3001 2047 3122 2102 vita:
3165 2048 3403 2104 melioris
3429 2047 3790 2115 abscondunt,
3817 2061 3886 2103 ac
3911 2050 4031 2105 reii-

2456 2138 2630 2207 giouis
2652 2139 2978 2208 imaginaria:
3004 2141 3217 2193 nomine
3242 2140 3464 2208 palliati,
3490 2139 3793 2210 opinionem
3820 2141 4031 2196 virtutis

2459 2239 2555 2297 pro
2573 2232 2765 2285 virtute
2778 2233 3075 2302 suscipiunt
3095 2249 3107 2285 :
3132 2232 3422 2302 praedicant
3439 2249 3652 2304 magna,
3675 2248 3775 2289 nec
3799 2234 4027 2298 faciunt;

2457 2328 2704 2374 accusant
2730 2320 2856 2374 vitia
2874 2361 2890 2386 ,
2920 2335 3022 2376 nec
3049 2321 3350 2388 deponunt;
3383 2324 3591 2393 publice
3619 2325 3721 2381 sibi
3750 2325 4032 2395 displicere

2455 2409 2739 2478 simulant,
2780 2411 2922 2482 quod
2950 2412 3159 2469 occulte
3185 2416 3560 2480 committunt;
3611 2418 3787 2485 magni
3817 2418 4034 2473 student

2453 2501 2649 2568 videri,
2676 2518 2780 2558 non
2811 2503 2954 2570 ﬂeri;
2985 2503 3010 2542 ιι
3037 2505 3256 2560 laudant
3282 2521 3379 2562 eos
3403 2522 3628 2577 quorum
3653 2509 3876 2578 cupiunt
3896 2523 4031 2578 prte-

2459 2591 2723 2649 dicatione
2769 2594 3016 2661 laudari;
3065 2595 3307 2665 jejunant
3346 2608 3404 2652 ut
3444 2600 3620 2653 vultus
3656 2599 3737 2654 sui
3775 2599 4028 2668 pallorem

2459 2683 2772 2752 perniciosis
2819 2685 3064 2741 laudibus
3106 2687 3358 2744 vendant.
3428 2689 3511 2744 Ad
3565 2689 4032 2758 reprehendendos

2455 2774 2590 2828 alios
2631 2776 2900 2843 prompti,
2943 2790 3003 2831 se
3053 2791 3159 2831 non
3207 2780 3478 2845 patiuntur
3519 2794 3548 2833 a
3593 2780 3919 2844 quibuslibet
3949 2784 4027 2837 vel

2465 2861 2481 2900 ι
2516 2861 2704 2918 leviter
2731 2866 3071 2934 reprehendi.
3101 2867 3178 2920 Ad
3211 2866 3397 2922 faciem
3429 2869 3695 2938 publicam
3722 2871 4027 2939 patientiam

2454 2957 2686 3028 lingunt,
2715 2963 2770 3013 et
2798 2955 2850 3010 in
2880 2955 3058 3012 auium
3085 2956 3372 3016 iracundia;
3407 2959 3554 3018 virus
3578 2959 3934 3030 abscondunt,
3962 2944 4029 3018 ad

2455 3049 2754 3102 nocendum
2789 3053 2954 3114 parati
2976 3092 2991 3116 ,
3021 3064 3142 3106 cum
3173 3054 3397 3108 nocendi
3440 3062 3649 3122 tempus
3683 3054 3984 3110 invenerint
4013 3075 4028 3110 :

2456 3149 2673 3192 suorum
2720 3145 2932 3194 actuum
2984 3135 3313 3210 negligentes
3336 3165 3363 3204 .·
3397 3142 3530 3198 ilunt
3562 3143 3785 3199 aliorum
3817 3149 4029 3214 procaci

2459 3225 2702 3282 libertate
2727 3243 3002 3284 censores.
3031 3229 3374 3298 impudenter
3399 3245 3459 3286 se
3485 3243 3707 3288 assuunt
3733 3235 4028 3304 virginibus

2453 3322 2620 3377 sacris
2645 3337 2708 3376 ac
2737 3322 2930 3387 viduis,
2956 3323 3148 3392 quibus
3175 3332 3323 3378 tanto
3347 3333 3388 3362 ιιι
3405 3325 3787 3394 inglutiuantur
3809 3328 4029 3392 allecto,

2451 3425 2509 3468 ut
2535 3412 2742 3476 facilius
2767 3413 2835 3468 ab
2862 3412 3116 3468 Ecclesiae
3152 3413 3317 3483 (quod
3341 3413 3483 3469 dictu
3507 3431 3719 3487 quoque
3745 3417 3898 3473 uetas
3921 3419 4025 3489 est)

2450 3516 2607 3571 quam
2629 3503 2698 3557 ab
2715 3517 2901 3558 earum
2926 3503 3305 3558 communione
3331 3505 3626 3560 discedant.
3658 3506 3758 3573 Qui
3783 3509 3884 3564 etsi
3905 3524 4027 3564 cum

2451 3590 2557 3646 illis
2584 3591 2721 3648 forte
2744 3605 2850 3648 non
2871 3599 2901 3628 ι·
2929 3600 3182 3662 peccant,
3220 3602 3399 3650 tamen
3427 3597 3582 3651 mala:
3609 3598 3938 3667 suspicionis
3960 3601 4031 3656 de

2451 3694 2512 3736 se
2539 3681 2825 3751 praebendo
2849 3683 3144 3750 materiam,
3173 3683 3336 3740 vitam
3365 3698 3515 3740 suam
3544 3687 3767 3744 maculis
3793 3689 4026 3746 sinistra:

2447 3771 2714 3840 opinionis
2741 3770 3015 3827 infamant.

2519 3861 2575 3915 5.
2611 3859 2789 3920 Taceo
2814 3861 2883 3916 de
2909 3861 3016 3916 illis
3039 3862 3150 3932 qui,
3176 3863 3411 3921 undante
3441 3872 3466 3902 ο
3495 3865 3810 3936 lapsabundi
3833 3883 4025 3940 corpo-

2448 3951 2525 4006 ris
2553 3960 2721 4018 tnotu,
2751 3950 3108 4008 deﬂuentibus
3137 3954 3192 4009 in
3223 3955 3360 4010 talos
3385 3957 3716 4012 vestimentis
3746 3959 4024 4029 incedunt,

2449 4049 2506 4095 et
2531 4041 2677 4110 vagis
2709 4041 2931 4096 laterum
2978 4042 3205 4098 ﬂexibus
3244 4044 3636 4114 quodammodo
3681 4047 4023 4119 fluctuantes,

2452 4131 2748 4186 animorum
2777 4131 3179 4188 dissolutionem
3207 4135 3446 4204 vestigiis
3481 4135 3695 4192 sinuosa
3725 4139 4024 4196 mobilitate

2451 4220 2759 4276 nutantibus
2778 4221 3027 4290 produnt.
3049 4221 3168 4278 Illos
3193 4224 3312 4293 quis
3341 4225 3475 4280 lerat
3500 4227 3610 4296 qui,
3639 4237 3668 4276 ιι
3691 4227 4024 4285 adumbratte

2449 4310 2842 4382 praetendentes
2874 4311 3166 4369 honestatis
3204 4314 3518 4382 imaginem,
3558 4316 3624 4371 ad
3667 4317 3768 4372 boc
3796 4320 4025 4390 pupillo-

2449 4417 2563 4458 rem
2597 4416 2658 4457 ac
2685 4402 2958 4460 viduarum
2987 4419 3198 4474 causas,
3220 4405 3364 4461 velut
3387 4407 3612 4462 tuendas
3636 4408 3879 4464 simulata
3909 4413 4025 4482 pie-

2451 4502 2562 4550 tate
2585 4494 2901 4564 snscipiunt,
2927 4503 2986 4550 ut
3010 4511 3192 4550 earum
3225 4496 3502 4552 facultates
3531 4499 3640 4553 suis
3669 4499 3943 4568 adiiciant,
3969 4513 4023 4557 et

2447 4586 2641 4643 divites
2667 4601 2730 4643 ex
2761 4587 3077 4657 pauperibus
3105 4587 3250 4654 facti,
3278 4589 3360 4644 vel
3390 4604 3457 4643 ex
3485 4590 3742 4645 divitibus
3771 4592 4019 4660 ditiores,

777 4667 1031 4744 Duscrto
1062 4668 1280 4744 :‘Quare
1316 4674 1600 4729 sacerdota
1629 4677 1818 4739 sancti,
1858 4691 2071 4744 quorum
2107 4696 2231 4733 cura
2266 4694 2338 4736 eu
2365 4652 2420 4714 Ῑ)
2445 4687 2656 4734 tenuem
2685 4690 2900 4732 censum
2928 4685 2958 4726 «ι
2983 4691 3073 4744 per
3091 4677 3240 4733 nefas
3263 4679 3598 4734 accumulent
3627 4699 3640 4732 :
3671 4691 3729 4736 ut
3753 4696 3875 4737 cum
3903 4684 4019 4739 fue-

841 4738 1039 4820 perdite
1059 4740 1270 4820 uiuentes
1290 4757 1526 4812 arguere,
1545 4738 2144 4817 simulatorss'religionis
2167 4766 2339 4820 atqua-

843 4806 1044 4861 nitniter
1062 4806 1246 4876 (erant.

845 4939 898 4996 t.
953 4937 1188 4994 Necdum
1236 4953 1538 4996 sermonem
1584 4940 1653 4997 de
1697 4941 2060 5011 sacerdotibus
2115 4951 2333 5022 sanctis,

842 5103 869 5132 ι
907 5095 1033 5150 Mss.
1061 5095 1188 5161 duo,
1211 5096 1308 5150 soli
1334 5106 1664 5153 cruentares.
2045 5147 2059 5158 ,

839 5162 868 5204 δ
903 5165 1032 5238 ﬁse.
1063 5175 1305 5233 quatuor,
1321 5167 1596 5238 acquisivit
1621 5166 1717 5222 sibi
1741 5169 1982 5238 sanguine
2008 5187 2124 5226 suo.

841 5245 864 5303 ς
905 5235 1032 5303 ltiss.
1054 5246 1280 5303 septem,
1313 5235 1420 5288 Dei.

836 5299 864 5339 ά
903 5300 978 5358 Ita
1001 5299 1131 5359 mss.
1162 5319 1369 5358 omnes.
1400 5304 1537 5359 Editi
1559 5319 1702 5370 vero,
1733 5307 1798 5361 de
1825 5310 2056 5364 utilitatis
2082 5327 2189 5365 sua:
2209 5329 2332 5381 pro-

792 5388 845 5424 ετ
909 5411 923 5430 ,

771 5376 798 5443 Ῑ
842 5383 994 5496 gulis.
1027 5457 1184 5511 unus,
1227 5440 1447 5509 Spiritus
1475 5455 1706 5508 sanctus,
1739 5446 1793 5498 id
1821 5457 1890 5500 est
1913 5450 2109 5503 divinus
2138 5466 2324 5505 sermo.

843 5511 860 5549 τ
904 5511 1087 5594 ln_rns.
1123 5528 1228 5568 uno
1259 5513 1538 5582 corrigitur
1562 5529 1661 5567 non
1689 5517 1920 5584 expetiit,
1952 5519 2099 5588 juxta
2126 5529 2326 5576 textum

769 5581 1004 5703 ’τ’ῗὲ
1015 5622 1179 5706 'cotb.
1213 5665 1379 5712 unus.
1405 5651 1575 5718 lupus,
1601 5651 1656 5704 id
1675 5663 1745 5708 est
1771 5653 2019 5710 diabolus.

836 5717 858 5754 δ’
897 5719 994 5774 Ms.
1023 5735 1155 5774 unus
1175 5721 1319 5774 addit
1338 5717 1518 5775 uncti.

842 5785 856 5858 ξ
901 5789 1022 5843 Mss.
1046 5789 1196 5843 Colit.
1219 5794 1345 5858 duo,
1372 5791 1639 5845 curiosius.

2443 4771 2554 4827 rint
2613 4768 2918 4826 exundante
2971 4768 3287 4837 patrimonio
3344 4772 3770 4841 sumptuosiores
3819 4774 4021 4842 «ποι-11,

2442 4875 2712 4930 nunquam
2737 4867 2760 4897 τ
2782 4859 3001 4913 materia
3024 4859 3310 4927 voluptatis
3335 4861 3469 4931 gula:
3491 4877 3602 4918 sua:
3630 4863 3877 4921 deﬁciat?
3908 4866 4020 4922 llos

2443 4954 2603 5024 igitur
2628 4951 2760 5006 tales
2782 4963 2947 5019 quare
2975 4965 3082 5004 non
3109 4960 3353 5021 arguunt,
3379 4953 3469 5024 qui
3498 4957 3752 5026 arguendi
3778 4969 4009 5028 potest»

2438 5106 2682 5162 correctio
2708 5105 3006 5176 porrigitur.

2509 5176 2534 5215 ι
2573 5176 2668 5231 Ms.
2696 5174 2862 5239 unus,
2874 5174 3160 5229 laudantes.

2508 5245 2526 5286 ι
2571 5245 2710 5300 Edit.
2737 5245 2928 5312 Lugd.,
2952 5245 3148 5299 leniter.

2503 5323 2542 5353 ιιι
2586 5316 2706 5370 Mss.
2733 5322 2981 5382 quatuor,
3004 5315 3401 5384 agglutinantnr.

2501 5392 2528 5420 ’³
2565 5385 2690 5440 Mss.
2726 5396 2834 5440 tres
2860 5423 2874 5444 .
2908 5399 3010 5438 non
3039 5397 3260 5454 pereant.

2505 5462 2531 5489 °
2574 5455 2697 5523 Mss.
2726 5465 2970 5523 quatuor,
2996 5454 3307 5508 lassabundi.

2504 5530 2532 5571 P
2573 5522 2683 5597 lite
2701 5522 2930 5597 quatuor
2954 5536 3109 5597 voces
3128 5564 3142 5588 ,
3182 5526 3496 5597 adumbrata
3519 5531 3884 5597 prwtendrntss
3908 5536 4002 5588 Ιιοο

2431 5597 2639 5663 nestatis
2667 5594 2952 5663 imaginem,
2975 5593 3163 5647 absunt
3189 5609 3217 5647 a
3247 5610 3346 5648 ms.
3369 5593 3804 5657 Camberoucusi.

2501 5671 2529 5711 «ι
2566 5661 2695 5734 ψει.
2713 5661 2959 5734 quatuor,
2983 5663 3112 5731 pfOIt
3139 5664 3311 5734 nefas!

2503 5740 2522 5810 ξ
2565 5729 2691 5810 Mss;
2712 5729 3046 5810 unus.
3085 5729 3308 5810 materia-
3328 5735 3600 5810 Δινοιιῳιιιιὶε
3625 5740 3760 5810 ςιιιε
3787 5759 3880 5794 sua
3913 5746 4000 5796 κε-

2427 5799 2619 5882 (fciant.
2651 5798 2802 5857 Colb.
2831 5801 2994 5870 alter,
3028 5803 3238 5857 materia
3261 5798 3506 5876 uoluptati
3531 5823 3591 5862 ac
3619 5798 3752 5882 gula:
3780 5828 3886 5866 sua
3916 5815 4000 5867 de.

841 5856 854 5905 l
901 5858 994 5914 his.
1017 5859 1166 5916 Colb.
1193 5856 1346 5926 unus,
1377 5876 1529 5927 quare
1558 5876 1655 5915 non
1691 5864 1758 5915 ad
1800 5879 1969 5920 omnes
2007 5863 2115 5920 Ita‘c
2147 5882 2321 5921 eorum
2427 5856 2590 5935 κείω.
