4516 6410
217 400 320 453 H"

1231 395 1322 451 DE
1364 395 1522 451 VITA
1560 392 2139 453 CONTEMPLATIVA
2183 395 2311 451 LIB.
2357 396 2419 453 ll.

3414 395 3526 450 450

219 517 326 562 tem
354 505 611 561 divinitus
641 501 1005 574 acceperunt?
1047 510 1072 540 ι
1111 501 1229 559 Non
1258 513 1543 567 verentur,
1580 521 1643 557 ne
1673 505 1812 561 forte
1838 512 1892 571 Α
1920 506 2324 576 perpetrabant,
2360 508 2413 562 in
2456 515 2659 562 tantam
2691 506 2967 563 vesaniam
2984 504 3303 576 reparanda:
3330 508 3515 564 salutis

215 613 338 653 cum
388 605 496 649 tam
545 594 810 665 ﬂagitiose
853 592 1157 649 viventibus
1207 602 1472 662 parcunt,
1531 594 1815 650 videantur

217 689 447 757 probare
465 702 587 757 qua:
608 685 843 742 faciunt?
864 682 1000 752 Quid
1021 683 1162 756 quod
1186 698 1283 740 eos
1301 684 1463 739 etiam
1483 683 1551 738 ad
1575 683 1811 739 officium

207 778 499 833 clericatus
527 777 905 841 admittunt,et
925 776 1083 846 (proh
1112 773 1318 846 nefas!)
1347 774 1499 845 quasi
1526 789 1713 844 parum
1743 775 1815 829 sit

212 871 358 941 quod
395 871 527 925 tales
555 869 893 924 dissimulata
931 869 1223 926 severitate
1263 882 1369 923 non
1400 867 1704 939 increpant,
1732 869 1815 923 in-

210 978 377 1035 super
414 972 470 1017 et
500 962 806 1018 honorant?

855 1051 1084 1108 CAPUT
1124 1051 1188 1105 ν.

211 1144 505 1197 llcsrottsm
552 1160 566 1195 :
614 1142 711 1197 Ubi
750 1142 1030 1196 ostenditur
1067 1141 1247 1210 quibus
1289 1139 1604 1210 exigentibus
1642 1141 1812 1198 causis

424 1214 770 1283 quorumdam
797 1212 1070 1279 inﬁrmitas
1108 1212 1291 1267 blande
1321 1220 1587 1266 tractetur.

285 1330 340 1383 l.
385 1328 501 1398 Ego
528 1342 657 1382 vero
684 1342 699 1381 :
730 1325 788 1382 Si
826 1326 1042 1394 recolis,
1072 1327 1313 1397 inquam,
1341 1325 1469 1395 quid
1506 1325 1575 1381 de
1610 1327 1812 1381 sanctis

202 1419 581 1475 sacerdotibus
626 1417 788 1472 fuerit
832 1416 1198 1487 disputatum,
1234 1416 1510 1473 sufﬁciens
1552 1416 1811 1486 accepisti

205 1532 550 1588 responsum.
592 1515 854 1571 Ecclesia:
882 1515 1080 1585 quippe
1112 1512 1447 1576 doctoribus,
1479 1512 1620 1568 sicut
1646 1526 1810 1582 supra

203 1610 314 1677 jam
344 1608 602 1673 diximus,
623 1616 679 1662 et
708 1621 934 1662 censura
962 1606 1141 1661 inesse
1164 1603 1349 1670 debet,
1376 1612 1435 1658 ut
1458 1612 1724 1674 arguant;
1756 1612 1813 1658 et

205 1700 470 1770 patientia
496 1739 511 1765 ,
544 1708 603 1754 ut
630 1699 906 1755 emendari
946 1698 1195 1753 nolentes
1222 1696 1429 1750 fortiter
1459 1694 1655 1761 ferant,
1684 1709 1813 1763 apo-

203 1792 396 1846 stolico
420 1789 811 1845 satisfacientes
842 1788 1091 1857 imperio,
1121 1786 1211 1856 qui
1238 1785 1522 1841 Timotheo
1548 1782 1576 1823 b
1601 1798 1808 1855 praece-

1917 596 2297 667 desperatione
2320 600 2575 669 prolapsi,
2613 597 2631 639 ί
2664 609 2723 654 ιιι
2749 600 2891 655 seria
2923 601 3087 655 verba
3111 598 3521 669 corripienti..m

1918 690 1972 745 in
1995 691 2152 760 jocos
2172 690 2483 747 exitiabiles
2514 691 2810 761 impudenti
2836 690 3143 746 urbanitate
3176 699 3515 757 convertam,

1918 791 1945 829 ι
1968 797 2031 837 ac
2057 784 2198 838 male
2223 782 2440 838 dicaces
2468 784 2521 837 in
2550 797 2611 839 se
2647 797 2710 838 ex
2761 782 2877 851 ipsa
2901 782 3196 851 jactatione
3227 780 3517 848 turpitudi-
3578 834 3579 837 η

1918 875 2001 930 nis
2040 889 2176 941 suae,
2222 876 2453 944 turpiter
2480 874 2778 931 viventium
2810 875 3105 931 malevolas
3133 874 3347 929 laetitias
3398 888 3522 941 pasv

1914 977 2061 1022 cant.
2104 967 2134 1004 ιι
2179 967 2407 1037 Propter
2456 969 2559 1024 hoc
2594 983 2746 1038 ergo,
2799 967 2993 1022 blanda
3024 968 3223 1035 pietate
3271 966 3518 1035 portandi

1913 1068 2061 1127 sunt,
2088 1058 2176 1128 qui
2204 1057 2472 1128 increpari
2501 1070 2600 1127 pro
2625 1072 2721 1113 sua
2753 1056 3068 1113 infirmitate
3110 1071 3215 1111 non
3266 1067 3523 1125 possunt,

1915 1151 1982 1206 Et
2006 1164 2216 1218 revera,
2267 1150 2313 1205 si
2355 1151 2598 1220 peceanti
2628 1150 2904 1205 salubrem
2939 1148 3224 1219 pudorem,
3259 1149 3385 1201 dum
3419 1164 3515 1218 pro

1915 1256 1983 1296 eo
2017 1242 2317 1305 erubescis,
2370 1242 2621 1308 incutias,
2674 1257 2741 1297 ac
2794 1240 3178 1297 verecundiam
3225 1254 3385 1309 quam
3418 1254 3519 1308 pro

1914 1333 2149 1403 peccatis
2178 1334 2295 1401 ejus
2316 1335 2568 1397 assumis,
2594 1334 2645 1387 in
2668 1349 2791 1389 eum
2838 1334 2921 1402 pia
2952 1332 3116 1387 animi
3140 1331 3515 1400 compassione

1915 1422 2296 1488 transfundas;
2323 1424 2478 1478 facile
2510 1424 2566 1478 in
2596 1424 2692 1477 illo
2722 1422 2737 1460 ί
2778 1423 3026 1492 reprimis
3049 1436 3263 1476 omnem
3288 1435 3514 1490 peccan-

1913 1514 1966 1570 di
1991 1516 2288 1583 licentiam,
2303 1524 2463 1585 atque
2489 1516 2539 1570 ei
2560 1525 2724 1571 totam
2750 1514 3137 1584 impudentiam
3154 1514 3327 1568 demis
3344 1512 3514 1567 licett-

1914 1608 2065 1662 tiosae
2098 1607 2443 1676 turpitudinis
2476 1608 2843 1661 hortatricem.
2868 1606 3021 1662 Tunc
3044 1621 3225 1661 mures
3256 1606 3375 1675 ejus
3420 1620 3512 1659 ve-

1916 1699 2176 1755 recundia
2225 1712 2409 1755 custos
2466 1700 2791 1771 integritatis
2831 1699 3068 1765 ornabit,
3124 1708 3180 1753 ut
3208 1699 3257 1754 ei
3301 1699 3513 1770 placeat

1913 1791 2056 1862 quod
2110 1800 2235 1846 ante
2276 1791 2552 1857 sordebat,
2603 1790 2859 1862 quandoi
2892 1789 3147 1845 sordidus
3193 1801 3340 1857 erat;
3372 1788 3398 1827 ι
3457 1800 3512 1845 et

204 1879 303 1949 pit,
336 1879 523 1935 dicens
558 1896 572 1931 :
602 1877 793 1949 Argue,
820 1876 1047 1943 obsecra,
1074 1877 1282 1946 increpa
1312 1876 1365 1927 in
1394 1877 1532 1928 σηιηὲ
1555 1874 1805 1945 patientia
1835 1879 1881 1939 Β
1910 1882 2126 1937 sordeat
2154 1882 2296 1951 quod
2327 1893 2453 1938 ante
2482 1882 2751 1951 placebat,
2783 1880 2997 1950 quando
3046 1882 3161 1949 ipse
3193 1879 3352 1934 bonis
3390 1895 3510 1935 om-

201 1980 249 2025 et
268 1969 504 2025 doctrina
527 1966 745 2039 (IITim.
774 1982 849 2034 tv,
877 1964 958 2039 2).
989 1966 1155 2035 Quasi
1180 1966 1383 2022 diceret
1416 1983 1429 2018 :
1456 1966 1638 2034 Argue
1666 1978 1807 2018 coxe-

202 2060 411 2129 quales,
443 2060 669 2115 obsecra
696 2057 961 2124 seniores,
994 2058 1212 2127 increpa
1238 2056 1508 2127 iuniores.
1542 2053 1651 2112 Sed
1680 2070 1807 2126 pro-

201 2165 389 2223 pterea
430 2150 637 2207 addidit
668 2168 683 2206 :
716 2149 787 2206 In
820 2151 959 2206 omni
994 2151 1244 2220 patientia
1276 2160 1325 2204 et
1354 2150 1590 2204 docti-ina
1624 2164 1643 2203 :
1679 2150 1803 2218 quia

202 2246 398 2299 leniter
442 2244 733 2313 castigatus
777 2241 1008 2297 exhibet
1067 2238 1426 2296 reverentiam
1474 2238 1799 2307 castigattti;

201 2336 499 2405 asperitate
542 2346 720 2390 autem
771 2333 952 2388 nimiae
989 2332 1374 2401 increpationis
1418 2331 1658 2386 offensus
1702 2346 1803 2387 nec

203 2426 625 2495 increpationem
656 2425 886 2494 recipit,
930 2438 1029 2479 nec
1058 2422 1307 2478 salutem.
1360 2421 1493 2477 Item
1534 2422 1640 2476 alio
1686 2424 1804 2477 loco

202 2522 345 2575 idem
373 2519 649 2589 apostolus
674 2518 806 2573 dicit
837 2535 850 2572 :
892 2517 991 2570 Vos
1023 2517 1113 2588 qui
1142 2516 1396 2586 ﬁrmiores
1416 2516 1557 2579 estis,
1578 2514 1805 2568 imbecil-

202 2611 370 2666 fitates
395 2621 417 2650 ε
442 2610 786 2679 iri/initiorum
814 2608 1057 2662 sustinete
1095 2606 1272 2676 (Rom.
1301 2621 1391 2673 xv,
1416 2602 1495 2675 i).
1525 2606 1804 2660 Sustineat

203 2699 329 2772 er‘go
375 2700 750 2769 :equanimiter
778 2708 836 2753 ut
865 2697 1108 2752 inﬁrmos
1132 2736 1149 2764 ,
1195 2710 1333 2767 quos
1372 2695 1664 2752 emendare
1694 2709 1802 2751 non

201 2792 477 2861 pomerint
524 2790 835 2860 castigatos.
887 2787 1120 2842 Proinde
1165 2790 1290 2858 quia
1336 2800 1436 2842 nec
1470 2782 1498 2822 ἀ
1529 2785 1801 2855 objurgari

202 2899 391 2940 omnes
427 2883 678 2953 expedit,
724 2897 825 2938 nec
864 2897 1053 2937 omnes
1083 2882 1277 2936 blande
1307 2881 1526 2937 tractari
1558 2895 1575 2946 ;
1626 2880 1804 2936 sciunt

201 2979 373 3033 sancti
419 2978 729 3031 sacerdotes
773 2984 935 3044 atque
989 2974 1340 3043 discernunt,
1386 2989 1524 3045 quos
1568 2974 1801 3029 debeant

202 3078 501 3139 temperan
538 3068 826 3123 severitate
879 3070 1189 3135 corripere,
1231 3075 1286 3121 et
1314 3081 1449 3136 quos
1477 3068 1801 3123 sacerdotali

202 3159 643 3232 magnanimitate
665 3167 916 3230 portare;
946 3168 1000 3214 et
1022 3158 1142 3213 ideo
1162 3158 1404 3213 omnium
1426 3174 1563 3229 quos
1586 3174 1682 3229 per
1704 3160 1802 3217 Dei

1911 1974 2068 2028 nibus
2108 1973 2449 2043 displicebat.
2498 1973 2728 2030 Sanctos
2755 1974 2903 2028 viros
2930 1972 3165 2027 amando
3192 1970 3545 2035 sectabitur,-

1908 2076 1964 2121 et
2020 2065 2281 2121 sectando
2336 2072 2385 2119 in
2417 2080 2603 2121 eorum
2634 2064 3040 2122 similitudinem
3072 2064 3332 2136 paulatim
3387 2065 3512 2121 vita

1909 2158 2111 2227 prioris
2138 2158 2521 2214 emendatione
2557 2158 2895 2228 formabitur,
2926 2166 2985 2212 ut
3010 2158 3060 2213 ei
3087 2172 3248 2229 quam
3277 2156 3513 2213 laborio-

1906 2263 2024 2303 sum
2055 2249 2155 2304 fuit
2183 2249 2237 2305 in
2269 2250 2659 2305 sublimitatem
2687 2249 2900 2305 virtutis
2919 2249 3179 2315 evadere,
3198 2259 3308 2305 tam
3330 2248 3512 2306 defor-

1909 2355 1996 2394 me
2017 2340 2090 2394 sit
2119 2341 2172 2395 in
2204 2341 2333 2395 vitia
2364 2354 2551 2396 rursus
2582 2340 2777 2410 quibus
2804 2354 2864 2397 se
2883 2340 3080 2411 gaudet
3106 2342 3368 2409 caruisse,
3408 2340 3513 2397 de-

1906 2431 2187 2488 scendere.
2222 2432 2356 2498 Quia
2385 2432 2526 2488 sicut
2568 2433 2739 2487 virtus
2786 2447 3018 2489 onerosa
3066 2443 3151 2489 est
3176 2433 3393 2495 vitioso.
3435 2432 3509 2489 ita

1905 2522 2123 2577 virtutis
2171 2523 2349 2578 amico
2387 2521 2401 2559 ι
2441 2522 2630 2578 vitiosa
2686 2525 2936 2592 voluptas
2977 2537 3158 2576 amara
3217 2532 3320 2577 est.
3372 2523 3510 2579 Eete

1905 2615 2178 2683 quomodo
2207 2624 2495 2683 peccantes
2516 2629 2705 2670 Omnes
2734 2613 2933 2671 blande
2965 2621 3161 2668 tractat
3200 2623 3293 2669 aut
3336 2614 3511 2669 incre-

1908 2719 2017 2775 pat,
2058 2708 2147 2776 qui
2179 2706 2312 2761 nihil
2358 2708 2501 2761 aliud
2548 2707 2651 2762 nisi
2685 2721 2874 2763 eorum
2903 2706 3136 2762 salutem
3164 2707 3361 2777 quibus
3395 2706 3517 2762 vult

1906 2801 2183 2869 prodesse,
2215 2800 2543 2854 considerat.

2526 2889 2757 2945 CAPUT
2806 2889 2893 2945 Vl.

1909 2981 2060 3048 Quod
2080 2982 2160 3036 illi
2180 2992 2389 3053 peccata
2410 2982 2579 3035 aliena
2605 2982 2935 3051 impatienter
2968 2990 3250 3051 cremant,
3283 2982 3369 3051 qui
3416 2997 3515 3036 sua

2519 3069 2621 3105 non
2641 3055 2892 3123 cogitant.

1976 3163 2186 3220 Tandiu
2210 3175 2249 3202 ﬁ
2275 3166 2422 3221 enim
2451 3166 2573 3237 quis
2614 3173 2836 3236 peccata
2867 3180 2984 3231 sua,
3036 3182 3158 3236 qua:
3207 3181 3389 3227 nosse,
3419 3176 3513 3223 aut

202 3258 431 3325 gratiam
465 3262 688 3320 curant,
729 3268 834 3306 non
874 3253 1136 3308 voluntati
1158 3293 1173 3316 ,
1210 3253 1306 3309 sed
1346 3254 1561 3308 utilitati
1594 3255 1800 3324 prospi—
1830 3252 1878 3317 C
1907 3256 2108 3313 deﬂere
2137 3257 2320 3323 debet,
2371 3258 2615 3327 ignorat;
2658 3257 2896 3328 qttandiu
2935 3259 3151 3313 curiose
3175 3258 3353 3313 aliena
3376 3273 3515 3313 con.

204 3347 369 3400 ciunt.
401 3345 639 3415 Denique
670 3342 766 3418 [αι.
795 3341 1018 3415 Deinde]
1045 3344 1179 3399 alios
1209 3344 1461 3401 honorari
1486 3344 1803 3401 deformiter

204 3445 529 3507 ambientes,
563 3443 757 3513 quibus
786 3458 890 3496 non
922 3441 1175 3509 expedire
1205 3451 1507 3505 noverunt,
1535 3456 1641 3495 non
1670 3441 1803 3497 vitio

203 3538 429 3609 alicujus
455 3537 689 3601 invidiae.
720 3537 814 3592 sed
847 3536 969 3590 alta:
997 3535 1297 3603 prudentia
1324 3533 1551 3589 consilio
1583 3544 1805 3604 prreter-

204 3634 464 3695 mittunt,
495 3638 549 3684 et
579 3630 713 3684 alios
751 3628 919 3684 latere
964 3628 1242 3697 cupientes
1274 3627 1577 3693 honorant,
1628 3634 1689 3681 ut
1726 3625 1805 3682 eis

205 3723 405 3777 aditum
453 3720 522 3774 ad
566 3719 798 3789 majores
853 3720 1129 3788 profectus
1177 3719 1443 3788 aperiant.
1477 3727 1501 3756 ο
1536 3720 1642 3773 Eos
1669 3735 1806 3790 quos

205 3815 437 3883 probant
467 3811 887 3881 increpationem
917 3826 1076 3882 posse
1112 3814 1219 3879 pati
1245 3814 1531 3882 castigant,
1555 3822 1609 3867 et
1636 3813 1806 3883 impa-

207 3908 405 3960 tientes
451 3903 835 3974 objurgationis
867 3914 924 3957 ut
963 3903 1244 3973 languidos
1274 3903 1530 3972 palpant;
1587 3918 1693 3959 non
1726 3905 1805 3959 eis

206 3995 509 4060 adulando,
536 3996 677 4065 quod
707 3996 842 4051 tales
870 4005 1027 4061 sunt,
1059 3995 1154 4051 sed
1187 3995 1587 4050 infirmitatibus
1619 3997 1804 4051 talium

206 4088 611 4158 compatiendo,
643 4088 687 4143 si
716 4087 854 4143 forte
878 4088 1036 4144 aliter
1065 4090 1245 4144 sanari
1276 4105 1382 4144 non
1412 4096 1662 4161 possunt.

274 4182 332 4236 2.
360 4183 629 4238 Caeterum
659 4181 705 4236 si
739 4182 995 4239 Ecclesiae
1022 4185 1408 4240 communione
1436 4185 1809 4254 priventurin-

209 4275 371 4339 llrmi,
402 4275 495 4345 qui
526 4275 703 4331 curari
733 4275 972 4331 adhibita
1006 4276 1375 4347 increpatione
1411 4291 1518 4332 non
1557 4286 1803 4348 possunt,

208 4377 299 4421 aut
327 4366 684 4421 intolerabilis
712 4367 851 4422 mole
882 4368 1117 4423 tristitite
1145 4382 1306 4437 supra
1338 4367 1557 4423 modum
1599 4368 1809 4438 gravati

210 4458 591 4527 succumbunt,
626 4468 679 4515 et
707 4469 1016 4515 sanctorum
1042 4462 1280 4515 omnium
1302 4460 1501 4527 vultus,
1535 4476 1631 4531 per
1674 4475 1811 4531 quos

210 4562 434 4620 possent
462 4551 673 4607 restitui
703 4551 836 4617 Deo,
876 4550 1175 4622 refugiunt;
1204 4560 1296 4606 aut
1322 4562 1471 4607 certe
1498 4552 1565 4606 ad
1592 4566 1808 4607 omnem

1904 3349 2130 3405 siderat.
2162 3358 2189 3386 υ
2221 3349 2374 3416 Quod
2402 3351 2445 3403 si
2474 3363 2655 3404 mores
2685 3363 2815 3404 suos
2856 3350 2923 3403 ad
2954 3351 3189 3418 seip~um
3221 3366 3514 3407 conversus

1906 3440 2155 3509 aspiciat,
2188 3455 2296 3496 non
2322 3440 2727 3511 requiretquod
2758 3440 2809 3495 in
2842 3441 2962 3496 aliis
2989 3441 3297 3511 specialiter
3326 3458 3516 3512 repre-

1907 3533 2132 3602 hendat,
2151 3533 2245 3589 sed
2261 3534 2314 3587 in
2334 3535 2513 3600 seipse
2532 3533 2675 3604 quod
2694 3534 2893 3604 lugeat.
2912 3534 3141 3589 ﬂroinde
3169 3532 3391 3589 fratrum
3422 3550 3519 3588 no-

1907 3636 2140 3683 strorum
2154 3627 2279 3682 vitia
2296 3643 2400 3683 non
2416 3626 2568 3682 facile
2584 3626 2845 3682 debemus
2857 3640 3137 3691 accusare,
3156 3626 3250 3681 sed
3264 3641 3484 3697 gemere
3496 3642 3517 3679 ε

1911 3732 1971 3778 ut
1998 3724 2232 3781 invicem
2284 3738 2452 3779 onera
2501 3732 2681 3777 nostra
2742 3731 3048 3791 portantes,
3091 3722 3266 3793 legem
3315 3722 3520 3779 Christi

1914 3820 2188 3889 possimus
2220 3818 2447 3889 implere
2479 3816 2624 3889 (Gal.
2653 3817 2839 3886 vt,2);
2865 3818 2955 3887 qui
2992 3817 3180 3887 utique
3211 3832 3318 3871 non
3353 3831 3517 3872 accu-

1909 3910 2051 3965 savit
2078 3920 2296 3981 peccata
2327 3919 2539 3975 nostra,
2570 3909 2666 3963 sed
2710 3910 2850 3974 tulit,
2878 3908 3222 3979 Evangelista
3252 3908 3465 3964 dicente
3498 3924 3517 3961 :

1914 4000 2049 4056 Ecce
2071 4002 2247 4073 Agnus
2268 4002 2381 4066 Dei,
2407 4018 2521 4056 ecce
2544 4002 2632 4071 qui
2660 4001 2792 4055 tollit
2819 4008 3027 4071 peccata
3054 4002 3238 4054 mundi
3269 3999 3451 4071 (Joan.
3476 4016 3519 4067 ι,

1908 4094 2026 4164 29).
2060 4095 2246 4164 Itaque
2276 4094 2319 4148 si
2356 4094 2446 4148 ille
2467 4092 2558 4160 qui
2582 4093 2702 4146 sine
2724 4091 2835 4146 ullo
2858 4100 3082 4160 peccato
3112 4091 3233 4159 fuit,
3260 4106 3361 4145 nos
3391 4106 3522 4161 pec.

1910 4196 2125 4241 catores
2179 4184 2436 4240 ineffabili
2479 4184 2678 4254 pietate
2719 4183 2994 4249 sustinuit,
3026 4192 3081 4238 et
3116 4183 3382 4239 sustinere
3412 4199 3521 4239 non

1911 4278 2129 4343 desinit,
2161 4294 2269 4335 non
2297 4276 2573 4332 interitum
2620 4285 2865 4331 nostrum
2898 4275 3237 4340 desiderans,
3274 4275 3368 4330 sed
3398 4290 3523 4345 pro-

1916 4371 2136 4437 fectum,
2160 4386 2258 4426 nec
2280 4378 2510 4425 mortem
2544 4369 2902 4439 peccantium,
2935 4370 3028 4424 sed
3060 4367 3328 4433 salutem;
3354 4382 3525 4436 quare

1915 4480 2012 4520 nos
2054 4452 2308 4534 exemplo
2352 4462 2523 4519 nostri
2551 4462 2853 4519 Salvatoris
2889 4469 2943 4514 et
2973 4459 3185 4514 Domini
3218 4474 3323 4514 non
3354 4460 3521 4513 susti-

1915 4571 2141 4611 neamus
2187 4555 2453 4621 infirmos,
2486 4570 2608 4609 cum
2636 4566 2687 4609 et
2735 4553 2835 4622 ipsi
2869 4561 2963 4607 aut
2992 4551 3194 4607 infirmi
3224 4565 3434 4616 sumus,
3467 4560 3524 4608 et

212 4641 473 4711 peccandi
504 4641 911 4710 imi‘udentiam,
944 4641 989 4696 si
1022 4640 1223 4699 fuerint
1263 4644 1597 4710 exacerbati,
1632 4644 1811 4713 prosi-
1838 4632 1895 4695 Β
1918 4647 2167 4703 volumus
2193 4662 2222 4701 a
2253 4647 2363 4702 Deo
2378 4643 2615 4716 portari;
2646 4653 2741 4701 aut
2764 4645 2809 4701 si
2839 4644 2958 4700 sani
2988 4634 3197 4710 sumus,
3228 4657 3523 4715 possumus

210 4733 367 4801 liunt,
422 4744 477 4790 et
521 4733 781 4806 quidquid
834 4735 961 4789 mali
1010 4735 1220 4792 occulte
1269 4736 1535 4793 faciebant
1598 4736 1814 4806 publice

284 5012 317 5085 ξ
355 5001 455 5125 ιξῖ
484 4999 637 5057 Colb.
670 5015 837 5067 unus,
873 5015 966 5056 nec
994 5011 1343 5067 verenutr..."
1385 5001 1674 5075 approbare
1701 5020 1813 5075 qua:

284 5089 388 5125 τηιη
1689 5084 1715 5104 ι

235 5074 451 5127 ’aciunt?
1421 5074 1425 5075 ί
1457 5074 1463 5075 ⁷
1689 5084 1715 5104 ο

213 5076 451 5145 faciunt?

284 5144 313 5183 δ
341 5142 440 5215 bis.
472 5156 628 5205 unus,
655 5141 828 5215 Lugd.
858 5150 911 5196 rt
940 5140 1096 5210 Lov.,
1128 5144 1381 5215 praecipit.

290 5226 315 5253 ο
346 5213 476 5268 Mss.
507 5227 621 5271 sex.
645 5212 995 5281 infirmorum.

286 5281 471 5356 d‘biss.
504 5283 631 5345 duo,
661 5287 1048 5356 efﬁngere"...
1073 5293 1316 5340 tractare.

292 5366 316 5392 ε
346 5355 446 5409 his.
481 5368 636 5406 untts.
666 5352 727 5405 Et
759 5352 885 5421 quos
910 5353 1147 5420 probant.

293 5422 314 5463 ί
350 5425 448 5479 bis.
482 5424 632 5478 Colb.
658 5440 812 5489 unus,
843 5439 1049 5491 seuera;
1086 5426 1243 5493 alter,
1282 5441 1478 5482 serena.
1525 5426 1629 5483 Alii
1661 5428 1809 5484 codi-

216 5510 333 5558 ces.
362 5494 633 5549 salutaria.

292 5575 318 5612 8
350 5566 448 5620 Ms.
478 5566 691 5627 Camli..
722 5565 958 5620 maledici
986 5566 1038 5619 in
1081 5582 1155 5622 se.
1188 5565 1288 5622 Ms.
1322 5567 1473 5625 Colb.
1502 5584 1661 5635 unus,
1694 5587 1808 5625 ma-

218 5638 409 5711 ledicos
437 5639 490 5689 in
518 5651 593 5702 se,
627 5644 733 5711 etc.
768 5637 869 5691 Ms.
894 5636 1055 5711 (ξριι)ἰ
1072 5637 1229 5711 alter,
1253 5646 1309 5695 et
1336 5640 1468 5711 Reg.
1492 5640 1623 5710 duo,
1645 5644 1807 5699 male-

218 5709 417 5779 dieaiign
441 5723 514 5769 se,
544 5719 649 5762 etc.
675 5707 768 5779 βία
792 5716 847 5762 et
870 5708 999 5762 edit.
1035 5706 1204 5779 Lugd.

292 5776 320 5817 δ
344 5777 447 5849 his.
474 5788 631 5842 unus,
667 5776 947 5847 Propterea
968 5793 1108 5849 ergo.

296 5847 435 5903 Ibis.
472 5864 626 5915 unus,
660 5847 1043 5919 κρίνειαν...)
1076 5852 1265 5905 demes.

1918 4738 2094 4794 adhuc
2121 4747 2181 4794 ut
2210 4735 2425 4807 fragiles
2444 4734 2725 4793 infirmari.

1994 5008 2009 5057 t
2047 5004 2138 5062 Sic
2188 5018 2321 5060 mss.
2353 5016 2565 5068 omnes,
2614 5010 2671 5058 et
2717 5000 2851 5057 edit.
2892 5001 3091 5072 Lugd..
3133 5003 3338 5060 Lovan.
3368 5020 3521 5069 vero.

1921 5076 2086 5132 Duae.
2117 5084 2175 5133 et
2196 5074 2411 5141 Colon.,
2450 5074 2663 5144 quando
2708 5074 2760 5126 in
2787 5074 3029 5130 sordibus
3049 5085 3182 5144 erat,
3212 5086 3257 5130 et
3278 5077 3525 5134 sordidus

1915 5158 2048 5203 erat.

1988 5217 2016 5255 ι
2050 5215 2212 5281 Editi,
2246 5225 2304 5270 stt
2332 5216 2563 5270 sordeat.

1993 5284 2013 5326 ι
2044 5288 2190 5342 Alias
2220 5289 2300 5341 sic
2328 5286 2627 5355 legebatur,
2643 5283 2731 5339 Ita
2760 5293 2835 5340 est
2864 5301 3047 5339 amara
3065 5286 3251 5340 vitiosa
3280 5287 3522 5341 voluntas

1915 5358 2117 5413 virtutis
2144 5358 2331 5412 amico.
2379 5358 2509 5412 Mss.
2544 5356 2650 5412 duo
2672 5356 2851 5422 Colb.,
2870 5358 3052 5410 vitiosa
3080 5357 3316 5411 uoluntas
3340 5374 3522 5410 amara

1916 5439 2012 5483 est.
2048 5429 2178 5497 Reg.
2210 5442 2367 5493 unus,
2391 5428 2629 5481 vitiorum
2652 5427 2918 5494 uoluntas;
2940 5437 2995 5481 et
3019 5427 3087 5482 ab
3107 5427 3212 5482 alia
3238 5444 3418 5490 manu,
3449 5430 3523 5482 vi-

1917 5502 2053 5556 tiosa
2078 5501 2333 5569 uoluptas.
2352 5498 2509 5553 Colb.
2541 5499 2702 5563 alter,
2730 5498 2910 5552 uitiosa
2948 5507 3021 5552 est
3052 5514 3233 5552 amaro
3263 5499 3517 5567 voluptas.

1990 5580 2029 5654 ιιξ
2058 5570 2157 5627 Ms.
2184 5569 2342 5625 Colb.
2372 5584 2533 5635 unus,
2566 5569 2813 5637 Quandiu
2839 5571 2975 5623 enim
3009 5570 3289 5639 quis.......
3338 5572 3522 5624 tandiu

1916 5656 2137 5697 curiose.

1989 5720 2017 5748 ιι
2041 5711 2140 5767 bls.
2169 5711 2302 5782 Reg.
2326 5724 2488 5773 unus,
2517 5710 2585 5765 ad
2597 5710 2824 5778 seipsum
2855 5726 3127 5764 conversus
3150 5710 3386 5782 aspiciat.
3415 5711 3518 5768 bis.

1919 5781 2052 5855 Reg.
2082 5783 2238 5839 alter.
2258 5781 2423 5849 ’Quod
2451 5783 2496 5839 si
2522 5782 2593 5835 ad
2621 5782 2847 5852 seipsttm
2870 5796 3142 5837 conuersus
3171 5781 3414 5854 aspiciat.
