4316 6426
884 415 981 470 {Si

1484 527 1702 584 CAPUT
1733 525 1840 582 V'li.

888 665 1147 730 Quantum
1170 664 1375 717 remedii
1395 662 1568 714 habent
1599 660 1845 730 confessio
1868 659 2208 722 peccatorum,
2232 669 2279 711 et
2305 656 2456 729 quale

1125 745 1372 788 mereatur
1398 731 1665 784 occultatio
1688 729 1867 782 dolosa
1893 730 2219 797 supplicium.

960 912 1009 964 Ι.
1048 910 1157 962 lluc
1180 907 1386 961 accedit
1412 906 1552 975 quod
1585 918 1638 961 et
1665 906 1778 972 ipsa
1822 916 2037 974 peccata
2069 905 2148 960 sic
2196 903 2455 958 habentur

885 1001 1112 1063 occulta,
1145 999 1226 1052 vel
1249 998 1418 1051 aliena
1448 997 1622 1062 nobis,
1645 996 1729 1052 vel
1761 997 1881 1051 aliis
1904 1005 2108 1061 nostra,
2140 1002 2201 1049 ut
2226 995 2457 1064 plerum-

883 1105 987 1160 qne
1016 1101 1070 1145 et
1094 1100 1305 1145 sanctus
1327 1090 1464 1144 inter
1485 1097 1795 1159 peccatores
1821 1089 2002 1156 lateat,
2022 1101 2079 1144 et
2113 1088 2305 1142 famam
2328 1101 2454 1140 san-

885 1185 956 1238 cti
983 1183 1225 1238 obtineat
1252 1191 1522 1252 peccator.
1553 1182 1897 1237 innocentem
1921 1181 1965 1235 si
1988 1196 2048 1236 se
2072 1180 2207 1234 tueri
2231 1194 2334 1232 non
2361 1189 2456 1246 po—

888 1285 1012 1339 test,
1037 1276 1271 1344 suspicio
1293 1274 1488 1342 judicis
1516 1283 1538 1309 ⁸
1573 1273 1777 1326 incauta
1825 1271 2165 1336 condemnat,
2198 1279 2252 1326 et
2302 1285 2454 1324 reum

885 1366 1148 1422 calliditas
1177 1365 1370 1434 ingenii
1398 1364 1596 1418 vivacis
1621 1372 1868 1420 excusat.
1915 1365 2293 1419 Verumtamen
2347 1379 2453 1418 non

886 1457 1144 1522 divinum,
1177 1456 1270 1510 sed
1293 1455 1577 1508 humanum
1605 1445 1793 1509 fallunt
1814 1454 1914 1508 ista
1931 1453 2209 1521 judicium.
2242 1454 2306 1507 Et
2327 1455 2452 1523 quid

891 1550 1110 1608 mirum.
1141 1549 1183 1600 si
1211 1546 1417 1599 animos
1457 1546 1678 1600 aliorum
1705 1546 1886 1616 quales
1915 1548 2043 1609 sint,
2076 1547 2190 1599 sine
2217 1546 2451 1614 ipsorum

883 1637 1218 1694 confessione
1247 1637 1536 1703 nescimus,
1560 1650 1679 1690 cum
1705 1651 1800 1689 nos
1832 1636 1974 1703 ipsos
2008 1637 2076 1689 ita
2108 1635 2263 1690 hodie
2292 1651 2455 1690 nove-

883 1727 1049 1782 rimus
1080 1738 1131 1781 ut
1162 1727 1347 1795 quales
1382 1724 1541 1779 futuri
1580 1724 1746 1779 simus
1771 1723 1800 1764 δ
1828 1725 2064 1780 crastino
2112 1726 2454 1779 nesciamch

882 1819 1014 1872 Cum
1041 1833 1170 1872 vero
1195 1818 1350 1872 nobis
1379 1818 1567 1872 fratres
1611 1816 1832 1886 quilibet
1857 1817 2024 1870 nostri
2071 1827 2283 1885 peccata
2333 1831 2450 1883 sua,

2223 404 2480 463 JULIANI
2521 405 2794 462 POMERII

2479 525 2533 586 Α
2557 525 2706 594 plere
2735 525 2952 590 debere,
3004 526 3146 595 quod
3177 524 3419 583 homines
3447 527 3799 584 occultatione
3834 529 3916 585 sui
3945 529 4124 584 crimi-

4024 409 4127 464 «lii!

2556 621 2641 676 uis
2671 621 2876 676 fallunt.

2628 713 2680 768 5.
2716 710 2963 780 Exceptis
2989 710 3130 765 enim
3159 712 3391 779 peccatis
3430 726 3548 780 quae
3577 722 3682 766 tam
3711 726 3872 780 parva
3897 720 4041 774 sunt,
4071 718 4124 762 ut

2556 804 2731 856 caveri
2757 815 2859 856 non
2887 801 3109 869 possint,
3135 815 3231 870 pro
3249 802 3438 868 quibus
3459 801 3731 870 expiandis
3752 802 3990 870 quotidie
4019 802 4124 855 Deo

2556 895 2865 960 clarmmus,
2894 904 2946 948 et
2969 893 3233 948 dicimus:
3255 893 3466 948 Dimitte
3495 895 3636 949 nobis
3656 895 3826 949 debita
3851 905 4023 948 nostra
4049 893 4122 946 si-

2558 997 2642 1037 cut
2696 995 2745 1038 et
2791 1001 2884 1038 nos
2912 984 3215 1039 dimittimus
3258 986 3568 1040 debitoribus
3589 988 3773 1040 nostris
3809 985 4021 1056 (Matth.
4050 1001 4119 1045 vt,

2560 1075 2680 1143 12);
2712 1076 2796 1130 illa
2810 1077 3028 1131 crimina
3056 1087 3341 1133 caveantur
3365 1079 3762 1148 qumpublicata
3792 1094 3916 1133 suos
3937 1087 4121 1133 aucto-

2556 1179 2642 1227 res
2661 1166 2891 1220 humano
2905 1165 3345 1223 faciuntdamnari
3359 1169 3577 1237 judicio.
3591 1169 3690 1236 Qui
3705 1178 3878 1222 autem
3891 1183 3951 1222 ea
3973 1183 4121 1223 com-

2555 1257 2816 1323 miserint,
2836 1265 2890 1309 et
2915 1255 3035 1310 ideo
3056 1257 3280 1324 prodere
3319 1268 3578 1324 metuunt,
3604 1274 3672 1313 ne
3697 1259 4012 1314 sententiam
4036 1261 4121 1327 ju-

2557 1355 2652 1399 sta:
2674 1345 3235 1400 excommunicationis
3263 1349 3544 1418 accipiant,
3565 1348 3682 1404 sine
3701 1364 3860 1404 causa
3884 1364 4122 1403 commu-

2556 1437 2765 1503 nicant;
2813 1437 2921 1490 imo
2963 1452 3091 1491 vero
3132 1437 3417 1507 dupliciter
3439 1451 3625 1496 contra
3655 1455 3714 1495 se
3760 1439 3893 1495 iram
3925 1439 4119 1496 divina:

2555 1529 2930 1597 indignationis
2952 1541 3291 1597 exaggerant,
3307 1530 3445 1599 quod
3475 1541 3528 1584 et
3546 1530 3852 1591 hominibus
3871 1531 4120 1587 innocen-

2558 1620 2682 1673 tiam
2716 1621 2937 1689 lingunt,
2966 1628 3021 1674 et
3067 1630 3373 1688 contempto
3411 1621 3500 1676 Dei
3521 1623 3738 1688 judicio,
3769 1624 4034 1679 abstinere
4061 1639 4119 1679 se

2555 1712 2623 1764 ah
2669 1711 2823 1765 altari
2875 1723 3092 1781 propter
3137 1713 3377 1768 homines
3419 1715 3755 1769 erubescunt.
3788 1717 4119 1786 Quapropter

2560 1804 2723 1858 Deum
2748 1804 2846 1858 sibi
2871 1802 3076 1859 facilius
3092 1805 3376 1873 placabunt
3397 1805 3471 1860 illi
3495 1807 3581 1875 qui
3603 1821 3710 1861 non
3737 1808 3966 1862 humano
3987 1824 4115 1864 con-

884 1919 1134 1980 tanquam
1159 1909 1399 1973 medicis,
1424 1883 1641 1963 vulnera
1671 1908 1862 1976 quibus
1877 1883 2151 1975 urgentur,
2173 1909 2446 1976 aperiunt;
2483 1883 2527 1942 Β
2557 1911 2578 1945 ⁸

2432 1927 2446 1974 ς
2483 1883 2527 1942 Β
2557 1893 2676 1952 victi
2704 1894 2924 1962 judicio,
2958 1895 3050 1949 sed
3076 1895 3215 1949 ultro
3243 1897 3443 1950 crimen
3480 1894 3497 1933 ί
3524 1901 3880 1964 agnoscunt;i
3913 1901 3997 1964 qui
4030 1910 4119 1955 aut

886 2009 1104 2070 operam
1133 2001 1263 2056 dare
1288 1999 1544 2054 debemus
1573 2009 1596 2038 ο
1627 2007 1685 2053 ut
1712 2000 2025 2066 quantocius
2055 1999 2119 2053 ad
2147 2000 2448 2065 sanitatem,

883 2090 996 2146 Deo
1026 2099 1260 2151 auctore,
1291 2089 1625 2160 perveniant,
1659 2104 1724 2142 ne
1755 2089 1806 2142 in
1834 2088 1984 2157 pejus
2007 2089 2334 2143 dissimulata
2360 2105 2453 2144 cu-

887 2181 1095 2234 ratione
1122 2179 1418 2246 proiiciant.
1447 2178 1518 2230 Ea
1545 2185 1718 2231 autem
1740 2177 1962 2231 crimina
2006 2179 2362 2243 quorumlibet
2403 2181 2450 2235 si

864 2267 1013 2338 ipsis
1040 2266 1341 2321 criminosis
1362 2265 1602 2320 confiteri
1631 2265 1931 2320 nolentibus
1964 2266 2312 2333 undecunque
2340 2267 2450 2321 ela-

880 2359 1117 2423 ruerint;
1149 2372 1478 2428 quaecunque
1501 2373 1604 2412 non
1631 2357 1823 2412 fuerint
1845 2358 2112 2425 patientiae
2139 2359 2244 2412 leni
2276 2359 2448 2414 medi-

878 2461 1124 2506 camento
1154 2460 1359 2515 sanata,
1378 2450 1524 2504 velut
1553 2449 1660 2518 igni
1689 2448 1916 2518 quodam
1947 2449 2044 2516 pia:
2077 2447 2449 2518 increpationis

879 2543 1080 2595 urenda
1112 2550 1233 2595 sunt
1263 2549 1318 2595 et
1353 2541 1607 2595 curanda.

952 2630 1004 2684 Ξ.
1036 2629 1186 2696 Quod
1213 2629 1259 2683 si
1287 2645 1382 2684 uec
1401 2630 1477 2684 sic
1499 2629 1708 2698 quidem
1725 2630 2094 2698 aequanimiter
2113 2631 2449 2693 sustinentis,

877 2736 942 2776 ac
969 2722 1054 2790 pie
1081 2722 1404 2788 increpantis
1428 2721 1631 2776 medela
1661 2718 1685 2758 ἀ
1718 2722 2000 2789 profecerit
2032 2723 2082 2775 in
2111 2723 2212 2785 eis,
2238 2723 2328 2791 qui
2356 2723 2448 2777 diu

876 2811 1092 2880 portati,
1141 2819 1194 2865 et
1241 2810 1527 2865 salubriter
1553 2812 1837 2880 objurgati,
1881 2813 2072 2882 corrigi
2126 2813 2445 2878 noluerunt;

877 2911 1125 2970 tanquam
1160 2911 1184 2939 ο
1215 2911 1395 2969 putres
1439 2903 1678 2970 corporis
1727 2911 1902 2970 partes
1931 2902 2127 2959 debent
2180 2903 2322 2958 ferro
2347 2919 2444 2958 ex-

876 2989 1369 3046 communicationis
1423 2991 1620 3044 abscidi
1673 3008 1688 3044 :
1729 3006 1833 3059 ne,
1884 2994 2027 3048 sicut
2070 3008 2198 3047 caro
2245 2994 2446 3049 morbis

875 3089 1137 3142 emortua,
1171 3080 1211 3135 si
1239 3079 1446 3135 abscisa
1471 3096 1576 3135 non
1611 3080 1791 3146 fuerit,
1825 3081 2048 3136 salutem
2082 3082 2303 3151 reliqua:
2328 3097 2448 3138 car-

876 3171 958 3223 l'lS
979 3171 1272 3237 putrediuis
1299 3187 1408 3226 suae
1436 3174 1752 3242 contagione
1779 3175 2103 3242 corrumpit;
2137 3177 2207 3229 ita
2231 3175 2316 3231 isti
2347 3175 2442 3246 qui

874 3260 1145 3313 emendari
1184 3260 1503 3328 deSpicinnt,
1544 3272 1596 3316 et
1628 3265 1678 3316 in
1711 3278 1810 3317 suo
1838 3264 2027 3318 morbo
2058 3267 2368 3332 persistent,
2399 3267 2444 3321 si

873 3349 1109 3402 moribus
1143 3349 1443 3419 depravatis
1480 3352 1532 3404 in
1569 3361 1874 3408 sanctorum
1915 3353 2173 3409 societate
2201 3370 2448 3424 perman-

875 3439 1061 3504 serint,
1085 3455 1177 3492 eos
1205 3441 1450 3507 exemplo
1472 3456 1579 3494 suae
1615 3441 1634 3480 ί
1670 3443 1980 3511 perditionis
2001 3445 2258 3503 iuilciant.
2282 3448 2446 3504 Porro

877 3526 947 3578 illi
981 3542 1201 3590 quorum
1234 3536 1443 3590 peccata
1465 3529 1748 3585 humanam
1779 3533 2013 3586 notitiam
2041 3534 2226 3598 latent,
2253 3551 2351 3590 nec
2379 3539 2447 3592 ab

886 3615 1014 3681 ipsis
1049 3616 1311 3680 toniessa,
1343 3633 1440 3671 nec
1468 3619 1535 3671 ab
1563 3621 1680 3673 aliis
1707 3622 2000 3686 publicata;
2027 3623 2071 3676 si
2103 3639 2166 3680 ea
2205 3627 2447 3681 confiteri

875 3716 962 3755 aut
992 3714 1018 3751 ε
1049 3706 1334 3761 emendare
1362 3708 1643 3770 noluerint,
1685 3709 1845 3762 Deum
1866 3753 1877 3772 ,
1937 3727 2093 3781 quem
2148 3715 2342 3770 habent
2372 3726 2448 3772 te-

874 3803 1030 3855 stem,
1066 3794 1236 3861 ipsum
1261 3794 1486 3849 habituri
1515 3809 1636 3851 sunt
1656 3800 1968 3855 etultorem.
1995 3801 2195 3871 thuid
2220 3806 2296 3859 eis
2323 3820 2444 3874 pro—

876 3885 994 3939 dest
1017 3887 1304 3940 humanum
1337 3888 1503 3940 vitare
1524 3889 1805 3955 judicium,
1833 3906 1978 3953 cum,
2009 3894 2052 3946 si
2083 3893 2135 3946 in
2183 3896 2322 3948 malo
2347 3910 2445 3950 suo

879 3978 1285 4043 permanserint,
1311 3979 1432 4030 ituri
1455 3978 1560 4031 sint
1587 3980 1637 4031 in
1668 3983 2069 4043 :etemum,Deo
2096 3986 2441 4056 retribuente,

876 4065 1188 4132 supplicium
1208 4067 1230 4115 7
1251 4065 1402 4131 Quod
1433 4067 1477 4120 si
1510 4067 1609 4134 ipsi
1635 4065 1661 4104 δ
1684 4071 1781 4123 sibi
1805 4070 2013 4137 judiees
2047 4075 2192 4137 fiant,
2225 4086 2277 4128 et
2297 4077 2441 4132 velu-

875 4153 909 4206 ti
933 4165 1046 4208 smn
1071 4155 1360 4224 iniquitatis
1386 4156 1583 4210 ultores
1607 4157 1750 4212 hicin
1775 4175 1832 4214 se
1859 4161 2202 4218 voluntariam
2234 4181 2333 4234 pm.
2357 4183 2443 4223 am

879 4245 1232 4298 severissimae
1274 4245 1746 4303 animadversionis
1776 4265 2094 4316 exerceant;
2146 4259 2444 4325 temporali-

878 4335 976 4388 hus
998 4335 1168 4402 pmtiis
1198 4335 1472 4390 mutabunt
1493 4347 1691 4392 acterna
1723 4343 1998 4410 supplic'a,
2028 4355 2082 4398 et
2102 4347 2348 4417 lacrymis
2378 4365 2442 4404 ex

877 4439 998 4478 vera
1063 4426 1240 4479 cordis
1310 4431 1714 4496 compunctioue
1770 4434 2053 4492 ﬂuentibus
2119 4441 2443 4510 restinguent

881 4513 1065 4565 aeterni
1100 4514 1234 4582 ignis
1271 4515 1534 4570 incendia.
1572 4523 1637 4572 At
1659 4520 1708 4573 hi
1732 4521 1842 4589 qui,
1874 4522 1926 4575 in
1957 4525 2134 4593 aliquo
2161 4530 2323 4596 gradu
2352 4547 2440 4586 ec-

2554 1986 2782 2055 pr0priis
2817 1986 2943 2040 illud
2985 1985 3405 2041 confessionibus
3436 1987 3686 2055 produnt.
3720 1998 3807 2043 aut
3839 1992 4121 2045 nescienti-

2553 2077 2651 2131 bus
2696 2076 2814 2131 aliis
2860 2078 3042 2147 quales
3093 2078 3283 2133 occulti
3316 2087 3460 2143 sunt,
3501 2079 3598 2146 ipsi
3627 2080 3679 2133 in
3710 2095 3769 2135 se
3803 2081 4117 2136 voluntaria

2551 2167 3119 2221 excommunicationis
3143 2168 3459 2222 sententiam
3498 2169 3691 2230 ferunt.
3747 2178 3801 2224 et
3847 2171 3915 2224 ab
3964 2172 4116 2228 altari

2550 2255 2635 2309 cui
2661 2254 3054 2319 ministrabant,
3080 2270 3183 2309 non
3213 2257 3414 2322 animo,
3442 2258 3534 2311 sed
3566 2257 3742 2312 officio
3768 2261 4020 2327 separati,
4043 2263 4119 2316 vi-

2551 2354 2657 2399 tam
2705 2360 2854 2400 suam
2910 2355 3157 2415 tanquam
3208 2357 3470 2401 mortuam
3511 2348 3782 2426 plangunt,
3813 2351 3944 2404 certi
3976 2350 4116 2420 quod

2549 2436 2892 2491 receiiciliato
2922 2436 3024 2491 sibi
3066 2437 3303 2492 efﬁcacis
3335 2439 3658 2508 poenitentiae
3686 2439 3944 2494 fructibus
3985 2441 4113 2510 Deo,

2550 2542 2656 2581 non
2678 2528 2851 2582 solum
2884 2530 3077 2582 amissa
3105 2528 3133 2566 ¹ι
3158 2530 3432 2599 recipiant,
3460 2529 3554 2584 sed
3583 2531 3742 2586 etiam
3768 2532 3908 2586 cives
3932 2545 4116 2601 super-

2550 2631 2634 2670 na:
2680 2617 2910 2672 civitatis
2946 2617 3162 2686 effecti,
3217 2620 3283 2674 ad
3307 2621 3502 2686 gaudia
3553 2623 3873 2691 sempiterna
3928 2639 4118 2690 perve-

2549 2706 2716 2761 niant.

3125 2801 3351 2857 CAPUT
3381 2803 3512 2857 Vill.

2545 2892 2696 2958 Quod
2720 2892 2909 2963 inique,
2926 2901 3005 2966 __et
3028 2908 3128 2946 non
3156 2894 3452 2966 simpliciter
3475 2907 3739 2966 arguentes
3763 2897 3881 2950 varii
3904 2897 4025 2963 sint,
4055 2913 4116 2952 ac

2901 2963 3072 3018 diuino
3091 2965 3293 3033 judicio
3319 2963 3708 3022 condemnandi.

2618 3075 2734 3129 Jam
2768 3072 2787 3112 ι
2820 3075 2888 3129 de
2917 3076 3021 3130 illis
3049 3078 3160 3145 qui,
3185 3077 3286 3131 levi
3309 3077 3613 3147 suspicione
3642 3082 3884 3148 permoti,
3909 3082 4118 3151 simpli-

2547 3167 2681 3223 citer
2711 3168 2948 3225 viventes
2970 3169 3271 3239 ohjurgant,
3302 3179 3360 3225 ut
3407 3180 3460 3224 et
3482 3171 3602 3225 illos
3633 3173 3900 3228 incondita
3939 3189 4118 3231 corre-

2551 3261 2731 3328 ptione
2783 3259 3107 3318 confundant
3157 3272 3315 3330 atque
3364 3263 3636 3331 dejiciant,
3667 3275 3721 3319 et
3750 3265 3847 3319 sibi
3876 3281 3973 3335 per
4017 3267 4119 3324 hoc

2550 3349 2732 3404 nescio
2769 3350 2918 3419 cujus
2962 3351 3312 3408 districtionis
3353 3354 3572 3424 gloriam
3603 3365 3871 3424 qutcrant,
3902 3373 4008 3412 non
4034 3368 4117 3414 est

2551 3456 2725 3495 meum
2757 3441 2952 3510 aliquid
2978 3443 3185 3509 dicere;
3211 3460 3373 3514 super
3391 3447 3580 3516 quibus
3601 3458 3707 3502 tam
3741 3451 4016 3520 perspicue
4036 3451 4117 3506 di-

2551 3530 2703 3584 tinus
2733 3545 2911 3586 sermo
2935 3537 3260 3601 pronuntiat,
3296 3543 3354 3588 ut
3375 3543 3416 3571 ιιι
3447 3537 3751 3605 esp'ositore
3795 3553 3898 3593 non
3938 3547 4109 3610 egeat.

2550 3620 2640 3674 Ait
2670 3620 2810 3675 enim
2843 3623 2891 3674 in
2927 3621 3300 3678 Ecclesiastico
3325 3623 3554 3692 Spiritus
3578 3637 3794 3682 sanctus
3826 3646 3840 3683 :
3875 3627 3967 3682 Est
3997 3643 4112 3683 cor-

2549 3711 2711 3781 reptio
2759 3711 2977 3764 utendas:
3017 3713 3068 3765 in
3093 3719 3121 3747 ιι
3145 3713 3222 3764 ira
3252 3715 3637 3778 contumeliosi;
3681 3727 3726 3769 et
3759 3728 3830 3770 est
3858 3720 4112 3788 judicium

2545 3802 2684 3869 quod
2707 3818 2807 3856 non
2833 3814 2904 3856 est
2928 3803 3111 3858 bonum
3148 3804 3336 3870 (Eccli.
3384 3823 3493 3872 nx,
3523 3808 3634 3876 28).
3677 3808 3868 3878 Utique
3919 3821 4110 3866 centu-

2548 3891 2759 3945 meliosi
2810 3893 3040 3948 hominis
3092 3905 3146 3948 et
3183 3895 3397 3964 superbi
3435 3899 3719 3967 correptio,
3751 3915 3870 3969 quas
3919 3901 4112 3957 dicitur

2548 3982 2797 4048 mendax,
2843 3992 2868 4019 ο
2924 3987 3185 4052 superbiae
3231 3997 3345 4050 est,
3383 4003 3485 4042 non
3534 3989 3756 4055 alicujus
3801 3991 4111 4048 humilitatis

2549 4081 2577 4120 ρ
2603 4072 2882 4141 judicium,
2907 4081 2963 4126 et
2991 4073 3110 4128 ideo
3140 4091 3244 4129 non
3285 4086 3366 4132 est
3397 4078 3611 4133 bonum.
3642 4081 3776 4148 Quid
3811 4086 3976 4150 potuit
3997 4086 4108 4139 evi-

2548 4163 2784 4228 dentius,
2803 4163 2926 4231 quid
2953 4166 3185 4233 apertius
3215 4167 3340 4234 dici,
3361 4185 3518 4239 quam
3537 4180 3562 4219 ιι
3587 4179 3643 4224 ut
3669 4176 4110 4230 contumeliosum

2546 4255 2751 4310 diceret
2775 4258 3098 4312 mendaciter
3125 4269 3431 4328 arguentem
3456 4263 3478 4314 ξ’
3503 4262 3631 4329 Quia
3680 4275 3733 4316 et
3759 4267 4110 4322 contumelio-

2547 4361 2638 4400 sus
2683 4356 2764 4401 est
2797 4347 2884 4415 qui
2931 4349 3256 4405 mendaciter
3292 4354 3501 4422 arguit;
3539 4367 3558 4392 τ
3589 4364 3642 4410 et
3673 4357 3997 4412 mendaciter
4024 4375 4109 4413 ar-

2546 4443 2659 4511 guit
2689 4441 2776 4510 qui
2809 4444 3184 4498 contumeliam
3228 4444 3370 4498 facit.
3407 4447 3532 4501 Item
3565 4451 3616 4501 in
3649 4451 3984 4505 Proverbiis:
4014 4452 4110 4507 Te-

2547 4535 2637 4586 stis
2669 4533 2830 4602 falsus
2859 4550 2959 4586 non
2992 4537 3084 4587 erit
3105 4536 3406 4603 impunitus,
3435 4548 3480 4589 et
3502 4541 3588 4605 qui
3616 4541 3782 4610 arguit
3805 4543 3975 4611 inique
4011 4560 4110 4599 non

876 4603 1177 4660 clesiastico
1201 4609 1500 4672 constituti,
1532 4610 1743 4678 aliquod
1780 4615 1988 4669 occulte
2016 4619 2215 4672 crimen
2252 4622 2438 4676 admit-
2468 4591 2519 4651 θ
2548 4591 2751 4691 c/fugiet
2780 4621 2960 4692 (Prov.
2993 4636 3103 4690 xxx,
3134 4591 3214 4693 5i.
3238 4625 3365 4692 Quis
3396 4591 3476 4680 est
3500 4591 3863 4693 f'alsusatestis,
3889 4591 3992 4687 nisi
4021 4635 4112 4704 qui

878 4701 1013 4757 tunt,
1040 4695 1134 4763 ipsi
1166 4711 1224 4750 se
1255 4712 1389 4751 vana
1417 4704 1760 4767 persuasione
1788 4703 2075 4773 decipiunt,
2101 4709 2144 4762 si
2189 4711 2269 4764 eis
2295 4714 2440 4769 vide-

876 4791 959 4837 tur
988 4794 1261 4853 propterea
1309 4789 1728 4855 communicare,
1771 4801 1825 4845 et
1872 4795 2105 4851 oitlcium
2145 4814 2299 4854 suum
2340 4803 2439 4857 im-

947 4970 973 4998 ι
1006 4961 1095 5015 Ms.
1133 4975 1285 5024 unus,
1302 4962 1521 5016 incaute.

946 5029 975 5067 δ
997 5031 1094 5083 bis.
1119 5045 1271 5094 unus,
1302 5032 1354 5082 in
1377 5033 1613 5085 crastino.

950 5109 972 5166 9
1003 5100 1100 5153 Ms.
1132 5115 1288 5160 unus,
1310 5103 1663 5166 quantocitius.

944 5165 970 5206 ἀ
997 5170 1118 5222 Mss.
1141 5184 1254 5232 su,
1283 5165 1592 5235 processerit.

951 5238 1124 5315 sts.
1170 5237 1299 5299 duo,
1332 5241 1622 5315 pauidas;
1653 5258 1822 5315 unus,
1873 5255 2244 5315 putrescentes;
2300 5267 2431 5311 mss.

874 5308 1108 5375 quinque
1130 5322 1248 5361 cum
1279 5307 1454 5370 editis,
1488 5311 1699 5366 abscidi.

953 5373 972 5412 ί
1005 5376 1099 5427 Ms.
1134 5389 1289 5437 unus,
1306 5377 1652 5444 perversionis.

949 5453 974 5489 Β
999 5444 1117 5497 Mss.
1145 5455 1271 5508 tres,
1301 5445 1377 5497 vel
1404 5449 1676 5503 emendari.

949 5511 976 5548 ιι
1006 5513 1365 5591 Deest’sibi__in
1395 5515 1516 5568 edd.
1536 5516 1685 5591 Lov.,
1706 5519 1865 5591 D_uac.
1886 5531 1940 5576 et
1966 5521 2183 5591 Colon.;
2218 5527 2442 5586 habetur

879 5580 932 5699 Et;
961 5596 1106 5699 imils.
1160 5583 1407 5637 omnibus
1457 5595 1511 5638 et
1564 5580 1691 5640 edit.
1742 5588 1906 5661 Lugd.
1941 5593 2039 5648 Ms.
2073 5580 2443 5665 υηῑίεζηρἆἶῖ

937 5667 996 5699 ι-
1074 5666 1124 5699 c.

879 5660 997 5716 ipsi,
1021 5660 1124 5704 etc.

954 5714 972 5802 ξ
989 5714 1173 5802 ξιξιῆιίἓ
1197 5731 1534 5802 cognoscunt;
1562 5739 1699 5802 mss._
1712 5741 1829 5802 sex,
1860 5742 2159 5802 agnoscunt.

953 5785 970 5834 ι
1005 5785 1129 5848 κω.
1158 5785 1288 5860 ποί,
1314 5793 1433 5859 quia
1457 5785 1577 5858 aut;
1600 5805 1656 5852 et
1685 5785 1839 5867 infra,
1871 5785 2011 5862 nisi;
2026 5785 2275 5875 quatuor,
2303 5811 2448 5866 ocul-

2549 4712 2820 4767 hominem
2843 4714 3128 4782 quemlibet
3154 4717 3219 4771 de
3251 4717 3564 4774 criminibus
3593 4720 3901 4776 indiscussis
3927 4724 4111 4792 objur-

2545 4808 2672 4877 gat‘i
2711 4807 2878 4875 Quem
2911 4818 3189 4875 propterea
3236 4809 3417 4879 inique
3461 4813 3822 4880 increpantem
3851 4815 3981 4870 dicit
4005 4833 4110 4874 non

2550 4988 2587 5034 ﬂ
2606 4990 2776 5126 δέηὲξε.
2808 5042 3244 5126 υῃιιεηῖεςίρὶἓζι,
3276 5054 3361 5104 sed
3392 5055 3658 5109 etiam.....
3698 5061 4002 5126 pervenient.

2624 5117 2641 5156 ι
2675 5120 2799 5172 Mss.
2831 5120 2938 5174 duo
2963 5120 3139 5184 Colb.,
3175 5120 3380 5175 Tamen.

2616 5197 2655 5224 ⁸³
2683 5189 2809 5243 Mss.
2831 5189 2958 5252 duo,
2978 5191 3306 5259 expositione.

2614 5265 2642 5292 η
2668 5259 2796 5312 Mss.
2821 5269 3050 5342 septem,
3074 5263 3126 5342 in
3148 5276 3233 5342 ore
3257 5265 3702 5335 contameliosi...;
3733 5278 3786 5324 et
3817 5271 3972 5339 paulo
3995 5284 4111 5342 post

2514 5320 2517 5323 ’
2543 5341 2672 5382 mss.
2701 5342 2816 5392 sex,
2840 5320 2979 5383 ct'esi
3009 5320 3270 5384 indicium.

2621 5406 2645 5433 ο
2670 5399 2791 5470 Mss.
2822 5399 2950 5464 duo,
2966 5400 3202 5470 superbia
3227 5409 3317 5454 est.

2619 5477 2645 5515 ιι
2667 5468 2792 5540 gas.
2833 5481 2949 5540 sex,
2977 5468 3098 5540 cum
3125 5469 3250 5523 edit.
3278 5472 3466 5540 Lugd.,
3491 5477 3756 5531 indicium.

2621 5545 2649 5586 ς
2674 5537 2810 5591 Edit.
2843 5537 3032 5607 Lugd.,
3059 5554 3209 5607 quam
3236 5537 3648 5599 contumeliosum
3676 5551 3859 5603 dicere.

2625 5615 2647 5642 ι’
2681 5607 2734 5680 in
2759 5622 2894 5680 mss:
2913 5607 3121 5680 duobus
3159 5609 3289 5676 Reg.
3321 5612 3512 5669 desunt
3553 5615 3688 5680 hanc,
3726 5629 3771 5672 et
3809 5620 4114 5676 mendaciter

2549 5678 2740 5758 arguit.
2773 5675 2826 5760 Iit
2860 5677 3009 5760 (golb.
3041 5675 3302 5760 msauno,
3332 5683 3456 5760 quia
3493 5696 3542 5738 et
3574 5675 3960 5760 contumeliosus
4017 5675 4108 5760 est,

2552 5745 2640 5814 qui
2661 5745 2965 5802 mendaciter
2993 5749 3163 5820 arguit
3188 5765 3301 5804 eum
3329 5745 3415 5821 qui
3438 5759 3790 5812 contumeliam
3821 5759 3965 5830 facit.
