4516 6464
286 426 391 485 453

1351 420 1439 475 DE
1484 420 1634 474 \‘lT.\
1680 418 2255 476 CONTEMPLATIVA
2295 419 2425 477 LIB.
2468 420 2530 476 11.

3490 422 3593 480 lsi

285 535 603 604 impunitum
656 535 914 600 futurum,
947 534 1070 604 quia
1110 534 1451 589 innocentem
1486 535 1649 587 nullis
1686 549 1879 603 provo-
1907 538 1959 598 Δ
1986 533 2103 603 (qui
2133 534 2375 589 volentes
2408 530 2427 571 ι
2464 532 2815 590 esseChristi
2845 530 3124 613 discipuli,
3156 534 3597 592 renuntiaverunt

283 627 529 681 cantibus
587 628 797 681 meritis
859 626 1169 696 arguendo,
1228 635 1255 664 ι
1303 626 1471 681 videri
1531 627 1642 681 vult
1704 642 1875 682 reum.

283 716 310 756 δ
343 717 497 785 Quod
525 727 709 773 autem
739 717 867 773 dicit
895 718 963 771 de
993 732 1059 772 eo
1087 719 1175 787 qui
1201 718 1382 787 inique
1409 717 1608 786 arguit,
1630 734 1730 770 non
1754 716 1882 783 επα-

275 808 413 879 giet;
433 809 557 878 quid
589 808 731 863 aliud
758 807 917 862 debet
946 809 1194 878 intelhgi,
1220 808 1320 862 nisi
1344 809 1468 875 quia
1498 811 1628 862 iram
1658 809 1753 863 Dei
1773 824 1879 863 non

276 898 521 967 cﬂ'ngiet,
570 898 661 966 qui
691 898 924 968 aliquem
955 914 1060 952 non
1089 900 1167 953 sic
1196 898 1446 967 corripit,
1500 908 1559 951 ut
1602 898 1875 963 emendet,

279 989 373 1043 sed
410 998 470 1041 ut
500 1002 561 1043 se
589 990 892 1057 procaciter
916 989 1114 1058 jactet?
1146 988 1252 1042 Sed
1304 989 1370 1042 de
1415 990 1881 1058 contemptoribus

279 1086 676 1147 praceptorum
725 1079 841 1146 Dei,
874 1089 929 1134 et
977 1078 1045 1133 de
1092 1079 1451 1149 correptionis
1502 1094 1565 1134 ac
1607 1080 1880 1149 patientia

282 1170 501 1233 virtute,
530 1168 802 1224 sufficiant
832 1170 931 1223 ista
959 1186 1080 1240 qua
1101 1171 1336 1225 diximus
1368 1189 1380 1222 :
1408 1186 1477 1226 ne
1507 1172 1557 1225 in
1595 1186 1703 1225 uno
1733 1171 1881 1241 capi-

278 1260 391 1315 tulo
414 1261 561 1329 justo
583 1261 817 1329 amplius
838 1261 1133 1326 immorati,
1163 1271 1461 1317 autcatera
1486 1262 1701 1316 brevius
1716 1278 1877 1331 quam

278 1364 502 1406 necesse
532 1351 602 1404 sit
629 1359 1082 1417 transcurramus,
1114 1362 1205 1407 aut
1250 1354 1601 1409 intentionem
1645 1367 1877 1410 vestram

280 1440 619 1510 longitudine
673 1442 898 1495 nimium
933 1445 1178 1513 protelati
1227 1445 1520 1501 voluminis
1564 1461 1875 1502 oneremus.

280 1530 571 1585 Videamus
601 1533 779 1602 itaque
796 1534 923 1602 quid
942 1549 1038 1588 nos
1062 1537 1224 1589 etiam
1254 1537 1587 1590 continentia
1619 1547 1642 1576 ο
1670 1539 1880 1607 capitu-

279 1625 314 1676 li
358 1626 633 1694 sequentis
665 1624 908 1679 edoceat.
944 1626 1157 1695 Utrum,
1188 1626 1214 1663 ἀ
1247 1629 1440 1697 inquit,
1483 1630 1878 1700 congregandis

272 1714 556 1783 fratribus,
597 1726 690 1771 aut
728 1719 934 1773 alendis
977 1720 1231 1788 expediat
1274 1722 1557 1777 facultates
1610 1722 1873 1778 Ecclesia:

275 1809 563 1877 possideri,
587 1824 653 1863 an
676 1808 1024 1878 perfectionis
1046 1827 1230 1867 amore
1259 1816 1549 1869 contemni.

902 1920 1130 1978 CAPUT
1168 1924 1259 1977 IX.

273 2002 431 2084 Quod
459 2010 749 2084 sacerdotes
779 2020 802 2049 ο
834 2012 964 2066 nihil
1002 2016 1196 2084 prapn'i
1224 2015 1407 2069 habere
1438 2016 1674 2081 debeant,
1707 2028 1755 2073 et
1796 2036 1878 2073 ec-

346 2082 516 2159 clesia:
561 2081 829 2159 facultates
860 2086 1022 2159 Aquasi
1061 2081 1390 2159 cumntunes‘,
1433 2104 1525 2156 pro
1552 2088 1737 2159 quibus
1771 2089 1876 2145 Deo

341 2152 594 2204 rationem
622 2152 872 2206 reddituri
893 2162 1031 2217 sunt,
1067 2156 1369 2225 suscipiant.

344 2264 398 2318 l.
444 2265 681 2334 Expedit
724 2264 1004 2321 facultates
1044 2268 1285 2322 ecclesia
1329 2271 1627 2340 possideri,
1663 2282 1718 2328 et
1747 2289 1875 2344 pro-

268 2354 352 2421 pri
372 2368 417 2408 is
468 2354 814 2423 perfectionis
860 2369 1043 2411 atnorc
1072 2360 1371 2413 contemni.
1422 2360 1539 2415 Non
1565 2362 1709 2416 enim
1745 2378 1871 2431 pro-

270 2447 405 2512 pria
433 2456 579 2511 sunt,
609 2447 701 2502 sed
727 2462 1039 2503 communes
1063 2451 1305 2505 ecc!esia
1334 2450 1642 2521 facultates;
1675 2465 1727 2510 et
1752 2456 1873 2512 ideo

265 2536 516 2605 quisquis
546 2537 796 2592 omnibus
840 2555 957 2604 «,ua
998 2539 1183 2595 habuit
1219 2542 1457 2597 dimissis
1494 2556 1585 2598 aut
1617 2546 1869 2613 venditis,

270 2629 325 2679 tit
357 2630 432 2681 rei
465 2641 577 2682 sua
604 2637 978 2698 contemptor;
1019 2645 1141 2684 cum
1172 2634 1490 2702 prapositus
1516 2635 1675 2689 fuerit
1700 2636 1871 2691 factus

268 2717 538 2783 ecclesia,
558 2719 797 2775 omnium
826 2735 947 2789 quae.
975 2722 1136 2777 habet
1159 2723 1387 2779 ecclesia
1405 2724 1640 2780 eftieitur
1658 2726 1875 2798 dspen-

266 2816 437 2863 sator.
476 2808 495 2847 ‘
537 2810 738 2865 Deinde
766 2820 981 2866 sanctus
1007 2812 1271 2869 Paulinus
1302 2815 1392 2886 (ut
1419 2816 1518 2887 ipsi
1551 2819 1743 2873 melius
1770 2835 1870 2874 no-

266 2901 411 2970 stis)
460 2902 690 2969 ingentia
723 2902 920 2971 pradia
948 2945 961 2965 ,
998 2913 1023 2950 κ
1051 2919 1173 2973 qua
1221 2905 1436 2961 fuerunt
1483 2924 1577 2963 sua
1606 2954 1621 2979 ,
1654 2910 1871 2966 vendita

266 2992 591 3061 pauperibus
630 2994 909 3064 er0gavit;
958 2994 1053 3049 sed
1100 3011 1224 3051 cum
1277 3009 1462 3067 postea
1513 3000 1684 3057 factus
1728 3014 1873 3058 esset

264 3083 551 3151 episcopus
576 3122 590 3146 ,
628 3099 733 3137 non
770 3086 1095 3152 contempsit
1140 3086 1386 3143 ecclesia
1413 3087 1695 3146 facultates
1719 3132 1735 3158 ,
1772 3092 1871 3148 sed

264 3169 577 3227 ﬁdelissime
620 3172 967 3243 dispensavit.
1018 3175 1137 3242 Quo
1173 3175 1314 3232 facto
1351 3178 1484 3234 satis
1535 3182 1769 3238 ostendit
1816 3190 1873 3239 et

1985 626 2238 679 omnibus
2273 639 2393 693 qua
2425 623 2732 694 habebant)
2772 639 2879 680 non
2909 632 2967 678 ut
2998 638 3340 693 possessores
3361 666 3377 691 ,
3412 626 3509 705 sed
3539 637 3598 684 ut

1984 726 2368 786 procuratores
2408 716 2692 772 facultates
2719 718 2960 773 ecclesia
2997 717 3366 785 possidebant.
3417 719 3483 773 Et
3511 720 3595 773 id-

1982 808 2129 862 eirco
2158 808 2390 864 scientes
2418 808 2554 862 nihil
2582 808 2730 863 aliud
2762 823 2883 863 csse
2914 823 3007 863 res
3031 809 3274 863 ecclesia
3294 849 3309 873 ,
3342 810 3446 864 nisi
3472 820 3596 864 voto

1984 898 2240 963 ﬁdelium,
2271 899 2440 965 pretia
2471 912 2839 968 peccatorum,
2864 908 2919 955 et
2946 908 2985 934 ιιι
3013 900 3337 970 patrimonia
3385 916 3587 970 paupe-

1982 1004 2136 1053 rum;
2184 1004 2290 1044 non
2325 1002 2419 1043 eas
2456 988 2866 1047 vindicaverunt
2913 989 2966 1044 in
3008 1004 3137 1044 usus
3178 1005 3345 1057 suos,
3378 1002 3438 1045 ut
3468 1008 3595 1060 prti-

1983 1082 2169 1150 prias,
2204 1082 2298 1136 sed
2337 1092 2399 1137 ut
2442 1083 2847 1138 commendans
2894 1084 3225 1152 pauperibus
3269 1083 3594 1144 diviserunt,

1984 1175 2096 1230 line
2123 1187 2205 1231 est
2237 1178 2381 1230 enim
2414 1176 2741 1244 possidendo
2778 1184 3130 1232 contemnere
3152 1217 3167 1240 ,
3198 1191 3307 1229 non
3333 1175 3434 1231 sibi
3454 1220 3469 1245 ,
3498 1178 3593 1233 sed

1981 1268 2103 1321 aliis
2136 1267 2450 1335 possidere;
2497 1282 2598 1321 nec
2637 1267 2867 1323 habendi
2900 1266 3198 1337 cupiditate
3229 1264 3593 1323 ecclesia‘fa-

1980 1358 2211 1412 cultates
2237 1359 2444 1413 ambire
2470 1399 2485 1421 .
2526 1359 2624 1413 sed
2650 1349 2744 1413 eas
2789 1362 2989 1428 pietate
3028 1359 3386 1415 subveniendi
3413 1362 3593 1419 susci-

1983 1463 2133 1519 pere.
2185 1448 2341 1516 Quod
2387 1449 2551 1504 habet
2576 1450 2806 1504 ecclesia
2832 1492 2848 1517 ,
2889 1464 3013 1505 cum
3045 1451 3298 1507 omnibus
3328 1450 3467 1506 nihil
3497 1451 3595 1505 ha-

1982 1539 2238 1593 bentibus
2283 1539 2442 1594 habet
2481 1554 2803 1605 commune,
2846 1556 2947 1596 nec
2984 1541 3184 1611 aliquid
3232 1542 3355 1597 inde
3392 1542 3473 1597 eis
3501 1543 3592 1611 qui

1981 1629 2082 1683 sibi
2116 1630 2183 1685 de
2220 1644 2319 1685 suo
2358 1630 2637 1687 sufﬁciunt
2679 1632 2842 1686 debet
2889 1648 3113 1702 erogare
3139 1674 3154 1695 ,
3200 1636 3415 1704 quando
3458 1634 3591 1689 nibﬂ

1964 1721 2127 1775 aliud
2156 1721 2227 1776 sit
2255 1722 2573 1778 habentibus
2597 1723 2731 1778 dare
2756 1740 2916 1793 quam
2949 1724 3199 1793 perdere.

2616 1838 2849 1894 CAPUT
2889 1838 2958 1894 Χ,

1906 1907 1957 1966 Β
1985 1929 2113 1984 Cum
2146 1947 2245 2000 quo
2281 1930 2469 1985 damno
2492 1932 2816 2003 animarum
2844 1932 2906 1984 ab
2934 1931 3167 1996 ecclesia,
3195 1948 3312 2001 qua
3343 1949 3591 2003 pauperes

2128 2002 2313 2070 pascit,
2334 2002 2588 2071 accipiant
2614 2000 2695 2055 illi
2716 2004 2802 2068 (,ui
2831 2002 2930 2055 sibi
2957 2002 3021 2054 de
3048 2018 3144 2055 suo
3163 2000 3444 2072 suﬂiciuut.

2054 2094 2109 2149 l.
2132 2093 2244 2150 Nec
2271 2094 2346 2148 illi
2364 2096 2452 2163 qui
2480 2109 2575 2149 sua
2611 2094 2952 2164 possidentes
2980 2095 3095 2149 dari
3127 2095 3231 2150 sibi
3259 2096 3462 2166 aliquid
3494 2112 3591 2151 vo—

1983 2186 2098 2242 lunt
2122 2229 2137 2253 ,
2170 2187 2286 2241 sine
2313 2186 2501 2256 grandi
2535 2196 2755 2255 peccato
2781 2202 2881 2241 suo
2902 2230 2917 2254 ,
2945 2195 2973 2223 υ
3005 2187 3151 2242 unde
3179 2202 3381 2259 pauper
3414 2192 3589 2245 victu-

1977 2292 2073 2333 rus
2098 2288 2213 2334 erat
2232 2279 2522 2347 accipiunt.
2558 2278 2633 2332 De
2660 2277 2874 2335 clericis
2899 2278 3114 2346 quidem
3140 2278 3271 2335 dicit
3302 2288 3325 2314 ο
3353 2279 3588 2349 Spiritus

1976 2381 2197 2424 sanctus
2232 2386 2247 2423 :
2281 2369 2501 2423 Pecrala
2530 2368 2710 2438 papuli
2732 2370 2828 2423 mei
2859 2380 2884 2418 Ρ
2910 2370 3184 2423 comedunt
3215 2370 3371 2442 (Osee
3395 2386 3469 2435 tv,
3500 2371 3583 2442 8).

1976 2459 2080 2514 Sed
2106 2460 2243 2515 sicut
2278 2460 2408 2514 nihil
2441 2460 2700 2514 habentes
2731 2462 3004 2529 proprium
3027 2504 3042 2529 ,
3076 2477 3183 2517 non
3214 2472 3453 2532 peccata,
3485 2464 3581 2518 sed

1978 2552 2230 2606 alimenta
2257 2552 2449 2621 quibus
2473 2551 2712 2621 indigere
2732 2551 3003 2617 videntur,
3026 2552 3333 2622 accipiunt;
3359 2554 3429 2608 ita
3458 2570 3586 2624 pus-

1978 2652 2222 2695 sessores
2248 2682 2265 2708 ,
2298 2656 2404 2695 non
2436 2642 2693 2697 alimenta
2724 2642 2918 2712 quibus
2956 2642 3253 2710 abundant,
3284 2645 3380 2700 sed
3408 2646 3586 2703 aliena

1976 2741 2195 2803 peccata
2227 2735 2549 2801 suscipiunt.
2599 2734 2704 2803 ipsi
2735 2750 2806 2805 qn
2827 2750 2951 2805 tque
2977 2751 3263 2806 pauperes,
3293 2738 3338 2792 si
3362 2754 3428 2795 se
3460 2756 3587 2809 pos-

1976 2834 2105 2881 sunt
2134 2827 2247 2881 suis
2276 2826 2520 2883 artificiis
2550 2836 2641 2882 aut
2671 2827 2947 2884 laboribus
2972 2829 3232 2897 expedire
3256 2874 3272 2899 ,
3304 2845 3412 2885 non
3445 2847 3586 2902 pra-

1976 2932 2195 2975 sumant
2220 2921 2361 2989 quod
2410 2922 2572 2977 debet
2596 2923 2790 2978 debilis
2817 2933 2908 2978 aut
2938 2924 3183 2979 inﬁrmus
3211 2926 3482 2996 accipere,
3515 2945 3586 2986 ne

1978 3009 2119 3065 forte
2146 3011 2397 3077 ecclesia,
2432 3028 2553 3081 qua
2579 3023 2755 3082 potest
2780 3014 2926 3067 omni
2953 3014 3148 3070 solatio
3175 3015 3454 3074 destitutis
3484 3036 3585 3076 ne-

1976 3102 2209 3157 cessaria
2240 3102 2549 3159 ministrare
2572 3145 2587 3169 ,
2615 3105 2663 3160 si
2704 3121 2894 3161 omnes
2915 3107 3079 3162 etiam
3112 3108 3247 3164 nihil
3279 3111 3585 3180 indigentes

1976 3190 2268 3259 accipiant,
2298 3202 2518 3262 gravata
2542 3233 2559 3261 ,
2588 3194 2695 3249 illis
2720 3194 2916 3265 quibus
2942 3196 3125 3264 debet,
3157 3200 3449 3257 subvenire
3475 3219 3583 3261 non

263 3262 483 3331 propria
528 3262 727 3317 debere
775 3276 992 3334 propter
1031 3266 1414 3334 perfectionem
1459 3277 1773 3343 contemni,
1814 3286 1868 3331 et
1895 3281 1942 3344 ο
1974 3281 2171 3337 valeat.

260 3354 379 3407 sine
409 3351 794 3420 impedimento
819 3354 1161 3423 perfectionis
1188 3372 1346 3427 posse
1370 3358 1395 3396 ιι
1422 3376 1542 3431 qua
1566 3374 1693 3417 sunt
1714 3380 1864 3420 com-

260 3445 443 3497 munia
500 3444 744 3498 ecclesia
798 3446 1082 3520 pqssideri.
1135 3449 1277 3516 Quid
1326 3463 1546 3507 sanctus
1588 3454 1869 3511 Hilarius?

261 3548 445 3588 nonne
470 3542 525 3588 et
554 3534 668 3602 ipse
692 3539 870 3588 omnia
908 3534 920 3571 ί
961 3537 1095 3590 bona
1126 3552 1222 3593 sua
1262 3548 1356 3594 aut
1386 3543 1401 3592 ι
1440 3557 1551 3611 part
1572 3544 1753 3600 ntihus
1781 3562 1868 3601 re-

261 3622 457 3693 liquit,
488 3632 580 3677 aut
619 3625 833 3679 vendita
886 3629 1207 3696 pauperibus
1256 3633 1538 3701 erogavit?
1585 3634 1635 3687 is
1685 3644 1862 3692 tamen

261 3730 383 3770 cum
430 3714 623 3770 merito
673 3717 1017 3793 perfectionjs
1064 3736 1176 3775 sua
1220 3721 1371 3778 ﬁeret
1408 3725 1652 3781 ecclesia
1679 3728 1866 3784 Arela-

260 3808 433 3864 tensis
456 3808 740 3878 episcopus
759 3852 773 3876 ,
803 3812 942 3880 quod
968 3812 1055 3865 illa
1088 3823 1215 3869 tunc
1244 3816 1476 3873 habebat
1502 3822 1727 3876 ecclesia
1757 3814 1862 3879 non

257 3901 436 3955 solum
479 3902 751 3967 possedit,
792 3905 885 3957 sed
925 3904 1085 3959 etiam
1116 3908 1351 3977 acceptis
1398 3910 1633 3981 ﬁdelium
1674 3932 1865 3973 nume-

257 3992 398 4047 rosis
439 3991 846 4047 hareditatibus
890 3996 1185 4065 amplavit.
1230 4000 1320 4054 lsll
1352 4018 1482 4073 ergo
1531 4014 1637 4059 tam
1667 4010 1858 4078 sancti,

253 4094 311 4139 et
338 4092 447 4137 tam
484 4084 709 4153 perfecti
744 4088 1023 4155 pontiﬁces
1060 4089 1214 4145 factis
1253 4094 1589 4153 evidentibus
1627 4100 1862 4157 clamant

257 4192 420 4247 posse
442 4186 495 4231 et
524 4177 722 4233 debere
748 4178 859 4233 fieri
882 4180 1024 4251 quod
1053 4183 1317 4240 fecerunt.
1350 4187 1450 4253 Qui
1481 4192 1662 4261 utique
1689 4194 1862 4250 homi-

254 4281 353 4323 nes
377 4278 485 4322 tam
514 4269 853 4324 saeularium
885 4282 1043 4341 quam
1074 4274 1379 4332 divinarum
1410 4279 1710 4338 litterarum
1742 4288 1861 4343 sine

256 4358 604 4428 ambiguitate
632 4360 950 4427 doctissimi,
978 4364 1024 4418 si
1051 4366 1249 4421 scirent
1277 4383 1364 4423 res
1385 4372 1629 4429 ecclesia:
1658 4375 1859 4433 debere

255 4452 528 4507 contemni
556 4490 571 4516 ,
618 4466 891 4521 nunquam
931 4468 1025 4509 eas
1054 4453 1077 4492 ¹ι
1111 4455 1407 4515 debuerant
1437 4463 1527 4532 qui
1556 4468 1733 4520 omnia
1762 4483 1856 4523 sua

255 4540 594 4611 reliquerant
620 4542 875 4598 retinere.

2041 3376 2100 3431 2.
2133 3377 2232 3445 Qui
2258 3386 2435 3433 autem
2466 3378 2708 3435 ecclesia
2729 3380 2997 3451 serviunt,
3020 3391 3076 3438 et
3108 3383 3280 3440 labori
3302 3398 3404 3441 suo
3429 3388 3579 3444 velut

1969 3466 2148 3523 debita
2177 3469 2328 3524 reddi
2350 3479 2605 3537 oportere
2635 3471 2943 3540 credentes,
2975 3488 3037 3529 ea
3069 3475 3264 3546 quibus
3295 3491 3578 3548 aput-non
3653 3547 3667 3550 _

1969 3558 2206 3628 habent,
2239 3571 2331 3616 aut
2360 3565 2632 3631 accipiunt
2674 3564 2924 3631 libenter,
2972 3576 3067 3622 aut
3101 3569 3327 3641 exigunt
3355 3588 3369 3635 ;
3413 3573 3578 3630 nimis

1968 3655 2257 3709 carnaliter
2286 3656 2540 3725 sapiunt,
2572 3659 2615 3711 si
2642 3666 2859 3727 putant,
2900 3660 3043 3730 quod
3071 3663 3319 3719 ecclesia
3343 3665 3579 3724 ﬁdeliter

1968 3745 2268 3799 servientes
2298 3746 2564 3815 stipendia
2603 3756 2817 3804 terrena
2842 3790 2858 3815 ,
2899 3766 2963 3807 ac
2994 3768 3100 3807 non
3133 3755 3310 3823 potius
3354 3760 3573 3824 praemia

1966 3844 2171 3890 aeterna
2202 3837 2523 3906 percipiant.
2561 3838 2847 3894 Sacularis
2868 3842 3068 3911 quippe
3098 3843 3289 3899 militia
3309 3836 3432 3914 quia
3462 3862 3575 3904 cm-

1968 3925 2119 3979 lestia
2142 3942 2246 3979 non
2268 3926 2453 3994 habet,
2485 3936 2699 3983 terrena
2718 3941 2939 3985 strenue
2954 3934 3310 3988 militantibus
3331 3948 3571 4003 prastat.

1969 4014 2120 4069 Unde
2146 4016 2278 4069 satis
2308 4016 2584 4085 indignum
2609 4029 2714 4084 est,
2742 4019 2785 4073 si
2818 4019 3021 4086 fidelis,
3055 4030 3110 4077 et
3143 4038 3372 4092 operosa
3392 4028 3569 4083 devo.

1966 4106 2041 4158 tio
2080 4106 2436 4174 clericorum,
2466 4116 2689 4176 propter
2719 4109 3049 4179 stipendium
3095 4117 3392 4183 temporale
3416 4134 3573 4188 pra-

1967 4194 2073 4249 mia
2098 4195 2427 4264 sempiterna
2452 4207 2785 4254 contemnat.
2813 4200 2970 4268 Quod
2997 4202 3043 4255 si
3065 4204 3298 4272 quilibet
3326 4208 3574 4266 minister

1964 4286 2211 4341 ecclesia
2243 4302 2349 4342 non
2391 4287 2589 4343 habeat
2617 4290 2763 4347 unde
2802 4294 2986 4349 vivat:
3018 4304 3047 4345 (ι
3077 4310 3183 4350 non
3215 4298 3264 4353 ei
3289 4302 3569 4367 praemium

1968 4378 2161 4433 reddat
2184 4380 2301 4445 hic;
2332 4381 2427 4435 sed
2452 4384 2757 4437 necessaria
2782 4388 3251 4453 prastetecclesia
3283 4408 3296 4443 :
3326 4404 3385 4446 ut
3412 4394 3465 4448 in
3491 4394 3571 4450 fu.

1962 4478 2085 4525 turo
2115 4473 2393 4541 pramium
2427 4474 2627 4531 laboris
2648 4476 2732 4531 sui
2764 4478 3026 4548 recipiat,
3054 4482 3198 4551 quod
3230 4484 3283 4538 in
3318 4484 3428 4543 hac
3461 4490 3568 4547 vita

1957 4563 2067 4632 jam
2098 4580 2196 4635 spe
2236 4564 2522 4621 dominicae
2566 4569 2945 4637 promissionis
2980 4581 3004 4610 τ
3036 4584 3219 4629 certus
3259 4590 3567 4647 exspectat.

326 4632 383 4688 2.
427 4630 582 4687 Unde
627 4630 785 4688 datur
834 4634 1056 4708 intelligi
1096 4639 1237 4707 quod
1285 4642 1417 4698 tanti
1465 4659 1528 4699 ac
1579 4648 1713 4703 tales
1756 4651 1854 4707 viri
1883 4645 1931 4707 D
1960 4630 2039 4709 llli
2067 4630 2281 4726 quoque
2310 4665 2331 4691 '
2366 4659 2457 4728 qui
2496 4630 2647 4714 velut
2676 4659 2854 4717 idonei
2886 4662 3021 4717 nihil
3049 4666 3265 4735 quidem
3306 4630 3567 4734 sibiwdari

328 4809 354 4839 ι
385 4800 462 4855 lta
502 4814 634 4856 mss.
664 4814 872 4856 omnes.
902 4801 1042 4857 Editi
1076 4819 1221 4868 vero,
1252 4807 1360 4859 vult
1384 4825 1491 4862 esse
1529 4827 1690 4866 reum.

322 4869 351 4910 δ
380 4871 480 4925 Ms.
505 4886 660 4937 unus,
691 4871 791 4939 Qui
814 4882 1005 4927 autem.
1040 4876 1140 4929 Ms.
1168 4878 1326 4942 alter,
1356 4880 1472 4932 dico
1494 4882 1556 4935 de
1585 4899 1715 4937 eo...
1743 4884 1845 4939 uisi

324 4958 375 4994 ta
398 4957 553 4994 tram.

253 4960 349 5049 qut!
378 5011 474 5065 Ms.
510 5018 665 5077 unus,
689 5014 901 5079 capituli
925 5017 1177 5081 sequentis
1195 5020 1475 5073 auctoritas
1506 5023 1735 5077 edoceat.

208 5090 226 5106 ο
323 5080 348 5118 ἀ
380 5081 684 5148 Legendum
711 5086 844 5137 forte
864 5085 1094 5151 inquam.

328 5161 354 5226 ξ
384 5151 650 5226 Mss._duo
677 5153 831 5222 ωδε..
854 5156 983 5207 nihil
1014 5156 1278 5223 praprium
1299 5160 1481 5213 habere
1501 5162 1732 5226 debeant,
1757 5167 1846 5221 sed

255 5224 480 5302 ecclesia
506 5221 774 5303 facultates
800 5233 1049 5303 tauquam
1076 5221 1386 5293 communes,
1411 5244 1594 5303 utpote
1610 5221 1825 5290 Deo'rs-

254 5295 442 5365 tionem
467 5291 1060 5365 reddituri,_suscipiant.

331 5362 350 5402 ι
387 5361 527 5440 glas.
556 5372 698 5440 tres,
727 5361 981 5440 Denique,
1009 5382 1131 5421 cum
1158 5368 1288 5423 edit.
1316 5368 1485 5440 Lugd.

328 5442 355 5501 tt
386 5432 527 5485 Edit.
554 5430 749 5501 Lugd.,
779 5430 918 5501 quia.

323 5500 509 5592 δμωαί
523 5500 907 5592 quinquecum
929 5506 1053 5589 edit.
1073 5506 1266 5592 Lugd,
1288 5528 1438 5592 posse
1464 5513 1707 5592 ecclesiae,
1736 5532 1851 5583 qua

257 5582 372 5627 sunt
418 5573 646 5653 profecto
680 5576 1002 5653 communia,
1048 5573 1319 5648 possideri.
1364 5583 1439 5635 Es
1480 5584 1630 5640 Colb.
1682 5573 1843 5653 unus,

255 5643 645 5726 possefcclesia:
668 5645 961 5725 facultates,
979 5643 1095 5715 quia
1112 5659 1234 5703 sunt
1255 5665 1548 5709 communes
1566 5643 1837 5726 possideril

328 5712 346 5751 ι
381 5712 509 5768 Mss.
540 5712 866 5778 sex,'omnia
903 5712 1020 5771 sua.

326 5779 342 5855 _i
381 5782 479 5855 με.
509 5798 663 5855 unus,
690 5782 1019 5855 pauperibus.

322 5850 352 5891 ι
378 5852 507 5909 Mss.
544 5850 701 5910 Colb.‘
728 5850 839 5909 duo
866 5866 917 5911 et
942 5856 1074 5929 Reg.
1106 5872 1267 5932 unus,
1299 5880 1560 5936 nunquam
1600 5885 1687 5923 cas
1743 5869 1835 5925 hac

1946 4817 2189 4900 buissent.
2224 4819 2324 4900 lilii
2346 4820 2453 4876 duo
2479 4836 2601 4878 cum
2623 4822 2840 4900 Camn,
2870 4826 3133 4900 baberent.
3168 4830 3365 4899 Regius
3393 4836 3559 4900 alter,

1948 4892 2202 4963 suscipere
2222 4892 2537 4963 debuerant;
2563 4904 2618 4949 et
2640 4895 2692 4950 in
2718 4897 2821 4951 tlne
2836 4899 3089 4954 omittunt
3106 4892 3291 4957 vocent
3316 4892 3562 4963 retinere:

2034 4958 2049 4996 1
2084 4958 2211 5015 Mss.
2241 4962 2371 5025 duo,
2405 4964 2537 5027 ﬁeri.

2025 5039 2063 5065 τη
2110 5030 2237 5086 Mss.
2289 5044 2539 5113 quatuor,
2582 5037 2957 5113 patrimonium
2987 5055 3300 5110 pauperum;
3332 5063 3558 5113 quorum

1957 5115 2124 5187 unus,
2155 5104 2462 5187 etnomnium
2505 5104 2820 5187 defensabile
2847 5104 3217 5180 patrimonium
3246 5104 3552 5187 pauperum.

2030 5180 2057 5206 ιλ
2081 5171 2178 5226 Ms.
2208 5172 2424 5239 Cumb.,
2453 5191 2513 5227 ea
2538 5171 2693 5231 unde.

2030 5250 2055 5276 ο
2080 5242 2208 5318 hiss.
2236 5253 2365 5309 tres,
2396 5246 2526 5318 dicit
2549 5250 2819 5318 prapheta.

2026 5322 2053 5361 ιν
2090 5313 2215 5368 Mss.
2251 5322 2363 5369 tres
2386 5313 2563 5379 Colb.,
2587 5313 2873 5375 comedent.

2027 5392 2054 5432 ιι
2084 5383 2221 5465 Editi
2249 5384 2416 5454 Lugd.
2450 5397 2506 5441 et
2543 5387 2769 5465 Levan.,
2790 5408 2903 5465 non
2932 5408 2977 5447 et
3016 5396 3285 5463 praemium
3312 5397 3423 5461 hic,
3453 5402 3547 5454 sed

1954 5459 2240 5529 necessaria
2288 5466 2497 5521 prastat
2526 5459 2758 5514 ecclesia.
2786 5463 2912 5516 Mss.
2948 5459 3083 5529 duo,
3115 5482 3217 5520 non
3243 5468 3289 5521 ei
3327 5459 3555 5525 reddidit

1954 5523 2084 5600 hic,
2118 5525 2523 5600 sednecessaria
2547 5540 2758 5600 prastat
2788 5533 3021 5587 ecclesia.
3056 5523 3183 5589 Mss.
3216 5549 3351 5599 tres.
3377 5556 3478 5594 non
3507 5523 3555 5596 ei

1953 5594 2137 5718 :ieddat
2166 5594 2280 5719 ,
2301 5597 2392 5651 sed
2409 5594 2695 5653 necessaria
2727 5611 2931 5671 prastet
2960 5605 3194 5661 ecclesia.
3219 5594 3417 5665 Omnes
3438 5594 3549 5667 edi;

2002 5704 2015 5719 .
2048 5680 2180 5719 oras
2203 5683 2233 5718 a
2262 5706 2276 5719 .

2002 5704 2015 5727 ,
2047 5680 2276 5733 prastat.

2024 5732 2053 5771 ³⁷
2077 5732 2204 5791 Mss.
2235 5751 2329 5794 ses
2351 5753 2459 5795 non
2492 5738 2691 5797 habent
2718 5752 2903 5798 certas.

2021 5810 2043 5840 '
2077 5803 2242 5875 Editi,
2267 5808 2355 5879 qui
2370 5810 2448 5866 uel
2471 5810 2668 5867 idonei.
2698 5812 2824 5869 Mss.
2849 5814 3107 5886 quinque,
3138 5821 3295 5876 velut.
