4316 6460
867 395 974 451 455

2205 379 2461 439 suum
2503 344 2785 438 POMl-zttll

4013 373 4118 432 ιδσ

870 505 1016 559 velut
1039 499 1279 557 debitum
1299 495 1849 571 poscunt,sedtamen
1876 491 2120 550 ecclesiae
2141 490 2440 559 sumptibus
2469 492 2524 552 Α
2549 490 2804 556 ferenda,
2843 487 2960 543 sine
3001 495 3220 555 peccato
3264 485 3538 556 possident
3568 496 3663 540 sua
3697 500 3712 538 :
3754 485 3878 555 quia
3925 493 3981 539 et
4023 488 4120 554 Ipsi

868 597 1092 657 vivunt,
1141 606 1249 647 non
1294 600 1375 648 est
1421 602 1597 644 meum
1626 586 1837 649 dicere,
1877 583 2020 654 quali
2049 592 2267 654 peccato
2296 581 2442 636 cibos

869 698 1164 754 pauperum
1225 672 1593 753 prmsnmerido
1643 677 1971 746 suscipiant,
2026 673 2118 742 qui
2163 671 2442 728 ecclesiam

871 791 1031 844 quam
1056 774 1240 844 iuvare
1266 773 1333 826 de
1358 769 1586 840 propriis
1614 766 1957 823 facultatibus
1985 765 2307 829 debuerunt,
2333 760 2444 816 suis

869 865 1119 935 expensis
1167 863 1384 930 insuper
1427 866 1678 930 gravant;
1727 867 1946 926 propter
1984 855 2087 911 hoc
2128 853 2365 910 fortassis
2389 851 2444 906 in

871 952 1280 1023 congregatione
1301 952 1558 1016 viventes,
1590 965 1658 1004 ne
1676 949 1886 1018 aliquos
1915 960 2176 1017 pauperes
2199 950 2443 1015 pascant,

867 1059 936 1099 ne
978 1043 1324 1104 adsenientes
1351 1049 1382 1080 ι
1408 1040 1730 1109 suscipiant,
1781 1046 1874 1092 aut
1915 1049 1984 1091 ne
2025 1049 2180 1092 suum
2225 1045 2444 1088 censum

869 1136 1120 1204 expensis
1151 1131 1479 1202 quotidianis
1498 1131 1839 1185 immineant.
1863 1125 1888 1166 δ
1912 1125 2062 1194 Quod
2089 1126 2133 1180 si
2151 1121 2348 1194 aliquid
2377 1121 2447 1177 de

867 1225 1126 1280 fructibus
1165 1225 1277 1278 suis
1321 1222 1600 1286 ecclesiae,
1621 1220 1776 1274 velut
1807 1233 1902 1284 pro
1938 1219 2052 1287 ipsa
2083 1228 2322 1284 expensa
2348 1227 2444 1269 sua

865 1316 1224 1378 contulerint;
1269 1327 1375 1368 non
1423 1325 1484 1367 se
1532 1308 1817 1380 praeferant
1853 1307 1994 1361 inani
2021 1305 2274 1376 iactantia
2307 1303 2444 1369 illis,

867 1423 1006 1476 quos
1053 1407 1183 1462 nihil
1232 1406 1488 1460 habentes
1534 1402 1700 1471 pascit
1742 1411 1796 1456 et
1834 1402 1993 1455 vestit
2020 1399 2244 1454 ecclesia
2274 1412 2290 1453 :
2321 1399 2445 1466 quia

868 1494 1158 1564 perfectior
1187 1503 1274 1547 est
1300 1492 1388 1546 ille
1417 1492 1506 1559 qui
1543 1504 1604 1544 se
1635 1487 1817 1543 mundi
1848 1490 2009 1544 rebus
2027 1486 2289 1556 esspoliat
2308 1526 2326 1552 ,
2357 1494 2448 1539 aut

866 1587 958 1655 qui
990 1601 1108 1640 cum
1141 1584 1270 1638 nihil
1301 1583 1546 1637 habuerit
1566 1625 1582 1650 ,
1615 1595 1715 1636 nec
1743 1581 1942 1635 habere
1969 1579 2256 1637 desiderat.
2287 1592 2444 1645 quam

865 1677 954 1730 ille
974 1675 1065 1745 qui
1091 1691 1155 1729 et
1190 1674 1372 1728 multis
1399 1687 1518 1741 qum
1547 1670 1803 1742 possidet,
1826 1671 2066 1726 ecclesia:
2086 1668 2285 1738 aliquid
2307 1681 2448 1737 prte-

864 1774 990 1829 stat,
1019 1781 1081 1820 ac
1102 1779 1163 1821 se
1192 1765 1258 1820 de
1288 1777 1354 1818 eo
1381 1763 1524 1834 quod
1547 1762 1857 1832 praestiterit
1885 1761 2103 1816 forsitan
2130 1761 2314 1830 iactat.

2545 580 2942 652 quodammodo
2983 593 3081 635 sua
3123 580 3463 650 relinquunt,
3493 577 3708 648 quando
3735 577 3965 648 propriis
4004 592 4122 635 con-

2545 673 2680 728 tenti
2708 673 2900 738 rebus,
2932 668 3066 725 nihil
3096 683 3282 724 eorum
3327 683 3449 739 qua:
3487 666 3678 734 labori,
3712 667 3796 720 vel
3827 667 4001 723 ordini
4026 681 4121 722 suo

2547 765 2734 822 deberi
2780 763 3106 820 arbitrantur
3153 762 3447 830 accipiunt.
3488 758 3639 828 Quod
3675 757 3722 815 si
3773 767 3962 828 putant
4004 759 4124 814 ideo

2549 864 2576 904 ε
2597 855 2764 926 accipi
2787 853 2987 910 debere
3014 867 3199 908 eorum
3222 865 3342 922 qua:
3362 848 3712 906 conferuntur
3735 847 3977 904 ecclesia:
4003 860 4124 916 por-

2548 946 2783 1013 tionem,
2828 959 2902 1000 ne
2934 959 3054 1000 eam
3107 943 3387 999 videantur
3423 941 3684 1010 abjicere,
3735 955 3796 995 se
3847 953 3973 994 vero
4017 952 4122 992 non

2551 1052 2710 1110 posse
2749 1051 2844 1092 sua
2893 1035 3236 1104 relinquere,
3270 1032 3411 1105 quod
3459 1032 3540 1087 eis
3586 1029 3829 1085 deforme
3875 1029 3946 1084 sit
3989 1027 4128 1083 inter

2549 1145 2698 1196 suos,
2726 1141 2987 1199 pauperes
3016 1127 3208 1193 reddi;
3239 1125 3494 1181 noverint
3520 1137 3639 1178 esse
3667 1121 3960 1176 deformius
4005 1134 4130 1192 pos-

2542 1233 2791 1278 sessores
2820 1222 2889 1274 de
2914 1218 3277 1289 eleemosynis
3307 1229 3598 1287 pauperum
3623 1212 3788 1284 pasci.

3143 1348 3369 1405 CAPUT
3407 1348 3548 1403 XIII.

2554 1446 2680 1512 Qui:
2709 1446 2805 1498 sint
2835 1442 3024 1514 gaudia
3062 1457 3199 1514 vera,
3239 1441 3317 1496 t'el
3348 1456 3478 1494 rem
3505 1439 3728 1514 diuitiis;
3758 1448 3804 1493 et
3827 1437 3948 1514 quid
3972 1437 4132 1514 impe-

2617 1509 3087 1581 dimentt'afferant
3128 1511 3260 1565 bona
3305 1511 3576 1582 prementia
3627 1511 3938 1564 amatoribus
3990 1509 4133 1580 {attu-

2621 1601 2818 1637 rerum.

2623 1677 2677 1731 l.
2719 1677 2832 1730 llou
2874 1688 3034 1746 quam
3075 1671 3340 1729 subtiliter
3361 1685 3458 1725 nos
3489 1671 3577 1727 ille
3599 1669 3896 1740 decipiendi
3938 1669 4131 1724 artifex

2553 1769 2711 1837 fallit,
2733 1774 2930 1838 quanta
2973 1766 3214 1822 caecitate
3236 1765 3419 1820 oculos
3447 1773 3643 1819 nostrae
3672 1764 3865 1819 mentis
3893 1763 4135 1827 obducit,

939 1858 992 1911 ὅ.
1028 1856 1167 1910 Dura
1213 1864 1338 1909 sunt
1377 1869 1495 1924 qua:
1522 1853 1693 1923 dico,
1744 1866 1987 1922 necfego
2015 1849 2268 1904 diffiteor.
2304 1849 2442 1904 Dura
2472 1852 2522 1915 Β
2554 1877 2622 1918 [ιθ

2431 1864 2442 1902 |
2472 1852 2522 1915 Β
2554 1877 2622 1918 ne
2645 1860 3011 1916 diseernamus
3031 1856 3294 1928 gaudendi
3321 1855 3494 1922 avidi,
3523 1856 3663 1910 unde
3683 1855 3877 1924 justius
3902 1855 4135 1924 gaudea-

865 1954 1020 2009 sunt,
1069 1945 1162 2002 sed
1187 1945 1501 2002 observare
1531 1943 1855 2000 uolentibus.
1887 1943 2155 1999 Czctemm
2190 1952 2213 1980 ε
2244 1942 2292 1996 si
2323 1940 2453 1994 flant

866 2042 1010 2106 ista;
1040 2053 1158 2111 quas
1183 2039 1421 2096 difficilia
1447 2053 1555 2100 non
1585 2038 1900 2094 facientibus
1926 2047 2074 2101 sunt,
2103 2037 2286 2092 statim
2319 2035 2450 2090 faci-

867 2131 938 2186 lia
969 2130 1285 2188 faeientibus
1316 2131 1465 2184 ftnut.
1498 2129 1612 2188 Non
1640 2143 1770 2198 ergo
1793 2142 1863 2184 ea
1901 2143 2021 2197 quae
2063 2129 2315 2182 nolumus
2338 2114 2451 2181 ὀδε

866 2235 1106 2287 servare,
1140 2219 1541 2289 impossibilitas
1571 2220 1727 2275 nobis
1755 2219 1880 2273 facit
1907 2219 2061 2287 dura,
2095 2218 2191 2273 sed
2221 2217 2448 2274 novitas.

868 2314 926 2370 In
976 2328 1134 2382 usum
1172 2311 1421 2381 veniant,
1468 2322 1524 2368 et
1570 2311 1837 2370 nettiinem
1882 2313 2208 2381 frequentata
2237 2317 2452 2365 contur-

867 2407 1016 2460 bant.
1044 2403 1177 2458 Nam
1195 2445 1211 2472 ,
1236 2417 1442 2472 quieto,
1465 2402 1589 2473 quid
1611 2403 1684 2456 sit
1708 2416 1894 2457 eorum
1920 2415 2038 2471 qua:
2060 2399 2177 2456 dixi
2199 2397 2453 2455 difﬁcile?

867 2506 927 2554 ut
953 2497 1115 2554 homo
1147 2499 1200 2554 id
1231 2497 1375 2569 quod
1415 2513 1550 2568 Opus
1597 2513 1700 2552 non
1745 2496 1934 2561 habet,
1980 2497 2047 2550 ab
2076 2495 2300 2551 ecclesia
2349 2507 2452 2549 non

870 2589 1116 2657 accipiat,
1147 2603 1213 2643 an
1245 2597 1304 2643 ut
1332 2587 1476 2658 quod
1503 2586 1664 2641 habet
1691 2588 1807 2642 sine
1848 2602 2007 2641 causa
2032 2584 2372 2642 contemnat?
2398 2581 2454 2639 Si

871 2689 1091 2750 propter
1130 2681 1231 2736 hoc
1263 2695 1367 2735 non
1393 2682 1502 2735 vult
1531 2694 1626 2735 sua
1671 2680 1976 2748 relinquere
2000 2687 2055 2732 ut
2081 2677 2275 2734 habeat
2313 2676 2456 2731 unde

872 2774 1047 2839 vivat,
1076 2782 1133 2827 ut
1151 2772 1277 2843 quid
1304 2773 1499 2842 accipit
1527 2771 1668 2826 unde
1709 2772 1968 2825 rationem
1996 2769 2220 2826 reddat?
2243 2775 2302 2824 ut
2327 2768 2454 2839 quid
2495 2768 2507 2774 ’

870 2858 894 2900 ⁸
920 2861 989 2919 de
1013 2865 1246 2935 peccatis
1269 2862 1460 2917 alienis
1490 2877 1584 2917 sua
1609 2861 1960 2932 multiplivatl

1472 2973 1697 3030 CAPUT
1739 2973 1829 3028 XI.

912 3065 1013 3134 Qui
1041 3074 1161 3121 sunt
1192 3066 1280 3137 qui
1315 3067 1470 3120 etiam
1500 3081 1616 3119 cum
1643 3065 1872 3137 profectu
1893 3079 2085 3137 atumat
2113 3081 2221 3122 satis
2248 3066 2426 3135 opibus

1352 3145 1706 3192 sustentantur
1725 3136 1970 3190 ecclesia.

2554 1967 2705 2017 mus;
2747 1957 2840 2004 aut
2887 1963 2956 2004 ne
3003 1947 3282 2017 cupientes
3317 1947 3499 2016 augeri
3543 1946 3779 2012 divitiis,
3832 1948 4135 2002 noverimus

2551 2057 2684 2113 quas
2711 2040 2908 2112 quibus
2936 2037 3420 2108 incomparabiliter
3451 2036 3818 2107 prmferamus.
3845 2035 3978 2091 Nam
4006 2051 4138 2107 gau-

2551 2133 2681 2188 dere
2708 2130 2926 2202 quidem
2953 2131 3150 2185 bonum
3173 2141 3288 2195 est;
3319 2127 3414 2185 sed
3438 2127 3530 2199 qui
3557 2129 3779 2198 gaudet,
3811 2127 3855 2182 si
3884 2143 3988 2181 non
4015 2126 4138 2182 inde

2552 2223 2784 2295 gaudeat
2814 2221 2958 2276 unde
2986 2221 3187 2288 debet,
3217 2235 3323 2275 non
3364 2229 3540 2290 potest
3590 2218 3786 2274 bonum
3836 2233 3956 2273 esse
3998 2217 4137 2288 quod

2551 2315 2768 2387 gaudet.
2807 2313 3084 2384 Siquidem
3115 2311 3311 2383 gaudet
3336 2321 3390 2366 ct
3413 2320 3619 2380 raptor,
3665 2324 3788 2364 cum
3837 2307 4137 2364 desiderata

2555 2409 2832 2479 rapuerit;
2863 2407 3056 2479 gaudet
3094 2418 3148 2462 et
3183 2407 3461 2474 ebriosus,
3491 2421 3610 2460 cum
3642 2402 3670 2441 δ
3691 2411 3956 2474 εχιριθιω
3987 2418 4138 2459 occa-

2557 2499 2766 2556 sionem
2798 2499 3084 2569 potationis
3123 2497 3425 2562 invenerit;
3456 2495 3650 2566 gaudet
3677 2505 3733 2550 et
3762 2494 3990 2560 adulter,
4019 2509 4138 2548 cum

2558 2592 2624 2646 ad
2644 2591 3058 2647 delectationem
3091 2587 3300 2644 fruendi
3325 2585 3568 2656 corporis
3588 2584 3855 2654 concupiti
3879 2598 4138 2653 pervene-

2557 2682 2629 2738 rit
2657 2699 2672 2736 :
2701 2681 2796 2737 sed
2823 2696 2944 2737 cum
2967 2681 3035 2734 sit
3058 2679 3292 2750 gaudere
3321 2677 3548 2739 bonum,
3578 2676 3645 2731 de
3672 2677 3754 2730 his
3779 2679 3939 2747 atQue
3959 2674 4141 2743 hujus-

2562 2772 2707 2828 modi
2734 2770 2966 2842 gaudere
2992 2769 3195 2840 grande
3224 2775 3309 2824 est
3337 2768 3552 2822 malum.
3583 2767 3709 2823 llmc
3743 2778 3796 2822 et
3825 2766 3907 2821 his
3949 2765 4141 2822 similia

2557 2873 2681 2920 sunt
2707 2863 2850 2918 unde
2879 2860 3114 2932 gaudere
3141 2874 3242 2915 nos
3283 2857 3392 2913 vult
3419 2858 3670 2923 mundus,
3702 2873 3824 2912 cum
3855 2857 3968 2912 suis
3993 2871 4143 2910 ama-

2561 2956 2764 3010 toribus
2801 2951 2814 2990 ³
2855 2955 3146 3022 periturus.
3198 2952 3323 3007 Haec
3363 2962 3490 3007 sunt
3515 2966 3632 3021 qua:
3672 2950 3954 3020 repudiare
3982 2949 4143 3005 debe—

2560 3063 2678 3102 mus
2702 3089 2717 3113 ,
2745 3055 2803 3100 ιιι
2824 3047 2890 3100 de
2917 3046 3053 3100 bona
3094 3045 3424 3100 conscientia
3445 3085 3460 3109 ,
3492 3043 3561 3099 de
3589 3030 3873 3098 sanctitate
3903 3057 4143 3110 morum,

2561 3141 2628 3195 de
2675 3139 3032 3210 acquisitione
3078 3140 3333 3192 virtutum
3360 3183 3374 3206 ,
3418 3136 3483 3192 de
3513 3136 3654 3191 dono
3687 3136 3811 3201 Dei,
3842 3145 3898 3190 et
3925 3135 3992 3191 de
4022 3150 4147 3206 pro-

946 3227 1128 3298 ltaque
1165 3227 1419 3282 sacerdos
1445 3227 1530 3281 cui
1559 3225 1977 3294 dispensationis
2009 3241 2137 3281 cura
2175 3227 2458 3281 commissa
2487 3216 2534 3278 C
2565 3231 2824 3285 missione
2852 3230 3009 3284 futuri
3042 3229 3190 3299 regni
3223 3228 3563 3291 ineffabiliter
3581 3228 3928 3298 gaudeamus.

878 3334 981 3391 est,
1011 3339 1117 3378 non
1148 3324 1319 3378 solum
1346 3324 1463 3378 sine
1485 3323 1776 3393 cupiditate
1799 3364 1814 3388 ,
1845 3322 1939 3378 sed
1964 3323 2125 3378 etiam
2152 3337 2272 3378 eum
2303 3322 2458 3378 laude

873 3413 1088 3484 pietatis
1108 3415 1301 3483 accipit
1324 3429 1355 3468 a
1379 3413 1572 3484 populo
1591 3412 1947 3483 dispensanda
1965 3453 1980 3478 ,
2007 3421 2063 3468 et
2093 3412 2320 3468 fideliter
2345 3412 2460 3468 dis-

875 3514 1065 3573 pensat
1091 3515 1337 3576 accepta,
1365 3507 1456 3576 qui
1484 3508 1664 3562 omnia
1689 3519 1788 3561 sua
1812 3515 1836 3544 ο
1867 3516 1959 3560 aut
1983 3506 2292 3577 parentibus
2333 3505 2462 3560 reli-

875 3598 1022 3668 quit,
1072 3606 1165 3652 aut
1210 3597 1532 3668 pauperibus
1569 3596 1871 3666 distribuit,
1906 3607 1997 3653 aut
2023 3597 2264 3652 ecclesiae
2305 3597 2460 3651 rebus

873 3690 1158 3758 adjunxit,
1205 3699 1261 3744 et
1307 3704 1366 3744 se
1411 3691 1465 3744 in
1515 3705 1742 3746 numero
1788 3704 2086 3760 pauperum
2133 3689 2460 3760 paupertatis

873 3795 1056 3834 amore
1082 3781 1403 3836 constituit:
1435 3781 1508 3835 ita
1551 3786 1610 3836 ut
1649 3780 1790 3837 unde
1831 3783 2155 3852 pauperibus
2201 3780 2460 3836 submini-

872 3878 1004 3924 Strat
1025 3907 1040 3934 ,
1082 3869 1206 3924 inde
1234 3880 1290 3926 ct
1317 3870 1431 3940 ipse
1463 3869 1482 3909 ί
1515 3880 1766 3942 tanquam
1795 3886 1998 3942 pauper
2024 3873 2354 3928 voluntarius
2376 3875 2457 3927 vi-

873 3970 983 4012 vat.
1013 3960 1206 4015 Clerici
1234 3977 1445 4035 quoque
1480 3977 1616 4032 quos
1654 3977 1916 4034 pauperes
1945 3973 2038 4018 aut
2060 3965 2337 4032 voluntas,
2369 3973 2463 4018 aut

875 4051 1126 4106 nativitas
1149 4051 1296 4117 fecit,
1323 4067 1444 4107 cum
1476 4055 1804 4122 perfectione
1831 4055 2045 4110 virtutis
2067 4055 2188 4110 vita:
2212 4069 2465 4110 necessa-

874 4143 952 4196 ria
979 4183 995 4206 ,
1026 4143 1142 4218 sive
1169 4142 1222 4198 in
1239 4141 1496 4200 domibus
1524 4145 1669 4209 suis,
1713 4144 1828 4200 sive
1858 4145 1911 4200 in
1939 4146 2356 4216 congregatione
2384 4148 2464 4203 vi-

873 4248 1060 4290 ventes
1098 4237 1369 4306 accipiunt
1423 4253 1438 4290 :
1489 4236 1614 4307 quia
1660 4237 1726 4292 ad
1775 4251 1836 4292 ea
1881 4237 2190 4307 accipienda
2229 4254 2336 4294 non
2367 4252 2463 4294 eos

875 4325 1106 4382 habendi
1133 4324 1397 4396 cupiditas
1416 4327 1587 4394 ducit,
1614 4327 1711 4384 sed
1741 4328 1886 4399 cogit
1905 4329 2119 4385 vivendi
2146 4329 2460 4386 necessitas.

1482 4440 1711 4500 CAPUT
1750 4441 1868 4499 XII.

949 4526 1088 4595 Quid
1114 4531 1281 4601 facere
1303 4529 1514 4586 debeant
1537 4531 1707 4588 clerici
1727 4551 1944 4602 quorum
1981 4536 2254 4607 inﬁrmitas
2283 4553 2383 4594 non

1341 4613 1504 4673 pateat
1529 4619 1624 4657 sua
1643 4614 1980 4662 contemnere.

947 4691 1029 4748 Illi
1052 4703 1230 4750 autem
1255 4697 1347 4767 qui
1376 4705 1482 4751 tam
1513 4696 1711 4752 infirmi
1741 4709 1894 4763 sunt,
1941 4710 1998 4754 ut
2027 4699 2456 4770 possessionibus

877 4787 992 4842 suis
1037 4791 1345 4845 renuntiare
1385 4803 1493 4846 non
1547 4790 1781 4860 possint,
1827 4791 1873 4847 sl
1915 4806 1978 4846 ea
2017 4807 2138 4862 quae
2193 4795 2456 4863 accepturi

880 4889 1053 4948 erant,
1086 4880 1439 4950 dispensatori
1465 4882 1790 4954 relinquant,
1820 4883 1952 4940 nihil
1983 4883 2303 4941 habentibus
2323 4901 2456 4942 con-

951 5104 978 5179 ξ
1005 5095 1125 5179 ἔξω.
1157 5109 1275 5164 ses,
1305 5096 1580 5179 eicipianf.

957 5168 980 5203 δ
1010 5165 1106 5219 Ms.
1136 5181 1294 5230 unus,
1322 5165 1425 5233 Qui
1446 5167 1513 5222 si.

956 5245 976 5310 ξ
1002 5235 1092 5310 _Sic
1121 5251 1252 5292 mss.
1282 5246 1410 5292 tres.
1440 5237 1543 5292 Alii
1564 5252 1685 5310 cum
1716 5237 1893 5304 editis,
1923 5241 1964 5294 si
1993 5239 2204 5310 faciant.

887 5301 978 5431 md
1005 5306 1080 5359 Ita
1109 5319 1239 5361 mss.
1267 5321 1476 5376 omnes,
1507 5317 1565 5362 et
1600 5308 1770 5379 Lugd.
1802 5301 2023 5365 At'edit'i
2042 5309 2165 5376 alii,
2188 5310 2252 5366 de
2277 5327 2458 5383 pecco.

953 5415 980 5482 ἶ
1012 5445 1178 5516 Lugd.
1219 5445 1352 5504 edit.
1385 5461 1505 5502 eum
1534 5463 1633 5502 ms.
1665 5449 1851 5504 Camb.
1881 5449 1996 5503 haec
2020 5458 2223 5504 tantum
2262 5449 2463 5506 habent

885 5525 971 5592 aut
1011 5517 1270 5592 relinquit,
1296 5527 1384 5570 ast
1406 5518 1800 5592 ecclesiterebus
1819 5521 2056 5592 adjungit
2080 5564 2094 5588 ,
2135 5531 2184 5573 et
2219 5537 2295 5575 se.
2328 5521 2455 5576 Mss.

889 5585 1015 5660 lteg.
1043 5585 1184 5660 duo,
1213 5596 1268 5660 et
1291 5599 1520 5656 quatuor
1539 5588 1714 5656 CoIb.,
1746 5601 1831 5644 aut
1865 5585 2091 5660 reliquit,
2119 5603 2207 5644 aut
2234 5593 2460 5646 ecclesia!

888 5654 1322 5727 rebas‘adjunxit,‘
1341 5667 1388 5711 et
1418 5675 1490 5722 se,
1519 5669 1624 5714 etc.

963 5721 986 5803 ξ
1015 5721 1301 5803 blsfunus,
1327 5739 1374 5780 et
1404 5721 1514 5796 ipse
1528 5733 1641 5803 jam
1668 5737 1928 5803 tanquam.

960 5800 987 5839 σ
1026 5792 1123 5850 ιιι.
1165 5795 1318 5865 lteg.,
1346 5792 1646 5858 ne'ea.'hls.
1673 5792 1885 5870 Camb,
1932 5801 2044 5857 ideo
2086 5809 2260 5872 partes
2285 5801 2459 5868 accipi

2479 4573 2534 4636 D

2627 3325 2683 3379 2.
2725 3324 2888 3379 Ditari
2918 3338 3129 3392 quoque
3157 3321 3359 3378 divitiis
3379 3324 3582 3392 grande
3601 3330 3685 3377 est
3707 3323 3934 3388 bonum;
3981 3321 3994 3372 l
4051 3321 4145 3377 sed

2560 3417 2684 3472 inde
2710 3417 2868 3470 ditari
2911 3415 3055 3470 unde
3084 3429 3190 3469 non
3223 3414 3441 3478 debeas,
3473 3427 3577 3469 non
3603 3422 3688 3468 est
3710 3413 3952 3468 habenda
3984 3411 4147 3466 facul-

2561 3517 2674 3572 tas,
2701 3507 2800 3563 scd
2831 3505 3144 3562 detestanda
3176 3505 3476 3560 calamitas.
3519 3504 3658 3559 Nihil
3700 3516 3782 3560 est
3823 3503 3965 3560 enim
4007 3497 4147 3559 cata:-

2562 3601 2839 3664 mitosius,
2868 3599 3104 3666 nihilque
3130 3595 3382 3651 miserius
3411 3611 3476 3651 eo
3505 3596 3593 3666 qui
3619 3595 3813 3666 iniquis
3844 3595 4149 3664 acquisitio-

2560 3691 2716 3746 nibus
2746 3690 2974 3758 crescit,
3008 3703 3166 3758 quem
3212 3687 3525 3756 locupletem
3571 3686 3789 3740 fraudes
3838 3685 4040 3741 faciunt
4086 3699 4149 3738 ac

2560 3781 2783 3849 rapinas.
2829 3780 2937 3834 lllte
2965 3779 3121 3834 nobis
3151 3771 3278 3832 situt
3303 3759 3603 3833 ambienda:
3631 3774 3862 3839 divitiae,
3889 3789 4008 3844 quae
4051 3790 4148 3830 nos

2565 3887 2759 3929 ornare
2788 3870 2813 3909 κ
2842 3873 3047 3942 possint
3078 3872 3278 3941 pariter
3321 3879 3375 3924 et
3417 3869 3654 3934 munire,
3688 3882 3820 3938 quas
3849 3882 3945 3922 nec
3971 3868 4149 3937 acqui-

2565 3979 2686 4019 rere
2726 3978 3011 4033 possumus
3037 3963 3222 4028 inviti,
3268 3977 3368 4018 nec
3404 3961 3651 4032 perdere,
3684 3949 3926 4031 quatuos
3966 3974 4149 4016 contra

2567 4053 2790 4110 hostiles
2819 4054 3049 4124 impetus
3069 4064 3302 4121 armant,
3331 4068 3361 4107 a
3390 4053 3588 4107 mundo
3618 4053 4015 4118 disterminant,
4040 4052 4150 4108 Deo

2565 4145 2973 4210 commendant,
3005 4145 3181 4200 ditant
3227 4143 3244 4183 ι
3285 4148 3493 4199 animas
3523 4153 3735 4200 nostras
3768 4153 3928 4214 atque
3964 4145 4151 4200 nubili-

2569 4247 2717 4305 tant,
2750 4239 3027 4295 nobiseum
3065 4249 3220 4304 sunt,
3256 4239 3394 4293 intra
3425 4253 3524 4294 nos
3549 4248 3694 4294 sunt.
3721 4239 3925 4294 Divitis!
3953 4248 4152 4294 nostra

2565 4331 2849 4389 credenda:
2876 4341 2998 4386 sunt
3033 4331 3288 4400 pudicitia
3307 4371 3324 4397 ,
3355 4346 3474 4401 qua:
3503 4345 3601 4386 nos
3623 4330 3843 4400 pudicos
3869 4347 3884 4395 ;
3913 4330 4147 4398 iustitia,

2565 4439 2686 4495 qua:
2708 4423 2913 4492 justus;
2947 4422 3136 4492 pietas,
3158 4436 3279 4491 quae
3307 4422 3451 4492 pios;
3484 4420 3789 4486 humilitas,
3820 4435 3940 4491 quae
3977 4419 4152 4474 humi-

2567 4515 2679 4580 les;
2710 4513 3064 4570 mansuetudo
3084 4554 3098 4576 ,
3137 4528 3256 4584 quae
3283 4520 3628 4577 mansuetos;
3665 4511 4004 4578 innocentia,
4031 4525 4152 4580 quae

2562 4607 2912 4670 innocentes;
2937 4604 3161 4674 puritas,
3190 4618 3309 4674 quat
3330 4617 3522 4673 puros;
3540 4601 3850 4673 prudetia,
3883 4616 4002 4673 qua:
4027 4615 4152 4670 pru-

2560 4702 2782 4763 dentes;
2832 4697 3217 4770 temperntia,
3249 4711 3368 4766 quae
3411 4705 3805 4766 temperantes;
3839 4704 3892 4751 et
3920 4693 4150 4757 caritas,

2561 4806 2681 4862 qute
2724 4804 2824 4846 nos
2864 4789 2990 4845 facit
3026 4787 3139 4844 Deo
3166 4795 3222 4843 et
3250 4787 3557 4843 hominibus
3583 4800 3760 4855 caros.
3813 4795 3852 4824 ω
3896 4784 4152 4841 virtutum

2562 4892 2839 4955 potentes,
2869 4881 3055 4939 sinenti
3081 4889 3510 4952 contemptores,
3532 4895 3596 4938 ac
3623 4881 3883 4937 bonorum
3909 4880 4152 4936 omnium

2559 5100 2736 5154 debere
2774 5116 2950 5154 eorum
2973 5113 3087 5169 qua
3116 5097 3445 5167 conferuntur
3468 5097 3696 5155 ecclesia
3718 5100 4016 5163 portionem
4033 5139 4048 5166 ,
4088 5115 4152 5155 tu

2563 5186 2649 5239 cas
2677 5171 2947 5225 videantur
2976 5169 3218 5239 abjicere.

2638 5237 2790 5306 Ignis.
2825 5256 2984 5304 unus,
3014 5237 3327 5308 exagitatam.

2648 5309 2662 5348 ί
2699 5311 2794 5364 Ms.
2830 5327 2986 5376 unus,
3019 5313 3292 5379 perituros.

2642 5379 2656 5430 i
2698 5381 2822 5434 Mss.
2853 5378 3180 5442 Colb.'duo,
3209 5378 3297 5434 sed
3324 5395 3424 5434 non
3452 5378 3572 5434 inde
3600 5378 3756 5433 ditari
3796 5379 3932 5436 unde
3966 5380 4146 5438 debet»

2567 5467 2697 5504 ntus.
2728 5450 2826 5505 Ms.
2852 5453 3010 5515 alter,
3041 5449 3134 5504 sed
3150 5465 3249 5503 non
3271 5449 3427 5505 ditari
3449 5451 3586 5506 unde
3599 5449 3801 5504 debeas.

2641 5519 2666 5558 ιι
2697 5521 2793 5574 Ms.
2820 5537 2980 5586 unus,
3005 5529 3238 5586 possunt.

2645 5588 2660 5628 ι
2699 5589 2827 5646 Mss.
2854 5602 2963 5647 tres
2980 5590 3161 5657 Colb.,
3191 5591 3389 5645 animos
3415 5600 3632 5646 nostros.

2641 5671 2680 5698 ω
2702 5661 2836 5734 diss.
2855 5673 2988 5734 tres,
3012 5662 3250 5734 uitiorum
3270 5662 3614 5734 impotentes,
3642 5661 3818 5734 siccati
3837 5671 4147 5734 contemptae

2570 5747 2670 5786 res.
2701 5731 2795 5787 Ms.
2821 5732 2974 5803 alter,
2997 5731 3237 5789 uitiorum
3261 5731 3548 5803 impotentis
3567 5732 3740 5788 sectili
3759 5731 4144 5804 contemptores.
