4316 6468
152 489 245 543 ιδτ

1183 477 1270 532 DE
1311 473 1472 529 V'ITA
1510 468 2089 529 CONTEIIPLATIVA
2133 469 2262 524 LIB.
2306 468 2370 523 ll.

3334 471 3359 522 -l
3370 474 3438 526 δῖ

152 548 469 653 sectatores.
495 593 623 650 ilmc
668 602 793 649 sunt
845 605 950 646 non
995 587 1265 648 omnium,
1295 582 1388 639 sed
1419 590 1732 636 sanctarum
1760 581 1810 641 Α
1840 576 2118 649 Evangelia
2138 579 2301 633 sinere
2323 572 2511 643 (Ibid.,
2542 576 2656 645 tl).
2692 576 2783 631 De‘
2803 574 3098 644 Evangelia
3139 576 3324 633 vivunt
3348 584 3439 649 qui

152 697 343 745 uncta:
365 688 627 753 virtutes;
652 700 759 741 non
783 682 1003 737 divitum
1034 678 1413 748 superborum,
1444 673 1540 729 sed
1564 672 1739 726 itumi-

156 784 276 837 lium
326 794 621 851 pauperum
671 776 981 839 facultates;
1032 769 1416 842 patrimonium
1454 764 1739 827 cordium,

154 872 349 929 divitia
378 862 815 937 incorruptibiles
843 878 1079 931 morum,
1112 858 1307 931 quibus
1332 873 1437 914 non
1464 855 1745 911 abundant

157 974 180 1001 ι
212 964 311 1020 nisi
341 964 433 1033 qui
467 960 576 1016 illis
602 956 913 1015 carnalibus
954 970 1021 1013 ex
1044 950 1209 1009 corde
1248 949 1580 1006 renuntiant.
1611 946 1745 1015 Qua:

158 1050 399 1123 quamvis
424 1058 481 1105 et
507 1048 625 1117 ipsa
657 1056 767 1103 siut
793 1049 964 1111 bona,
991 1051 1178 1113 utpote
1214 1056 1247 1096 a
1281 1039 1426 1096 bono
1453 1037 1567 1092 Deo
1590 1050 1745 1093 crea-

159 1152 240 1205 ta;
272 1151 448 1195 tamen
477 1138 605 1208 quia
634 1145 763 1191 sunt
792 1134 949 1190 bouis
977 1131 1243 1201 malisque
1266 1126 1605 1193 communia,
1636 1135 1750 1180 stu-

157 1232 282 1287 dent
308 1244 381 1289 ea,
402 1228 709 1299 spirituales
736 1226 835 1280 viri
865 1233 1240 1286 contemnere,
1286 1234 1396 1289 quo
1427 1216 1636 1287 possint
1680 1214 1749 1271 ad

160 1322 245 1383 illa
271 1310 759 1389 incomparabiliter
779 1314 1025 1383 meliora,
1040 1326 1169 1383 quas
1188 1320 1320 1367 sunt
1342 1308 1608 1364 bonorum
1632 1320 1754 1360 om—

160 1414 301 1467 nium
327 1411 564 1482 propria,
592 1408 874 1480 pervenire
902 1422 919 1461 :
943 1404 1200 1476 quoniam
1243 1418 1349 1457 non
1377 1409 1465 1458 est
1504 1400 1611 1456 tale
1655 1398 1753 1455 bo-

163 1520 290 1561 unm
311 1503 458 1573 quod
487 1503 690 1557 habent
715 1510 772 1556 et
805 1498 956 1567 mali,
982 1498 1142 1570 quale
1168 1492 1295 1557 illud
1336 1504 1420 1550 est
1448 1491 1590 1563 quod
1645 1504 1751 1545 non

162 1598 361 1654 habent
394 1594 425 1635 δ
454 1593 558 1649 nisi
592 1592 741 1647 boni.

233 1688 290 1743 ὅ.
311 1682 604 1753 Corporale
633 1682 832 1737 bonum
861 1678 1078 1751 quando
1115 1677 1316 1733 habent
1357 1676 1547 1746 iniqui,
1594 1676 1756 1746 ipso-

158 1790 277 1832 rum
306 1782 391 1830 est
414 1772 717 1844 praemium,
755 1782 777 1810 ο
812 1770 1029 1841 quando
1076 1768 1274 1823 habent
1308 1766 1464 1837 justi,
1517 1781 1623 1821 non
1674 1775 1759 1821 est

1846 671 1979 726 nihil
2002 671 2274 741 proprium
2308 669 2509 724 habere
2550 668 2767 734 volunt,
2799 667 2891 738 qui
2920 681 3023 723 nec
3069 668 3293 735 habent,
3341 685 3441 727 nec

1848 764 2048 820 habere
2074 762 2273 833 aliquid
2304 763 2724 832 concupiscunt;
2748 775 2857 816 uou
2889 775 3133 825 suorum,
3164 760 3260 817 sed
3289 776 3444 817 com-

1846 857 2087 910 muniunt
2139 866 2501 922 possessores.
2550 851 2688 919 Quid
2742 861 2827 906 est
2875 852 3019 907 aliud
3050 851 3119 909 de
3149 850 3447 923 Evangelia

1849 947 2062 1011 vivere,
2090 946 2193 1001 nisi
2224 944 2556 1002 laborantem
2588 942 2714 998 inde
2757 942 2848 997 ubi
2879 941 3091 997 laborat
3139 942 3446 999 nece'ssuia

1850 1038 1977 1094 vita
2001 1038 2318 1108 percipere?
2348 1035 2641 1106 Apostolus
2666 1044 2883 1099 tamen,
2931 1036 3023 1103 qui
3072 1031 3156 1090 sic
3198 1034 3445 1108 Evange-

1850 1131 1980 1187 lium
2012 1129 2351 1199 praedicavit,
2408 1137 2467 1183 ut
2510 1142 2609 1183 nec
2655 1126 2725 1183 de
2772 1127 3065 1198 Evangelia
3092 1131 3318 1196 viveret,
3351 1130 3448 1188 sed

1852 1220 2159 1277 necessaria
2190 1220 2292 1275 sibi
2318 1220 2432 1274 suis
2459 1217 2709 1274 manibus
2738 1217 3089 1284 ministraret,
3118 1218 3187 1273 de
3224 1234 3287 1275 se
3322 1235 3452 1277 con-

1855 1310 2131 1366 ﬁdenterl
2170 1310 2484 1378 eloquitur:
2527 1306 2642 1378 Ego
2687 1315 2858 1363 autem
2913 1306 3057 1361 nullo
3103 1306 3290 1364 Irarum
3332 1327 3452 1366 usus

1856 1420 1991 1458 sam.
2023 1402 2090 1457 Et
2114 1414 2279 1470 quare
2306 1400 2407 1457 hoc
2449 1400 2676 1468 dixerit,
2722 1406 2940 1455 secutus
2978 1399 3193 1469 aperuit
3213 1392 3401 1458 dicens
3433 1420 3452 1435 ο

1858 1492 2084 1563 Expedit
2107 1494 2235 1547 ntilti
2254 1495 2419 1563 magis
2448 1494 2578 1547 mori
2601 1508 2758 1563 quant
2799 1500 2859 1547 ut
2882 1493 3101 1565 gloriam
3135 1509 3304 1549 meam
3341 1499 3457 1564 quis

1859 1596 2065 1639 eaacuet
2092 1585 2279 1657 (lbid.,
2316 1582 2430 1657 15).
2464 1584 2492 1623 ι
2522 1583 2786 1640 Evacuari
2832 1583 2964 1640 dicit
3006 1584 3232 1655 gloriam
3276 1602 3451 1654 suam,

1860 1675 1907 1731 si
1936 1676 2007 1731 ab
2048 1676 2127 1731 eis
2157 1676 2351 1745 quibus
2380 1674 2708 1745 praedicabat
2744 1674 3009 1732 voluisset
3048 1675 3292 1747 accipere
3331 1678 3455 1735 vitai

1866 1763 1886 1805 ι
1917 1768 2212 1835 corporalis
2240 1781 2578 1836 expensam;
2612 1766 2831 1823 nolebat
2864 1767 3065 1837 quippe
3103 1768 3158 1823 in
3198 1771 3457 1840 presenti

160 1881 347 1924 eorum
380 1864 681 1932 pramium,
712 1861 807 1917 sed
840 1859 1135 1927 temporale
1162 1858 1439 1919 solatium.
1466 1856 1597 1911 item
1629 1856 1753 1910 boni
1864 1857 2061 1913 laboris
2089 1858 2170 1911 sui
2195 1857 2447 1925 fructum,
2479 1857 2575 1913 sed
2603 1858 2655 1912 in
2686 1857 2865 1913 futuro
2905 1860 3166 1928 recipere.
3220 1861 3276 1919 Si
3308 1854 3457 1941 ergo

162 1957 475 2029 inparatis
522 1955 745 2011 amissio
794 1952 855 2008 ﬁt
899 1952 1216 2009 exercitium
1253 1950 1419 2020 justi,
1470 1957 1526 2005 et
1568 1949 1751 2016 iniusti
1783 1942 1831 2001 B
1858 1948 1947 2003 ille
1976 1947 2069 2018 qui
2097 1949 2228 2001 nihil
2261 1947 2512 2011 habebat,
2561 1949 2731 2004 noluit
2756 1949 2828 2006 de
2866 1949 3158 2021 Evangelia
3187 1954 3278 2010 ubi
3310 1954 3461 2013 labo-

159 2048 481 2121 supplicium
509 2061 524 2101 :
550 2035 674 2115 quia
701 2054 753 2101 et
791 2043 968 2113 iustus
1008 2041 1280 2098 desiderio
1326 2041 1626 2098 calestium
1669 2055 1760 2096 ca—

160 2150 310 2212 ptus,
360 2138 541 2195 omnia
586 2136 904 2205 temporalia
955 2134 1074 2190 slve
1112 2134 1329 2201 habeat,
1374 2134 1489 2189 sive
1526 2133 1759 2200 amittat,

160 2233 385 2288 omnino
409 2245 516 2287 non
543 2229 734 2295 sentit;
768 2238 821 2284 et
842 2227 1057 2298 iniquus
1079 2225 1223 2297 quod
1256 2240 1383 2281 cum
1406 2225 1763 2282 delectatione

162 2320 190 2361 δ
208 2323 391 2386 habet,
407 2321 523 2376 sine
547 2319 736 2375 dolore
764 2334 869 2373 non
898 2318 1090 2388 perdit.
1109 2318 1335 2388 Propter
1366 2318 1467 2374 hoc
1494 2319 1656 2390 igitur
1682 2320 1764 2374 eis

162 2415 255 2485 qui
283 2412 511 2468 militant
536 2411 649 2467 Deo
674 2408 941 2481 fugienda
968 2418 1094 2464 sunt
1112 2424 1178 2465 es
1211 2418 1324 2465 toto
1346 2408 1513 2465 corde
1536 2408 1760 2475 divitiae,

162 2503 409 2576 quasqui
434 2502 633 2557 trahere
681 2500 887 2563 volunt,
943 2500 1066 2556 sine
1112 2499 1297 2556 labore
1344 2514 1451 2554 non
1495 2511 1762 2570 quaerunt,

162 2598 286 2653 sine
326 2594 641 2651 difﬁcultate
664 2605 770 2648 non
806 2593 1085 2647 inveniunt
1118 2634 1134 2660 ,
1172 2592 1293 2647 sine
1318 2604 1447 2652 cura
1495 2606 1605 2645 non
1644 2603 1765 2646 ser-

165 2672 327 2750 vant,‘
374 2684 492 2740 sine
519 2685 678 2738 anxia
724 2680 1084 2737 delectatione
1130 2695 1237 2736 non
1284 2680 1603 2752 possident,
1645 2681 1767 2737 sine

165 2777 359 2832 dolore
399 2788 506 2828 non
548 2773 796 2843 perdunt.
822 2772 1112 2842 Apostolus
1140 2780 1321 2828 autem
1352 2772 1550 2829 Christi
1581 2773 1767 2828 militi-

169 2871 274 2921 bus
301 2874 326 2903 ο
353 2864 484 2921 d‘cit
531 2881 546 2918 :
601 2862 735 2917 Vola
771 2878 860 2917 nos
886 2863 997 2917 sine
1026 2862 1377 2919 sollicitudine
1423 2879 1533 2918 esse
1564 2863 1615 2933 (ι
1648 2863 1767 2920 Cor.

171 2972 271 3024 vti,
295 2955 431 3026 32);
464 2965 553 3023 et,
601 2949 773 3009 Rudis;
814 2958 1040 3009 omn'utn
1089 2956 1347 3009 mulorum
1397 2966 1471 3012 est
1511 2959 1771 3018 avaritia.-

169 3063 323 3117 quam
354 3045 557 3115 quidam
582 3053 876 3113 appetentes
906 3052 1198 3099 enaverant
1238 3062 1270 3099 a
1294 3046 1417 3115 fide,
1449 3056 1498 3101 et
1537 3047 1772 3102 inserue-

172 3148 294 3190 rnnt
324 3151 379 3190 se
400 3135 663 3189 doloribus
684 3132 858 3188 multis
880 3133 931 3203 (Ι
961 3133 1091 3187 Tim.
1124 3149 1197 3198 vr,
1225 3133 1339 3203 l0).
1364 3137 1442 3190 Ac
1470 3135 1548 3189 sic
1576 3150 1774 3191 census

1864 2040 2038 2105 rabat,
2069 2040 2165 2094 sed
2191 2039 2304 2095 suis
2348 2039 2593 2095 manibus
2634 2040 2853 2106 vivere,
2880 2049 2921 2079 ω
2963 2058 3033 2098 ne
3078 2044 3302 2114 gloriam
3347 2062 3461 2102 sum

1865 2132 2137 2188 mercedis
2164 2132 2468 2197 amitteret;
2500 2131 2627 2202 quid
2659 2147 2778 2199 nos,
2813 2133 2905 2202 qui
2944 2142 3000 2188 et
3041 2134 3261 2205 propria
3307 2140 3465 2194 nolu-

1866 2235 1986 2278 mus
2012 2236 2197 2277 amore
2225 2222 2559 2291 pzissidendi,
2594 2237 2699 2277 non
2742 2224 2955 2280 vivendi
2988 2227 3330 2295 necessitate,
3376 2244 3465 2285 re—

1867 2315 2147 2383 linquere,
2192 2323 2249 2370 et
2285 2313 2533 2383 accipere
2573 2313 2794 2385 insuper
2836 2320 3117 2384 vofumus,
3165 2334 3272 2375 non
3320 2322 3463 2378 unde

1866 2406 2153 2479 vivamus,
2211 2404 2308 2460 sed
2357 2403 2500 2461 unde
2552 2419 2773 2461 censum
2815 2417 3058 2461 nostrum
3114 2408 3466 2467 incrementis

1868 2495 2265 2551 damnabilibus
2296 2496 2625 2564 augeamus?

2471 2584 2703 2643 CAPUT
2755 2587 2871 2643 XV.

1872 2676 1952 2731 De
1973 2676 2276 2746 cupiditate,
2300 2676 2520 2747 qualiter
2542 2678 2614 2731 eis
2647 2693 2779 2801 quos
2815 2682 2975 2735 semel
3013 2682 3253 2737 invaserit
3299 2684 3468 2738 domi-
3502 2656 3505 2659 γ

2585 2764 2647 2801 ne
2671 2764 2752 2801 ur.
2776 2772 2779 2777 -
2958 2786 2961 2787 ν
3142 2763 3145 2767 ⁴

2585 2763 2752 2803 ηεικτ.
2776 2772 2779 2777 ·
2958 2786 2961 2787 ν
3142 2763 3145 2767 ⁴

1946 2861 2001 2919 t.
2022 2859 2185 2917 Jubet
2214 2867 2240 2895 ιι
2269 2874 2399 2916 ecce
2430 2856 2585 2915 nobis
2617 2858 3219 2931 imperiosacnpiditas,
3249 2878 3305 2919 ut
3328 2873 3353 2903 ο
3384 2866 3469 2920 di-

1876 2952 1996 3009 vina
2026 2952 2496 3023 parvipcndentes,
2516 2952 2921 3021 possessionum
2951 2954 3289 3010 terrestrium
3316 2936 3473 3013 dam-

1876 3059 2008 3101 nosa
2038 3044 2354 3114 compendia
2375 3045 2695 3115 cogitemus,
2730 3054 2758 3095 r
2798 3052 2859 3100 ut
2886 3044 2941 3101 in
2972 3046 3052 3102 eis
3078 3048 3473 3106 totam‘sallici-

1879 3139 2118 3193 tudinem
2144 3152 2437 3206 curamque
2466 3150 2750 3206 ponamus,
2780 3146 2811 3188 τι
2839 3147 2900 3195 ut
2928 3137 3051 3195 inde
3085 3152 3188 3196 nos
3229 3141 3473 3199 morbida

179 3224 199 3263 ι
235 3225 338 3281 iste
361 3234 607 3280 terrenus
632 3224 714 3280 eis
738 3237 769 3278 a
795 3223 989 3293 quibus
1018 3222 1212 3279 vitiose
1242 3222 1503 3293 diligitur,
1544 3241 1649 3281 non
1690 3235 1775 3281 est
1819 3296 1847 3299 _
1877 3229 2113 3284 vanitate
2144 3226 2431 3297 jactemus,
2462 3235 2525 3282 ut
2564 3228 2921 3296 amplitudine
2968 3230 3283 3299 pauimenti
3320 3232 3477 3289 αισα.

177 3317 510 3387 voluptatum
558 3315 807 3381 materia,
848 3314 945 3370 sed
991 3312 1261 3368 dolorum.
1304 3312 1651 3385 Quapropter
1678 3331 1772 3371 ex-
1801 3296 1850 3360 (ἶ
1879 3322 2040 3375 sioris
2068 3296 2218 3387 elati,
2270 3318 2387 3374 fieri
2428 3331 2693 3387 pauperes
2733 3318 2926 3387 splritu
2970 3296 3324 3391 negligemus.
3364 3332 3388 3361 τ
3432 3324 3477 3379 υ

182 3408 332 3478 pedit
354 3406 634 3462 facultates
659 3406 903 3461 ecclesia
933 3414 959 3453 ε
983 3406 1281 3475 possideri,
1327 3415 1388 3461 ut
1426 3406 1552 3462 inde
1594 3409 1778 3462 vivant

181 3502 275 3570 qui
323 3514 430 3555 non
472 3500 711 3565 seculo,
752 3500 907 3568 cujus
956 3498 1149 3568 gaudia
1203 3499 1421 3568 fugitiva
1471 3500 1776 3569 repudiarit,

178 3595 274 3648 sed
307 3594 421 3649 Deo
446 3590 479 3631 ι
520 3572 765 3650 serviunt
794 3635 809 3661 ,
854 3592 1007 3661 cujus
1046 3590 1331 3647 inetlabilia
1374 3590 1514 3646 bona
1562 3590 1779 3648 deside-

182 3693 327 3739 tant.

775 3772 1002 3830 CAPUT
1042 3770 1184 3829 XIV.

183 3862 424 3930 Qualiter
459 3862 776 3934 intelligatur
799 3865 939 3934 quod
966 3863 1091 3935 dicit
1131 3864 1441 3935 Apostolus,
1478 3865 1578 3931 Qui
1607 3868 1661 3921 in
1687 3884 1777 3923 sa-

329 3935 498 3988 crario
518 3933 817 4005 operantur,
836 3948 952 4003 qua
976 3933 1043 3989 de
1060 3933 1289 3990 sacrario
1309 3945 1426 3989 sunt
1456 3937 1635 3991 edant.

256 4045 339 4101 De
359 4046 554 4100 talibus
580 4045 760 4102 dicere
781 4045 996 4102 videtur
1025 4048 1314 4119 Ap-istolus
1340 4066 1352 4102 :
1388 4049 1490 4114 Qui
1523 4052 1578 4105 in
1611 4066 1755 4106 saera

183 4140 264 4193 rio
291 4147 593 4210 operantur,
620 4154 732 4207 qua
752 4139 817 4192 de
844 4140 1072 4193 sacrario
1092 4150 1213 4195 sunt
1240 4140 1419 4206 edunt,
1451 4154 1499 4196 et
1524 4144 1614 4213 qui
1643 4144 1784 4199 alta-

183 4230 267 4284 rio
288 4228 595 4295 deserviunt,
631 4226 649 4267 ι
675 4244 794 4282 cum
816 4230 1003 4283 altario
1023 4232 1332 4299 participant
1356 4230 1409 4304 (1
1432 4232 1553 4288 Cor.
1570 4248 1647 4299 ta,
1665 4233 1778 4306 l5).

185 4320 293 4388 Qui
350 4320 454 4376 nisi
482 4319 584 4376 hoc
606 4320 674 4376 de
708 4321 1166 4391 contemptoribus
1213 4322 1520 4378 facultatum
1563 4339 1782 4381 suarum

189 4413 359 4468 vellet
383 4412 625 4483 intelligi,
655 4428 925 4482 nunquam
956 4421 1175 4467 secutus
1216 4412 1577 4484 adjungeret:
1611 4413 1700 4469 Ita
1735 4427 1783 4470 et

193 4502 339 4556 Deus
377 4501 633 4556 ordinavit
668 4501 748 4556 his
798 4503 883 4573 qui
934 4500 1269 4575 Eeangeliutu
1325 4505 1676 4573 annuntiant,
1722 4507 1786 4562 de

1881 3410 2087 3466 facinus
2129 3404 2463 3465 inauditum!
2497 3407 2675 3464 .Suavi
2713 3409 2844 3479 jugo
2891 3408 3093 3466 Christi
3146 3424 3477 3486 contempto,

1883 3501 2117 3558 ferreum
2170 3500 2478 3572 cupiditatis
2526 3500 2812 3571 imperium
2869 3500 3171 3559 voluntaria
3219 3506 3479 3563 mentium

1883 3595 2239 3650 inclinatione
2280 3592 2655 3663 suscipimus;
2710 3603 2765 3649 et
2814 3592 3026 3649 Domini
3075 3599 3249 3653 nostri
3300 3606 3323 3635 ³
3374 3599 3479 3655 levi

1885 3700 2091 3753 onere,
2139 3684 2284 3757 quod
2330 3683 2604 3753 subjectos
2649 3699 2756 3739 non
2804 3692 3029 3752 onerat,
3077 3687 3173 3743 sed
3213 3688 3479 3759 sublevat,

1883 3773 2225 3847 posthabito,
2276 3773 2588 3845 plumbeum
2642 3774 2853 3844 pondus
2919 3777 3118 3833 nostris
3180 3781 3485 3839 cervicibus

1890 3866 1909 3901 ί
1940 3875 2280 3935 aggeramus,
2307 3861 2451 3932 quod
2482 3862 2640 3918 citius
2672 3873 2847 3933 potest
2874 3863 3072 3935 deponi
3102 3883 3265 3937 quam
3312 3869 3439 3926 ferri
3467 3890 3481 3925 :

1888 3957 2012 4026 quia
2041 3964 2095 4010 et
2120 3956 2234 4025 ipsa
2260 3953 2549 4023 cupiditas,
2579 3968 2700 4024 quas
2730 3955 2885 4010 nobis
2910 3956 3103 4026 subjici
3132 3957 3273 4014 ultro
3293 3960 3482 4016 volen-

1890 4052 2033 4107 tibus
2061 4049 2163 4104 hoc
2187 4047 2397 4119 pondus
2426 4044 2685 4116 imponit,
2736 4048 3009 4102 contemni
3059 4058 3236 4117 potest
3276 4049 3488 4106 facilius

1890 4158 2049 4215 quam
2076 4142 2400 4211 esplcri;et
2424 4138 2547 4194 ideo
2573 4137 2666 4209 qui
2717 4152 2780 4193 se
2826 4138 2903 4193 illi
2944 4140 3190 4195 volentes
3237 4142 3488 4199 dederint

1887 4230 2241 4305 expugmnti,
2282 4231 2614 4285 voluntatem
2661 4227 2949 4285 resistendi
3000 4229 3228 4287 ulterius
3256 4247 3363 4288 non
3396 4235 3489 4289 lia-

1889 4326 2091 4383 bcbunt
2128 4322 2406 4394 tyrannica
2432 4320 2756 4391 dominanti.
2790 4321 2857 4376 Et
2881 4320 2982 4376 hoc
3012 4320 3241 4392 ﬁtiusto
3265 4326 3361 4381 Dei
3394 4326 3489 4397 ju-

1890 4418 2055 4485 dicio,
2090 4426 2151 4471 ut
2178 4414 2270 4486 qui
2299 4413 2591 4483 cupiditati
2623 4412 2879 4469 resistere
2908 4424 2935 4451 ιι
2966 4413 3236 4471 noluimus
3272 4417 3481 4489 ingrrso

1891 4524 2054 4577 suras,
2083 4508 2194 4577 jam
2223 4505 2480 4562 resistere
2514 4517 2846 4585 nequeamus
2883 4505 3161 4577 ingressae.

272 4682 671 4758 '—__Editi,__nisi
716 4682 796 4736 illi
836 4683 924 4750 qui
965 4684 1091 4739 illis.
1126 4684 1251 4758 Mss.
1279 4692 1506 4754 quatuor
1532 4684 1786 4758 omittunt
1818 4694 1865 4753 ι)
1963 4695 1988 4724 ο
2016 4688 2115 4744 Ms.
2138 4687 2270 4758 Reg.
2304 4700 2463 4753 unus,
2494 4685 2671 4758 diuina
2699 4694 2956 4756 prlecepta
2983 4689 3431 4756 parnipendentes.

187 4754 294 4810 illi.
322 4752 421 4807 his.
456 4752 614 4823 colb.
647 4767 817 4816 unus,
844 4768 960 4819 qua:
986 4770 1090 4807 non
1114 4754 1233 4806 aliis
1263 4752 1474 4819 dantur,
1497 4756 1597 4809 nisi
1624 4759 1733 4823 qui.

262 4823 294 4862 δ
326 4823 451 4878 Mss.
480 4822 609 4891 duo,
642 4823 819 4889 iniqui.
849 4823 945 4876 his.
979 4826 1135 4891 alter,
1166 4827 1303 4891 quod
1332 4825 1519 4880 habent
1540 4822 1676 4878 boni.

267 4904 291 4931 ε
326 4892 423 4947 bis.
466 4908 629 4953 unus,
657 4893 863 4963 quando
893 4904 1083 4947 autem.
1131 4894 1267 4948 Tum
1312 4910 1414 4950 tus.
1460 4896 1598 4949 alter
1639 4907 1785 4950 caret

190 4964 297 5019 hac
324 4977 490 5029 voce,
518 4978 715 5016 eorum.

264 5030 293 5070 ἀ
327 5032 456 5086 Mss.
488 5042 714 5100 septem,
742 5034 940 5088 habuit.

271 5111 297 5140 ⁸
328 5102 429 5155 Ms.
467 5116 622 5166 unus,
655 5104 804 5157 dixit.

274 5171 292 5209 τ
328 5172 425 5224 his.
459 5187 616 5235 unus,
642 5187 821 5227 census
848 5173 1148 5239 wstinta'us,
1180 5176 1272 5227 iste
1304 5186 1549 5228 terrenus.

272 5251 297 5311 tl
326 5242 453 5294 Mss.
488 5250 733 5309 quatuor,
762 5245 1042 5311 possidere.

270 5309 299 5347 δ
323 5312 449 5365 Mss.
482 5319 726 5377 quatuor,
759 5309 1068 5366 deserviunt.

278 5380 292 5417 ί
332 5382 459 5433 Mss.
496 5392 623 5445 tres,
658 5397 772 5432 cum
816 5385 1000 5436 altario
1042 5384 1431 5452 participantur.
1479 5385 1604 5438 Mss.
1659 5385 1791 5450 duo,

198 5468 311 5505 cum
342 5452 499 5503 altari
527 5452 921 5519 participantur.

278 5522 290 5569 i
328 5523 453 5574 Mss.
480 5522 585 5573 duo
612 5520 766 5586 ιιρξξ..
802 5523 1045 5591 loquitur.

278 5594 298 5625 ι
336 5591 406 5642 Ita
434 5605 561 5643 mss.
597 5591 702 5643 duo
735 5595 863 5657 ltcg.
898 5594 997 5646 Alii
1026 5610 1144 5648 cum
1174 5596 1352 5658 editis,
1386 5612 1647 5649 evacuate.

284 5660 296 5696 ι
332 5660 458 5713 Mss.
482 5662 746 5727 quinque,
781 5665 1093 5725 temporalis.

281 5740 315 5764 ηδ
348 5730 441 5782 Ms.
472 5731 629 5783 Coll).
654 5746 815 5801 unus,
848 5748 909 5783 ne
938 5738 1115 5801 gloriae
1145 5751 1251 5787 sum
1272 5738 1568 5789 mercedem.
1626 5736 1795 5799 Alter,

212 5803 451 5852 mercedis
474 5816 581 5852 sua:
611 5798 845 5868 giarium.

284 5881 304 5903 "
341 5873 463 5924 Mss.
500 5884 749 5935 quatuor,
784 5868 912 5923 Ercc
942 5876 1074 5925 enim
1093 5875 1186 5944 jub
1222 5887 1236 5928 t
1268 5876 1429 5928 nobis.

494 5966 747 6023 Parnm.
821 5963 891 6024 Ll
908 5964 986 6025 Χ.

1967 4768 1995 4807 p
2021 4758 2118 4813 Ms.
2152 4757 2315 4820 unus,
2345 4768 2392 4809 et
2413 4758 2467 4809 in
2494 4757 2587 4809 eis.

1966 4838 1994 4877 ιι
2016 4829 2116 4882 Ms.
2144 4826 2355 4891 Camb.,
2380 4827 2517 4880 unde
2538 4838 2649 4879 nos.

1973 4908 1998 4978 '_
2027 4899 2154 4952 Mss.
2183 4904 2437 4967 qumque,
2466 4907 2514 4950 et
2541 4914 2569 4950 ο
2596 4898 2828 4967 facinus;
2857 4912 3087 4965 quarunt
3120 4898 3249 4965 duo,
3300 4909 3347 4953 et
3398 4905 3493 4955 hoc

1921 4984 2121 5021 αοιηιιε.

1921 4984 2070 5020 αοιηη
2110 5011 2121 5021 .

1900 4972 1925 5037 Γ
1970 5046 1991 5072 ⁸
2030 4986 2123 5091 ΜΞ.
2154 5038 2365 5099 Catnb.,
2399 5038 2489 5090 leui
2512 5038 2655 5091 oneri
2686 5036 2845 5105 (quod
2872 5039 3127 5108 subjectos
3157 5054 3256 5091 non
3292 5054 3490 5107 onerat,

1898 5109 1985 5161 sed
2016 5110 2253 5167 honorat,
2287 5124 2374 5160 nec
2414 5109 2652 5176 deprimit
2694 5108 2924 5168 omnino,
2978 5109 3065 5159 sed
3093 5109 3342 5179 sublevat)
3373 5113 3493 5165 sub-

1890 5180 1987 5250 jici
2012 5180 2414 5237 contemnimus;
2463 5180 2558 5229 hoc
2597 5193 2716 5246 ergo
2749 5179 2843 5229 levi
2863 5178 3355 5250 onerepasthabito,
3386 5191 3489 5236 etc.

1904 5250 1980 5301 Ad
2044 5250 2183 5302 hunc
2229 5250 2494 5302 accedunt
2536 5262 2667 5300 mss.
2715 5257 2950 5319 quatuor
2994 5248 3149 5319 (Alolb.
3198 5260 3249 5301 et
3298 5250 3494 5319 Regius

1900 5333 2059 5383 unus,
2092 5328 2314 5386 excepta
2343 5321 2481 5386 quod
2509 5331 2645 5371 unus
2667 5332 2730 5371 ex
2757 5317 2909 5369 Cnlb.
2940 5317 3209 5371 habetsed
3231 5317 3490 5374 sublimat.

1906 5389 2101 5455 Regius
2131 5391 2267 5440 alter
2288 5391 2366 5441 sic
2399 5389 2555 5442 habet
2584 5405 2595 5438 :
2623 5397 2669 5438 ct
2704 5386 2911 5438 Domini
2934 5391 3095 5439 nostri
3126 5391 3226 5441 leve
3250 5406 3375 5441 onus
3406 5392 3491 5457 {u-

1907 5461 2092 5525 gimus,
2125 5460 2260 5523 quod
2283 5460 2535 5526 subjectos
2578 5474 2676 5509 non
2726 5468 2920 5515 onerat.
2968 5459 3057 5509 sed
3109 5461 3355 5523 honorat;
3409 5479 3495 5511 iter

1907 5529 2142 5593 (lt-primit
2174 5531 2399 5588 omnino,
2423 5530 2510 5580 scd
2531 5528 2779 5595 sublevat,
2819 5527 2914 5578 hoc
2959 5547 3097 5595 ergo.
3152 5531 3251 5581 Alii
3286 5532 3497 5583 C(ltill‘OS

1912 5598 2193 5659 habebunt,
2228 5601 2330 5650 leve
2360 5614 2487 5650 onus
2518 5600 2730 5666 superbe
2755 5599 3045 5669 rejicimus;
3076 5609 3267 5652 caulem
3322 5612 3375 5653 ut
3422 5602 3498 5653 illi

1911 5671 1993 5736 qui
2029 5684 2149 5720 mox
2177 5670 2428 5721 citantur.

1986 5740 1999 5770 ί
2194 5740 2319 5799 duo,
2354 5740 2660 5810 aggerimus.

1981 5814 2005 5842 υ
2038 5808 2162 5862 Mss.
2194 5808 2453 5878 quinque,
2490 5810 2738 5862 nolumus.

3030 5973 3051 5997 ί

3033 6006 3054 6026 Α

3070 5971 3105 6029 ὃ
