4316 6426
878 448 972 500 m
2190 444 2445 499 totum
2491 412 2766 499 comunt
4018 458 4119 513 ιω

935 562 989 611 2.
1024 560 1067 613 0
1093 557 1444 628 plangendum
1474 558 1841 612 miserabiliter
1891 558 2082 609 metus
2131 566 2440 625 expugnata:
2471 560 2518 615 Α
2548 569 2696 626 nuat,
2735 561 2949 614 virtutes
2979 572 3201 629 augeat,
3234 576 3282 618 et
3328 580 3422 633 pro
3471 567 3793 631 carnalibus,
3846 583 3964 635 quc
3994 583 4117 621 cun.

862 660 892 687 ³
926 650 1235 706 servilium!
1267 652 1310 703 Ο
1340 648 1724 705 intolerandum
1754 645 1779 684 δ
1811 648 2153 700 dictitoniaca}
2179 648 2441 715 cupidita-

870 744 933 796 tis
968 742 1275 810 imperium!
1312 748 1446 792 utex
1476 737 1715 790 hostibus
1761 737 1873 790 suis
1899 753 2031 803 quos
2062 747 2239 805 potest
2268 748 2288 774 ε
2328 738 2440 789 vitt-

866 849 1012 897 rere,
1044 832 1273 886 victores
1293 829 1448 882 faciat
1474 842 1623 892 suos,
1660 826 1915 895 promittit
1959 828 2211 894 iugentia,
2260 836 2312 881 et
2355 828 2441 881 bo-

870 939 1055 978 norum
1087 918 1342 986 tempora!
1367 933 1454 970 um
1489 917 1866 985 pollicitatione
1911 917 2187 986 deceptos,
2221 917 2441 984 impellit

855 1011 971 1075 ⁸ᾔειιιι
1014 1010 1239 1064 miseros
1278 1022 1341 1062 ac
1393 1006 1724 1061 miserandos
1756 1009 1807 1060 itt
1848 1008 2039 1077 turpia.
2071 1007 2096 1043 ιι
2136 1008 2300 1061 Tenet
2343 1021 2439 1060 nos

862 1102 1127 1153 lucrorum
1158 1098 1439 1167 ptenalittr
1474 1098 1706 1151 dulcium
1738 1099 1940 1151 catenis
1982 1098 2239 1160 addicto=,
2287 1107 2339 1151 et
2384 1097 2435 1151 in

863 1204 956 1241 Sua
984 1186 1186 1243 ditione
1212 1186 1486 1255 captivos;
1518 1199 1617 1239 nec
1658 1185 1821 1238 trahit
1871 1186 2086 1247 invitos,
2137 1185 2252 1251 sed,
2297 1186 2436 1253 quod

861 1290 941 1332 est
981 1278 1630 1345 deterius,‘°qttocuuque
1684 1274 1927 1338 voluerit,
1982 1276 2220 1328 volentes
2266 1274 2431 1328 ducit.

863 1368 1041 1422 Vastat
1079 1364 1098 1405 τ
1127 1368 1178 1421 iu
1210 1368 1363 1421 nobis
1392 1366 1645 1435 quidquid
1670 1364 1997 1419 verecundize
2024 1380 2084 1419 ac
2116 1366 2329 1432 pudoris
2363 1366 2437 1419 in-

874 1458 1110 1523 wncrit;
1145 1464 1198 1512 et
1222 1471 1355 1526 quos
1376 1456 1483 1525 jam
1519 1457 1628 1509 suis
1656 1455 1932 1523 triumphis
1981 1455 2203 1521 addixit,
2262 1456 2435 1509 adhuc

864 1562 1112 1618 tanquam
1158 1558 1180 1595 ε
1225 1547 1568 1615 resipiscendi
1623 1554 1902 1613 suspectos
1942 1546 2189 1599 omnibus
2232 1548 2434 1600 viribus

860 1638 1151 1693 honestatis
1175 1648 1412 1691 exarmat
1444 1652 1457 1688 :
1489 1652 1555 1690 ne
1582 1634 1793 1705 quando
1819 1644 2003 1689 centra
2032 1650 2148 1690 eam
2180 1634 2270 1705 qui
2321 1636 2427 1689 hel~

860 1730 967 1781 lare
1014 1727 1299 1787 noluimus,
1332 1726 1674 1779 rebelletnus.
1701 1725 1854 1792 Rapit
1879 1740 1995 1789 nos,
2031 1740 2091 1778 ac
2116 1728 2310 1793 passim
2337 1742 2431 1795 per

856 1820 1028 1870 omnia
1061 1816 1465 1886 acquisitionutn
1495 1831 1692 1885 genera
1724 1817 1944 1883 cupidus
1995 1818 2302 1883 acquirendi
2350 1817 2428 1868 di-

2551 648 2760 712 tempsi.
2836 648 3127 716 Spiritualia
3173 652 3307 705 bona
3343 653 3658 721 possideat?
3688 657 3740 708 itt
3784 656 3866 708 his
3894 670 3953 711 se
3986 656 4116 710 divi-

2548 736 2688 789 nitus
2716 736 2924 804 adjutus
2954 748 3241 803 exerceat,
3297 757 3358 795 ea
3405 758 3617 810 semper
3659 745 4012 812 amplectatur
4055 761 4115 798 ac

2542 823 2760 893 diligat;
2794 834 2845 879 et
2872 842 2974 879 non
3005 830 3179 881 solum
3235 831 3483 885 omnibus
3512 830 3631 885 aliis
3671 832 4109 887 delectationibus

2542 915 2674 979 suis,
2706 918 2797 969 sed
2827 919 2983 969 etiam
3018 918 3149 987 ipsis
3176 934 3288 974 sum
3332 923 3514 975 carnis
3546 924 3866 977 cruciatibus
3895 934 4113 991 antepo-

2542 1006 2671 1059 nat?
2702 1007 2865 1073 utqui
2892 1008 3018 1061 nihil
3048 1008 3149 1063 sibi
3181 1009 3395 1077 reliquit
3423 1011 3565 1079 quod
3618 1012 3927 1067 formidaret
3954 1014 4110 1066 amit-

2542 1102 2672 1157 tere,
2705 1110 2764 1149 ea
2796 1111 2893 1163 pro
2920 1097 3112 1162 quibus
3135 1100 3313 1153 omnia
3337 1116 3456 1170 qua:
3486 1101 3714 1155 habebat
3732 1104 3944 1171 abjecit,
3969 1114 4111 1159 tanta

2542 1184 2660 1238 fidei
2694 1187 2940 1241 firmitate
2964 1190 3210 1253 retinvat,
3246 1200 3303 1243 ut
3325 1192 3369 1244 si
3399 1206 3619 1246 necesse
3666 1191 3845 1257 fuerit,
3897 1209 3993 1261 pro
4033 1195 4109 1249 eis

2539 1271 2769 1328 libenter
2794 1290 2947 1328 suum
2979 1291 3175 1347 corpus
3207 1278 3496 1346 impendat.

2606 1362 2660 1414 ‘2.
2715 1364 2941 1417 l‘ruittde
2983 1381 3139 1433 quem
3188 1368 3491 1435 possidendi
3525 1378 3561 1405 ιι·
3592 1370 3819 1423 delectat
3864 1373 4105 1436 ambitio,

2540 1452 2733 1518 Deum,
2773 1468 2859 1521 qui
2917 1454 3153 1520 possidet
3198 1458 3375 1509 omnia
3420 1473 3540 1523 qua:
3578 1458 3814 1524 creavit,
3861 1458 4107 1526 expedita

2536 1554 2713 1597 mente
2742 1544 3031 1611 possideat,
3064 1560 3114 1599 et
3149 1546 3201 1599 itt
3233 1561 3297 1598 eo
3318 1547 3530 1599 habebit
3559 1562 3885 1615 quaecunque
3911 1547 4109 1601 habete

2533 1640 2714 1685 sancte
2744 1634 3035 1689 desiderat.
3068 1634 3171 1689 Sed
3193 1636 3441 1704 quoniam
3476 1650 3629 1689 uento
3659 1636 3894 1706 possidet
3916 1635 4102 1702 Deum,

2533 1724 2631 1776 nisi
2660 1725 2747 1792 qni
2779 1726 3083 1793 possidetur
3109 1741 3135 1777 a
3170 1728 3301 1791 Deo,
3332 1728 3401 1780 sit
3439 1728 3551 1795 ipse
3587 1729 3829 1795 primitus
3857 1728 3949 1782 Dei
3981 1741 4105 1794 pos-

2532 1816 2720 1876 St'SSlO,
2752 1824 2805 1867 et
2837 1824 2859 1849 η
2894 1817 3158 1870 cflicietur
3182 1819 3228 1869 ci
3264 1818 3402 1871 Deus
3433 1832 3706 1886 possessor
3737 1827 3790 1871 et
3818 1817 4009 1886 portio.
4038 1818 4104 1872 Et

855 1909 1074 1975 spergit.
1109 1907 1220 1960 Non
1252 1906 1508 1975 permittit
1536 1906 1769 1958 animum
1820 1907 2065 1965 liberum.
2108 1924 2209 1958 non
2240 1908 2427 1960 stabile
2467 1912 2507 1969 Β
2534 1902 2655 1968 quid
2691 1912 2862 1968 potest
2890 1916 2954 1955 eo
2981 1918 3098 1957 esse
3132 1902 3338 1957 felicius
3364 1906 3446 1959 cui
3478 1906 3705 1959 efficitur
3732 1921 3859 1959 suus
3899 1903 4101 1958 Condi-

857 2013 1072 2066 corpus,
1103 1996 1129 2033 δ
1161 2004 1380 2065 vagante
1406 1996 1583 2049 animo
1634 1996 1916 2047 mobiliter.
1957 2008 2043 2046 :tttt
2074 2000 2339 2061 quietum;
2372 2007 2425 2049 et

857 2089 1004 2142 velut
1033 2087 1275 2155 qundam
1305 2085 1560 2139 cadavera
1593 2084 1642 2137 in
1693 2097 1896 2151 pasutnt
1946 2085 1972 2135 fy
1999 2088 2070 2137 ris
2114 2086 2296 2138 avibus
2339 2089 2426 2139 lie-

854 2178 1079 2244 stiisqtte
1108 2176 1361 2244 projects,
1390 2175 1629 2241 captivos
1682 2188 1805 2226 suos
1831 2175 2121 2227 ittttttuutlls
2152 2176 2422 2243 spiritibus

860 2266 870 2301 ί
906 2266 1066 2319 tradit
1102 2280 1205 2318 non
1257 2263 1586 2327 lacerandos,
1630 2263 1721 2316 sed
1752 2262 2075 2316 avidissimis
2125 2264 2421 2319 mortifero-

851 2372 966 2409 rum
994 2355 1275 2409 criminum
1301 2355 1542 2408 faucibus
1572 2354 1936 2419 devorandos;
1995 2371 2091 2410 nec
2143 2366 2319 2411 tamen
2368 2370 2422 2411 ut

850 2460 970 2500 esse
990 2444 1097 2514 jam
1121 2444 1387 2510 desinant,
1420 2444 1512 2497 sed
1541 2454 1598 2498 ut
1626 2446 1903 2512 poenaliter
1939 2446 2137 2499 vivant.
2184 2446 2421 2518 Denique

850 2538 901 2591 iu
940 2537 1072 2592 vivis
1114 2536 1286 2591 adhuc
1327 2544 1540 2604 portant
1580 2536 1763 2589 funera
1796 2552 1885 2589 sua
1927 2537 2264 2604 corporibus,
2299 2536 2311 2587 i
2369 2539 2419 2591 id

849 2638 931 2683 est
960 2628 1062 2682 vivi
1092 2627 1247 2682 simul
1279 2635 1333 2682 et
1365 2627 1580 2681 mortui.
1622 2626 1753 2679 llinc
1793 2627 2038 2695 estquod
2086 2637 2300 2693 pecciito
2344 2628 2423 2680 vi-

850 2730 1032 2775 ventes
1064 2730 1317 2788 quantum
1370 2734 1467 2772 nos
1518 2730 1887 2786 congcstarum
1946 2736 2104 2787 opum
2138 2720 2159 2757 ¹π
2188 2721 2418 2776 oblectet

848 2809 1103 2875 accessio,
1138 2810 1249 2878 ipsa
1281 2808 1484 2863 fruendi
1516 2808 1815 2862 carnalibus
1853 2809 2208 2865 delectatione
2252 2811 2419 2865 senti-

845 2916 1007 2966 ntus;
1050 2910 1103 2956 et
1154 2910 1405 2970 quantam
1456 2901 1707 2954 virtutum
1753 2902 2113 2957 sustineamus
2159 2904 2412 2975 in0piam,

847 2993 995 3047 velut
1025 2992 1213 3045 mortui
1243 2991 1522 3049 virtutibus
1554 2992 1877 3060 ignoramus.

1414 3101 1638 3158 CAPUT
1697 3102 1831 3157 XVI.

844 3195 993 3260 Quod
1021 3191 1184 3245 Deum
1213 3192 1489 3265 perfectius
1518 3191 1598 3243 illi
1624 3192 1916 3261 possideant
1945 3194 2034 3261 qui
2057 3198 2267 3249 terrenis
2294 3212 2411 3265 pos-

1168 3260 1472 3314 sessionibus
1494 3276 1556 3313 ea:
1574 3260 1729 3314 cardo
1755 3260 2070 3315 renuntiant.

910 3353 959 3405 1.
991 3351 1116 3407 ιιωο
1138 3359 1260 3404 sunt
1281 3347 1300 3386 ι
1331 3360 1546 3417 prOpter
1570 3365 1711 3419 quae.
1736 3366 1839 3403 non
1864 3350 2144 3421 explendis
2169 3354 2408 3424 volupta-

840 3443 977 3496 tibus
1012 3455 1075 3496 ac
1114 3438 1385 3503 fovendis,
1435 3439 1527 3493 sed
1578 3440 1961 3509 congregandis
2010 3441 2263 3498 fratribus
2315 3452 2409 3498 aut

839 3531 1044 3585 alendis
1064 3528 1281 3596 expedit
1303 3526 1579 3583 facultates
1606 3531 1847 3583 eccicsite
1874 3530 2147 3597 possidere
2179 3548 2191 3582 :
2224 3539 2281 3585 ut
2304 3547 2408 3588 uno

841 3619 1229 3675 sollicitudines
1274 3619 1511 3672 omnium
1558 3618 1610 3673 itt
1680 3635 1773 3672 sua
1818 3619 2071 3674 societate
2125 3620 2407 3677 \iventium

837 3715 1152 3778 sustinente,
1185 3724 1371 3765 omnes
1401 3711 1489 3781 qui
1534 3710 1634 3763 sub
1672 3726 1738 3765 eo
1786 3721 1911 3765 sunt
1955 3716 2218 3767 fructuosa
2257 3728 2410 3768 vaca—

837 3806 975 3856 ltuttc
1003 3804 1270 3871 potiantur
1298 3800 1645 3869 spiritualitcr
1662 3810 1713 3854 et
1738 3801 1932 3868 quiete.
1967 3802 2089 3854 ldco
2115 3802 2405 3871 interposui

837 3893 970 3945 laiuli
1001 3890 1330 3957 adverbium,
1362 3889 1611 3958 quoniam
1644 3890 1732 3958 qui
1761 3892 1925 3944 0ti05t
1955 3892 2133 3958 quiete
2169 3891 2400 3958 perfrui-

834 3995 939 4046 tur,
974 3981 1072 4037 nisi
1102 3982 1448 4051 spiritualiter
1495 3981 1705 4043 vixerit,
1751 3996 1900 4035 more
1947 3983 2207 4051 pecudum
2254 3984 2399 4038 vivit.

838 4074 897 4127 Et
932 4074 1049 4129 ideo
1080 4074 1123 4125 is
1144 4086 1300 4141 quem
1326 4072 1468 4125 nulla
1498 4087 1768 4139 corporea:
1799 4073 2128 4126 necessitati.
2150 4089 2275 4127 cura
2297 4076 2402 4129 sol-

838 4169 1022 4225 licitat,
1056 4165 1191 4216 nulla
1219 4164 1497 4230 occupatio
1533 4160 1837 4216 domestic-.0
1895 4163 2273 4218 sollicitudinis
2326 4164 2404 4219 itt-

841 4272 909 4323 qu
936 4263 1064 4318 etat,
1097 4252 1273 4307 nullus
1304 4251 1534 4318 litigator
1569 4250 1803 4314 infestat,
1837 4253 2013 4306 nullus
2041 4252 2403 4309 calutuniosus

828 4347 1090 4416 magna“
1123 4344 1246 4414 qud
1276 4341 1416 4396 aliud
1447 4357 1639 4397 c'trarc
1680 4343 1855 4408 debet,
1914 4343 2100 4397 harum
2133 4346 2400 4401 molestia-

832 4453 947 4492 rum
979 4447 1033 4491 et
1057 4438 1140 4492 his
1165 4434 1417 4491 similium
1449 4433 1606 4499 liber,
1638 4434 1738 4487 nisi
1764 4435 1903 4489 unde
1932 4434 1997 4488 ad
2029 4436 2248 4491 meliora
2279 4454 2400 4505 pro-

836 4533 993 4594 ficiat,
1022 4530 1160 4582 unde
1198 4527 1321 4581 vitia
1364 4541 1456 4580 sua
1503 4526 1827 4594 profectibus
1863 4526 2185 4595 quotidianis
2227 4529 2399 4585 immi-

902 4704 923 4725 δ’
957 4694 1050 4746 Ms.
1086 4705 1241 4749 unus,
1276 4690 1471 4742 vitium.

902 4765 925 4799 ι’
960 4765 1080 4816 Mss.
1115 4771 1360 4828 quatuor,
1392 4776 1421 4812 ο
1442 4757 1823 4813 exsecrandum.
1851 4759 1977 4811 Mss.
2002 4758 2125 4813 item
2147 4768 2393 4829 quatuor,

832 4836 1047 4886 domittm
1073 4829 1381 4898 cupiditatis.

905 4912 925 4936 ε
954 4901 1075 4954 Mss.
1115 4896 1301 4952 oumes
1330 4913 1431 4951 non
1456 4896 1656 4953 habent
1696 4897 1892 4950 vincere
1916 4899 2159 4962 victores;
2189 4899 2281 4953 sed
2318 4898 2394 4953 le-

832 4981 957 5040 gunt
987 4986 1110 5035 quos
1131 4977 1287 5034 potest
1317 4968 1471 5036 faciat
1497 4983 1635 5020 suos.

901 5041 924 5075 τί
961 5039 1055 5092 Ms.
1088 5050 1240 5099 unus,
1270 5048 1397 5091 tenet
1430 5053 1519 5089 nos
1557 5038 1813 5104 pmnulitcr
1854 5038 2109 5089 lucrornnt
2146 5038 2393 5091 dulcium.

904 5120 926 5145 ⁸
958 5110 1092 5161 l-Zdit.
1119 5106 1306 5173 Lugd.,
1336 5116 1675 5174 quoscunque.

906 5178 921 5213 τ
963 5177 1043 5231 Ali
1060 5190 1123 5237 ts,
1147 5179 1277 5244 jam.

903 5258 926 5293 ts
963 5249 1056 5300 iis.
1093 5248 1219 5311 lteg.
1246 5257 1396 5303 unus,
1424 5244 1749 5306 resipiscendi
1796 5245 1899 5296 sint
1947 5247 2245 5313 susceptor?
2294 5246 2387 5301 Ms.

835 5318 1013 5369 Catuli.
1036 5326 1087 5368 ct
1116 5316 1225 5377 alii,
1247 5316 1360 5383 jam
1390 5314 1748 5379 ratpiaccndos
1772 5326 2044 5383 susceptos.

903 5386 925 5422 ¹·
961 5387 1123 5444 Alias,
1156 5392 1377 5435 t-ucaute.

905 5458 917 5492 ¹
953 5457 1074 5507 Mss.
1106 5463 1353 5519 quatuor,
1384 5451 1562 5503 trade'.

902 5537 913 5573 ι
954 5528 1076 5577 Mss.
1106 5533 1232 5583 tres,
1256 5522 1309 5572 id
1335 5530 1404 5573 est
1431 5522 1550 5573 vivis
1574 5521 1724 5575 simul
1749 5533 1795 5576 et
1824 5523 2058 5575 mortuis.
2098 5520 2193 5575 Ms.
2229 5539 2388 5588 unus,

828 5595 978 5649 item.
1007 5597 1136 5645 forte
1167 5591 1338 5644 iidem.
1368 5588 1500 5662 Mss.
1532 5589 1656 5656 duo,
1685 5592 1772 5643 red
1793 5592 1968 5653 iidem,
1999 5606 2117 5662 cunt
2144 5593 2309 5662 Lugd.

898 5662 919 5699 ι
954 5665 1074 5715 διεδ.
1102 5672 1230 5726 tres,
1262 5660 1541 5729 prolectat;
1568 5675 1666 5713 ms.
1700 5676 1857 5721 unus.
1892 5665 2062 5723 iactet.
2090 5660 2241 5715 Alias
2276 5680 2391 5730 per.

825 5738 990 5785 4.9””.

908 5801 918 5837 ¹
962 5803 1055 5855 Ms.
1080 5800 1211 5871 Rep.
1242 5814 1376 5854 unus
1419 5797 1561 5853 addit
1605 5798 1686 5852 hic
1726 5801 2155 5870 precepta....Et
2197 5802 2263 5857 ah
2290 5802 2391 5856 alia

2534 2005 2614 2045 tor
2640 2008 2853 2056 census,
2901 2002 2957 2048 et
3004 1994 3289 2048 lnrreditas
3318 2004 3342 2031 ο
3370 1998 3485 2059 eius
3531 1997 3780 2063 dignatur
3824 2010 3944 2050 esse
3991 1996 4099 2063 ipsa

2534 2086 2804 2149 liivinitas,
2836 2090 2877 2140 si
2908 2086 3067 2141 modo
3088 2103 3207 2141 eutn
3232 2087 3432 2141 sanctis
3461 2088 3711 2156 operibus
3732 2092 3893 2151 co‘at,
3916 2102 4101 2142 omnes

2530 2177 2729 2230 fruetus
2760 2193 2825 2231 ex
2856 2178 2950 2231 illo
2984 2178 3264 2244 percipiat,
3306 2182 3357 2231 in
3405 2177 3517 2243 illo,
3568 2188 3622 2233 et
3668 2178 3734 2232 de
3775 2178 3866 2231 illo
3903 2178 4100 2247 jugiter

2528 2269 2689 2331 vii-at,
2722 2278 2774 2321 et
2822 2267 2953 2321 nihil
2997 2277 3266 2321 terrenum
3314 2282 3433 2323 cum
3480 2268 3571 2322 illo
3618 2266 3921 2337 possideat?
3964 2268 4096 2333 Quia

2525 2356 2762 2410 omnium
2792 2355 3066 2422 Conditor,
3095 2357 3178 2411 cui
3220 2357 3349 2411 nihil
3396 2372 3583 2412 eorum
3629 2372 3746 2425 qua:
3796 2356 3917 2411 fecit
3960 2358 4097 2412 valet

2524 2446 2745 2515 aquari,
2783 2458 2807 2495 Ρ
2837 2462 2941 2500 non
2972 2447 3222 2516 dignatur
3240 2462 3362 2501 cum
3387 2447 3470 2501 his
3499 2462 3617 2517 quae
3656 2445 3891 2501 condidit
3919 2446 4092 2515 possi-

2525 2536 2664 2593 deri.
2693 2546 2720 2584 (ι
2758 2537 2995 2606 Denique
3033 2538 3161 2607 quid
3205 2538 3343 2591 ultra
3377 2538 3589 2603 qttzerit,
3630 2537 3714 2590 cui
3748 2537 3926 2591 omnia
3968 2552 4096 2591 suus

2521 2626 2780 2682 Conditor
2810 2628 2907 2682 fu?
2954 2614 3045 2682 aut
3077 2638 3098 2665 τ
3126 2628 3249 2697 quid
3279 2629 3328 2683 ei
3355 2626 3571 2691 sufﬁcit,
3600 2628 3682 2681 cui
3711 2627 3825 2694 ipse
3853 2642 3956 2681 non
3980 2627 4097 2681 suf-

2525 2718 2674 2772 ficit?
2716 2718 2867 2772 Hunc
2912 2718 3248 2787 possidebat,
3300 2729 3353 2773 et
3386 2718 3453 2772 ab
3489 2716 3579 2772 illo
3610 2717 3974 2787 possidebatur
4004 2719 4094 2772 ille

2519 2808 2607 2876 qui
2642 2807 2853 2863 dicebat
2894 2809 2946 2861 in
2993 2807 3193 2875 Spiritu
3224 2825 3234 2857 :
3283 2806 3459 2861 Portio
3484 2823 3593 2859 mea
3623 2814 3642 2841 ⁸
3675 2806 3943 2871 Dominus,
3983 2807 4094 2861 dixi

2518 2900 2775 2951 custodire
2814 2900 2973 2969 legem
3010 2908 3149 2952 tuam
3199 2897 3315 2967 (Pa.
3342 2913 3521 2962 cwm,
3550 2897 3661 2965 57).
3700 2899 3764 2953 Et
3796 2916 3810 2951 :
3844 2896 4094 2952 Dominus

2517 3006 2638 3057 pars
2665 2990 2974 3043 hwreditatia
3002 3005 3127 3043 mea
3162 2998 3207 3042 et
3236 2989 3409 3042 colicis
3430 2990 3523 3041 ma"
3550 2985 3719 3058 (Paul.
3753 3002 3843 3052 xv,
3872 2988 3948 3057 ὅ).
3980 2987 4087 3043 Sed

2516 3082 2706 3147 etipse
2734 3094 2853 3134 cum
2905 3079 3077 3132 dicit:
3116 3081 3133 3113 ί
3171 3076 3324 3132 Filii:
3358 3078 3472 3131 Levi
3513 3093 3614 3132 non
3660 3078 3845 3131 dabitis
3892 3087 4091 3146 partem

2515 3170 2647 3223 inter
2671 3168 2852 3241 fratrea
2879 3183 3035 3233 suos;
3064 3184 3157 3239 ego
3189 3168 3437 3221 Dominus
3475 3169 3639 3235 portio
3683 3182 3857 3221 eorum
3893 3165 4085 3233 (Nunt.

2435 3252 2480 3311 C
2517 3274 2664 3324 xvm,
2692 3258 2792 3322 25;
2822 3252 2976 3311 Deu't.
3008 3273 3155 3324 avni,
3185 3256 3267 3323 1);
3295 3257 3423 3311 satis
3452 3256 3684 3311 oStendit
3719 3257 3859 3326 quod
3901 3258 3952 3311 bi
3997 3258 4087 3325 qui

2512 3360 2737 3405 terrente
2764 3348 3087 3405 hereditatis
3116 3348 3536 3417 contempserint
3564 3348 3887 3418 portionem,
3917 3347 4083 3404 Deum

2510 3440 2858 3509 spiritualiter
2887 3448 3194 3493 mereantur
3238 3438 3512 3507 possidere
3551 3456 3564 3492 :
3598 3438 3750 3508 cujus
3775 3437 3925 3492 ditati
3970 3453 4085 3494 mtto

2511 3530 2751 3595 nuribus,
2782 3530 2961 3585 omnia
2989 3544 3105 3598 qure
3126 3531 3378 3598 prmelara
3410 3529 3668 3584 habentur
3693 3529 3745 3582 itt
3766 3527 3867 3583 hoc
3887 3530 4084 3584 mundo

2511 3621 2813 3685 fastidiunt;
2843 3631 2898 3675 et
2928 3622 3099 3689 ipsum
3133 3620 3406 3689 possidere
3430 3622 3513 3674 vel
3553 3621 3619 3674 ab
3651 3621 3767 3689 ipso
3794 3620 4078 3689 possideri,

2508 3726 2572 3765 eo
2602 3714 2717 3766 solo
2742 3710 2964 3781 perfrui,
3012 3721 3170 3779 atque
3217 3711 3292 3763 illi
3340 3710 3613 3765 adhaerere
3660 3709 4081 3780 inseparabiliter

2508 3801 2908 3869 concupiscunt.

2575 3894 2627 3948 5.
2657 3892 2809 3948 Unde
2830 3892 2989 3947 datur
3019 3893 3238 3962 intelligi
3271 3893 3409 3961 quod
3446 3894 3536 3962 qui
3568 3893 3880 3962 temporalia
3912 3894 4071 3959 bona,

2507 3984 2594 4050 qui
2627 3984 2804 4038 szeculi
2836 3985 3026 4052 gaudia
3052 3988 3284 4052 peritura
3312 3986 3545 4039 sectatui-
3569 3999 3633 4038 ac
3666 3985 3853 4053 diligit,
3878 3999 3998 4055 qum
4024 3996 4076 4040 et

2507 4084 2702 4142 quanta
2729 4075 2797 4128 sit
2820 4083 2846 4110 ιι
2876 4075 3067 4129 d.vin:t:
3108 4076 3405 4129 dulcedinis
3431 4074 3711 4129 tnultitudo
3734 4091 3837 4128 non
3869 4076 4072 4131 didicit.

2506 4170 2634 4234 Quis
2659 4167 2797 4220 enim
2830 4169 2911 4221 cui
2949 4167 3086 4221 Deus
3112 4167 3361 4235 dignatur
3393 4182 3515 4223 (βεδε
3555 4166 3839 4237 possessio,
3878 4168 4072 4234 aliquid

2505 4256 2646 4310 aliud
2668 4256 2891 4326 quzcrit?
2914 4265 3005 4310 aut
3033 4255 3152 4324 quis
3180 4272 3284 4311 non
3321 4264 3346 4293 ν
3382 4270 3476 4325 pro
3518 4272 3698 4311 amore
3727 4256 3867 4311 illius
3896 4256 4073 4311 omnia

2504 4362 2622 4416 quze
2680 4354 2931 4416 putantur
2990 4360 3176 4415 magna
3232 4344 3570 4400 contemnit?
3627 4345 3762 4413 Ergo
3809 4344 3899 4412 qui
3963 4346 4075 4400 vult

2506 4442 2672 4496 Deum
2717 4438 3014 4508 possidere,
3062 4438 3334 4493 renuntiet
3376 4436 3591 4501 mundo,
3638 4446 3695 4489 ut
3722 4437 3793 4490 sit
3831 4436 3904 4489 illi
3933 4435 4076 4490 Deus

2504 4531 2657 4587 beata
2690 4531 2981 4600 possessio.
3018 4529 3127 4585 Nec
3159 4528 3429 4583 renuntiat
3462 4528 3659 4585 mundo
3695 4526 3740 4581 is
3776 4540 3935 4595 quem
3971 4536 4075 4581 ter-

2429 4681 2683 4755 D'm'anu.
2710 4689 2974 4758 possideri.

2575 4769 2615 4799 ⁸³³
2647 4757 2743 4814 MS.
2774 4775 2930 4823 unus,
2952 4774 3061 4810 non
3092 4757 3323 4809 delectat.

2570 4838 2597 4865 "
2626 4829 2750 4884 Mss.
2779 4838 3005 4893 septem,
3037 4826 3274 4894 efﬁcitur.

2572 4906 2597 4935 ο
2626 4899 2787 4954 Abest
2816 4900 2927 4962 eius
2947 4912 2977 4951 a
3007 4911 3136 4951 mss.
3157 4910 3274 4950 sea.
3300 4894 3446 4950 Unus
3470 4908 3619 4958 vero,
3644 4894 3751 4962 ipsa
3772 4906 3877 4946 esse
3896 4896 4068 4965 digna,

2500 4984 2589 5022 nec
2610 4984 2714 5021 esse
2742 4967 3014 5020 Divinitns.

2571 5048 2597 5087 ιτ
2620 5038 2690 5091 lta
2720 5038 2848 5091 edit.
2877 5039 2890 5088 Ι
2918 5036 3040 5102 ugd.
3071 5050 3192 5103 cunt
3239 5047 3366 5087 mss.
3399 5030 3554 5103 Colit.
3594 5029 3761 5103 tribus
3797 5040 3851 5085 et
3899 5030 4068 5103 Regio

2500 5122 2629 5161 uno.
2658 5106 2851 5175 liegius
2874 5099 3029 5169 alter,
3054 5102 3381 5175 dedignatur,
3410 5102 3523 5155 sine
3547 5099 3797 5175 particula
3822 5099 4067 5170 tteganie.

2501 5179 2632 5255 A‘lia‘.
2660 5170 2944 5237 editiones,
2972 5190 3074 5227 non
3096 5170 3402 5244 dedignatur
3425 5186 3441 5236 ,'
3486 5170 3577 5225 sed
3615 5172 3789 5223 minus
3816 5186 3982 5239 recte,
4013 5188 4070 5227 nt

2497 5251 2724 5301 videtur.

2565 5325 2594 5365 ει
2626 5314 2791 5382 Alias,
2828 5310 3046 5367 Deinde.

2570 5392 2593 5421 τ
2622 5379 2750 5439 llas.
2778 5376 2931 5438 Colb.
2962 5382 3087 5447 duo,
3119 5381 3233 5452 quis
3254 5380 3298 5435 ei
3330 5376 3741 5452 sui/icium”.
3768 5378 3892 5452 quid
3918 5381 4068 5452 difﬂ-

2499 5454 2563 5507 rit
2582 5453 2682 5515 cui,
2718 5462 2821 5507 etc.
2856 5453 3010 5507 Alter
3039 5446 3187 5515 vero,
3215 5463 3302 5505 aut
3322 5446 3444 5519 quf'd
3464 5452 3508 5504 ei
3530 5446 3723 5517 deﬁcit,
3745 5446 3840 5503 sed
3871 5446 4028 5507 male.

2571 5529 2592 5559 '
2626 5522 2754 5577 Mss.
2784 5522 2891 5575 duo
2916 5521 3095 5587 Coll»,
3133 5520 3364 5574 Domine.

2571 5594 2590 5629 ί
2624 5592 2721 5647 ΜΒ.
2746 5591 2895 5647 Colb.
2927 5606 3083 5653 unus,
3111 5593 3173 5644 de
3199 5589 3321 5652 ﬁliis
3344 5590 3459 5644 Levi
3484 5605 3503 5644 .'
3527 5588 3646 5645 Non
3668 5606 3877 5642 αιιωιισ.

2565 5669 2593 5743 ¹ξ
2623 5663 2713 5742 Sic
2745 5676 2876 5743 tuss.
2913 5676 3118 5716 omnes.
3162 5660 3296 5716 Editi
3343 5676 3490 5729 vero,
3528 5671 3801 5715 mttttttttuo
3829 5673 4061 5731 superne

2496 5732 2801 5787 dulcoiinis.

2573 5811 2595 5840 '
2628 5802 2749 5857 Mss.
2784 5801 2914 5871 Reg.
2944 5801 3068 5868 duo,
3099 5818 3204 5869 pra‘
3234 5818 3426 5856 amore.
