4316 6444
351 477 445 523 Mil

350 594 492 634 reita:
545 574 901 646 possessionis
956 569 1128 625 adhuc
1186 567 1420 622 delectat
1471 562 1694 619 ambitio
1738 578 1752 618 :

350 666 586 738 quaudiu
624 679 721 719 sua
750 679 857 719 non
897 672 922 700 ι
947 658 1223 729 relinquit,
1259 657 1482 719 mundo,
1505 654 1662 724 cujus
1690 652 1828 707 bona
1856 665 1941 705 re-

350 761 507 823 tinet,
531 757 733 821 servit;
760 764 815 810 et
839 752 1023 821 utique
1064 768 1094 804 n
1122 767 1168 803 -n
1204 759 1380 818 potest
1408 750 1608 801 mundo
1635 744 1839 799 servire
1866 742 1940 795 si-

351 851 533 907 mulet
562 850 710 915 Deo;
739 863 804 903 ac
842 848 921 901 sic
965 857 1255 915 prepterea
1302 841 1473 896 voluit
1516 838 1659 893 Deus
1708 838 1941 891 cultores

350 954 475 994 suos
506 940 755 993 omnibus
776 940 1088 991 renuntiare
1117 943 1334 1004 propter
1363 945 1481 998 quae
1523 928 1764 999 diligitur
1788 942 1943 980 mun-

348 1031 475 1095 dus;
511 1038 568 1081 ut
596 1027 813 1081 exclusa
843 1026 1135 1095 cupiditate
1175 1021 1385 1087 mundi,
1414 1020 1595 1074 divina
1625 1022 1676 1072 in
1702 1018 1781 1073 eis
1805 1016 1943 1070 cari-

348 1126 429 1172 tas
455 1118 625 1185 possit
652 1115 837 1187 augeri
870 1116 955 1171 vel
1002 1116 1207 1185 perﬁci.
1239 1115 1303 1168 Et
1344 1113 1465 1167 ideo
1505 1110 1743 1166 decimas
1785 1119 1945 1175 atque

347 1207 611 1276 primitias
639 1205 874 1276 frugum,
899 1203 1256 1274 primogenita
1288 1210 1343 1256 et
1384 1201 1647 1255 sacriﬁcia
1688 1212 1786 1268 pro
1815 1213 1943 1267 pec-

344 1306 491 1367 cato,
509 1297 538 1337 δ
556 1299 639 1353 vel
656 1309 778 1351 vota
803 1311 923 1368 qute
946 1296 1049 1353 sibi
1078 1296 1218 1351 Deus
1237 1294 1398 1363 jussit
1421 1292 1627 1355 oﬂerri,
1645 1290 1943 1345 sacerdoti-

348 1391 448 1447 bus
476 1406 539 1447 ac
570 1391 828 1446 ministris
854 1390 1100 1445 distribui
1132 1388 1331 1443 debere
1362 1386 1669 1450 constituit;
1703 1394 1762 1437 ut
1783 1386 1947 1438 devo-

347 1482 555 1538 tissimo
586 1482 782 1552 populo
800 1482 921 1536 vitte
954 1483 1258 1537 necessaria
1286 1482 1649 1542 ministrante,
1671 1478 1768 1545 ipsi
1797 1490 1949 1529 crea-

348 1576 448 1629 tori
493 1590 555 1627 ac
593 1571 796 1643 pastori
844 1587 942 1625 suo
998 1572 1181 1626 liberis
1230 1570 1505 1625 mentibus
1550 1567 1944 1629 ministrarent,

343 1675 507 1735 atque
536 1665 587 1717 in
625 1673 646 1701 ο
680 1662 798 1732 ejus
819 1665 965 1718 cultu
994 1666 1110 1718 sine
1142 1662 1247 1715 ulla
1274 1660 1639 1715 stillicitttdine
1680 1658 1946 1725 corporali

344 1755 673 1825 proficerent
720 1768 737 1807 :
786 1769 854 1807 ne
902 1754 1129 1808 terrenis
1177 1750 1622 1819 occupationibus
1666 1748 1945 1816 implicati,

342 1847 526 1900 ofﬁcio
552 1858 651 1898 suo
678 1844 868 1913 dignas
896 1843 1155 1897 excubias
1177 1855 1397 1895 Strenue
1426 1856 1619 1895 curare
1667 1854 1775 1892 non
1825 1850 1947 1906 pos-

341 1946 489 1992 seut.

417 2032 476 2084 4.
508 2031 657 2085 Nunc
679 2038 881 2094 autem,
907 2025 1049 2097 quod
1075 2026 1360 2081 Christiani
1392 2024 1650 2094 temporis
1697 2024 1946 2078 sacerdo-

344 2129 431 2176 tes
459 2120 629 2190 magis
654 2120 920 2174 sustinent
951 2132 1111 2188 quam
1154 2127 1344 2171 curant
1373 2116 1745 2185 possessiones
1776 2116 1946 2169 eccle-

344 2225 465 2276 εκ,
504 2220 664 2265 etiam
706 2211 758 2263 in
793 2210 893 2263 hoc
942 2209 1051 2262 Deo
1081 2206 1105 2245 ἀ
1142 2210 1423 2262 serviunt:
1460 2207 1581 2275 quia
1612 2206 1660 2261 si
1704 2206 1795 2261 Dei
1825 2217 1949 2261 sunt

344 2317 410 2355 ea
440 2316 561 2371 qua:
601 2300 956 2356 ceiiferuutur
986 2299 1251 2365 eeclesim,
1286 2300 1379 2353 Dei
1410 2314 1546 2367 Opus
1588 2300 1696 2369 agit
1727 2300 1817 2368 qui
1862 2312 1949 2353 res

347 2394 461 2449 Deo
489 2402 833 2448 consecratas
858 2407 964 2446 non
995 2391 1222 2460 alicujus
1249 2392 1581 2459 cupiditatis,
1625 2391 1720 2446 sed
1753 2391 1952 2446 ﬁdelis-

344 2488 500 2541 sima:
526 2486 942 2556 dispensationis
970 2486 1270 2539 intentione
1303 2501 1409 2537 non
1442 2486 1665 2539 deserit.
1706 2486 1951 2553 Quapro-

348 2586 471 2647 pter
496 2577 892 2647 possessiones,
934 2591 1068 2646 quas
1112 2576 1324 2630 oblatas
1353 2590 1382 2628 a
1416 2577 1613 2646 populo
1642 2578 1956 2647 suscipiunt

347 2670 690 2735 sacerdotes,
726 2680 750 2707 ε
786 2685 892 2723 ηοη
918 2679 1043 2725 sunt
1071 2670 1211 2725 inter
1243 2685 1328 2724 res
1362 2670 1545 2723 mundi
1568 2668 1811 2738 deputari
1838 2684 1957 2726 cre-

348 2764 564 2828 dendaz,
597 2766 691 2819 sed
719 2765 831 2817 Dei.
863 2764 1127 2829 Quoniam
1170 2766 1213 2819 si
1256 2773 1457 2831 vestes,
1487 2778 1551 2817 ac
1579 2778 1733 2828 vasa,
1772 2774 1826 2817 et
1853 2778 1957 2817 ere-

349 2864 466 2909 tera
498 2872 617 2925 quze
674 2856 727 2909 in
762 2854 780 2892 ί
812 2857 981 2910 sacris
1016 2856 1132 2909 usui
1167 2855 1600 2909 ministrantibus
1626 2862 1800 2919 erant,
1834 2869 1958 2908 san-

353 2957 444 2999 cia
468 2945 825 3010 vocabantur,
858 2960 956 3000 nec
989 2947 1040 2999 in
1093 2960 1221 2998 usus
1264 2946 1528 2999 humanos
1563 2945 1807 3000 revocari
1844 2946 1956 3015 jam

350 3046 625 3105 poterant,
661 3037 858 3092 divinis
888 3038 1054 3093 semel
1106 3036 1421 3093 ministeriis
1452 3048 1790 3107 consecrata,
1824 3054 1959 3109 quo-

351 3131 515 3185 modo
545 3146 651 3185 non
682 3146 745 3184 ea
785 3145 905 3199 qua:
939 3128 1294 3184 conferuntur
1323 3130 1591 3199 ecclesiae,
1642 3143 1797 3183 sacra
1836 3144 1959 3183 cre-

347 3220 527 3276 denda
560 3230 707 3289 sunt,
740 3221 958 3289 quibus,
996 3236 1100 3274 nan
1132 3230 1190 3275 ut
1228 3221 1410 3274 saeculi
1441 3221 1621 3283 rebus,
1656 3219 1953 3285 luxuriose,

1386 458 1471 512 DE
1516 456 1670 510 VITA
1714 446 2295 509 CONTEMPLATIVA
2339 443 2468 498 LIB.
2513 442 2551 494 II

1815 559 1939 629 quia
1970 561 2019 619 Α
2048 556 2307 626 perfectio
2332 570 2344 619 ;
2372 563 2426 607 et
2454 562 2631 605 utrum
2654 560 2856 602 tantum
2890 545 3125 615 Corpori,
3156 558 3222 597 an
3247 551 3300 597 et
3333 544 3524 598 anim-1:
3553 546 3648 600 de-

3549 434 3651 486 £63

2048 648 2171 703 beat
2200 643 2508 701 necessaria
2536 640 2790 710 judicari.
2846 639 2903 695 Si
2944 638 3221 692 hominem
3271 644 3440 690 totum
3474 636 3646 691 virtus

2046 741 2162 796 haec
2188 756 2307 810 qute
2337 738 2660 793 abstinentia
2695 735 2911 790 nomina
2942 749 3022 798 ur,
3055 733 3290 801 perfecta
3322 730 3647 794 sanctiﬁcat,

2045 850 2153 889 non
2182 834 2358 889 solum
2403 830 2637 899 corpori,
2689 827 2783 883 sed
2832 837 2886 882 et
2936 825 3129 879 anima:
3178 822 3481 878 necessaria
3531 829 3646 884 est;

2044 925 2171 995 quia
2202 923 2378 977 omnis
2408 920 2569 975 homo
2594 936 2659 974 ex
2690 932 2917 987 corpore
2959 924 3173 971 constat
3203 924 3256 969 ct
3284 915 3483 968 anima.
3538 913 3647 969 Sed

2048 1017 2099 1070 in
2129 1017 2208 1071 eis
2238 1014 2352 1083 qui,
2379 1012 2611 1066 diversis
2635 1010 2779 1065 vitiis
2810 1008 3171 1078 subjacentos,
3200 1006 3401 1074 aliquid
3428 1006 3530 1061 sibi
3556 1020 3649 1059 eo-

2048 1124 2166 1163 rum
2198 1122 2318 1177 qute
2346 1107 2462 1161 usui
2494 1116 2680 1159 nostro
2727 1104 2739 1140 ί
2794 1117 3055 1158 concessa
3099 1111 3247 1169 sunt,
3295 1101 3644 1165 interdicunt,

2048 1198 2371 1253 abstinentia
2404 1197 2618 1267 quidem
2653 1194 2700 1260 i,
2728 1194 2822 1250 sed
2845 1194 3077 1249 carnalis
3106 1203 3162 1248 et
3193 1192 3505 1262 imperfecta
3525 1207 3646 1253 esse

2050 1292 2209 1347 debet
2246 1290 2507 1360 intelligi:
2542 1306 2603 1345 ea
2636 1297 2816 1343 autem
2862 1286 3157 1357 spiritualis
3204 1295 3364 1356 atque
3412 1283 3647 1355 perfecta

2049 1382 2320 1437 censenda
2351 1390 2451 1446 cst,
2474 1396 2595 1451 quae
2621 1380 2798 1435 abstin
2822 1389 2981 1433 ntem
3017 1387 3123 1432 tum
3148 1377 3216 1445 ab
3241 1376 3507 1431 illecebris
3531 1390 3648 1429 car-

2052 1474 2254 1528 nalium
2286 1473 2642 1542 voluptatum,
2676 1486 2836 1541 quam
2869 1487 2895 1523 a
2943 1471 3175 1537 peccatis
3222 1468 3475 1523 omnibus
3522 1467 3652 1521 facit

2051 1566 2313 1629 alienum;
2344 1565 2498 1634 cujus
2526 1579 2625 1619 uec
2649 1564 2887 1617 animum
2913 1560 3304 1617 desideriorum
3331 1559 3502 1613 morbi
3530 1573 3653 1613 cor-

2055 1666 2327 1725 rumpunt,
2363 1671 2462 1712 uec
2484 1655 2710 1725 imperio
2751 1654 2891 1726 gula:
2922 1653 3251 1709 dominantis
3283 1655 3525 1721 quaesita:
3552 1651 3647 1704 de-

2055 1751 2190 1804 liciae
2219 1752 2361 1805 vires
2387 1751 2628 1819 corporis
2661 1749 2935 1818 frangunt.
2973 1746 3209 1802 Proinde
3250 1746 3340 1801 ille
3370 1730 3649 1801 abstinetis

2058 1857 2186 1897 vere
2214 1841 2520 1897 credendus
2541 1848 2626 1896 est
2662 1842 2751 1909 qui
2795 1841 3046 1894 vitiorum
3087 1840 3326 1892 omnium
3360 1837 3495 1892 liber
3517 1835 3541 1874 κ
3576 1836 3656 1892 ef-

1978 1938 2017 1995 B
2049 1932 2218 1987 fectus
2261 1942 2377 2000 est,
2410 1948 2493 2000 ac,
2540 1932 2730 1999 recisis
2776 1929 2795 1969 ι
2840 1929 3217 1997 corporalibus
3261 1927 3653 1998 voluptatibus,

2052 2027 2314 2094 elaborat,
2347 2042 2453 2081 non
2480 2035 2540 2081 ut
2568 2026 3061 2095 concupiscentiam
3099 2040 3211 2079 sua:
3236 2026 3413 2079 carnis
3443 2032 3482 2059 ιη
3511 2038 3657 2077 t-xsa-

2052 2125 2167 2183 t;ct,
2202 2117 2295 2171 sed
2346 2129 2404 2171 ut
2454 2118 2735 2173 mortalem
2778 2119 2937 2172 \itam
2987 2116 3416 2171 necessariorum
3468 2130 3657 2184 perce-

2055 2211 2240 2279 ptione
2267 2220 2555 2267 sustentet.
2578 2212 2843 2281 Quoniam
2875 2211 3091 2281 quidem
3119 2209 3377 2280 quidquid
3401 2209 3521 2263 sine
3551 2224 3657 2277 quo

2055 2312 2231 2373 potest
2280 2306 2385 2361 vivi
2435 2306 2752 2375 percipitur,
2796 2321 2900 2359 non
2956 2304 3322 2360 sustentanda:
3364 2301 3521 2367 vitae,
3563 2304 3657 2358 sed

2055 2406 2082 2433 ιι
2116 2397 2362 2454 fovenda:
2388 2398 2619 2453 luxuriae
2656 2399 2835 2453 carnis
2868 2396 3223 2466 impenditur.
3414 2391 3416 2393 ’

2127 2490 2181 2541 9.
2214 2490 2338 2543 llree
2370 2497 2396 2526 °
2425 2488 2607 2558 itaque
2638 2490 2827 2553 virtus,
2861 2503 2981 2557 quae
3011 2488 3335 2541 abstinentia
3355 2504 3461 2542 non
3484 2489 3659 2543 solum

2058 2581 2411 2636 delicatorum
2444 2581 2713 2646 ciborum,
2748 2580 2841 2635 sed
2890 2582 3053 2635 etiam
3105 2580 3371 2634 malorum
3420 2582 3660 2634 omnium

2061 2684 2431 2743 nuncupatur,
2476 2688 2597 2728 cum
2642 2674 2897 2728 omnibus
2946 2674 3165 2727 Omnino
3212 2674 3519 2727 necessaria
3571 2674 3662 2737 sit,

2060 2772 2172 2819 tum
2209 2765 2442 2819 maxime
2480 2764 2584 2819 illis
2618 2763 2934 2819 familiarior
2975 2774 3135 2836 atque
3163 2765 3502 2832 conjunctinr
3543 2780 3663 2820 esse

2060 2854 2329 2910 credenda
2360 2864 2465 2921 est,
2495 2854 2865 2923 quibusjuxta
2892 2856 3019 2908 illud
3043 2854 3186 2925 quod
3212 2857 3262 2908 in
3290 2856 3511 2909 Actibus
3535 2872 3661 2923 apo.

2060 2945 2320 2999 stolorum
2351 2945 2449 3015 (tv,
2484 2944 2577 3014 52)
2604 2945 2813 3013 Ji-gitur
2857 2946 3075 3008 factum,
3129 2960 3295 2999 unum
3333 2959 3427 2998 cor
3466 2956 3571 3007 est,
3614 2956 3665 3001 et

2061 3038 2237 3091 anima
2273 3053 2397 3102 una,
2427 3035 2625 3091 divina:
2654 3040 2893 3091 cantatis
2926 3040 3047 3108 igne
3071 3039 3301 3093 conﬂata
3324 3081 3338 3103 ,
3389 3052 3441 3095 et
3471 3041 3666 3111 quibus

2060 3128 2163 3183 sub
2220 3128 2383 3183 unius
2434 3128 2776 3183 ordinatione
2828 3130 3133 3186 viventibus
3187 3132 3367 3186 omnia
3423 3134 3663 3185 animum

2062 3222 2368 3276 communia
2400 3221 2534 3275 fiunt
2566 3239 2578 3274 :
2611 3223 2658 3276 si
2691 3232 2870 3278 tamen
2902 3224 2974 3278 ita
3000 3223 3077 3279 eis
3110 3235 3137 3273 r
3168 3241 3274 3280 una
3303 3226 3361 3279 fit
3388 3228 3521 3294 vita,
3554 3229 3662 3280 sic-

347 3312 448 3366 sed
475 3322 685 3377 sancte,
710 3321 768 3365 ut
791 3310 898 3364 Deo
926 3312 1280 3376 consecratis,
1305 3320 1528 3365 utuntur
1557 3312 1623 3364 ad
1650 3313 1953 3367 necessaria
1984 3300 2031 3363 C
2064 3324 2120 3366 ut
2158 3311 2215 3365 ﬁt
2263 3328 2365 3365 una
2394 3314 2725 3377 substantia;
2772 3324 2825 3369 et
2859 3316 3001 3369 nulla
3041 3318 3113 3370 sit
3158 3318 3211 3371 in
3262 3318 3341 3372 cis
3384 3318 3669 3373 diversitas

347 3403 670 3459 sacerdotes
722 3421 734 3456 ε
794 3411 853 3457 ut
903 3402 1009 3458 illis
1055 3403 1305 3457 omnibus
1362 3404 1452 3471 qui
1501 3417 1561 3457 se
1612 3402 1960 3473 perfectionis

348 3510 540 3549 amore
563 3496 665 3549 sub
693 3510 800 3548 uno
829 3495 1185 3559 constituunt,
1209 3503 1265 3549 et
1284 3510 1381 3548 sua
1402 3496 1503 3548 sibi
1529 3512 1633 3548 non
1658 3496 1955 3559 vindicant,

348 3587 640 3643 ecclesiam
664 3587 947 3642 facultates
973 3590 1038 3640 ad
1064 3586 1167 3641 hoc
1188 3588 1360 3656 ipsum
1385 3586 1628 3641 collectas
1656 3586 1956 3651 sulﬁciant;

350 3689 407 3733 et
453 3677 717 3748 quidquid
766 3676 1017 3731 omnibus
1060 3676 1507 3746 occupationibus
1531 3678 1762 3732 absoluti
1792 3678 1958 3746 proﬁ-

351 3768 524 3834 ciunt,
560 3768 763 3822 fruetus
795 3768 958 3832 illius,
1007 3769 1095 3837 qui
1124 3782 1261 3821 unus
1311 3782 1407 3835 pro
1443 3769 1625 3823 multis
1666 3778 1958 3837 occupatus

349 3870 463 3925 est,
500 3860 627 3923 ﬁat;
660 3870 823 3927 atque
864 3860 935 3913 ita
980 3859 1102 3926 ille,
1146 3862 1235 3930 qui
1288 3861 1671 3915 sollicitudines
1717 3861 1957 3915 omnium

349 3948 457 4005 sub
480 3963 541 4004 sc
567 3945 596 3985 ³³
631 3948 922 4003 viventium
951 3958 1147 4018 portat,
1180 3951 1231 4001 in
1260 3951 1675 4019 congregatione
1705 3964 1801 4004 sua
1834 3966 1956 4019 pro-

359 4040 583 4094 liciente
623 4040 865 4108 proﬁciat
911 4050 1005 4094 :ut
1028 4040 1166 4093 sicut
1208 4040 1347 4095 illius
1388 4041 1672 4110 occupatio
1716 4041 1955 4096 omnium

349 4144 574 4186 suorum
608 4130 745 4186 facta
771 4143 855 4187 est
884 4132 1157 4186 fructuosa
1186 4134 1395 4187 vacatio
1420 4175 1433 4198 ,
1480 4136 1551 4188 ita
1588 4136 1829 4189 omnium
1875 4136 1956 4189 di-

348 4222 685 4291 scipulorum
711 4221 968 4293 perfectio
999 4223 1235 4293 gloriosa
1286 4226 1525 4295 magistri
1561 4227 1731 4280 honor
1754 4226 1956 4283 habea-

352 4320 441 4367 tur
467 4323 522 4367 et
545 4313 737 4383 gloria.

928 4402 1155 4457 CAI’UT
1216 4404 1376 4458 XVII.

356 4516 509 4583 Quod
539 4516 668 4589 nihil
716 4518 985 4585 proficiant
1030 4521 1147 4585 qui,
1199 4521 1505 4575 abstinentes
1548 4539 1581 4575 α
1624 4524 1769 4589 cibis,
1821 4527 1954 4579 uitiis

424 4587 685 4664 seruiunt,-
711 4604 800 4664 nce
827 4592 986 4656 prosit
1018 4589 1124 4643 illis
1154 4596 1423 4658 facultates
1451 4594 1692 4663 (injicere,
1717 4587 1805 4664 qui
1830 4614 1949 4648 suas

423 4658 623 4725 faciunt
658 4660 963 4713 voluntates.

428 4771 479 4821 t.
514 4770 645 4823 Item
669 4770 958 4839 qumsistis,
1008 4786 1126 4841 qurc
1172 4774 1241 4826 sit
1294 4776 1633 4830 abstinentia:
1681 4781 1949 4834 credenda

427 4953 454 4981 ⁸
476 4943 583 4998 Hs.
615 4942 826 5011 Camb,
892 4948 987 4999 rcli
1001 4948 1115 5011 mit.

426 5013 455 5051 δ
482 5015 580 5067 Ms.
610 5014 720 5084 Reg
771 5032 925 5079 unus,
958 5020 1034 5070 uel
1064 5029 1197 5071 voto.

428 5093 452 5121 ε
476 5084 573 5137 Ms.
602 5085 757 5139 Cotb.
800 5102 955 5150 unus,
991 5090 1044 5141 in
1073 5106 1133 5142 co
1160 5092 1321 5142 cultu.

423 5153 451 5190 ιι
480 5155 610 5225 Mss.
636 5158 892 5225 quinque,
926 5158 1233 5213 deserviunt.

352 5233 453 5349 “de
644 5224 852 5292 omnes,
876 5244 977 5281 non
1012 5241 1135 5283 sunt
1156 5233 1271 5298 jam
1316 5247 1397 5286 res
1436 5235 1617 5287 mundi
1660 5238 1947 5302 credandw,

515 5312 584 5348 et.

515 5312 584 5348 ει.

433 5364 453 5402 τ
468 5367 773 5443 _Mss._tre_s,
800 5367 852 5419 in
874 5383 1018 5423 sxcro
1047 5385 1143 5423 usu
1183 5370 1611 5430 ministrantibus.
1651 5377 1748 5430 Ms.
1784 5394 1943 5443 unus,

355 5436 829 5490 ministrationtbus.

425 5515 450 5553 κ
483 5508 904 5585 Mstquiuque,
929 5509 1148 5577 facultas
1169 5514 1398 5567 ecclesia:
1428 5517 1497 5569 ad
1524 5516 1619 5569 hoc
1645 5516 1812 5585 ipsum
1836 5522 1921 5573 col-

356 5578 481 5646 lecta
507 5578 753 5646 sufﬁrrat.

429 5645 452 5680 δ
478 5645 717 5701 Sicniss.
744 5662 952 5702 omnes.
987 5653 1053 5703 At
1078 5651 1229 5717 editi,
1259 5656 1608 5709 servientium.

436 5727 451 5753 ι
488 5718 769 5788 Itaomucs
792 5734 921 5772 mss.
950 5720 1016 5772 At
1046 5735 1171 5775 vero
1194 5724 1343 5788 editi,
1374 5730 1659 5782 necessaria
1687 5738 1828 5785 sunt.

434 5796 450 5859 t
485 5786 580 5859 iis.
606 5786 820 5850 Camb.,
850 5790 1054 5857 quidem
1076 5802 1171 5851 cst,
1194 5795 1304 5859 sed,
1331 5786 1436 5851 etc.

433 5855 452 5893 δι
483 5856 608 5913 Mss.
639 5870 767 5922 tres,
795 5855 1024 5924 effertus,
1050 5863 1240 5919 recisis.

2063 3406 2389 3469 animorum,
2422 3405 2619 3475 quibus
2657 3416 2741 3459 est
2788 3408 3101 3462 communio
3146 3406 3460 3464 facultatum
3496 3427 3510 3463 :
3543 3412 3668 3481 quia

2062 3508 2115 3550 ut
2142 3496 2293 3552 fieret
2320 3508 2375 3551 et
2400 3499 2870 3553 essetanimurum
2899 3509 3084 3554 sancta
3117 3500 3448 3570 conjunctio,
3482 3519 3669 3559 neces-

2060 3587 2201 3642 saria
2225 3599 2308 3642 est
2339 3587 2702 3642 sfacultatum
2743 3590 2979 3657 jutlicata
3018 3593 3347 3648 communio.
3395 3592 3667 3650 Caeterum

2061 3679 2195 3747 quid
2225 3680 2305 3735 eis
2335 3679 2553 3749 prodest
2575 3680 2715 3750 quod
2744 3681 3025 3737 facultates
3052 3698 3178 3738 suas
3215 3684 3496 3758 abjiciunt,
3530 3697 3551 3727 ι
3579 3690 3669 3757 qni

2062 3772 2365 3825 voluntates
2389 3772 2629 3841 proprias
2655 3788 2758 3825 non
2783 3774 3113 3843 relinquunt,
3142 3790 3264 3830 cum
3283 3776 3519 3847 sitionge
3536 3796 3670 3847 prm-

2061 3864 2290 3917 stantius
2318 3863 2686 3918 voluntatibus
2711 3866 2943 3933 propriis
2972 3866 3358 3923 abrenuntiare
3389 3884 3549 3939 quam
3583 3887 3668 3924 re-

2061 3954 2200 4007 bus?
2234 3954 2339 4007 Res
2362 3955 2677 4007 saasetiam
2710 3956 2895 4011 mundi
2920 3963 2941 3990 ³
2987 3958 3145 4025 hujus
3196 3958 3503 4028 philosophi
3533 3962 3670 4029 abji-

2061 4062 2187 4102 cere
2217 4056 2609 4116 potuerunt,et
2651 4064 2793 4103 nunc
2846 4050 3070 4117 quilibet
3123 4051 3359 4107 hmretici
3408 4066 3666 4122 possunt;

2060 4137 2154 4191 sed
2201 4152 2300 4191 nec
2329 4138 2425 4202 illi,
2454 4152 2577 4192 cum
2608 4155 2722 4192 sua:
2760 4141 2787 4174 ι
2811 4142 3109 4195 voluntatis
3140 4141 3335 4196 ﬁerent
3370 4156 3663 4209 amatores,

2060 4229 2357 4284 secundum
2387 4232 2719 4285 voluntatem
2750 4231 2843 4285 Dei
2875 4236 3159 4297 vixerunt;
3182 4246 3235 4290 et
3263 4236 3349 4289 isti
3383 4239 3668 4293 dominica:

2062 4320 2321 4374 volunt-ti
2363 4338 2475 4374 suae
2526 4324 2817 4376 voluntatis
2870 4325 3050 4379 studio
3108 4330 3503 4389 contradicunt.
3550 4332 3668 4385 Non

2058 4428 2187 4480 ergo
2217 4426 2278 4463 ea
2314 4428 2399 4465 res
2430 4428 2530 4466 nos
2561 4413 2672 4467 Deo
2701 4416 3049 4471 commendat
3070 4432 3229 4486 quam
3268 4430 3322 4473 ct
3344 4421 3544 4475 inimici
3573 4423 3668 4476 υιιί

2061 4504 2294 4569 faciunt;
2328 4504 2423 4557 sed
2450 4513 2474 4539 υ
2505 4504 2633 4559 illud
2664 4506 2806 4576 quod
2837 4524 2942 4561 non
2976 4509 3077 4564 nisi
3111 4527 3238 4566 vere
3262 4511 3577 4586 Christiani,
3612 4531 3668 4573 et

2062 4609 2157 4663 per
2182 4595 2280 4647 hnc
2303 4606 2571 4651 amatores
2594 4597 2686 4651 Dei
2720 4597 3024 4665 perﬁciunt.
3056 4602 3121 4655 Ili
3152 4607 3411 4675 suntqui,
3430 4617 3453 4645 ν
3478 4608 3667 4662 velun-

1985 4671 2034 4729 D
2064 4695 2259 4749 tatibus
2280 4695 2392 4749 SHIS
2415 4698 2680 4763 rebusque
2709 4698 2980 4764 projectis,
3009 4713 3107 4751 suo
3128 4714 3187 4754 se
3200 4700 3438 4757 Creatori
3461 4719 3524 4756 ex
3551 4714 3665 4758 toto

2061 4786 2225 4838 corde
2248 4787 2559 4854 subjiciunt,
2579 4804 2642 4839 ac
2663 4803 2817 4841 suum
2843 4790 2983 4842 velle
3009 4803 3071 4844 ex
3100 4790 3217 4858 ejus
3241 4794 3520 4848 voluntate
3545 4810 3663 4851 sus-

2141 4957 2157 4996 ι
2193 4959 2360 5026 Editi,
2391 4964 2764 5028 corporalibus.

2130 5040 2168 5066 η’
2199 5033 2296 5088 Ms.
2326 5048 2483 5099 unus,
2515 5037 2737 5088 exacuit.

2132 5108 2159 5136 "
2184 5101 2281 5158 bis.
2316 5104 2525 5168 (lamin,
2560 5108 2838 5161 movendus.

2132 5180 2158 5207 °
2190 5175 2318 5246 Mss.
2348 5178 2605 5245 quinque,
2635 5193 2877 5246 namque.

2086 5252 2161 5367 ab?
2179 5244 2315 5365 ‘Mss.
2341 5244 2594 5314 quatuor,
2624 5264 2727 5300 una
2758 5244 2823 5301 sit
2860 5251 2982 5304 vita.
3014 5251 3111 5309 ιιι.
3145 5267 3305 5321 unus,
3334 5257 3463 5309 sicut
3486 5268 3532 5309 ct
3560 5272 3662 5311 una

2151 5328 2175 5366 8
2200 5330 2268 5367 an
2293 5332 2361 5367 ια.

2058 5324 2361 5369 substantia.

2126 5394 2154 5467 εξ
2310 5385 2462 5467 Colb.
2482 5402 2655 5467 tinus,
2681 5390 2866 5467 [itaita-8
2888 5394 3237 5449 communium
3260 5396 3587 5467 facultatum.

2129 5463 2153 5491 ι’
2185 5456 2313 5527 Mss.
2342 5457 2449 5510 duo
2481 5457 2636 5527 lit-g.,
2672 5460 2732 5514 Si
2758 5461 3068 5520 volantum.

2127 5532 2149 5596 ξ
2186 5526 2349 5589 Editi,
2380 5527 2566 5596 quivis.

2131 5595 2149 5630 ι
2185 5596 2258 5649 lta
2292 5595 2750 5672 niss._Reg.iluo,
2780 5600 2934 5658 Colb.
2968 5618 3108 5661 unus
3134 5614 3191 5663 et
3217 5608 3309 5665 alii
3354 5625 3482 5672 mss.
3515 5610 3659 5666 Editi

2057 5682 2136 5723 ve.
2152 5683 2207 5729 ο,
2232 5682 2338 5721 suta
2361 5669 2638 5736 voluptatis
2662 5672 2877 5741 fuerint.

2127 5744 2155 5772 ιι
2189 5737 2283 5792 Ms.
2318 5737 2449 5796 Rea.
2484 5755 2645 5796 unus.
2674 5746 2762 5796 sed
2794 5745 2883 5796 illa
2907 5759 3009 5796 ana

2129 5753 2155 5772 ιι
2189 5753 2283 5792 ωε.
2320 5753 2449 5808 tteg.
2484 5755 2645 5806 unus,
2674 5753 2762 5797 sed
2794 5753 2883 5796 ttta
2907 5759 3081 5812 qnam.

2128 5817 2155 5843 ν
2183 5808 2307 5863 Mss.
2354 5810 2459 5866 duo
2490 5810 2669 5882 Colb.,
2703 5814 3060 5884 voluptatibus.
