4316 6444
901 445 1003 497 Ui?»

2242 432 2503 492 JULIANI
2543 426 2818 486 POMERII

4075 431 4175 488 ιιῑι

901 557 1170 628 pendunt;
1201 565 1252 610 et
1284 553 1403 609 ideo
1437 550 1689 622 quidquid
1715 547 1791 602 cis
1816 560 2006 601 sensus
2032 546 2209 600 carnis
2253 558 2481 614 sequen—
2511 543 2560 602 Λ
2588 537 2633 592 0
2658 544 2912 607 quantum
2943 533 3248 590 securitatis
3273 533 3472 628 habent
3502 534 3588 605 qni
3613 535 3712 591 sibi
3742 537 3880 594 bene
3904 548 4029 594 sunt
4049 553 4172 595 con-

903 653 1028 701 tttntt
1062 645 1469 715 faciendumque
1497 651 1522 680 ⁸
1550 639 1897 710 suggcs'serit,
1944 637 2165 707 justitia:
2200 634 2344 705 capti
2383 634 2482 690 de-

898 737 1195 795 lectatione
1222 739 1587 812 contemnunt.

942 841 944 843 '
1474 818 1698 878 CAPUT
1734 818 1918 876 XVIII.

911 921 1116 984 Quanta
1149 918 1279 970 bona
1313 915 1510 984 primus
1547 913 1697 966 homo
1748 912 2067 984 abstinentite
2104 911 2289 967 bonum
2328 909 2489 981 negli-

1466 984 1632 1057 genda
1668 983 1964 1055 perdiderit.

985 1103 1220 1172 LJQuod
1252 1102 1298 1156 si
1321 1101 1525 1171 primus
1552 1101 1716 1155 homo
1743 1099 1996 1154 voluisset
2022 1097 2050 1138 ι’
2081 1113 2141 1154 se
2182 1099 2234 1152 in
2263 1095 2352 1151 illa
2394 1109 2489 1165 pa-

910 1179 1073 1249 radisi
1099 1194 1426 1249 beatitudine
1455 1192 1747 1255 custodite,
1782 1198 1840 1244 ut
1873 1204 1904 1242 a
1939 1189 2108 1243 fructu
2138 1187 2293 1241 unius
2323 1187 2490 1240 inter-

908 1286 1064 1339 dicta:
1117 1283 1325 1339 arboris
1363 1282 1690 1352 jejunasset;
1743 1294 1842 1335 nec
1885 1289 2082 1335 statum
2129 1277 2273 1333 illum
2326 1283 2486 1332 tantm

911 1376 1186 1432 felicitatis
1233 1383 1532 1443 amitteret,
1584 1387 1681 1428 nec
1728 1385 1852 1427 eum
1897 1370 2194 1426 voluntaria
2237 1367 2489 1422 salutaris

913 1469 1167 1538 ιιτωςεριὶ
1195 1465 1546 1535 transgressio
1565 1462 1871 1518 necessitati
1894 1461 2250 1532 corruptionis
2263 1473 2326 1515 ac
2347 1475 2493 1516 mor-

914 1560 1129 1614 talitatis
1156 1556 1472 1612 addiceret:
1506 1563 1565 1609 ut
1608 1564 1751 1608 tanta
1784 1553 2045 1608 beneficia
2091 1553 2181 1608 Dei
2226 1551 2329 1619 sui,
2374 1565 2496 1622 qute

912 1653 965 1706 in
998 1661 1183 1704 natura
1206 1663 1318 1702 sua:
1337 1646 1660 1702 conditionis
1686 1654 1989 1715 acceperat,
2016 1653 2106 1699 aut
2127 1651 2497 1712 corrumperet

913 1750 1132 1809 peccato
1152 1748 1457 1808 corruptus,
1488 1745 1579 1792 aut
1602 1735 1870 1806 perderet.
1897 1736 2028 1803 Quis
2048 1736 2194 1790 enim
2225 1733 2497 1788 sufficien-

912 1845 994 1887 tcr
1030 1829 1310 1886 enunieret
1339 1844 1457 1898 qure
1492 1837 1548 1884 et
1581 1837 1779 1897 quanta
1813 1825 1950 1881 bona
1985 1835 2007 1865 ο
2041 1825 2115 1880 illi
2158 1823 2498 1878 abstinentize

2590 629 2685 682 scii
2705 627 2716 680 ι
2738 638 2792 683 et
2809 634 3062 695 quantum
3087 626 3426 695 perturbatos
3452 627 3698 682 humiliat
3726 631 4065 699 perpetratio.
4081 648 4176 702 pu.

2591 721 2764 778 denda
2797 720 3024 792 peccati,
3055 719 3197 774 sicut
3229 720 3317 774 isti
3341 723 3430 788 qui
3465 734 3525 776 se
3561 721 3956 780 absconderant
3981 739 4011 780 a
4042 723 4175 784 facie

2593 811 2840 876 Domini,
2864 811 2930 866 de
2955 824 3046 864 sua
3077 809 3430 880 turpitudine,
3464 809 3491 850 ιι
3523 826 3630 868 non
3671 812 3739 869 de
3776 813 4024 872 nuditate
4050 832 4177 873 con-

2595 902 2728 958 fusi!
2758 903 2848 973 qui
2877 915 2981 956 non
3031 901 3154 956 ideo
3201 899 3615 972 erubescebant,
3665 903 3789 976 quia
3831 915 3980 963 veste
4028 918 4180 964 erant

2598 985 2934 1064 extrinsecus
2969 990 3117 1058 nudi,
3156 990 3251 1046 scd
3280 988 3450 1060 quia1
3482 992 3809 1051 intrinsecus
3849 998 4182 1066 protectione

2604 1085 2780 1142 divina
2810 1085 3012 1140 nudati.
3047 1084 3286 1154 Denique
3309 1091 3364 1138 et
3391 1094 3516 1141 ante
3545 1096 3822 1156 peccatum
3852 1089 3981 1145 nudi
4004 1104 4179 1157 erant.

2596 1187 2652 1234 et
2681 1193 2786 1231 non
2810 1176 3221 1244 erubescebant,
3269 1177 3393 1247 quia
3439 1176 3568 1232 nihil
3621 1187 3807 1234 contra
3853 1179 4182 1239 voluntatem

2599 1267 2692 1323 Dei
2720 1267 2863 1322 unde
2889 1266 3352 1322 confunderentur
3379 1266 3731 1324 admiserant.

3180 1377 3411 1434 CAPUT
3456 1378 3597 1434 XIX.

2600 1467 2677 1524 De
2696 1478 2902 1540 peccato
2931 1469 3086 1550 primi
3124 1468 3370 1550 nominis,
3388 1480 3437 1524 et
3463 1473 3528 1526 de
3553 1474 3709 1528 matis
3743 1491 3860 1545 qua:
3895 1474 4046 1531 illuni
4069 1493 4186 1548 prc-

2886 1543 3105 1606 cmtem,
3131 1540 3235 1594 Dco
3247 1541 3541 1612 judieante.
3567 1553 3742 1597 secuta
3755 1540 3900 1600 sunt.

2674 1633 2722 1686 1.
2751 1631 2855 1687 Sed
2888 1632 3000 1701 jam
3035 1632 3329 1700 videamus,
3361 1634 3405 1688 si
3439 1634 3633 1703 placet,
3665 1637 3897 1706 qualiter
3917 1639 3992 1694 illi
4015 1639 4191 1695 homi-

2601 1737 2696 1777 nes
2723 1725 2877 1789 primi
2906 1723 3278 1778 commiserint
3325 1733 3431 1777 tam
3467 1725 3671 1794 grande
3702 1735 4007 1795 peccatum,
4043 1730 4190 1800 quod

2603 1824 2658 1868 et
2689 1814 2834 1882 ipsos
2859 1813 2928 1868 tle
2949 1812 3203 1882 paradiso
3233 1813 3460 1883 projccit
3491 1816 3544 1869 itt
3576 1814 3678 1871 hoc
3705 1818 3827 1872 vita:
3850 1818 4076 1889 ptenalis
4098 1835 4193 1876 ex-

895 1931 1254 1993 eontemptus
1297 1918 1596 1976 ademerit?
1619 1919 1645 1956 ά
1687 1917 1831 1988 quod
1884 1915 2259 1972 intellectualis
2297 1911 2492 1968 mentis
2527 1910 2570 1970 Β
2597 1905 2790 1972 silium,
2821 1913 2875 1961 et
2924 1906 2977 1961 in
3038 1906 3120 1961 eis
3150 1907 3494 1977 originaliter
3525 1919 3693 1963 totum
3721 1910 3995 1968 damnavit
4022 1929 4195 1983 genus

913 2014 1174 2085 dignitate
1211 2013 1460 2082 donatus,
1489 2011 1772 2082 imaginem
1811 2009 1893 2064 sui
1931 2005 2204 2063 Creatoris
2245 2005 2491 2076 accepit:

913 2106 1054 2175 quod
1083 2105 1183 2185 soli
1213 2104 1323 2158 Deo
1347 2117 1446 2157 suo
1472 2100 1763 2169 subjectus,
1790 2100 1971 2153 omnia
1993 2096 2218 2152 visibilis
2245 2095 2342 2150 sibi
2364 2095 2494 2150 sub-

910 2201 1050 2266 jecla
1082 2195 1390 2263 conspexit;
1422 2192 1563 2264 quod
1591 2191 1643 2247 ei
1669 2191 1734 2245 ad
1776 2188 1990 2244 vivendi
2019 2202 2148 2243 usus
2190 2187 2394 2242 affatim
2427 2186 2492 2241 li-

913 2300 1142 2356 gnorum
1177 2286 1418 2340 omnium
1447 2297 1568 2354 quae
1595 2291 1748 2339 erant
1777 2282 1829 2336 in
1861 2280 2112 2350 paradiso
2140 2276 2294 2350 (Gen.
2321 2293 2381 2343 ιι,
2410 2277 2492 2349 9),
2543 2355 2546 2358 ἢ

913 2379 1161 2434 t'eracitas
1188 2375 1367 2431 d.vins
1387 2374 1632 2445 iussione
1678 2372 1945 2439 servivit;
1975 2371 2120 2442 quod
2168 2371 2332 2426 arbor
2371 2371 2494 2426 vitae

915 2473 1197 2545 my~ticunt
1228 2469 1405 2524 cibum
1437 2481 1544 2523 non
1584 2466 1725 2521 unde
1755 2465 1985 2533 viveret,
2025 2463 2122 2520 sed
2163 2464 2302 2519 unde
2330 2465 2494 2518 vitam

914 2564 1161 2635 corporis
1188 2577 1292 2618 non
1315 2561 1516 2626 finiret,
1548 2560 1632 2614 sui
1661 2558 1933 2614 Creatoris
1963 2571 2189 2612 munere
2228 2557 2497 2612 ministra-

917 2660 1026 2723 vit;
1055 2659 1142 2728 qui
1167 2658 1318 2711 cibus
1340 2655 1572 2725 quandiu
1606 2654 1990 2723 perciperetur,
2020 2651 2092 2705 ita
2117 2650 2496 2720 percipientcm

884 2765 975 2805 ~se
1001 2749 1053 2804 itt
1081 2763 1187 2802 uno
1217 2755 1379 2811 statu,
1410 2743 1731 2800 sacramenti
1775 2743 2054 2812 cujusdam
2102 2741 2318 2796 latentis
2365 2740 2495 2810 figu-

913 2850 1027 2897 rata
1054 2838 1466 2909 significatione,
1508 2843 1783 2898 servaret;
1826 2845 1881 2887 tit
1910 2847 2032 2887 eum
2065 2846 2166 2887 nec
2192 2831 2297 2886 ulla
2342 2829 2495 2885 iniic-

913 2934 1100 2988 ntitate
1129 2926 1419 2998 corrumpi,
1453 2941 1553 2982 nec
1578 2934 1735 2980 astate
1765 2925 1956 2978 mutari
1986 2932 2042 2978 et
2067 2936 2372 2987 senescere,
2398 2935 2497 2977 nec

913 3025 1140 3080 dissolvi
1171 3031 1350 3080 m0rte
1381 3019 1730 3091 permitteret.
1762 3017 1880 3072 Non
1909 3017 2241 3086 inquietabat
2273 3018 2498 3072 molesta

915 3114 1226 3172 sollicitudo
1249 3114 1513 3183 quietum,
1545 3125 1652 3164 non
1685 3107 1940 3178 fatigabat
1970 3108 2121 3163 labor
2149 3109 2340 3163 anxius
2362 3108 2501 3164 otio-

914 3225 1054 3276 sum,
1082 3223 1188 3261 non
1215 3219 1437 3261 somnus
1457 3201 1793 3273 opprimebat
1813 3198 2059 3267 invitum,
2094 3213 2200 3254 non
2243 3200 2500 3254 amitten-

2602 1997 2911 2051 humannm.
2948 1997 3012 2051 Et
3043 1996 3407 2066 mihiquidem
3441 1998 3652 2055 videtur
3675 2001 3817 2071 quod
3841 2018 3947 2058 non
3968 2004 4195 2061 ederent

2598 2091 2664 2143 de
2677 2089 2819 2158 ligno
2831 2088 3036 2158 prohibt
3047 2099 3120 2152 to,
3136 2088 3238 2145 nisi
3251 2089 3688 2158 concupiscerent
3707 2106 3723 2155 ;
3737 2107 3835 2146 nec
3847 2094 4197 2164 concupisce-

2598 2189 2738 2243 rent,
2763 2180 2864 2233 nisi
2898 2179 3121 2244 tentati;
3162 2194 3264 2234 nec
3297 2189 3653 2244 tentarentur,
3686 2181 3795 2236 nisi
3823 2183 4060 2251 deserti;
4095 2200 4197 2243 nec

2597 2270 2980 2327 desererentur
2999 2286 3030 2326 s
3055 2271 3187 2336 Deo,
3212 2271 3313 2326 nisi
3342 2273 3442 2341 ipsi
3472 2274 3620 2342 prius
3641 2274 3956 2332 desererent
3976 2277 4181 2343 Deum;

2607 2376 2707 2419 nec
2735 2361 3052 2418 desererent
3080 2363 3270 2428 Deum,
3304 2364 3406 2417 nisi
3433 2363 3798 2433 superbirent,
3844 2375 3901 2424 et
3949 2369 4198 2425 similitu-

2598 2454 2776 2512 dinem
2807 2455 2901 2512 Dei
2927 2463 2966 2494 ω
2988 2455 3366 2511 dsmnabiliter
3392 2458 3722 2527 oppetissent
3754 2474 3768 2512 :
3799 2459 3865 2514 ad
3888 2475 4046 2530 quam
4071 2476 4197 2532 per-

2599 2547 2806 2602 venturi
2832 2555 3034 2618 essent,
3065 2549 3183 2603 sine
3223 2548 3468 2617 corporis
3489 2557 3688 2615 morte,
3716 2549 3763 2604 si
3785 2558 3813 2588 ο
3837 2549 3940 2606 sub
3960 2551 4072 2606 Deo
4095 2566 4199 2608 suo

2601 2641 2860 2706 viventes,
2896 2649 3224 2710 princepth
3254 2640 3396 2710 quod
3431 2650 3750 2709 acceperant
3793 2641 4194 2708 custodissent;

2602 2744 2661 2789 ut
2706 2734 2798 2803 qui
2855 2749 3012 2803 posse
3059 2749 3165 2789 non
3210 2734 3344 2789 mori
3395 2742 3716 2804 acceperant
3760 2733 3814 2788 in
3846 2741 4054 2798 natura.
4088 2749 4197 2790 non

2601 2840 2761 2895 posse
2788 2819 2922 2880 mori
2945 2834 3409 2894 consequerentur
3435 2824 3490 2879 in
3518 2824 3716 2895 gloria;
3743 2835 3798 2881 et
3825 2825 3897 2881 ibi
3922 2830 4198 2895 accepturi

2599 2922 2786 2972 essent
2817 2914 3095 2986 praemium
3130 2929 3235 2969 non
3283 2928 3444 2983 posse
3492 2929 3737 2984 peccare,
3786 2915 3831 2970 si
3873 2911 3962 2970 hic
4005 2929 4195 2972 eorum

2602 3006 2853 3063 meritum
2882 3005 3072 3061 fuisset
3101 3020 3324 3075 peccare
3351 3005 3612 3061 uoluisse.
3641 3005 3758 3060 Non
3789 3005 3950 3076 igitur
3973 3020 4002 3061 a
4023 3004 4196 3062 Crea-

2603 3105 2720 3153 tore
2745 3111 2844 3151 suo
2872 3096 2924 3150 in
2952 3107 3254 3151 creaturam
3284 3095 3579 3171 divinitatis
3606 3103 3631 3130 ⁰
3659 3094 3998 3167 affectatione
4018 3097 4193 3151 colla-

2605 3203 2731 3260 psos
2759 3195 3000 3244 moveret
3026 3196 3213 3258 aperta
3264 3187 3737 3257 concupiscentia,
3786 3187 3885 3241 nisi
3932 3201 4027 3243 eis
4071 3197 4202 3245 ante

914 3301 998 3354 die
1024 3274 1148 3352 vita:
1179 3296 1336 3350 timor
1361 3293 1591 3363 angebat
1629 3301 1654 3329 ο
1676 3291 1744 3346 de
1789 3290 2188 3345 immortalitate
2224 3304 2496 3345 securum.
2527 3274 2575 3338 C
2603 3278 2931 3348 corrupisset
2958 3277 3166 3333 occulta
3196 3278 3475 3347 superbis;
3517 3291 3617 3333 nec
3649 3278 3728 3332 eis
3754 3290 3851 3344 per
3886 3287 4199 3348 serpentem

916 3389 1156 3446 Ilabebat
1182 3383 1390 3439 facilem
1425 3383 1624 3438 victum
1659 3393 1855 3450 corpus
1891 3395 1956 3434 ex
1993 3377 2010 3416 ί
2058 3380 2202 3432 omni
2235 3390 2388 3448 parte
2407 3392 2500 3434 sa-

919 3495 1069 3543 num,
1098 3476 1440 3546 tranquillum
1463 3482 1685 3539 motum,
1718 3486 1813 3527 cor
1841 3470 2122 3536 mundum,
2150 3472 2363 3540 ignarus
2387 3485 2501 3539 pm-

919 3569 1058 3624 nalis
1083 3567 1231 3630 mali,
1258 3564 1524 3619 habitator
1565 3560 1824 3630 paradisi,
1855 3574 2051 3630 expers
2080 3575 2239 3628 pet-ea
2266 3559 2305 3625 i,
2335 3573 2504 3630 capax

920 3660 1045 3781 De;
1078 3727 1358 3782 Postremo
1385 3723 1510 3792 quid
1538 3735 1604 3776 eo
1647 3720 1850 3776 felicius
1880 3721 2011 3789 fuit,
2059 3721 2147 3776 cui
2197 3729 2314 3775 erat
2359 3721 2506 3776 orbis

919 3817 1213 3887 subjectus,
1241 3815 1419 3870 nullus
1450 3812 1699 3880 infestus,
1751 3812 1888 3867 iiber
1911 3812 2145 3877 animus,
2200 3819 2257 3866 et
2287 3811 2507 3868 visibilis

920 3908 1100 3964 Deus?
1122 3917 1147 3956 tt
1175 3904 1615 3975 Quandoquidem
1645 3903 1747 3958 nisi
1770 3912 1895 3958 ante
1923 3913 2199 3972 peccatum
2229 3904 2395 3960 Deum
2428 3905 2509 3959 vi-

922 4004 1052 4057 dere
1082 4002 1136 4056 in
1162 4002 1525 4070 assumptione
1551 3999 1775 4053 visibilis
1800 4009 2062 4053 creatura:
2093 3998 2289 4053 soleret
2309 4039 2325 4062 ,
2377 4013 2509 4068 quo-

925 4092 1088 4147 modo
1135 4106 1194 4146 se
1238 4094 1347 4160 jam
1399 4097 1645 4160 peccator
1687 4087 1930 4153 eﬂ'ectus,
1976 4103 2004 4140 a
2054 4088 2190 4143 facie
2220 4089 2246 4124 ιι
2275 4088 2508 4154 Domini,

926 4199 1084 4253 quem
1117 4196 1386 4252 nunquam
1432 4179 1662 4246 viderat,
1713 4177 2107 4233 absconderet?
2146 4178 2328 4232 Potuit
2381 4194 2513 4249 ergo

928 4281 998 4331 ita
1028 4273 1209 4330 videre
1266 4273 1451 4338 Deum,
1493 4272 1803 4340 priusquam
1849 4277 2098 4338 peccziret
2141 4269 2333 4334 Adam,
2373 4271 2514 4326 sicut

928 4384 1049 4424 cum
1087 4366 1100 4404 ί
1137 4365 1455 4436 patriarcha:
1479 4363 1726 4418 viderunt
1753 4379 1769 4428 ;
1807 4364 1900 4423 sed
1926 4363 2140 4432 quando
2169 4365 2243 4418 θὶῑ
2273 4383 2283 4418 ε
2329 4365 2514 4419 Vocem

931 4471 1071 4513 luant
1099 4459 1292 4521 audivi,
1315 4467 1364 4511 ct
1389 4457 1533 4511 timui
1557 4452 1711 4528 (Gen.
1743 4470 1820 4520 Ill,
1866 4454 1986 4525 i0);
2015 4472 2079 4512 es
2108 4456 2194 4510 illa
2219 4459 2326 4524 jam
2361 4457 2375 4508 i
2431 4460 2512 4512 vi-

931 4550 1090 4605 dendi
1136 4549 1300 4604 Deum
1347 4548 1628 4602 sanctitate
1669 4545 1951 4609 ceciderat.
1994 4547 2104 4613 jam
2135 4563 2195 4603 se
2236 4549 2512 4620 indignum

2603 3372 2849 3428 diabolus
2877 3369 3187 3440 propinaret
3215 3379 3322 3424 tam
3361 3367 3528 3424 ferale
3553 3367 3865 3432 consilium,
3912 3369 4012 3423 nisi
4044 3369 4200 3439 prius

2604 3480 2792 3522 eorum
2822 3462 3256 3534 deprehenderet
3294 3461 3612 3530 appetitum.
3641 3459 3723 3525 Si,
3749 3459 3941 3530 inquit,
3968 3470 4204 3531 gustare.

2604 3559 2717 3612 ritis
2737 3558 2800 3611 de
2820 3558 2962 3626 ligno
2984 3556 3208 3609 sciemus
3228 3553 3347 3608 boui
3374 3563 3424 3608 et
3449 3552 3595 3620 mali,
3621 3553 3918 3624 aperientur
3946 3551 4084 3606 oculi
4114 3568 4203 3606 oc-

2607 3651 2723 3715 stri,
2747 3658 2796 3702 et
2837 3663 2879 3700 ei
2892 3647 2976 3700 itis
3004 3647 3134 3699 sicut
3164 3646 3261 3709 dii,
3286 3645 3498 3699 scientes
3525 3644 3714 3698 bonum
3738 3654 3785 3697 et
3817 3644 4010 3697 malum
4045 3638 4201 3713 (Gen.

2607 3755 2690 3805 ιιι,
2718 3736 2798 3808 5).
2831 3737 2957 3792 ﬂzec
3001 3746 3128 3791 sunt
3173 3735 3264 3790 illa
3303 3735 3404 3791 tria
3453 3750 3572 3805 quae
3615 3735 3669 3790 in
3720 3733 3920 3789 mundo
3960 3747 4101 3799 esse,
4148 3745 4205 3790 et

2607 3830 2755 3901 diligi
2788 3845 2892 3884 non
2921 3828 3120 3884 debere
3144 3841 3175 3882 a
3201 3826 3550 3883 dilectoribus
3581 3826 3696 3894 Dei,
3723 3835 4057 3884 contestatur
4077 3841 4204 3882 san-

2610 3931 2730 3977 ctus
2754 3921 2992 3978 Joannes
3021 3919 3298 3988 apostolus
3323 3917 3512 3973 dicens
3545 3935 3559 3971 :
3590 3916 3769 3971 Nolch
3799 3918 4012 3990 diligere
4049 3934 4203 3972 muni

2612 4014 2756 4072 dum.
2778 4028 2939 4081 neque
2957 4028 3019 4067 ea
3047 4026 3160 4080 qua:
3181 4011 3234 4064 in
3254 4010 3446 4064 mundo
3465 4021 3614 4075 sunt;
3636 4010 3756 4079 quia
3797 4025 3948 4063 omne
3983 4009 4122 4077 quod
4148 4011 4202 4063 in

2614 4105 2805 4158 arundo
2829 4113 2922 4169 est,
2946 4101 3359 4169 concupiscentia
3388 4101 3558 4156 carnis
3583 4111 3679 4168 cst,
3712 4110 3758 4154 et
3791 4101 4204 4170 concupiscentia

2616 4196 2898 4261 oculorum,
2930 4207 2976 4248 et
3006 4195 3212 4248 ambitio
3241 4195 3437 4260 saeculi,
3484 4210 3601 4265 quia
3632 4200 3736 4248 min
3775 4205 3847 4249 est
3869 4204 3897 4244 Ρ
3919 4210 3983 4249 ea;
4023 4191 4205 4258 Patre,

2615 4288 2706 4342 sed
2739 4303 2801 4339 ex
2829 4285 3021 4338 mundo
3046 4294 3115 4338 est
3141 4283 3193 4355 (1
3249 4283 3408 4339 Joau.
3441 4301 3501 4351 tt,
3530 4287 3616 4351 15,
3652 4286 3766 4347 16).
3802 4287 3932 4352 Quae
3979 4285 4081 4339 nisi
4132 4285 4208 4339 illi

2617 4379 2706 4449 qui
2738 4393 2765 4430 a
2800 4378 3087 4432 dilectione
3121 4377 3210 4430 Dei
3238 4377 3348 4444 jam
3372 4377 3679 4432 defecerant
3707 4377 3929 4446 diligere
3957 4385 3984 4426 ει
4007 4376 4206 4446 ccepis-

2617 4481 2758 4538 seut,
2793 4485 3061 4540 nunquam
3098 4479 3118 4506 ι·
3153 4470 3294 4524 male
3318 4473 3461 4524 suasi
3496 4469 3766 4539 serpentis
3790 4469 4017 4524 consilio
4037 4469 4210 4525 credi-

2618 4561 2845 4617 disserit.

931 4639 1148 4694 videndi
1171 4639 1338 4693 Deum
1367 4635 1689 4692 reddiderat.
1711 4635 1899 4690 Vocem
1925 4649 2085 4702 tuam,
2113 4640 2512 4708 inquit,audivi,
2546 4632 2596 4692 ι)
2691 4653 2746 4706 2,
2783 4652 2958 4720 Itaque
2979 4653 3412 4720 concupiscentia
3434 4651 3610 4706 carnis
3636 4649 3704 4704 ab
3729 4649 3812 4706 eis
3839 4648 4061 4718 impleta
4098 4659 4206 4716 est,

934 4741 980 4786 et
1006 4731 1188 4795 timui;
1214 4745 1273 4781 eo
1292 4727 1428 4798 quod
1449 4729 1618 4781 nudus
1649 4743 1825 4792 essent,
1850 4738 1893 4780 ct
1917 4728 2160 4782 abscondi
2190 4745 2269 4783 me
2302 4730 2352 4800 (1
2359 4733 2510 4804 bid).

1010 4947 1032 5008 ἢ·
1062 4937 1221 5001 Editi,
1251 4937 1492 5008 suggerit.

1009 5006 1037 5043 δ
1069 5008 1188 5060 Mss.
1216 5003 1571 5076 qna—tuornon
1605 5003 1796 5076 habent
1830 5021 1899 5056 sc.
1934 5007 2028 5059 Ms.
2059 5007 2209 5058 Colb.
2241 5024 2395 5066 unus.
2431 5029 2515 5064 vo-

940 5079 1114 5133 luisset
1138 5074 1279 5128 illam
1302 5074 1530 5144 paradisi
1554 5075 1913 5126 beatitudinem
1937 5080 2209 5141 custodire,
2238 5092 2310 5144 ut,
2339 5093 2442 5136 etc.

1015 5159 1034 5185 ο
1069 5149 1166 5200 Ms.
1196 5146 1323 5213 lteg.
1354 5159 1511 5205 unus.
1539 5144 1677 5196 illius
1700 5144 2029 5198 abstinentitv.

1009 5217 1037 5255 ά
1067 5218 1165 5271 Ms.
1190 5217 1314 5280 Iieg.
1349 5230 1500 5275 unus,
1523 5216 1627 5282 qui.

1015 5298 1037 5323 ο
1070 5288 1164 5340 Ms.
1201 5300 1334 5338 unus
1366 5286 1518 5353 Heg,
1565 5287 1713 5336 timor
1749 5285 1980 5354 angebat.
2039 5284 2113 5339 De
2139 5289 2518 5346 immattalitate

966 5373 1147 5410 ccurtts
1170 5358 1402 5417 Itabt'bttt,
1435 5377 1445 5402 t
1469 5366 1540 5407 lt'.

1020 5428 1037 5464 ί
1066 5429 1184 5480 Mss.
1220 5441 1430 5485 omnes.
1465 5440 1523 5477 e.c
1543 5425 1768 5477 omnibus
1798 5428 2043 5490 partibus.

1017 5499 1139 5550 sita
1196 5512 1324 5549 mss.
1382 5496 1488 5548 duo
1533 5495 1662 5564 lit-g.
1712 5505 1766 5547 ct
1808 5496 1992 5550 Camb.
2043 5499 2206 5564 Editi,
2266 5499 2518 5563 Quoniam

944 5567 1164 5632 quidem.

948 5636 1042 5752 dii
1081 5639 1203 5689 Mss.
1234 5638 1338 5692 duo
1378 5635 1529 5704 “03.,
1571 5651 1600 5684 a
1642 5634 1694 5700 fa
1727 5636 1772 5688 ic
1812 5635 1926 5703 Dei,
1968 5655 2117 5696 quam
2160 5658 2413 5708 nunquam
2451 5644 2514 5695 vi~

990 5716 1117 5752 .‘858’-

990 5716 1117 5759 Isset.

1029 5788 1040 5812 ι
1081 5778 1203 5829 Mss.
1237 5787 1344 5828 tres
1374 5775 1550 5837 Colb.,
1583 5777 1889 5845 patriarcha:
1909 5783 2088 5832 sancti.

1028 5856 1040 5890 ι
1081 5846 1200 5898 ll;cc
1223 5847 1381 5902 verba
1410 5846 1614 5898 videndi
1639 5846 1800 5900 Deum
1823 5848 2012 5903 absunt
2032 5866 2057 5902 ιι
2089 5851 2352 5908 ms.Coib.
2381 5867 2522 5907 uno:

2623 4742 2764 4812 quod
2813 4743 2882 4797 de
2927 4743 3070 4813 ligno
3120 4744 3285 4798 vetito
3335 4749 3726 4812 gustaverunt;
3783 4740 4212 4812 concupiscentia

2623 4955 2677 5000 et
2708 4955 2787 4999 8M
2820 4956 2961 4999 I‘CCIB
2973 4984 2984 4996 .

2695 5013 2719 5052 ἰ
2750 5015 2844 5068 Ms.
2872 5015 3001 5083 Reg.
3027 5030 3186 5083 unus,
3217 5029 3315 5064 non
3339 5014 3400 5065 de
3418 5011 3706 5083 timiditate.

2700 5084 2713 5122 ι
2746 5086 2873 5140 Mss.
2905 5077 3132 5152 quatuor
3159 5081 3314 5152 Colb.
3345 5098 3468 5136 cum
3501 5080 3692 5148 Lugd.,
3726 5077 4048 5132 intrinsecus.
4099 5080 4205 5134 Alii

2622 5170 2739 5209 cum
2781 5151 2936 5218 l.ov.,
2964 5155 3129 5208 Duac.
3162 5164 3216 5208 et
3247 5151 3463 5216 Colon.,
3491 5152 3814 5205 extrinsecus.

2627 5236 2732 5347 “tu
2758 5226 2829 5278 ita
2861 5239 2989 5280 mss.
3021 5225 3174 5280 Colb.
3203 5231 3432 5293 quatuor
3469 5237 3588 5276 cum
3620 5223 3762 5276 aliis.
3796 5218 3960 5287 Editi,
3989 5220 4206 5275 misera-

2658 5309 2808 5347 nter.
3252 5305 3254 5308 ’

2658 5296 2808 5349 ifiter.
3252 5305 3254 5308 '

2699 5375 2725 5400 η
2759 5367 2879 5418 Mss.
2913 5365 3021 5418 duo
3052 5369 3203 5434 Reg,
3235 5364 3278 5434 si
3309 5363 3401 5416 sub
3428 5362 3535 5416 Deo
3556 5363 3788 5415 viventes.

2701 5445 2724 5470 ο
2755 5436 2879 5489 Mss.
2913 5432 3168 5504 quinque,
3201 5432 3488 5496 affectione.

2699 5515 2724 5553 Ρ
2750 5506 2900 5560 Colb.
2933 5500 3092 5568 unus,
3123 5505 3186 5556 de
3219 5503 3392 5567 Patre,
3419 5504 3503 5556 sed
3529 5503 3591 5555 dc
3615 5500 3801 5553 mundo
3825 5509 3916 5571 est.
3949 5501 4118 5567 Alter,
4149 5515 4209 5553 es

2627 5575 2802 5636 Patre,
2836 5578 2922 5628 sed
2948 5576 3010 5628 de
3035 5577 3243 5627 mundo.

2700 5657 2724 5694 (ι
2756 5648 2879 5699 Mss.
2914 5655 3038 5707 tres.
3076 5645 3452 5712 concupiscent.
3483 5643 3604 5709 Alii,
3638 5642 4064 5710 concupiscerent.

2699 5727 2720 5752 ι’
2756 5717 2850 5769 Ms.
2895 5715 3045 5772 Colb.
3089 5710 3249 5780 uitus,
3303 5717 3435 5768 nmle
3482 5715 3759 5766 suadentis.
3792 5714 4001 5775 tiantb.,
4049 5710 4206 5764 malc-

2624 5788 2794 5840 suadL
