4516 6410
1034 386 1137 443 ιδτ

2358 376 2609 436 JULIANI
2649 375 2923 433 POMERlI

4173 369 4279 429 468

1034 506 1276 562 odiorum
1310 506 1508 561 facibus
1539 500 1819 558 inardescit
1847 542 1860 565 ,
1895 514 1998 554 non
2041 498 2357 568 compendia
2402 497 2596 565 iniusta
2625 497 2677 556 Α
2705 502 2810 557 tur,
2843 489 3152 560 impediunt.
3184 487 3315 543 llinc
3335 496 3417 544 est
3443 487 3584 558 quod
3606 493 3821 542 sanctus
3844 485 4006 541 David
4036 499 4192 556 aquae
4218 487 4275 542 in

1035 605 1288 658 sectatur,
1312 611 1415 650 non
1440 592 1736 662 potentibus
1767 599 1791 628 ⁸
1818 599 1909 645 aut
1929 589 2178 649 divitibus
2193 587 2455 665 adulatur,
2489 601 2594 640 non

1035 685 1267 754 inquieta
1295 683 1596 737 curiositate
1637 690 1908 748 raptatur;
1937 695 2040 734 non
2073 678 2377 734 domesticae
2398 675 2594 730 sollici-

1038 773 1230 826 tudinis
1252 785 1377 825 cura
1405 769 1724 824 di-tenditur
1742 810 1756 833 ,
1787 785 1891 823 non
1922 770 2177 823 officios‘s
2202 765 2590 822 occurrentium

1032 860 1440 914 salutationibus
1485 859 1818 923 delectatur,
1869 874 1967 913 nec
2009 857 2354 926 superborum
2385 853 2594 922 injuriis

1029 952 1301 1020 fat3gatur;
1332 964 1436 1005 non
1467 965 1587 1004 eum
1616 951 1859 1018 superbia
1883 951 2060 1011 inﬂat,
2095 965 2196 1004 non
2223 948 2438 1002 ambitio
2464 961 2591 1000 ven-

1031 1050 1146 1096 tosa
1167 1042 1463 1111 praecipitat
1491 1083 1503 1105 ,
1531 1059 1633 1094 non
1665 1057 1796 1094 vana
1826 1041 1991 1110 gloria
2024 1039 2244 1108 turpiter
2269 1040 2453 1108 jactat,
2485 1052 2589 1092 non

1031 1130 1357 1186 desiderium
1412 1130 1439 1169 δ
1490 1129 1733 1200 gloriosa:
1790 1131 2052 1199 Opinionis
2111 1129 2434 1193 inﬂammat,
2485 1145 2589 1184 non

1035 1235 1057 1261 ο
1085 1222 1342 1277 distentio
1381 1223 1536 1276 alieni
1569 1232 1716 1276 actus
1749 1222 2014 1290 il'aqneat,
2039 1237 2142 1276 non
2173 1222 2238 1275 ad
2280 1223 2588 1276 societatem

1031 1315 1260 1382 turpium
1285 1313 1621 1380 turpitudinis
1654 1326 1804 1365 amor
1833 1311 2048 1377 invitat;
2082 1326 2184 1364 non
2216 1311 2390 1365 rabies
2417 1311 2589 1368 insani

1028 1403 1222 1459 furoris
1267 1403 1514 1472 exagitat,
1561 1399 1587 1438 ά
1648 1416 1752 1455 ηοη
1796 1409 2224 1469 sumptuosarum
2278 1400 2586 1454 deliciarum

1024 1491 1254 1546 studium
1301 1500 1521 1554 mactat,
1577 1507 1680 1545 non
1730 1490 1887 1544 ardor
1931 1490 2183 1544 animosas
2231 1488 2588 1545 contentionis

1023 1581 1319 1645 exanimat;
1369 1596 1472 1635 non
1517 1578 1639 1634 facit
1668 1580 2027 1647 impudentem
2059 1577 2275 1633 audacia
2301 1619 2315 1642 ,
2349 1579 2585 1649 iniquum

1021 1669 1305 1741 injustitia,
1353 1670 1521 1725 ferum
1554 1670 1920 1733 inclementia,
1953 1669 2158 1724 varium
2206 1669 2582 1734 inconstantia,

1023 1764 1346 1831 pertinacem
1373 1763 1723 1828 contumacia,
1752 1763 1995 1816 insanum
2015 1761 2250 1822 vesania,
2271 1760 2580 1836 deliciosum

2699 601 2757 640 se
2775 581 3256 652 concupiscentiam
3284 580 3593 650 castigavit,
3624 588 3781 648 atqse
3820 592 3938 633 eam
3971 577 4073 633 sibi
4108 591 4136 632 a
4159 579 4272 633 suis

2697 676 2952 735 oblatam,
2978 687 3043 726 ne
3069 670 3335 725 desiderio
3360 683 3457 724 suo
3474 685 3538 724 ex
3558 684 3621 724 ea
3637 667 3950 723 satisfacere
3971 667 4270 732 videretur,

2697 766 2878 821 effudit
2909 765 2991 835 (ll
3027 764 3146 835 Reg.
3200 777 3351 826 mit,
3385 761 3480 828 16;
3527 760 3556 814 1
3584 759 3770 817 Paral.
3807 778 3890 826 at,
3920 760 3986 816 ιϐ
4013 771 4062 814 et
4100 759 4269 828 seq.);

2696 866 2748 912 et
2779 869 2962 911 sancto
2992 854 3156 910 Heliae
3195 854 3463 922 perceptio
3501 855 3740 908 carnium
3775 863 3800 890 ιι
3845 869 3950 908 non
3982 853 4265 921 concupita

2697 959 2800 998 non
2847 944 3022 998 nocuit
3052 940 3173 1014 (III
3221 941 3342 1010 Reg.
3376 956 3515 1008 xvtt,
3555 939 3634 1007 6).
3667 940 3820 996 Unde
3844 941 4002 996 datur
4045 941 4268 1011 intelligi

2694 1035 2833 1104 quod
2867 1036 3126 1088 veraciter
3146 1034 3472 1089 abstinentes
3499 1047 3742 1087 escarum
3771 1047 3877 1086 non
3907 1041 4143 1099 naturas,
4167 1035 4266 1089 sed

2693 1124 3146 1187 concupiscentias
3175 1124 3444 1190 damnent,
3465 1139 3527 1178 ac
3547 1124 3883 1192 °voluptates
3904 1137 4027 1179 suas
4050 1124 4270 1180 deside-

2690 1221 2787 1273 rati
2819 1219 2919 1272 cibi
2955 1219 3035 1272 vel
3071 1231 3222 1285 ponis
3245 1227 3272 1266 Ρ
3292 1218 3550 1272 abusione
3582 1218 3923 1273 mortiﬂcent.
3949 1217 4049 1286 Qui
4081 1231 4263 1278 autem

2692 1325 2796 1362 non
2823 1308 2990 1362 so‘um
3009 1323 3035 1359 a
3055 1307 3327 1376 qualitate,
3347 1305 3439 1360 sed
3463 1307 3621 1361 etiam
3647 1321 3677 1359 a
3698 1309 3993 1375 quantitate
4014 1307 4260 1364 ciborum

2689 1401 2910 1470 cupiunt
2928 1400 3218 1463 abstinere,
3235 1399 3364 1453 nihil
3383 1397 3523 1453 aliud
3546 1398 3762 1452 student
3783 1399 3883 1454 nisi
3900 1408 3979 1467 ut,
4003 1408 4261 1468 quantum

2688 1491 2964 1544 stomacho
3000 1488 3286 1543 reficiendo
3316 1503 3378 1542 ac
3405 1487 3528 1542 fami
3552 1489 3848 1544 eximendae
3873 1492 4002 1544 satis
4032 1505 4153 1546 esse
4182 1492 4267 1545 vi-

2686 1579 2863 1646 detur,
2895 1581 3236 1649 indulgeant;
3263 1595 3362 1634 nec
3381 1580 3632 1647 expleant
3651 1595 3775 1634 suos
3797 1581 4063 1650 appetitus
4086 1583 4262 1636 avidi-

2689 1680 2799 1728 tatc
2835 1671 3180 1741 percipiendi,
3216 1672 3306 1726 sed
3337 1671 3722 1740 comprimant,
3751 1679 3914 1740 atque
3937 1671 4016 1726 eis
4047 1687 4151 1725 non
4173 1686 4264 1727 sa-

2689 1762 2876 1816 turitas
2904 1761 3096 1816 edendi
3129 1761 3287 1814 linem
3317 1759 3503 1824 faciat,
3537 1759 3632 1816 sed
3656 1747 3939 1816 voluntas:
3969 1761 4060 1830 qui
4091 1770 4195 1815 tam
4228 1777 4261 1816 a

1021 1854 1175 1924 gula,
1208 1853 1462 1909 rebellem
1509 1853 1865 1909 inobedientia
1885 1892 1901 1918 ,
1931 1866 2121 1906 vanum
2153 1851 2404 1920 jactantia
2423 1891 2437 1916 ,
2463 1851 2581 1906 inﬂ-
2612 1842 2657 1902 B
2683 1851 2970 1921 cupiditate
2994 1849 3344 1916 pretiosorum
3367 1850 3607 1905 ciborum
3638 1860 3686 1914 tt,
3715 1864 3871 1919 quam
3895 1865 3924 1904 a
3948 1850 4110 1905 nimia
4138 1866 4264 1920 p--r-

1021 1944 1198 2000 delem
1226 1943 1466 2014 perfidia,
1497 1945 1662 1999 levem
1695 1941 1938 2006 facilitas,
1969 1951 1992 1979 °
2034 1956 2230 1996 saevum
2268 1939 2575 2006 crudelitas,

1028 2037 1050 2076 ί
1076 2036 1499 2092 manducatorem
1518 2036 1686 2103 turpis
1707 2032 2336 2102 edacita=,impatienlem
2367 2031 2578 2086 mobili-

1019 2136 1122 2190 tas,
1157 2136 1181 2173 ε
1211 2125 1455 2178 mobilem
1500 2125 1814 2178 iustabilitas
1839 2165 1852 2188 ,
1888 2138 2074 2190 vagum
2114 2122 2404 2190 spiritualis
2428 2121 2576 2174 inlir-

1017 2218 1173 2270 mitas
1193 2260 1206 2283 ,
1235 2216 1544 2270 iracundum
1566 2215 1904 2275 animositas,
1936 2211 2286 2281 suspiciasnm
2316 2214 2578 2288 perversi-

1019 2318 1118 2371 tas,
1146 2307 1426 2362 verbosum
1449 2307 1669 2360 Vanitas
1689 2345 1704 2372 ,
1736 2302 1764 2342 ιι
1789 2303 2099 2371 injutiosutn
2128 2303 2457 2371 malignitas;
2491 2303 2577 2372 qui

1019 2408 1253 2449 remotus
1283 2406 1360 2448 cst
1384 2409 1599 2462 prorsus
1620 2409 1649 2447 a
1678 2393 2022 2449 saecularibus
2044 2393 2326 2460 illecebris,
2346 2403 2580 2448 remotus

1019 2488 1084 2538 ab
1118 2482 1135 2521 ί
1172 2485 1518 2538 immunditiis
1561 2492 1614 2538 et
1645 2484 1932 2538 inimicitiis
1956 2527 1970 2550 ,
2019 2493 2254 2538 remotus
2287 2483 2352 2536 ab
2379 2483 2579 2537 insidiis

1016 2575 1222 2634 al'en's,
1260 2582 1494 2627 remotus
1522 2588 1552 2627 a
1582 2573 1781 2642 rapinis
1803 2572 1882 2627 vel
1911 2573 2288 2626 occuitioribus
2317 2572 2398 2625 vel
2420 2585 2550 2639 aper

1015 2667 1100 2726 tis,
1132 2674 1369 2718 remotus
1390 2681 1418 2717 a
1451 2663 1736 2718 mendaciis
1755 2662 1868 2717 sive
1899 2661 2165 2730 periuriis,
2201 2670 2467 2730 postremo
2497 2675 2571 2714 reo

1015 2767 1190 2808 morus
1209 2755 1276 2808 ab
1298 2754 1439 2808 omni
1467 2768 1658 2824 genere
1682 2753 2003 2823 ﬂagitiorum
2028 2752 2042 2801 i
2079 2761 2240 2821 atque
2262 2750 2575 2816 facinorum,

1001 2843 1202 2911 quibus
1227 2843 1510 2897 carnaliter
1549 2845 1786 2897 viventes
1812 2842 1976 2897 Deum
2012 2840 2310 2907 offendunt,
2343 2847 2399 2895 et
2436 2854 2574 2894 mor-

1015 2934 1090 2984 tui
1123 2931 1149 2968 ιι
1172 2943 1385 3000 peccato
1415 2947 1518 2986 non
1535 2931 1788 2988 serviunt.
1817 2930 1984 2996 Sicut,
2001 2929 2236 2998 inquam,
2255 2943 2416 2984 carne
2439 2942 2578 2983 mor-

1011 3032 1135 3084 tuus
1161 3038 1258 3080 nee
1281 3024 1454 3077 facere
1489 3031 1658 3090 potest
1684 3023 1778 3076 ista
1809 3034 1924 3090 qua:
1945 3020 2054 3075 disi
2081 3060 2096 3086 ,
2127 3033 2222 3075 nec
2252 3021 2391 3088 pati;
2421 3018 2492 3074 ita
2517 3028 2570 3075 et

1013 3121 1096 3176 liis
1123 3130 1174 3178 et
1199 3123 1389 3178 talibus
1417 3120 1556 3177 vitiis
1587 3121 1804 3176 omnino
1825 3133 1928 3174 non
1945 3123 2143 3181 vivunt,
2176 3119 2265 3188 qui
2291 3116 2306 3155 ι
2338 3121 2576 3175 viventes

2680 1941 2924 2010 ceptione
2951 1940 3130 1994 vilium
3156 1949 3178 1978 τ
3205 1939 3586 2006 continebunt;
3617 1939 3706 2010 qui
3725 1939 3861 1996 cibis
3887 1954 3988 1996 nec
4018 1933 4262 1996 lautiori-

2681 2032 2776 2086 bus
2811 2032 2993 2086 volunt
3023 2039 3046 2066 '
3076 2045 3238 2084 carne
3267 2031 3568 2088 luxuriante
3612 2030 3864 2096 dissolvi,
3907 2045 4008 2086 nec
4047 2032 4257 2088 disten-

2683 2123 2824 2178 tione
2850 2124 3055 2178 ventris
3093 2124 3108 2157 ι
3145 2121 3339 2175 vilibus
3376 2121 3588 2176 onerari
3623 2137 3638 2174 :
3669 2119 3882 2191 quando
3923 2120 4257 2178 abstinentes

2679 2215 2779 2269 viri
2811 2229 2914 2270 nec
2938 2213 3174 2270 deliciosi
3205 2213 3416 2268 soleant
3445 2226 3583 2277 esse,
3614 2227 3710 2266 nec
3733 2211 3893 2268 avidi.

2747 2306 2802 2360 2.
2844 2306 2960 2362 Jam
2998 2307 3066 2361 de
3105 2306 3231 2360 vino
3273 2304 3590 2360 abstinendo
3633 2303 3713 2357 vel
3757 2303 4100 2372 percipiendo
4127 2303 4254 2372 quid

2679 2400 2869 2464 dicam,
2899 2398 3040 2453 unde
3067 2406 3282 2453 sanctus
3311 2397 3599 2465 Apostolus
3629 2405 3826 2450 certam
3853 2395 3968 2449 ﬂxit
3991 2396 4252 2463 regulam,

2680 2489 2863 2543 dicens
2913 2503 2927 2541 :
2980 2486 3153 2541 Nolite
3196 2486 3437 2540 inebriari
3485 2486 3629 2548 vino,
3675 2485 3727 2537 in
3772 2499 3874 2550 quo
3915 2492 3990 2537 est
4047 2484 4257 2536 luxuria

2680 2580 2901 2651 (Ep/tes.
2936 2595 2988 2645 v,
3027 2578 3160 2648 l8)?
3203 2578 3362 2644 Quasi
3404 2577 3606 2632 diceret
3645 2594 3657 2629 :
3697 2576 3986 2630 Luxuriam
4035 2574 4160 2631 facit
4195 2585 4255 2631 et

2680 2669 2845 2723 nutrit
2875 2669 2978 2722 vini
3011 2667 3279 2737 perceptio
3301 2667 3487 2730 nimia,
3511 2681 3616 2720 non
3637 2675 3858 2729 natura;
3886 2673 3940 2719 et
3967 2673 4252 2734 propterea

2679 2775 2784 2813 non
2827 2759 2900 2812 uti
2933 2771 3028 2812 vos
3061 2757 3186 2812 vino
3211 2797 3227 2821 ,
3263 2757 3358 2811 sed
3397 2756 3648 2811 inebriari
3679 2755 3936 2824 prohibeo
3961 2771 3973 2807 :
4001 2754 4252 2825 quando-

2677 2851 2888 2920 quidem
2940 2849 3208 2904 iniirmum
3254 2848 3587 2903 stomachum
3629 2847 3940 2903 moderatus
3978 2861 4108 2905 usus
4138 2847 4248 2902 vini

2679 2947 2705 2974 ιι
2727 2939 3008 3006 confortat,
3027 2937 3256 2994 ebrietas
3277 2939 3512 2992 animum
3540 2951 3838 3010 corpusque
3865 2938 4128 2994 debilitat.
4150 2940 4253 2994 De-

2679 3029 2836 3102 nique
2857 3027 3136 3086 Timotheo
3163 3042 3259 3086 suo
3283 3027 3564 3101 discipulo,
3588 3030 3677 3100 qui
3704 3045 3764 3086 se
3793 3029 3946 3100 longa
3977 3029 4254 3085 abstinen-

2679 3127 2764 3179 tia:
2794 3124 3122 3179 districtione
3153 3122 3263 3192 jam
3317 3123 3575 3193 fregerat,
3621 3131 3676 3177 et
3717 3121 4052 3176 stomachum
4089 3135 4248 3176 suum

1012 3211 1124 3266 Deo
1151 3226 1365 3268 carnem
1396 3226 1544 3266 suam
1573 3226 1692 3266 cun
1724 3210 1864 3264 vitiis
1886 3219 1936 3263 et
1974 3208 2424 3278 concupiscentiis
2451 3223 2575 3263 cru.
2600 3192 2645 3254 ί)
2675 3229 2828 3284 aquae
2857 3214 3198 3284 perceptione
3226 3192 3577 3282 corruperat,
3608 3211 3970 3267 modico-vino
3997 3221 4024 3249 ν
4055 3213 4128 3266 uti
4151 3212 4251 3267 de-

1014 3302 1251 3374 ciﬂguut.

1589 3391 1811 3449 CAPUT
1849 3392 2010 3447 XXII.

1018 3503 1173 3569 Quali
1201 3504 1530 3571 temperantia
1559 3503 1633 3554 uti
1670 3503 1881 3556 debeant
1907 3503 1996 3571 qui
2020 3518 2050 3553 η
2077 3502 2332 3566 voluptate
2356 3500 2571 3554 delecta-

1083 3574 1279 3634 bilium,
1311 3575 1388 3625 i'el
1408 3573 1470 3624 ab
1491 3571 1824 3625 immoderata
1848 3571 2412 3640 perceptione~ciborum
2441 3585 2578 3623 com-

1083 3645 1330 3723 munium,
1377 3653 1524 3708 atque
1551 3657 1582 3693 a
1628 3643 1726 3693 cini
1763 3641 2094 3697 immoderato
2125 3656 2216 3692 usu
2249 3641 2459 3708 cupiunt
2485 3641 2575 3690 ab-

1081 3722 1281 3765 sttnere.

1087 3844 1138 3895 1.
1173 3839 1403 3894 Membra
1453 3854 1566 3902 sua,
1599 3854 1715 3907 qua:
1762 3854 1882 3892 sunt
1913 3853 2070 3906 super
2108 3848 2322 3901 terram,
2349 3839 2576 3892 mortiﬁ-

1016 3940 1140 3989 eaut
1160 3973 1173 3997 ,
1197 3931 1407 4001 quando
1453 3930 1683 3984 insolens
1724 3945 1918 3995 corpus
1944 3927 2264 3997 jejuniorum
2295 3930 2575 3982 continua-

1019 4025 1159 4078 tione
1195 4025 1471 4092 castigant,
1501 4020 1711 4090 quando
1740 4028 1778 4057 ω
1805 4019 1941 4073 intra
1973 4020 2331 4074 necessarium
2363 4019 2576 4073 modum

1016 4131 1168 4170 suum
1199 4124 1491 4182 temperant
1532 4112 1856 4182 appeiilum;
1886 4111 2099 4178 quando
2141 4126 2245 4166 non
2269 4111 2437 4164 solum
2462 4125 2519 4167 se
2549 4128 2576 4164 a

1015 4206 1155 4260 delic
1173 4204 1416 4258 itioribus
1435 4202 1565 4255 cibis
1581 4200 1852 4256 moderata
1873 4198 2207 4256 districtione
2227 4201 2574 4268 suspendunt,

1013 4295 1109 4350 sed
1134 4294 1292 4348 etiam
1338 4293 1387 4345 in
1428 4292 1555 4359 ipsis
1589 4290 1958 4345 cummuuibus
2005 4289 2133 4343 nihil
2172 4289 2317 4344 carni
2345 4304 2454 4343 sure
2481 4305 2577 4358 pro

1013 4383 1303 4446 desiderio,
1340 4382 1430 4435 sed
1463 4396 1556 4448 pro
1590 4381 1947 4434 sustentanda:
1972 4382 2091 4432 vitae
2117 4380 2437 4434 necessitate
2459 4395 2576 4448 per-

1014 4477 1258 4536 tnittunt;
1286 4474 1417 4528 certi
1448 4489 1516 4540 qu
1540 4473 1585 4525 id
1611 4487 1706 4526 nec
1751 4471 1953 4525 delicia:
1984 4471 2266 4540 quaelibet,
2299 4476 2340 4525 si
2374 4471 2574 4540 absque

2678 3305 2804 3358 bere
2829 3304 3086 3372 praecipit,
3127 3303 3308 3358 dicens
3333 3319 3347 3355 ε
3396 3301 3520 3356 Noli
3545 3301 3713 3354 adhuc
3735 3318 3920 3371 aquam
3943 3301 4128 3366 bibere,
4160 3303 4254 3354 sed

2677 3381 2874 3445 modico
2923 3393 3038 3446 vino
3087 3400 3228 3445 utere
3268 3401 3474 3459 propter
3510 3389 3823 3444 stomachum
3860 3398 4010 3456 suam
4057 3400 4103 3443 et
4153 3391 4255 3462 [re-

2678 3493 2882 3553 quentes
2910 3492 3022 3538 tuas
3047 3484 3371 3550 inﬁrmitates
3401 3481 3448 3552 (l
3481 3481 3615 3535 Tim.
3647 3496 3701 3546 ν,
3729 3480 3841 3550 23).
3888 3484 3965 3537 Ac
3994 3495 4090 3551 per
4119 3481 4252 3546 hoc.

2679 3573 2809 3628 nihil
2835 3583 3017 3631 contra
3045 3573 3421 3629 abstinentiam
3455 3572 3654 3626 faciunt
3690 3573 3780 3641 qui
3808 3573 3985 3627 vinum
4013 3588 4122 3628 non
4156 3588 4256 3643 pro

2677 3663 2956 3728 ebrietate,
2990 3661 3084 3717 sed
3109 3671 3310 3716 tantum
3345 3675 3442 3731 pro
3470 3663 3709 3730 corporis
3731 3663 3902 3717 salute
3927 3664 4251 3734 percipiunt,

2677 3767 2775 3808 nec
2800 3752 2900 3808 hoc
2925 3753 3005 3808 eis
3035 3761 3062 3789 ι
3095 3751 3255 3808 oﬂ‘ert
3283 3753 3529 3807 voluntas
3551 3793 3567 3818 ,
3596 3753 3688 3809 sed
3720 3754 3980 3823 permittit
4017 3755 4254 3812 inﬁrmi-

2677 3851 2792 3895 tas:
2823 3856 2941 3911 quae
2961 3843 3006 3897 si
3025 3841 3271 3910 defuerit,
3292 3856 3322 3896 a
3351 3843 3476 3898 vino
3503 3852 3586 3900 est
3613 3842 4015 3911 abstinendum,
4053 3860 4122 3900 ne
4145 3846 4251 3901 vini

2677 3933 2950 4003 perceptio
2998 3948 3118 4003 qua
3168 3933 3436 3989 infirmum
3485 3944 3766 4001 sustentat,
3816 3950 4004 3990 sanum
4058 3952 4256 4007 corpus

2681 4027 2947 4082 incendat.
2995 4027 3433 4097 Quandoquidem
3479 4030 3600 4084 vino
3647 4031 3760 4097 uti,
3792 4037 3848 4084 et
3890 4032 4009 4085 usui
4058 4031 4257 4089 habere

2679 4119 2855 4172 o'eum
2884 4159 2898 4182 ,
2938 4116 3112 4170 nullus
3139 4115 3335 4171 dixerit
3373 4132 3491 4172 esse
3535 4127 3842 4186 peccatum;
3873 4121 3967 4174 sed
3995 4119 4112 4176 hac
4136 4121 4258 4178 ideo

2681 4225 2785 4264 non
2809 4209 3069 4264 debemus
3097 4209 3240 4264 carni
3271 4209 3595 4265 desideranti
3626 4219 3903 4279 prtestare,
3929 4227 3995 4266 ne
4026 4227 4149 4269 cum
4179 4213 4254 4269 illi

2681 4300 2822 4354 licita
2844 4299 3137 4354 concedere
3156 4298 3496 4368 cceperimus,
3520 4310 3707 4368 poscat
3729 4299 3928 4364 illicita,
3951 4313 4007 4355 et
4029 4303 4133 4358 sibi
4161 4303 4256 4358 ob-

2679 4397 2966 4458 sequentes
2989 4388 3038 4440 in
3059 4387 3293 4442 minimis
3319 4427 3331 4452 ,
3361 4388 3414 4442 in
3438 4386 3635 4458 ﬂagitia
3659 4389 3925 4457 punienda
3948 4391 4254 4461 compellat,

2680 4492 2742 4531 ac
2775 4477 3001 4530 naturali
3033 4476 3222 4530 ordine
3247 4477 3580 4545 perturbato,
3633 4491 3738 4531 non
3786 4478 3997 4546 spiritui
4038 4493 4256 4550 corpus,

1015 4566 1281 4620 desiderio
1307 4565 1682 4632 percipiantur,
1707 4563 1964 4626 officiunt,
1995 4571 2048 4616 ct
2074 4563 2204 4616 viles
2227 4563 2327 4616 cibi
2350 4565 2579 4630 plerum-
2606 4545 2657 4604 Ῑ)
2685 4566 2779 4622 sed
2801 4568 3018 4636 spiritus
3039 4567 3252 4635 corpori
3283 4567 3577 4622 dominanti
3601 4545 3888 4624 deserviat.
3921 4569 4036 4625 lluc
4057 4545 4258 4640 accedit

1020 4669 1122 4725 que
1169 4654 1501 4708 abstinentiae
1532 4651 1857 4721 profectum,
1888 4652 1930 4704 si
1963 4661 2270 4719 appetenter
2310 4653 2576 4722 accipian-

1092 4801 1116 4827 ⁸
1145 4791 1240 4844 Ms.
1271 4805 1424 4853 unus,
1454 4807 1513 4843 ac
1541 4789 1798 4844 divitibus.

1089 4859 1116 4896 δ
1141 4861 1242 4913 Ms.
1265 4875 1419 4924 unus,
1441 4861 1734 4925 gloriosam.

1095 4940 1116 4967 ε
1149 4929 1275 4982 Mss.
1305 4930 1563 4997 quinque,
1595 4929 1871 4981 distinctio.
2207 4996 2230 4997 η
2262 4995 2271 4997 _
2463 4989 2479 4997 Δ

1090 4997 1114 5034 ἀ
1146 4998 1242 5052 Ms.
1267 4997 1417 5051 Colb.
1450 4995 1612 5060 unus,
1639 5015 1738 5051 non
1761 5007 2170 5066 sumptuosarunt
2197 4995 2382 5048 litium.
2413 4995 2579 5060 Alter,

1019 5079 1428 5134 suntptuosoratm
1457 5067 1840 5120 lascivientium.

1092 5148 1114 5174 ο
1146 5139 1242 5190 Ms.
1268 5136 1417 5190 Colb.
1443 5150 1577 5188 unus
1600 5180 1614 5190 .
1641 5152 1840 5189 sever-un

1092 5148 1114 5174 ⁸
1146 5148 1242 5190 MS.
1268 5148 1417 5190 UOID.
1443 5150 1577 5188 unus
1600 5180 1614 5190 .
1641 5151 1884 5189 severum.

1094 5206 1112 5243 τ
1144 5207 1272 5260 Mss.
1303 5219 1516 5268 omnes,
1547 5180 1907 5258 manducone»:
1931 5216 2147 5274 turpem.
2179 5201 2326 5257 Unus
2351 5217 2415 5256 ex
2465 5202 2575 5269 bis,

1017 5277 1384 5330 manduconem
1410 5276 1570 5339 turpis
1589 5275 1830 5328 edacitas.

1091 5354 1116 5391 ι
1149 5345 1243 5398 Ms.
1275 5343 1422 5398 Colb.
1449 5357 1604 5403 unus.
1632 5341 1936 5397 immobilem
1957 5342 2225 5395 stabilitas.

1088 5412 1115 5450 δ
1147 5414 1248 5467 Mss
1299 5422 1404 5466 tres
1423 5453 1436 5474 ,
1462 5413 1734 5466 irrisorem.

1094 5480 1110 5518 ί
1144 5483 1262 5536 Haec
1297 5482 1504 5543 verba,
1534 5481 1598 5533 ab
1643 5481 1971 5534 immunditiis
2027 5490 2106 5544 ct,
2146 5481 2338 5534 absunt
2373 5495 2402 5534 a
2447 5493 2578 5536 mss.

1020 5561 1222 5618 septem
1257 5561 1311 5604 ct
1340 5553 1569 5604 editione
1590 5549 1756 5616 Lugd.

1093 5622 1108 5668 l
1151 5622 1272 5673 Mss.
1299 5621 1423 5688 duo,
1458 5621 1558 5672 sire
1589 5621 1898 5689 facinorum;
1943 5633 2043 5673 tus.
2084 5620 2247 5690 alter,
2283 5619 2361 5674 vel
2383 5620 2580 5690 [acino-

1019 5703 1152 5740 rum.

1090 5754 1115 5794 ll
1142 5756 1238 5812 Ms.
1264 5772 1415 5818 unus.
1447 5760 1695 5826 peccando
1726 5758 2019 5813 inserviunt.

2688 4655 2830 4726 quod
2876 4665 2930 4710 et
2961 4657 3124 4725 ipsam
3155 4666 3389 4711 mentem
3419 4657 3754 4714 abstinentia
3800 4657 4002 4715 fructus
4029 4663 4257 4720 alacrem

2762 4791 2778 4831 ι
2811 4794 2933 4849 Mss.
2965 4808 3170 4860 omnes,
3199 4795 3286 4863 qui
3314 4805 3365 4848 ut
3393 4794 3559 4848 vivant
3589 4794 3714 4848 Deo.

2756 4873 2794 4899 ω
2820 4864 2915 4918 Ms.
2949 4879 3098 4921 unus.
3120 4869 3320 4931 quando
3349 4865 3483 4917 intra
3520 4865 3825 4919 necessaria.

2757 4941 2784 4967 ιι
2814 4934 2912 4986 Ms.
2946 4947 3102 4999 unus,
3139 4949 3239 4986 non
3265 4935 3329 4986 ab
3354 4950 3410 4986 eo
3438 4933 3727 4996 concupita.

2759 5010 2784 5037 °
2813 5003 2939 5056 Mss.
2973 5002 3222 5071 quinque,
3252 5006 3528 5056 voluntates
3552 5019 3692 5056 suas.

2761 5081 2786 5120 ρ
2813 5071 2904 5125 Ms.
2931 5087 3088 5136 unus,
3119 5072 3451 5126 absolutione.

2761 5151 2789 5190 ιι
2815 5141 2958 5212 ‘Editi
2985 5141 3185 5196 addunt
3223 5141 3308 5196 hie
3335 5143 3565 5209 animos,
3611 5157 3730 5212 quae
3760 5155 3858 5197 vox
3887 5141 4035 5199 abest
4071 5159 4100 5198 a
4130 5159 4252 5200 mss.

2684 5209 2951 5264 omnibus.
3630 5209 3640 5212 ’
3900 5218 3904 5224 '

2759 5289 2779 5316 κ
2810 5280 2936 5333 Mss.
2961 5279 3066 5334 duo
3093 5277 3246 5333 Colb.
3269 5319 3284 5342 ,
3308 5280 3580 5333 continent.

2757 5355 2778 5382 '
2809 5348 2903 5401 Ms.
2929 5347 3084 5404 Colb.
3117 5362 3271 5414 unus,
3301 5364 3508 5402 carnem
3536 5350 3896 5404 luxuriantem.

2761 5417 2778 5452 ⁸
2812 5417 2937 5491 llaec
2965 5431 3063 5472 vox
3093 5418 3273 5472 vilibus
3304 5418 3454 5474 abest
3483 5419 3551 5473 ab
3589 5419 3769 5487 editis;
3805 5419 4000 5491 legitur
4039 5423 4088 5476 in
4127 5436 4246 5477 mss.

2685 5487 2949 5541 omnibus.

2762 5564 2787 5590 υ
2813 5556 2908 5609 Ms.
2938 5571 3074 5610 unus
3095 5570 3159 5611 ex
3190 5553 3365 5618 Colb.,
3394 5567 3558 5612 sanat.

2759 5633 2786 5663 ν
2817 5624 2912 5679 Ms.
2947 5640 3101 5690 unus,
3134 5627 3206 5680 uti
3227 5626 3409 5681 deberi.

2759 5700 2786 5730 ⁸
2815 5694 2911 5750 Ms.
2943 5709 3096 5761 unus,
3127 5695 3331 5765 profert.
