4516 6460
255 393 363 449 469

1292 383 1377 437 DE
1422 382 1576 436 \‘lTA
1618 374 2072 435 CONTEMPLAT
2105 375 2191 428 VA
2232 372 2359 428 LIB.
2402 372 2466 428 ll.

3436 373 3532 425 470

256 504 417 567 facit;
459 516 674 556 carnem
727 510 935 567 quoque
981 510 1087 549 non
1137 509 1304 561 usque
1349 492 1412 547 ad
1464 490 1831 545 lassitudinem
1861 495 1908 548 Α
1940 493 2032 545 abs

1753 503 1831 543 BI“
1861 495 1908 548 Δ
1940 490 2245 552 absnnebit,
2274 499 2330 543 ut
2364 489 2433 543 sit
2468 485 2690 541 veritate
2719 482 3056 538 abstinentia:
3082 491 3119 517 ’ἰ
3151 481 3387 549 perfecte
3410 496 3536 533 con-

259 595 553 662 latiga'am,
577 593 669 646 sed
696 588 905 659 spiritui
931 596 956 624 ⁸
981 585 1245 641 ordinanti
1268 584 1560 650 subjectam
1588 580 1839 634 mobilem

257 685 453 740 reddit.
485 684 684 738 Sensus
722 682 881 734 etiam
920 692 1057 747 quos
1102 677 1352 731 dicuntur
1378 687 1590 727 crassos
1619 672 1841 724 efficere

258 773 341 827 vel
364 786 589 843 gravare
620 778 889 838 congestae
912 767 1140 828 delicire,
1188 765 1520 819 COItSttclu-lo
1565 760 1838 830 pareitatis

258 870 537 926 exonerat,
569 871 623 915 et
654 862 795 913 velut
825 856 852 897 δ
877 858 1104 929 quadam
1137 856 1363 925 politura
1398 854 1661 923 religiosa:
1682 865 1843 905 exer-

258 950 529 1007 citationis
550 957 812 1004 attenuat.

830 1039 1052 1095 CAPUT
1083 1039 1268 1093 XXIII.

270 1136 420 1204 Quod
442 1145 636 1189 utentes
657 1134 894 1187 carnibus
923 1132 1155 1185 carnium
1180 1142 1587 1198 concupiscenda
1626 1128 1844 1196 polluat,

884 1218 984 1254 non
1016 1211 1223 1253 natura.

337 1321 386 1372 1.
453 1317 715 1370 Cmternm
776 1318 819 1365 sl
879 1328 906 1365 a
971 1310 1407 1380 quadrupedibus
1482 1307 1846 1369 abstinentes,

271 1421 290 1446 ε
326 1408 592 1475 phasianis
643 1406 899 1469 altilrbus,
928 1404 1009 1458 vel
1059 1402 1175 1457 aliis
1228 1402 1414 1455 avibus
1464 1399 1731 1467 pretiosis,
1760 1406 1853 1451 aut

264 1495 502 1565 piscibus
547 1493 919 1561 perfruantur;
962 1506 1066 1544 non
1134 1489 1261 1542 mihi
1316 1488 1564 1542 videntur
1608 1500 1853 1541 resecare

263 1584 291 1623 ιι
315 1587 699 1641 delectationes
728 1585 807 1637 sui
838 1580 1217 1651 eorporis,srd
1243 1592 1481 1643 tnutare;
1508 1594 1605 1632 nec
1633 1593 1728 1645 pro
1754 1578 1849 1631 ab-

264 1680 538 1739 stinentia.
563 1678 655 1731 sed
680 1678 823 1730 velut
845 1690 939 1743 pro
967 1674 1149 1729 nescio
1172 1689 1274 1743 qua
1310 1684 1333 1713 θ
1363 1672 1730 1736 immunditia,
1764 1670 1853 1725 vel

264 1778 433 1834 certe,
467 1765 607 1836 quod
657 1775 740 1820 est
772 1765 969 1827 verius,
1017 1762 1035 1801 ί
1085 1780 1180 1833 pro
1230 1762 1493 1817 stomachi
1548 1762 1855 1815 nauseantis

1945 594 2275 647 summatus;
2309 598 2413 636 non
2446 582 2561 648 ejus
2592 578 2824 647 imagine
2856 576 2987 631 foris
3016 575 3360 642 splendidus,
3398 573 3541 625 intus

1946 690 2107 731 cavus
2133 715 2147 739 ,
2195 673 2509 727 hominibus
2530 670 2674 725 velut
2704 683 2897 736 purus,
2927 676 2982 720 et
3007 666 3117 720 Deo
3147 666 3411 719 simulata:
3439 666 3540 716 vir-

1948 768 2075 822 tutis
2107 764 2355 819 sordibus
2400 764 2607 831 plenus.
2652 760 2761 814 Nec
2807 761 2981 813 min-is
3006 772 3034 811 a
3058 755 3348 825 cupiditate
3372 755 3543 823 possi—

1948 859 2108 913 dendi
2141 856 2410 924 superflua
2436 899 2450 921 ,
2476 870 2633 921 quant
2667 869 2695 903 a
2728 852 3003 915 voluptate
3028 848 3357 917 percipiendi
3388 847 3541 900 nobis

1948 960 2029 1003 est
2053 945 2453 1001 abstinendum.
2480 945 2742 1009 Quoniam
2770 958 2887 995 cum
2913 940 3093 994 omnia
3118 955 3237 1006 qua:
3259 938 3536 1000 habemus,

1949 1054 2047 1107 pro
2074 1038 2269 1091 nostris
2301 1035 2486 1089 usibus
2520 1035 2831 1093 habeamus,
2881 1040 2907 1067 ιι
2937 1046 2997 1085 ea
3044 1029 3236 1098 quibus
3268 1028 3342 1080 uti
3379 1030 3538 1091 nolis,

1951 1128 2205 1182 ardenter
2252 1126 2453 1180 habere
2504 1125 2661 1186 velle,
2708 1126 2786 1175 vel
2839 1123 2999 1174 etiam
3059 1120 3221 1173 lucris
3266 1118 3391 1171 hinc
3420 1116 3543 1170 inde

1951 1218 2191 1287 qutesitis
2223 1232 2442 1286 augere,
2468 1216 2597 1269 nihil
2628 1226 2708 1268 est
2740 1213 2883 1266 aliud
2919 1226 3079 1280 quam
3110 1226 3213 1263 non
3249 1209 3544 1263 tolerantlre

1952 1310 2292 1373 necessitati,
2327 1310 2418 1360 sed
2467 1306 2817 1360 intolerandae
2860 1301 3136 1370 Cupiditati
3177 1300 3401 1355 servire.
3440 1298 3545 1351 Nec

1956 1416 2170 1471 possum
2196 1400 2377 1454 dicere
2409 1418 2419 1451 :
2451 1398 2511 1451 Ut
2545 1400 2613 1451 sit
2636 1398 2775 1450 unde
2797 1395 3037 1463 qttOtidie
3074 1393 3396 1461 pauperibus
3423 1405 3544 1444 ero-

1954 1500 2129 1559 getur,
2158 1506 2271 1545 mea
2301 1488 2546 1558 po~'sitleo
2571 1504 2585 1551 ;
2615 1486 2830 1557 quando
2861 1499 3016 1537 neruo
3045 1482 3332 1551 perfectius
3358 1495 3546 1548 eroga-

1957 1584 2198 1647 veriteo,
2227 1583 2315 1649 qui
2347 1580 2477 1633 nihil
2509 1579 2607 1633 sibi
2636 1576 2980 1647 perfectionis
3010 1574 3303 1628 intentione
3325 1580 3352 1606 °
3383 1571 3540 1626 relin-

1956 1675 2070 1742 quit
2101 1689 2165 1727 ex
2197 1673 2439 1742 proprio.

2520 1762 2744 1817 CAPUT
2787 1759 2977 1815 XXIV.

269 1856 630 1913 teneritudine
658 1854 878 1911 delicias
919 1854 1039 1908 illas
1078 1867 1394 1908 communes
1434 1865 1497 1905 ac
1547 1852 1679 1905 viles
1718 1849 1850 1918 abji-
1880 1848 1929 1909 B
1958 1870 1984 1908 p
2016 1858 2177 1923 ρηαηι
2210 1859 2333 1913 ωίιε
2363 1860 2448 1921 δίε,
2470 1856 2672 1927 jejunio
2696 1855 2769 1908 uel
2802 1854 3141 1927 abstinentia,
3172 1849 3550 1904 advenientium

264 1961 534 2015 eere,quo
562 1946 769 2013 possint
792 1944 913 1997 aliis
938 1958 1043 1998 non
1060 1944 1232 1999 solum
1257 1943 1529 2007 carnibus,
1562 1942 1655 1996 sed
1688 1941 1850 1996 etiam

272 2036 674 2093 delicatioribus
700 2050 763 2089 ae
796 2034 1200 2103 pretiosioribus
1222 2032 1482 2087 carnibus
1510 2046 1635 2086 suas
1666 2030 1852 2097 volup-

265 2137 404 2182 tates
433 2126 650 2194 explere
676 2142 686 2177 :
721 2140 841 2179 cum
869 2163 885 2188 ,
917 2122 1181 2191 sicutjam
1214 2136 1375 2191 supra
1400 2124 1591 2191 patuit,
1619 2134 1729 2174 non
1756 2118 1853 2173 alio

267 2230 495 2287 quarum
534 2216 777 2269 carnium
800 2254 814 2279 ,
846 2227 965 2282 quae
994 2211 1114 2266 usui
1140 2212 1373 2265 humano
1402 2224 1676 2265 concessae
1705 2216 1850 2271 sunt,

267 2310 423 2363 nobis
455 2316 659 2362 natura:
688 2306 1005 2360 damnanda)
1046 2309 1181 2370 sint,
1236 2319 1369 2374 quas
1408 2304 1549 2358 Deus
1595 2304 1850 2367 instituit;

268 2398 362 2453 sed
393 2397 636 2452 carnales
679 2395 1127 2464 concupiscentiae
1161 2394 1447 2464 fugienda),
1496 2407 1627 2461 quas
1670 2394 1853 2447 sensui

267 2492 450 2543 carnis
476 2487 719 2541 diabolus
740 2488 1050 2541 introduxit.
1087 2486 1164 2540 Illi
1196 2494 1373 2538 autem
1405 2485 1493 2553 qui
1523 2492 1547 2529 8
1582 2484 1855 2552 parciores

269 2584 441 2638 videri
465 2584 672 2647 volunt,
701 2581 995 2651 etgloriam
1027 2579 1127 2633 sibi
1157 2578 1303 2633 velut
1326 2578 1393 2631 de
1420 2578 1740 2631 abstinentia
1769 2576 1853 2630 dio

270 2682 333 2727 sti
354 2674 542 2726 ietiore
582 2673 926 2740 conquirunt,
950 2670 1026 2725 sic
1053 2670 1123 2724 ab
1142 2668 1395 2724 omnibus
1422 2668 1745 2722 animalibus
1770 2668 1857 2737 ju-

270 2767 452 2819 dieant
483 2761 889 2833 temperandum
914 2801 931 2829 ,
959 2771 1016 2815 ut
1055 2760 1352 2831 peregrinis
1398 2764 1571 2829 pomis
1599 2800 1613 2825 ,
1643 2774 1707 2813 ac
1732 2775 1852 2813 sor-

277 2856 590 2912 bitiunculis
619 2854 880 2919 delicatis,
913 2854 1230 2919 exterisque
1273 2852 1392 2905 aliis
1424 2849 1450 2887 δ
1479 2852 1634 2916 cibis,
1667 2850 1857 2903 imma-

274 2966 398 3005 nem
447 2950 527 3004 sui
570 2948 813 3017 corporis
857 2948 1113 3014 impleant
1150 2946 1494 3014 appetitutn:
1539 2942 1858 3011 eum,spiri-

273 3043 433 3096 tnalis
463 3040 782 3096 abstinentia
811 3053 915 3093 non
942 3038 1241 3106 aliquorum
1271 3037 1510 3101 ciborum
1542 3050 1726 3098 usum,
1762 3035 1856 3089 sed

273 3132 601 3186 desiderium
650 3129 873 3185 suadeat
918 3128 1368 3196 compescendam
1402 3167 1415 3190 ,
1474 3135 1526 3181 ct
1570 3127 1641 3178 illi
1687 3126 1856 3194 ntagis

2316 1924 2575 1980 raritatr'm
2608 1928 2901 1993 plerumque
2926 1924 3186 1993 pra’ferre.

2030 2042 2081 2095 l.
2115 2038 2495 2094 Verumtamen
2543 2039 2623 2091 sic
2652 2036 2923 2089 abstinere
2969 2034 3051 2087 Vel
3091 2032 3340 2101 jejunare
3381 2029 3551 2084 debe-

1957 2144 2106 2197 mus,
2153 2138 2213 2182 ut
2243 2144 2346 2181 non
2380 2142 2476 2181 nos
2502 2125 2777 2195 jejunandi
2814 2124 2893 2178 vel
2919 2122 3219 2179 abstinendi
3246 2118 3550 2175 necessitati

1960 2221 2292 2275 subdamus:
2329 2235 2395 2273 ne
2424 2220 2530 2284 jam
2580 2232 2681 2270 non
2727 2216 2936 2278 devoti,
2980 2215 3073 2267 scd
3116 2213 3265 2267 inviti
3313 2228 3425 2265 rem
3461 2225 3553 2263 vo-

1959 2311 2240 2365 luntariam
2274 2308 2549 2363 faciamus.
2593 2306 2648 2361 Si
2685 2308 2827 2359 enim
2870 2305 3140 2373 quoslibet
3177 2304 3547 2362 advenientes.

1954 2402 2159 2471 jejunio
2189 2400 2518 2463 intermisso,
2544 2401 2753 2463 reficio,
2783 2416 2887 2453 non
2911 2409 2937 2447 ς
2962 2399 3113 2453 solvo
3132 2397 3395 2467 jejunium
3415 2440 3430 2463 ,
3456 2397 3552 2451 sed

1958 2492 2156 2562 impleo
2188 2491 2425 2545 caritatis
2462 2490 2719 2544 officiunt.
2763 2490 3032 2543 Cteterum
3064 2489 3108 2542 si
3140 2498 3361 2557 propter
3387 2488 3552 2540 alisti—

1958 2585 2191 2639 nei.tiam
2213 2584 2518 2653 spirituales
2540 2584 2751 2643 fratres,
2775 2597 2910 2651 quos
2940 2580 3061 2635 novi
3091 2595 3207 2634 mea
3234 2580 3552 2637 remissione

1959 2676 2245 2741 delectari,
2278 2676 2574 2739 contristo;
2606 2673 2926 2728 absuuentia
2962 2687 3077 2726 mea
3112 2686 3219 2724 non
3257 2679 3341 2725 est
3382 2670 3551 2722 virtus

1958 2767 2213 2830 dicenda,
2260 2765 2353 2819 sed
2395 2764 2620 2817 vitium:
2654 2763 2904 2831 quoniam
2952 2761 3168 2832 quidem
3218 2762 3330 2830 ipsa
3381 2760 3548 2815 abstio

1958 2857 2155 2913 tientia:
2182 2871 2244 2911 ac
2265 2856 2589 2926 jejuniorum
2612 2854 2962 2921 continuatio,
2994 2854 3092 2907 nisi
3136 2852 3295 2908 fuerit
3334 2852 3553 2921 quando

1961 2962 2049 3003 res
2112 2948 2275 3015 exigit
2331 2947 2719 3015 pra-termissa,
2772 2952 2825 2997 et
2874 2958 2961 2998 me
3008 2942 3191 3007 inllat,
3239 2953 3293 2997 et
3336 2942 3552 2996 fratrem

1960 3055 2174 3104 meum,
2224 3041 2309 3093 cui
2357 3037 2555 3091 caritas
2607 3037 2761 3106 jubet
2807 3038 3046 3101 servire,
3100 3037 3419 3098 contristat;
3470 3036 3552 3089 Vcl

1962 3139 2111 3185 certe
2158 3129 2287 3183 mihi
2340 3128 2472 3181 nihil
2522 3129 2699 3182 inesse
2749 3127 2984 3180 caritatis
3033 3126 3283 3181 fraterna:
3328 3126 3553 3181 demon-

277 3220 622 3289 parcimonia:
673 3220 877 3273 servire
937 3216 953 3254 ί
999 3216 1255 3272 censendi
1308 3216 1437 3279 sint,
1478 3215 1567 3282 qui
1618 3215 1716 3267 sibi
1752 3230 1855 3269 non
1884 3204 1930 3264 C
1965 3233 2060 3277 sm

1772 3230 1855 3269 Ion
1884 3204 1930 3264 (ἶ
1965 3233 2128 3285 strat;
2158 3236 2280 3276 eum
2312 3222 2428 3275 sine
2468 3220 2790 3274 abstinentia
2830 3220 3124 3288 quemlibet
3164 3220 3433 3274 hominem
3464 3235 3555 3274 ea-

275 3310 574 3378 aliquarnm
619 3324 801 3364 rerum
852 3305 1224 3376 perceptiones
1258 3347 1273 3373 ,
1327 3306 1421 3360 sed
1470 3305 1857 3363 delectationes

276 3398 518 3467 carperis
546 3397 887 3452 interdicunt.

350 3491 407 3543 ἓ.
439 3488 516 3543 Illi
538 3505 751 3558 quoque
782 3488 868 3555 qui
896 3532 909 3555 ,
937 3490 950 3538 l
1005 3497 1188 3556 negata
1222 3488 1321 3543 sibi
1353 3488 1457 3541 vini
1488 3488 1865 3558 perceptione,

279 3580 614 3634 diversorum
640 3580 949 3647 poculorum
975 3579 1277 3647 potionibus
1303 3579 1645 3644 inundantur,
1664 3594 1861 3647 nequa-

279 3685 440 3739 quam
474 3671 602 3725 mihi
631 3671 1007 3725 abstinentiam
1040 3671 1287 3725 videntur
1338 3672 1560 3740 implere
1591 3691 1604 3727 :
1630 3674 1752 3741 quia
1794 3673 1859 3725 ad

284 3765 388 3816 hoc
418 3763 654 3817 fortassis
680 3777 709 3815 a
734 3764 855 3816 vino
886 3778 943 3817 se
972 3764 1305 3831 suspendunt
1333 3774 1388 3817 ut
1410 3775 1712 3818 mercentur
1742 3763 1765 3800 ιι
1795 3764 1864 3818 ab

284 3854 591 3907 hominibus
633 3854 843 3907 laudem
873 3894 885 3916 ,
921 3864 973 3907 et
1011 3852 1025 3889 ι
1062 3853 1331 3907 interdicti
1364 3854 1462 3907 sibi
1500 3854 1605 3907 vini
1640 3869 1863 3922 percep-

286 3942 486 3997 tionem
514 3956 857 4011 compensant
909 3944 1242 3997 suavioribus
1276 3942 1481 4010 poculis
1513 3944 1860 4013 voluptatum.

282 4033 343 4086 ln
385 4032 495 4085 vini
524 4033 664 4087 enim
697 4048 795 4087 usu
842 4050 945 4087 non
977 4049 1004 4085 a
1041 4034 1166 4085 vino
1200 4042 1441 4098 tantum,
1476 4034 1569 4088 sed
1597 4036 1663 4087 ab
1693 4036 1869 4089 omni-

284 4122 386 4177 bus
431 4140 547 4193 quae
594 4125 920 4193 accipientes
950 4125 1229 4186 inebriant.
1269 4126 1351 4179 vel
1384 4126 1451 4179 ab
1472 4127 1590 4179 aliis
1620 4143 1741 4192 quae
1770 4127 1869 4182 etsi

282 4227 390 4268 non
418 4214 752 4281 ehrie-atem,
777 4217 1094 4269 suavitatem
1116 4223 1264 4269 cette
1289 4224 1535 4285 percepta
1555 4217 1867 4285 conciliant,

361 4464 385 4492 ι
417 4454 541 4508 Mss.
569 4467 777 4515 omnes,
800 4452 1047 4507 ordinate.

357 4525 385 4562 δ
418 4524 540 4578 Mss.
574 4534 701 4585 tres.
725 4527 960 4589 omnium
992 4523 1234 4589 politum.

361 4605 383 4633 ε
411 4594 508 4647 Ms.
552 4592 708 4665 Colh.
734 4608 875 4665 unus
900 4631 915 4655 ,
949 4590 1242 4665 pnasianis,
1265 4593 1365 4665 pel
1405 4595 1523 4665 aliis
1554 4596 1730 4649 avibus
1756 4616 1871 4665 pre-

286 4665 431 4723 tiosis
452 4674 540 4737 aut
564 4662 803 4737 piscibus.
831 4661 927 4715 Ms.
952 4662 1104 4728 alter,
1130 4662 1391 4729 pltasiauis
1411 4664 1659 4729 altilibus,
1680 4661 1865 4737 capsis,

288 4733 566 4804 pauonibus
590 4742 635 4785 et
659 4731 799 4796 aliis,
830 4738 934 4804 etc.

362 4802 387 4839 ά
422 4803 548 4873 Mss.
576 4812 835 4873 quatuor.
877 4801 1282 4873 delectationem,
1328 4806 1417 4858 sed
1460 4814 1675 4859 mutare.
1722 4803 1871 4860 Unus

288 4888 359 4927 es
385 4872 466 4925 his
517 4872 603 4924 sed
632 4872 860 4924 invitare.

368 4951 389 4977 ε
425 4942 521 4994 Ms.
551 4956 715 5004 unus,
747 4940 1016 4993 munditia.

370 5009 387 5047 ί
422 5010 547 5064 Mss.
589 5008 725 5077 duo,
753 5019 960 5079 propter
986 5012 1235 5066 stomachi
1260 5018 1551 5069 nauseantis
1574 5016 1874 5068 teneritudi-

293 5096 431 5133 nem.
464 5080 588 5133 Mss.
624 5093 750 5143 tres,
795 5094 887 5147 pro
933 5083 1178 5133 stomachi
1219 5086 1508 5136 nauseantis
1544 5086 1875 5137 teneritudine

291 5150 513 5203 delicata
534 5188 548 5213 ,
573 5147 1004 5223 iliascommttncs
1032 5167 1091 5202 ac
1118 5152 1241 5223 uites
1272 5169 1448 5206 cernes
1476 5154 1709 5223 abjicerc.
1745 5157 1871 5208 Mss.

291 5228 521 5295 quatuor
545 5257 571 5295 ,_
601 5218 845 5295 delicatas
874 5217 992 5272 illas
1020 5236 1080 5271 uc
1100 5222 1219 5276 viles
1255 5239 1431 5277 carnes
1467 5217 1715 5295 abjicere,
1751 5239 1871 5278 cum

291 5288 529 5345 editione
549 5287 717 5355 Lugd.

367 5367 390 5424 8
422 5358 519 5411 Ms.
553 5372 708 5419 unus,
738 5356 1019 5424 pauciores.

365 5423 393 5462 ¹³
424 5428 549 5482 Mss.
605 5423 743 5488 duo,
788 5429 1081 5502 ceterisque
1127 5428 1442 5502 inanimatis.
1495 5433 1590 5502 sui
1623 5434 1871 5502 carparis.

295 5496 395 5551 Ms.
446 5512 582 5570 unus
606 5535 619 5559 ,
657 5496 951 5570 steterisqua
990 5498 1107 5550 aliis
1137 5499 1387 5554 minutiis.
1418 5502 1546 5554 Mss.
1580 5496 1721 5570 Reg;
1748 5503 1873 5565 duo,

292 5566 587 5691 fatalisque
612 5566 728 5619 aliis
754 5566 914 5618 animi
941 5570 1019 5618 sui
1046 5575 1092 5619 et
1122 5570 1369 5637 corporis,
1400 5580 1506 5627 etc.
1536 5574 1607 5625 lta
1636 5566 1689 5626 ei
1712 5572 1878 5627 editio

342 5650 423 5691 nat
453 5673 465 5685 .

342 5650 441 5702 ugu
453 5673 465 5685 .

373 5704 386 5740 ί
427 5704 553 5758 Mss.
583 5705 706 5765 duo,
737 5704 977 5757 censendi
1006 5706 1124 5757 sint.
1160 5706 1259 5759 Alii
1286 5722 1408 5763 cum
1431 5710 1613 5773 editis,
1636 5712 1877 5766 censendi

292 5783 413 5828 sunt
443 5774 575 5830 :sed
598 5775 910 5831 cont-iunior
940 5774 1146 5832 videtur
1176 5778 1413 5847 priorum
1440 5779 1620 5834 lectio.

1970 3311 2223 3364 tltolieum
2272 3310 2469 3364 caritas
2512 3308 2625 3363 sola
2673 3299 2943 3377 perficiat;
2995 3320 3047 3363 et
3082 3319 3103 3346 ν
3146 3325 3333 3363 omnes
3385 3309 3555 3364 absti-

1968 3400 2148 3453 nentia
2204 3409 2295 3453 aut
2350 3398 2531 3469 perdat
2575 3399 2691 3453 sine
2741 3400 3083 3468 atljunctione
3129 3402 3402 3459 caritatis.
3464 3413 3556 3455 aut

1969 3500 2171 3559 pereat.

2040 3579 2091 3633 ἓ.
2127 3580 2261 3647 Quia
2299 3596 2428 3650 ergo
2470 3580 2741 3635 abstinere
2779 3590 2869 3634 aut
2904 3581 3149 3650 jejunare
3188 3581 3346 3635 ctiam
3388 3581 3560 3635 Mani-

1969 3670 2104 3724 chazi
2147 3671 2232 3724 vel
2262 3671 2489 3739 quilibet
2518 3672 2607 3723 alii
2649 3671 2886 3725 haeretici
2922 3680 3176 3738 possunt,
3215 3681 3270 3724 ut
3303 3680 3427 3738 pote
3466 3672 3559 3739 qui

1970 3777 2158 3815 omne;
2187 3776 2379 3815 carnes
2411 3776 2515 3814 non
2550 3776 2643 3827 pro
2674 3760 3028 3825 abstinentia,
3072 3760 3165 3814 sed
3197 3775 3293 3828 pro
3325 3762 3563 3815 immun-

1970 3852 2103 3906 ditia
2138 3852 2490 3911 detestantes,
2524 3865 2749 3916 corpora
2798 3865 2893 3903 sua
2944 3851 3096 3918 panis
3132 3861 3185 3904 et
3237 3867 3388 3919 aqua:
3433 3866 3560 3919 per-

1970 3945 2216 4012 ceptione
2267 3951 2287 3977 '
2336 3943 2674 3996 conficiunt:
2736 3956 2841 3994 non
2904 3957 2998 4009 pro
3051 3957 3247 4010 magno
3306 3943 3566 3997 ducamus

1972 4036 2187 4104 quando
2233 4035 2299 4087 ab
2342 4034 2424 4086 his
2465 4048 2585 4100 qua:
2632 4031 2707 4084 illi
2750 4032 2962 4100 quoque
3004 4033 3280 4101 rejiciunt,
3328 4034 3567 4086 abstine—

1974 4142 2123 4191 mus;
2153 4126 2245 4180 sed
2275 4126 2291 4160 ί
2328 4124 2542 4193 quando
2571 4123 2951 4178 abstinentiam
2996 4134 3235 4177 nostram
3270 4124 3399 4177 lides
3420 4138 3569 4177 com-

1976 4216 2233 4285 mendat,
2278 4216 2579 4283 caritasque
2626 4221 2999 4281 consummat,
3041 4228 3173 4282 quas
3220 4214 3443 4267 virtutes
3493 4212 3571 4266 illi

2059 4458 2071 4507 l
2115 4460 2243 4514 Mss.
2275 4457 2406 4527 Reg.
2462 4458 2587 4521 duo,
2634 4458 2719 4524 qui
2769 4466 2955 4527 negant
2992 4458 3088 4511 sibi
3139 4459 3245 4511 viui
3293 4460 3573 4526 perceptio-

1977 4546 2087 4580 nem
2100 4570 2112 4588 ,
2142 4539 2245 4581 ρις.

2049 4596 2070 4634 ι
2095 4599 2217 4651 llaec
2245 4598 2421 4661 verba,
2444 4600 2504 4649 ab
2528 4597 2833 4662 hominibus,
2864 4599 3183 4666 supplentur
3205 4612 3271 4651 ex
3287 4612 3414 4651 mss.
3441 4613 3570 4664 sex;

1976 4676 2031 4722 et
2061 4668 2281 4722 totidem
2318 4682 2448 4721 is.
2484 4668 2709 4731 habent,
2737 4670 2823 4733 qui
2855 4676 2899 4720 et
2927 4670 2995 4720 ad
3026 4668 3140 4725 hoc.
3168 4676 3273 4721 etc.

2058 4736 2069 4773 ¹
2113 4740 2239 4791 Mss.
2269 4738 2423 4791 Colb.
2460 4738 2585 4792 duo.
2612 4748 2659 4789 et
2694 4739 2972 4790 interdicto
3012 4738 3106 4790 sibi
3135 4736 3250 4790 vino
3281 4754 3447 4807 comp.
3484 4754 3573 4802 po-

1976 4808 2107 4860 culis
2150 4808 2467 4859 suavioribus
2512 4807 2850 4869 voluptatem.
2891 4807 3071 4865 Alius.
3108 4817 3157 4862 et
3185 4808 3441 4859 interdicti
3477 4809 3573 4859 sibi

1976 4879 2079 4929 vini
2107 4886 2438 4941 compensant
2473 4877 2668 4945 poculis
2693 4878 3013 4930 saevioribus
3041 4877 3373 4945 voluptatem.
3399 4878 3572 4938 Alter,

1976 4956 2023 4999 et
2070 4947 2327 4999 interdicti
2360 4947 2457 4999 sibi
2487 4949 2590 4999 vini
2621 4948 2993 5015 perceptionem
3028 4956 3358 5013 compensant
3401 4948 3574 5014 poculi

1976 5018 2223 5069 suavioris
2254 5018 2531 5085 voluptate.

2052 5095 2090 5120 ιιι
2130 5086 2253 5138 Mss.
2280 5096 2507 5154 quatuor
2528 5095 2712 5139 carent
2736 5101 2866 5140 voce
2892 5091 3131 5155 perfecte.
3151 5085 3249 5139 Ms.
3274 5099 3433 5150 unus,
3458 5102 3575 5138 intra

1975 5154 2287 5207 abstinentia
2313 5157 2530 5222 perfecte
2558 5154 2957 5209 consummatus.

2052 5234 2077 5259 η
2116 5225 2256 5277 Edit.
2288 5224 2478 5291 Lugd.,
2509 5242 2568 5277 ea
2603 5226 2785 5286 uitibus
2815 5228 2887 5277 uti
2917 5226 3063 5278 nobis
3096 5224 3407 5278 conceditur.
3442 5222 3568 5277 Mss.

1978 5294 2133 5364 Colh.
2159 5295 2295 5364 duo,
2315 5311 2371 5346 ea
2400 5296 2582 5364 quibus
2624 5297 2832 5347 utimur.
2862 5298 2959 5348 Ms.
2992 5295 3150 5357 alter,
3176 5312 3235 5346 ea
3274 5294 3453 5363 quibus
3498 5294 3575 5347 uti

1981 5363 2124 5415 nobis
2154 5379 2252 5416 non
2281 5363 2417 5419 licet.
2447 5365 2541 5418 Ms.
2571 5364 2783 5429 Camlr,
2809 5366 2880 5417 uti
2908 5365 3051 5417 uobis
3077 5364 3214 5417 libet.

2057 5441 2080 5467 ο
2114 5434 2237 5486 Mss.
2265 5433 2518 5501 quinque,
2545 5436 2769 5503 reliquit.

2055 5512 2080 5551 Ρ
2114 5502 2209 5554 Ms.
2236 5519 2391 5565 unus,
2423 5505 2572 5567 Quod
2606 5507 2728 5555 utile
2757 5503 2841 5555 sit.

2055 5582 2081 5620 (ι
2113 5572 2209 5624 Ms.
2243 5587 2398 5635 unus,
2425 5590 2525 5625 non
2555 5575 2719 5625 solum
2736 5573 2994 5642 jejunium
3012 5612 3027 5635 ,
3050 5570 3139 5625 sed
3157 5611 3172 5639 ,
3196 5578 3301 5625 etc.

2058 5652 2078 5677 τ
2117 5642 2241 5695 Mss.
2267 5642 2395 5704 duo,
2425 5644 2590 5695 omnis
2621 5644 2946 5695 abstinentia.

2058 5718 2076 5745 ³
2113 5710 2182 5762 Ita
2215 5726 2343 5765 mss.
2372 5722 2502 5766 tres.
2531 5712 2669 5767 Editi
2702 5727 2849 5778 vero,
2878 5712 3122 5779 afﬁciunt.

2062 5785 2075 5815 '
2113 5780 2238 5836 Mss.
2262 5795 2353 5837 sex
2373 5826 2386 5851 ,
2410 5783 2569 5853 quod.
