4316 6408
805 382 905 440 ιη

2112 365 2370 427 ιυιιιΑΝι
2407 365 2689 426 ῐιοιίεηιι

3973 363 4079 422 679.

805 513 915 554 non
946 494 1204 552 habentes
1229 490 1472 555 occidere
1503 501 1562 544 se
1600 489 1842 557 possunt,
1861 477 2120 539 aediﬁcari
2147 486 2322 538 autem
2350 486 2376 516 ι
2404 485 2457 546 Α
2482 488 2576 537 aut
2602 477 2825 546 minuit,
2864 484 2918 535 et
2956 475 3214 546 iactantia
3253 473 3463 531 cunctis
3507 473 3725 531 inimica
3763 473 4069 540 virtutibus,

803 600 897 647 aut
933 588 1116 660 perlici
1161 586 1337 643 taliter
1378 577 1698 642 abstinendo
1741 589 1850 632 non
1896 582 2146 646 possunt.
2180 570 2210 611 δ
2249 570 2385 643 Ipsis
2490 584 2653 644 atque
2673 573 2742 630 ab
2762 570 3010 628 omnibus
3032 569 3257 626 omnino
3274 566 3420 624 vitiis
3439 564 3800 660 discedamus,
3823 574 3885 622 ut
3909 567 4073 660 prosit

803 656 1240 740 vero-catholicis
1265 671 1610 739 Christianis,
1641 669 1734 740 qui
1769 669 1886 724 sive
1914 681 2019 722 non
2041 659 2269 721 valendo
2294 661 2391 718 ab-
2491 667 2648 722 nobis
2675 663 2816 738 quod
2844 679 2875 719 a
2902 661 3042 720 cibis
3067 671 3092 705 ο
3116 659 3533 718 delectabilibus
3558 658 3915 717 abstinemus.
3939 656 4072 726 Qui:

806 771 1154 836 stinere,sive
1165 763 1422 831 nolendo,
1433 759 1614 818 omnia
1633 758 1752 816 usui
1770 767 1956 815 nostro
1972 769 2251 822 concessa,
2265 767 2387 810 cum

806 865 1091 935 gratiarum
1120 860 1330 916 actione
1381 855 1711 935 percipiunt,
1771 867 1881 908 non
1929 864 2026 906 nos
2063 855 2279 919 propter
2303 845 2392 900 ab-

804 934 1114 1010 stinentiam
1129 934 1591 1022 pmicramusz‘ue
1613 943 1752 1000 forte
1770 943 1887 1013 plus
1909 937 2223 994 humilitatis
2250 935 2382 990 alia-

805 1029 1307 1116 rumqueiirtutuiu
1349 1038 1581 1094 habeant
1608 1035 1718 1100 illi,
1752 1031 1894 1115 unde
1921 1041 1944 1070 α
1969 1030 2089 1100 jure
2118 1027 2272 1083 nobis
2297 1025 2392 1116 ab-

803 1115 1130 1191 stinentibus
1169 1129 1544 1202 praeferantur.
1589 1123 1848 1193 Quocirca
1888 1121 1932 1176 si
1961 1118 2207 1173 volumus
2237 1115 2394 1186 nobis

806 1230 833 1268 ⁶¹
862 1228 1243 1288 abstinentiam
1277 1223 1512 1282 nostram
1533 1220 1840 1293 jejuniaque
1859 1219 2041 1273 nostra
2060 1215 2341 1286 prolicere,
2362 1228 2392 1268 a

807 1319 1061 1394 superbia
1081 1312 1381 1390 imprimis,
1408 1329 1527 1386 qua
1565 1323 1656 1368 aut
1681 1309 1900 1381 expellit
1928 1323 2117 1366 omnes
2144 1308 2393 1372 virtutes.

881 1469 907 1497 ι
935 1459 1062 1514 Mss.
1085 1451 1643 1527 quatupr,_a:dzﬁcare.

877 1539 906 1567 ο
929 1529 1029 1599 Mrs.
1052 1521 1214 1599 unus,
1240 1521 1353 1595 Ipsi
1376 1537 1513 1599 vero.
1609 1587 1622 1599 ⁸
1670 1597 1676 1599 _
1811 1588 1840 1599 Α.

854 1609 908 1638 ,ο
939 1598 1038 1658 ιιι,
1065 1587 1222 1664 οηιδ.
1245 1587 1406 1658 unus,
1421 1592 1542 1664 jure
1567 1587 1909 1664 abstinemus.
2202 1658 2215 1664 _
2253 1657 2264 1664 ,
2345 1653 2357 1664 .

876 1664 905 1705 ἀ
931 1657 1030 1722 bis.
1059 1663 1213 1722 Colb.
1250 1657 1434 1728 unus,
1459 1660 1581 1714 dum
1623 1659 1958 1721 abstinemus,
1981 1665 2154 1728 nostra
2185 1657 2393 1728 jejunio

808 1737 1078 1807 proﬁcere.
1131 1733 1189 1789 In
1220 1747 1329 1789 uno
1371 1726 1598 1808 habetur
1635 1743 1736 1808 yos
1776 1727 2134 1808 abstinentiam
2153 1726 2398 1808 {absque

807 1797 917 1863 hac
956 1819 1091 1862 voce
1135 1813 1388 1860 nostram.
1429 1801 1488 1856 In
1529 1799 1739 1856 duobus
1781 1797 1975 1868 legitur
2011 1798 2248 1869 jejunio,
2279 1797 2399 1850 sine

2495 766 2624 814 tunc
2662 756 2814 814 nobis
2842 753 3112 826 proderit,
3143 750 3288 824 quod
3316 762 3550 823 corpora
3578 759 3788 818 nostra,
3816 751 3904 808 vel
3931 763 4077 807 certe

2494 863 2782 919 corporum
2823 845 3090 903 incentiva
3132 832 3316 916 rigore
3357 842 3706 900 districtioris
3743 843 4077 901 abstinendus

2496 941 2851 1011 castigamus;
2880 938 2926 992 si
2954 935 3262 994 carnalibus
3285 933 3574 991 desideriis
3595 934 3849 1000 absoluti,
3878 923 4080 991 sanctis

2498 1030 2784 1088 Virtutibus
2811 1029 3119 1090 (loreamus.
3140 1025 3249 1084 Sed
3275 1026 3386 1097 jam
3416 1025 3580 1082 linem
3601 1024 3740 1080 liber
3769 1021 3790 1062 ί
3818 1027 4045 1095 accipiat
4067 1068 4082 1091 ,

2499 1133 2558 1177 ut
2584 1120 2654 1176 de
2679 1117 2963 1174 virtutibus
3002 1131 3065 1173 ac
3093 1116 3266 1188 vitiis,
3288 1115 3432 1172 unde
3470 1115 3560 1172 hic
3593 1114 4084 1186 pauca-tetigimus,

2501 1211 2658 1267 latius
2687 1222 2752 1265 ac
2776 1209 2989 1279 plenius
3017 1215 3043 1255 ι
3065 1206 3119 1263 in
3151 1205 3312 1262 tertio
3339 1204 3639 1272 volumine,
3654 1203 3887 1262 donante
3907 1201 3932 1241 ι’
3948 1203 4084 1270 Deo,

2503 1302 2859 1372 disputemus.
2995 1313 2997 1315 ‘

2498 1439 2600 1496 bac
2623 1433 2759 1496 voce
2786 1444 2982 1494 nostra.

2570 1519 2594 1548 ε
2619 1509 2703 1565 Ita
2745 1521 2877 1565 mss.
2911 1504 3054 1562 Εὐίιί
3094 1518 3258 1574 vero,
3295 1521 3330 1560 a
3362 1504 3488 1561 cibis
3513 1503 3896 1560 delicatioribus
3933 1504 4090 1560 absti-

2496 1594 2736 1636 neamus.

2576 1648 2597 1689 ί
2627 1649 2812 1716 Alias,
2828 1644 3074 1716 postulat.

2573 1729 2599 1769 s
2633 1718 2730 1774 his.
2754 1730 2915 1782 unus,
2937 1717 2992 1770 in
3018 1715 3263 1772 ulteriore
3289 1716 3562 1772 volumine.

2576 1790 2600 1827 δ
2634 1790 2758 1844 Mss.
2781 1787 3043 1859 quinque,
3076 1785 3322 1841 Domino.

823 1927 4089 1965 ΝΜ

1795 2035 2268 2149 LIBER
2343 2035 2543 2142 TE
2555 2031 2859 2139 RTI
2883 2029 3123 2139 US.

1412 2203 1801 2263 PREFATIO.

880 2299 958 2355 De
994 2299 1100 2355 vita
1145 2296 1535 2366 contemplativa
1559 2336 1572 2358 ,
1612 2303 1660 2348 et
1704 2300 1948 2364 quantum
1993 2291 2055 2343 ab
2091 2305 2151 2341 ea
2191 2285 2395 2353 differat

807 2391 1046 2456 actualis,
1070 2389 1148 2444 vel
1187 2387 1405 2457 qualiter
1434 2385 1638 2456 possitis
1661 2385 1824 2453 ipsius
1866 2378 2271 2450 contemﬂativaz
2294 2377 2399 2428 vir-

810 2483 933 2539 tutis
966 2481 1114 2552 ﬁeri,
1148 2486 1177 2519 ⁸
1212 2479 1489 2551 adjuvante
1522 2473 1664 2540 Deo,
1713 2472 2011 2544 participes,
2054 2468 2082 2507 δ
2124 2471 2179 2522 in
2231 2466 2397 2536 primo

807 2571 1064 2627 volumine
1106 2569 1320 2626 absolvi.
1355 2566 1432 2622 De
1489 2565 1683 2620 actuali
1729 2577 1926 2633 quoque
1975 2561 2111 2626 vita,
2153 2558 2240 2612 ubi
2287 2570 2398 2626 qua:

808 2675 939 2721 esset
971 2662 1227 2737 religiose
1274 2658 1634 2730 increpationis
1657 2655 1872 2727 {utilitas
1898 2671 1959 2709 ac
1988 2653 2246 2724 patientiae
2289 2654 2395 2707 vir-

809 2767 890 2812 tus
920 2765 944 2796 α
969 2764 1227 2810 ostensum
1278 2763 1386 2819 est,
1431 2761 1479 2806 et
1520 2750 1739 2822 qualiter
1789 2749 2068 2803 tractanda
2110 2757 2272 2802 essent
2312 2762 2398 2801 ec-

808 2848 977 2904 clesia
1005 2848 1298 2918 facultates,
1324 2844 1402 2901 vel
1433 2845 1497 2898 de
1525 2843 1676 2898 modo
1695 2840 1723 2880 τι
1752 2840 2040 2912 spiritualis
2056 2839 2394 2904 abstinentia,

809 2953 925 3004 quia
953 2935 1169 2991 dicenda
1196 2934 1306 2989 visa
1331 2943 1485 2999 sunt,
1517 2931 1626 2986 Deo
1655 2931 1896 2996 donante,
1927 2930 1984 2983 in
2006 2928 2229 2985 secundo
2266 2926 2399 2983 libro

809 3029 1054 3085 disserui.
1107 3027 1266 3085 Nunc
1317 3034 1548 3096 superest
1594 3032 1652 3078 ut
1698 3021 2096 3091 disputationem
2148 3021 2214 3074 de
2263 3020 2400 3075 vitiis

808 3129 958 3192 atque
983 3118 1270 3186 v'irtut'bus,
1302 3133 1405 3176 non
1447 3115 1656 3186 ingenio
1697 3115 1880 3186 fretus,
1912 3113 2062 3184 cujus
2100 3109 2231 3166 mihi
2270 3125 2398 3165 eon-

810 3213 944 3268 scius
973 3227 1076 3267 non
1114 3226 1258 3277 sum,
1283 3207 1373 3263 sed
1405 3217 1428 3246 ⁸
1458 3204 1721 3266 orantibus
1745 3202 1885 3258 vobis
1912 3200 2236 3274 adjuvandus
2260 3199 2394 3254 inci-

813 3302 976 3371 piam.
1507 3363 1515 3366 _

1423 3384 1807 3442 ELENCBUS.

883 3477 1064 3535 Cum
1097 3478 1138 3534 I.
1173 3481 1434 3546 Quantum
1463 3492 1496 3530 a
1520 3477 1650 3531 veris
1691 3473 1960 3530 virtutibus
1994 3471 2236 3545 virtutum
2258 3469 2404 3525 simi-

814 3569 1057 3624 litudiurs
1075 3569 1280 3623 distent.

883 3658 1013 3716 CAP.
1044 3658 1106 3715 II.
1145 3658 1296 3725 Quod
1324 3659 1564 3730 superbia
1599 3659 1665 3713 sit
1693 3656 1946 3711 malarum
1969 3655 2196 3710 omnium
2225 3668 2399 3707 causa.

827 3749 832 3752 ’
883 3749 1015 3807 Car.
1047 3749 1136 3807 III.
1178 3749 1328 3817 Quod
1366 3749 1634 3818 superbia,
1669 3764 1734 3803 es:
1768 3763 1868 3817 qua
1906 3745 2186 3816 procedunt
2231 3741 2404 3797 omnia

2435 2196 2484 2257 Β
2579 2194 2707 2248 CAP.
2735 2192 2830 2252 XI.
2869 2192 2947 2247 De
2977 2191 3194 2247 utilitate
3217 2191 3434 2258 timoris,
3457 2199 3505 2245 et
3527 2191 3664 2258 quod
3685 2189 3952 2261 edicaciter
3968 2205 4064 2259 pec

2499 2289 2627 2342 catis
2658 2288 2889 2344 obsistat.

2571 2378 2702 2434 CAP.
2734 2377 2846 2433 XII.
2878 2376 2950 2431 De
2979 2379 3154 2449 futuro
3173 2377 3394 2449 judicio,
3416 2377 3494 2431 vel
3523 2375 3805 2432 aeternitate
3823 2374 4088 2446 supplicii,

2501 2485 2561 2523 ac
2585 2470 2650 2524 de
2671 2469 2919 2541 qualitate
2944 2469 3207 2541 gelicnttte.

2572 2558 2700 2613 Car.
2731 2558 2866 2616 XIII.
2899 2558 2977 2613 De
2998 2558 3153 2612 laude
3173 2558 3426 2613 caritatis.

2568 2647 2698 2704 CAP.
2733 2648 2876 2703 XIV.
2910 2647 3144 2713 Qualiter
3173 2648 3368 2716 possint
3399 2663 3458 2702 ea
3487 2663 3604 2717 qua:
3633 2653 3694 2701 de
3719 2653 3932 2701 caritate
3964 2661 4088 2700 san-

2501 2749 2612 2795 ctus
2632 2739 2909 2809 Apostolus
2939 2741 3104 2806 dixit,
3139 2739 3379 2812 intelligi.

2569 2834 2702 2890 Car.
2735 2833 2854 2891 XV.
2887 2835 3147 2903 Quantum
3176 2834 3500 2904 perfectionis
3530 2833 3717 2888 caritas
3739 2834 3791 2887 in
3814 2848 3869 2888 se
3895 2832 4090 2905 [unda-

2503 2925 2566 2979 tis
2592 2926 2848 2981 exhibeat.

2571 3019 2702 3076 CAP.
2736 3017 2872 3077 XVI.
2906 3017 2982 3074 De
3007 3020 3255 3090 qualitate
3275 3021 3495 3084 virtutis,
3519 3030 3564 3074 et
3599 3019 3825 3090 qualiter
3845 3018 3947 3079 sibi
3965 3034 4089 3073 con-

2502 3111 2774 3168 sentientes
2803 3113 3068 3184 infamet.

2570 3201 2702 3259 Car.
2730 3201 2889 3259 XVII.
2925 3202 3116 3271 Qoibus
3140 3202 3384 3275 gradibus
3409 3203 3638 3259 conversi
3666 3203 3721 3258 in
3748 3203 3951 3258 culmen
3975 3220 4091 3276 pcr~

2503 3293 2736 3365 lectionis
2762 3294 3061 3349 ascendant.

2578 3385 2708 3439 CAP.
2741 3382 2929 3439 XVIII.
2974 3382 3102 3449 Qute
3143 3384 3209 3437 sit
3245 3382 3564 3454 quaternarii
3603 3383 3805 3438 numeri
3835 3382 4092 3438 credatda

2508 3473 2780 3542 perfectio;
2805 3482 2850 3527 et
2870 3472 3007 3544 qudd
3028 3484 3244 3542 quatuor
3265 3473 3492 3538 virtutes,
3511 3486 3629 3543 qua
3649 3472 3802 3527 dicta
3817 3480 3936 3526 sunt
3957 3472 4094 3543 prin-

2428 3559 2474 3621 C
2505 3562 2712 3634 cipales,
2745 3578 2809 3617 ex
2831 3561 2935 3632 fide
2961 3563 3179 3628 viventes
3200 3577 3234 3615 a
3260 3559 3372 3615 Deo
3400 3561 3603 3616 collata:
3619 3561 3930 3632 justiﬁcent.
3996 3605 4001 3608 .

2574 3653 2704 3710 Cas.
2730 3651 2873 3710 XIX.
2907 3651 2987 3708 De
3016 3653 3362 3721 temperantia
3382 3650 3650 3722 qualitate,
3677 3652 3757 3706 vel
3775 3668 3947 3723 apere.

2577 3745 2707 3801 CAP.
2738 3744 2858 3800 XX.
2893 3744 3081 3814 Quales
3109 3761 3218 3800 esse
3245 3745 3460 3799 debeant
3491 3759 3617 3816 quos
3648 3744 3809 3800 animi
3843 3745 4091 3816 fortitudo

815 3841 985 3905 mala,
1022 3841 1331 3894 humilitatis
1359 3839 1541 3893 virtute
1568 3839 1821 3902 vincatur,
1849 3846 1899 3890 et
1925 3834 2098 3897 omnia
2129 3833 2252 3888 vitia
2284 3843 2404 3886 tunc
2508 3836 2760 3891 nobilitat.

817 3930 1000 3999 fugata
1027 3931 1325 3996 depereant,
1343 3927 1388 3983 si
1407 3927 1676 3982 virtutibus
1702 3925 1902 3980 cedant.

889 4020 1020 4075 Car.
1055 4019 1142 4074 IV.
1175 4018 1252 4073 De
1276 4018 1594 4088 cupiditate,
1626 4016 1646 4056 ι
1670 4033 1787 4088 qute
1812 4018 1886 4072 ita
1923 4027 1998 4072 est
2037 4018 2196 4072 mixta
2223 4031 2412 4089 super-

818 4113 945 4178 bile,
977 4121 1033 4166 ut
1075 4110 1206 4175 m’hil
1243 4111 1439 4181 peccati
1474 4109 1568 4180 ﬁat
1601 4109 1741 4181 quod
1779 4125 1881 4164 non
1922 4126 1986 4164 ea:
2029 4121 2244 4177 utraque
2285 4123 2409 4180 pro-

815 4203 988 4260 cedat.

887 4296 1020 4352 Car.
1055 4295 1118 4350 V.
1166 4295 1284 4361 Quo
1326 4293 1488 4348 animi
1528 4301 1778 4348 tormento
1827 4291 2029 4346 invidos
2086 4291 2277 4363 afﬂigat
2324 4292 2406 4346 in-

815 4385 974 4439 vidia.

847 4493 852 4496 ·
885 4472 1016 4529 Car.
1055 4473 1142 4527 Vl.
1172 4470 1240 4526 In
1265 4486 1383 4544 qua:
1405 4480 1454 4527 et
1478 4480 1669 4542 quanta
1689 4472 1828 4526 mala
1847 4462 2262 4541 concupiscentia
2288 4487 2406 4527 car-

815 4567 896 4622 nis
920 4571 1184 4636 erumpat,
1207 4565 1253 4619 si
1277 4572 1304 4612 8
1330 4563 1575 4618 eiemens
1594 4571 1839 4633 corrupta
1865 4563 2172 4618 consentiat.

886 4654 1014 4713 Cu.
1050 4655 1158 4711 VII.
1188 4655 1340 4724 Quod
1364 4656 1516 4710 etiam
1542 4653 1599 4710 lii
1626 4670 1755 4726 quas
1776 4654 1840 4709 ab
1863 4650 1894 4693 δ
1918 4655 2239 4726 impudicitia
2265 4671 2406 4727 qutu-

819 4746 939 4801 libet
967 4747 1233 4802 necessitas
1261 4754 1424 4812 setat,
1453 4745 1498 4800 si
1525 4746 1688 4800 vivere
1713 4745 1902 4817 pudice
1935 4755 2302 4816 consuescant,
2334 4749 2403 4801 ad

819 4850 1047 4891 amarent
1072 4835 1651 4903 castitatisfascestdant.

2577 3927 2707 3982 CAP.
2735 3926 2878 3983 XXI.
2911 3926 2990 3983 De
3007 3929 3326 3998 justitia,vel
3349 3927 3471 3998 fide,
3487 3944 3602 3998 quas
3623 3943 3688 3984 ea:
3705 3930 3820 3998 ipsa
3843 3930 4091 3999 procedit.

2579 4020 2708 4076 CAP.
2738 4018 2900 4074 XXII.
2933 4019 3010 4074 De
3041 4021 3367 4090 (equalitate;
3393 4020 3527 4090 quod
3564 4021 3635 4076 ad
3667 4021 3894 4078 eaan
3933 4025 4091 4096 perti-

2509 4121 2624 4168 neat
2650 4112 2892 4166 humana:
2914 4113 3170 4167 societatis
3191 4113 3405 4168 utilitas.

2579 4205 2714 4262 Car.
2743 4204 2934 4262 XXIII.
2968 4205 3120 4272 Quod
3146 4206 3250 4261 duo
3271 4208 3374 4261 sint
3401 4206 3672 4276 iniustitia!
3698 4221 3903 4277 genera.
3927 4243 3929 4247 ι

2560 4295 2712 4352 CAP.
2749 4294 2938 4350 XXIV.
2972 4295 3046 4350 De
3073 4295 3398 4366 liberalitate,
3433 4305 3481 4352 et
3506 4297 3725 4367 qualiter
3757 4296 4094 4367 beneﬁcentia

2507 4401 2636 4457 apus
2663 4386 2840 4442 debeat
2865 4388 3109 4441 exerceri.

2578 4478 2713 4535 CAP.
2744 4477 2918 4535 XXV.
2944 4478 3020 4533 De
3043 4478 3337 4546 differentia
3360 4494 3625 4546 amarunt,
3660 4490 3711 4536 et
3751 4488 4000 4552 quantum
4031 4482 4095 4534 ab

2507 4571 2583 4626 eis
2609 4569 2813 4637 differat
2843 4575 3071 4642 perfecta
3098 4570 3329 4626 dilectio.

2577 4660 2708 4718 Car.
2739 4661 2932 4718 XXVI.
2970 4657 3107 4729 Quid
3130 4664 3198 4718 sit
3227 4679 3325 4718 sua
3346 4665 3527 4735 cuique
3551 4665 3792 4746 tribuere.

2578 4750 2709 4808 Car.
2739 4751 2952 4809 XXVII.
2987 4751 3139 4819 Quod
3175 4753 3430 4810 naualem
3469 4757 3625 4811 vitam
3655 4765 3755 4812 tres
3786 4757 4015 4823 virtutes,
4040 4757 4094 4812 id

2509 4851 2613 4908 est,
2646 4844 3000 4913 temperantia,
3027 4843 3277 4915 fortitudo
3305 4844 3610 4914 justitiaque
3641 4853 4021 4914 consummant,
4049 4857 4097 4903 et

889 4925 1018 4983 CAP.
1055 4925 1186 4981 VIII.
1219 4925 1417 4994 Quibus
1453 4925 1657 4981 indiciis
1697 4928 1859 4998 possit
1894 4928 2099 4982 ostendi
2136 4929 2490 4999 superbia,D
2513 4934 2805 5006 prudentia,
2835 4950 2952 5002 quae
2991 4944 3067 4990 est
3089 4946 3297 5007 .quarta
3333 4937 3516 5005 virtus,
3564 4938 3721 4993 menti
3759 4940 4097 5011 cognitionem

817 5034 932 5090 qua
949 5020 1029 5074 vel
1055 5021 1111 5072 in
1137 5019 1350 5090 perditis
1376 5029 1558 5088 aperta
1579 5026 1654 5073 est
1669 5057 1687 5086 ,
1715 5019 1794 5075 vel
1821 5019 1874 5074 in
1895 5020 2033 5090 [ictis
2057 5021 2278 5080 occulta.

887 5110 1020 5165 Car.
1053 5107 1144 5164 IX.
1191 5107 1386 5177 Quibus
1428 5108 1587 5179 siqnis
1637 5109 1930 5164 invidorum
1982 5112 2274 5168 declaretur
2318 5115 2404 5168 in-

853 5199 922 5253 im.

889 5238 1021 5346 ab.
1051 5289 1123 5345 X.
1157 5287 1554 5358 Quantinnelis
1576 5289 1777 5346 vanitas
1792 5305 1952 5345 vanos
1981 5290 2228 5351 involvat.

893 5476 922 5506 ιι
951 5467 1049 5523 ιιι.
1093 5465 1246 5525 Colb.
1286 5481 1449 5534 unus,
1483 5470 1787 5538 participes,
1830 5468 1939 5526 Deo
1995 5474 2306 5546 adjuvaute,
2352 5478 2405 5532 in

826 5551 1014 5606 pruna,
1035 5546 1142 5592 etc.

895 5605 923 5644 ⁵
954 5609 1080 5660 Mss.
1103 5620 1228 5675 sex,
1251 5607 1475 5675 primum
1500 5608 1736 5664 volumen
1757 5610 1968 5666 absolvi.

897 5684 921 5746 ς
950 5675 1038 5746 Sic
1063 5687 1163 5729 ms.
1182 5674 1335 5732 Colb.
1360 5678 1515 5732 uuits.
1541 5677 1644 5732 Alii
1667 5692 1789 5734 cum
1814 5682 1962 5746 edd,
1983 5691 2185 5739 ostensa
2210 5695 2306 5741 est.

896 5738 922 5780 ιι
956 5743 1030 5799 Ita
1065 5758 1194 5802 mss.
1233 5757 1478 5814 quatuor.
1522 5748 1618 5802 us.
1653 5751 1812 5815 alter,
1850 5751 1912 5806 de
1947 5738 2102 5808 motu.
2133 5738 2406 5824 enim.

2512 5041 2680 5082 rerum
2701 5026 2968 5082 latentium
2996 5035 3221 5098 prestat.

2582 5114 2708 5173 Car.
2741 5115 2982 5173 XXVIII.
3009 5116 3090 5173 De
3125 5116 3303 5173 sociali
3335 5119 3560 5187 virtute;
3587 5128 3636 5175 et
3661 5119 3800 5190 quod
3825 5135 3930 5175 non
3965 5131 4097 5174 recte

2512 5209 2702 5368 geciant
2727 5210 2844 5280 qui,
2873 5225 2993 5268 eum
3029 5212 3259 5282 possint,
3287 5212 3417 5268 nihil
3443 5214 3679 5269 humanis
3713 5214 3943 5270 societati
3978 5230 4098 5285 pro-

2551 5302 2713 5356 ciunt.

2551 5302 2713 5356 ciunt.

2513 5480 2668 5536 dono.

2577 5561 2602 5620 ἐ
2629 5552 2722 5608 bis.
2744 5550 2897 5611 Colb.
2920 5567 3078 5620 unus,
3113 5555 3428 5610 orationibus
3449 5557 3649 5612 vestris.

2581 5619 2600 5660 ί
2633 5622 2938 5696 biss._Regii
2961 5623 3090 5692 duo,
3117 5624 3256 5696 quod
3278 5625 3350 5679 ita
3374 5627 3436 5680 sit
3464 5628 3646 5681 mixta.

2577 5701 2603 5759 β
2638 5693 2740 5748 Ms.
2761 5690 3109 5759 Camberon.,
3129 5690 3177 5749 'si
3201 5697 3268 5749 ei.

2575 5758 2604 5799 ⁸³
2626 5762 2960 5828 Μιεειωὺη
2979 5765 3042 5820 ab
3068 5758 3410 5830 itttpudentia.
