4516 6408
316 392 420 447 ιτδ

1366 381 1455 439 DE
1494 378 1655 437 VITA
1693 374 2273 445 CONTEHPLATIVA
2316 376 2443 433 LIB.
2488 374 2574 432 III.

3517 374 3615 429 ιη

387 507 514 562 ειν.
549 502 740 560 XXIX.
779 500 929 570 Quod
950 501 1014 555 de
1040 498 1327 572 prudentior
1357 512 1419 552 ac
1458 493 1725 567 sapientiae
1768 492 1909 563 fonte
1935 491 1989 556 Α
2015 493 2214 564 perbns
2255 493 2368 549 vult
2392 502 2419 541 s
2448 508 2509 550 se
2535 490 2682 548 credi
2723 496 3087 552 constantem.
3132 487 3386 559 prodigus
3412 475 3615 545 libera-

310 599 648 668 cognltirmem
697 596 921 651 omnium
962 607 1133 647 rerum
1174 589 1387 657 bibant,
1438 588 1529 659 qui
1563 585 1909 658 percipienda:

300 690 541 746 putentia:
568 689 818 759 ferventer
838 684 1126 756 irwigilant.

384 766 516 834 Car.
549 777 718 834 XXX.
748 774 901 842 Quod
931 775 1206 844 prudentes
1238 786 1338 827 nec
1363 769 1482 825 aliis
1524 777 1777 836 noceant,
1818 782 1911 823 nec

307 870 409 924 sibi
436 868 607 923 noceri
628 867 958 939 permittant,
975 864 1177 933 etquod
1201 864 1273 917 eis
1285 861 1355 916 ibi
1378 862 1445 916 sit
1462 859 1575 915 sine
1592 859 1913 913 admixtione

308 960 538 1030 alicujus
572 957 763 1013 erroris
798 964 1149 1011 consummata
1192 951 1503 1023 prudentia,
1544 949 1632 1004 ubi
1668 948 1764 1004 erit
1800 948 1911 1003 sine

308 1049 421 1104 ulla
460 1058 669 1117 peccato
698 1049 801 1102 vita
836 1049 1082 1118 perfecta.

383 1141 514 1195 Car.
546 1137 742 1195 XXXI.
787 1136 867 1191 De
909 1135 1273 1203 affectionibus
1303 1143 1561 1206 quatuor;
1599 1136 1738 1203 quod
1780 1133 1912 1186 inter

305 1234 431 1289 vitia
458 1232 718 1287 numerari
741 1247 843 1286 non
872 1230 1120 1294 debeant,
1147 1230 1194 1283 si
1221 1245 1399 1285 carum
1422 1244 1545 1282 usus
1572 1243 1636 1282 ca:
1663 1228 1795 1280 bona
1822 1241 1910 1280 co-

309 1325 511 1379 luntate
536 1322 801 1393 procedat.

382 1411 511 1468 Car.
545 1409 758 1466 XXXII.
795 1409 948 1475 Quod
984 1409 1039 1462 Iti
1083 1407 1298 1475 a/Tectns
1341 1407 1455 1461 sine
1480 1405 1667 1475 quibus
1706 1405 1759 1458 in
1808 1404 1906 1458 hac

305 1502 416 1556 vita
433 1512 571 1556 recte
586 1516 687 1555 non
708 1500 911 1562 vivitur,
926 1501 975 1552 in
998 1499 1090 1552 illa
1110 1502 1292 1568 fu'ura
1317 1495 1631 1551 beatitudine
1650 1512 1754 1550 non
1776 1495 1903 1558 sint,

303 1607 424 1662 qua:
448 1607 538 1645 nec
564 1591 794 1645 timorem
823 1590 1063 1643 habitura
1087 1600 1194 1657 est,
1218 1578 1319 1644 nec
1338 1588 1591 1643 dolorem.

379 1680 513 1735 Car.
543 1679 777 1735 XXXIII.
811 1679 1045 1746 Qualiter
1083 1683 1294 1733 virtutes
1335 1690 1578 1751 quatuor,
1608 1696 1721 1732 aute
1758 1679 1909 1735 diem

303 1781 424 1825 sunt
438 1770 763 1841 principales,
780 1780 870 1823 aut
884 1771 937 1823 in
965 1770 1206 1840 presenti
1216 1784 1310 1823 nos
1320 1786 1353 1821 a
1368 1779 1577 1839 peccato
1590 1769 1872 1839 defendant
1888 1809 1905 1836 ,

2015 585 2119 639 lem
2144 582 2193 653 ιι,
2227 598 2421 639 avarus
2450 583 2761 653 diligentem
2781 622 2797 649 ,
2838 580 3161 637 temerarius
3190 580 3386 635 fortem
3406 620 3422 643 ,
3457 582 3615 634 inhu-

1948 746 1953 749 ν
2014 690 2208 730 manus
2230 689 2474 745 parcum,
2503 674 2723 745 gulosus
2748 673 3040 727 humanum
3058 712 3073 737 ,
3103 672 3327 742 ignavus
3349 673 3612 741 quietum,

2015 766 2235 821 timidus
2282 776 2521 821 cautum.
2564 763 2579 801 ί
2614 763 2950 834 lmpudentia
3004 761 3215 818 ﬁducizn
3256 762 3359 825 sibi
3416 776 3615 818 nomen

2013 854 2271 920 ascribit,
2324 854 2623 925 procacitas
2669 853 3087 923 appellationem
3141 852 3403 907 libertatis
3444 852 3458 903 i
3514 853 3616 906 el;-

2015 945 2213 1010 tendit,
2240 934 2605 1015 eloquentiam
2637 944 2790 1014 lingit
2829 944 3163 1009 verbositas,
3200 950 3257 996 et
3280 942 3615 997 curiositatis

2012 1037 2213 1091 malum
2250 1036 2352 1091 sub
2388 1035 2551 1089 studii
2592 1034 2889 1104 spiritualis
2931 1033 3115 1088 colore
3152 1032 3439 1098 delitescit.
3488 1032 3615 1087 [late

2012 1128 2111 1183 etsi
2153 1136 2377 1197 possunt
2420 1126 2635 1196 ingenio
2684 1126 2920 1180 humano
2963 1122 3221 1188 discerni,
3264 1132 3451 1177 tamen
3494 1123 3614 1177 sine

2012 1218 2157 1272 dono
2190 1219 2312 1282 Dei,
2349 1227 2608 1287 quantum
2640 1216 2772 1270 mihi
2813 1214 3041 1281 videtur,
3075 1229 3178 1269 nec
3221 1214 3448 1267 virtutes
3480 1226 3604 1282 pos-

2010 1321 2139 1367 sunt
2172 1313 2353 1382 appeti
2390 1311 2413 1348 ι
2451 1312 2536 1367 vel
2580 1312 2801 1377 haberi;
2844 1325 2947 1367 nec
2986 1326 3171 1365 carum
3206 1309 3613 1377 similitudines,

2010 1418 2132 1473 qute
2170 1413 2295 1458 sunt
2323 1404 2450 1459 vitia
2485 1404 2713 1460 virtutes
2750 1405 3044 1469 imitantia,
3078 1403 3379 1460 declinari:
3412 1404 3464 1458 in
3497 1413 3616 1457 ωηο

2012 1506 2155 1563 tum,
2186 1507 2240 1550 ut
2272 1495 2581 1555 inﬁdelibus
2613 1494 2746 1550 nihil
2776 1493 3043 1565 profuisse
3069 1494 3377 1560 credamus,
3402 1493 3614 1548 etiamsi

2011 1598 2137 1643 sunt
2166 1589 2373 1660 aliquas
2400 1603 2498 1658 per
2529 1602 2727 1658 corpus
2753 1590 2966 1659 Oper-sti
3000 1588 3250 1656 virtutes,
3281 1589 3423 1658 quod
3466 1585 3485 1627 ι
3519 1602 3615 1643 eas

2012 1698 2112 1739 nec
2140 1698 2171 1738 a
2206 1683 2315 1737 Deo
2343 1698 2441 1737 suo
2466 1697 2527 1737 se
2552 1682 2828 1751 accepisse
2854 1680 3232 1751 crediderunt,
3272 1696 3375 1737 nec
3394 1681 3459 1735 ad
3487 1696 3612 1736 eum

2012 1779 2101 1848 qui
2130 1784 2215 1832 est
2242 1775 2365 1831 finis
2395 1775 2658 1830 bonorum
2690 1774 2930 1829 omnium
2973 1774 3182 1831 referre
3212 1775 3516 1829 voluerunt.
3549 1774 3617 1829 Et

304 1872 399 1915 aut
430 1862 485 1913 in
513 1870 756 1915 aeternum
780 1860 1046 1914 nobi~cum
1072 1861 1181 1914 sine
1197 1858 1309 1913 ullo
1323 1869 1528 1930 peccato
1549 1871 1904 1931 permaneant.
1942 1860 1986 1921 Β
2012 1868 2141 1931 quid
2169 1868 2312 1934 dico,
2335 1867 2466 1921 nihil
2488 1868 2568 1922 eis
2591 1865 2943 1936 profuerunt?
2965 1867 3075 1921 imo
3099 1866 3262 1921 etiam
3290 1875 3613 1929 nocuerunt,

379 1952 508 2009 CAP.
542 1951 785 2008 XXXIV.
817 1951 917 2007 Ubi
942 1968 999 2005 se
1024 1951 1226 2006 locutor
1251 1954 1316 2006 de
1340 1962 1445 2006 toto
1470 1969 1623 2021 opere
1646 1965 1872 2008 excusat.

826 2064 1053 2121 CAPUT
1089 2066 1381 2123 PRIMUM.

379 2160 650 2226 Quantum
676 2176 707 2212 a
736 2161 864 2212 veris
889 2160 1159 2212 virtutibus
1189 2160 1432 2213 virtutum
1472 2160 1835 2217 similitudines

996 2228 1207 2282 distent.

380 2344 428 2395 I.
464 2352 491 2380 ι
518 2341 796 2409 Qnmsistis
824 2353 1083 2410 quantum
1105 2358 1133 2394 n
1158 2342 1299 2397 veris
1326 2344 1616 2398 virtutibus
1646 2328 1904 2400 virtutum

298 2433 685 2488 similitudines
726 2432 950 2487 distent.
981 2432 1097 2487 Non
1142 2432 1264 2487 dico
1290 2443 1552 2501 quantnn
1598 2449 1628 2487 a
1672 2435 1792 2487 med
1818 2450 1906 2489 ca-

298 2534 486 2579 ntent»
528 2539 839 2580 venenum:
882 2526 1004 2594 quia
1056 2524 1507 2579 medicamentum
1584 2526 1652 2578 ita
1706 2540 1906 2593 corpus

297 2616 584 2687 aliquoties
620 2626 804 2683 sanat,
832 2624 893 2671 ut
935 2616 988 2671 id
1032 2616 1327 2673 defendere
1356 2633 1385 2670 a
1434 2622 1624 2671 mortis
1669 2618 1906 2673 necessi-

300 2720 411 2762 tate
443 2723 475 2763 n
498 2723 549 2762 vn
579 2708 783 2769 Valeat,
810 2716 868 2761 et
904 2722 1168 2762 venenum
1201 2724 1311 2763 non
1348 2707 1551 2764 auferri
1586 2709 1714 2763 facit
1739 2712 1901 2764 vitam

298 2801 549 2869 corpori,
577 2801 729 2871 quasi
761 2802 1053 2856 auferenda
1081 2817 1185 2856 non
1226 2815 1403 2869 esset,
1440 2804 1543 2857 nisi
1587 2803 1772 2860 fuisset
1814 2822 1904 2861 nc-

298 2899 538 2958 ceptum,
578 2891 675 2946 sed
718 2892 986 2947 accelerat
1006 2893 1252 2963 corporis
1295 2903 1557 2961 mortem,
1600 2898 1742 2965 quod
1786 2907 1904 2953 erat

302 2980 578 3050 aliquanto
615 2980 819 3037 diutius
859 2981 998 3038 forte
1041 2984 1327 3038 victurum.
1374 2984 1483 3040 Sed
1515 2985 1672 3051 plane
1708 2986 1829 3041 dico
1871 3002 1902 3042 a

301 3072 447 3127 veris
472 3072 754 3129 virtutibus
796 3084 1000 3129 tantum
1044 3076 1431 3131 similitudines
1480 3076 1688 3133 di~tare
1729 3079 1902 3133 virtn~

300 3170 451 3229 tum,
483 3174 738 3234 quantum
784 3165 949 3220 distat
985 3180 1020 3221 a
1066 3168 1292 3224 veritate
1341 3168 1728 3224 mendacium:
1776 3170 1899 3240 quia

298 3262 360 3309 et
378 3253 670 3309 similitudo
700 3254 933 3320 virtutis,
955 3270 1075 3326 qua:
1103 3256 1315 3313 videtur
1343 3260 1516 3314 virtus
1544 3274 1688 3325 esse,
1717 3258 1746 3299 δ
1778 3274 1902 3316 cum

299 3348 472 3403 virtus
513 3365 620 3403 non
655 3350 756 3415 sit,
792 3349 925 3405 nihil
966 3359 1097 3406 cst°
1128 3352 1275 3407 aliud
1319 3369 1481 3424 quam
1528 3356 1905 3423 mendacium;

2011 1958 2225 2014 dicente
2252 1957 2289 1977 ¹¹
2316 1957 2578 2027 Apostolo
2604 1974 2616 2009 :
2656 1956 2818 2011 Omne
2860 1959 2999 2026 quod
3042 1972 3148 2010 non
3172 1966 3246 2011 est
3278 1973 3341 2010 ea:
3369 1958 3471 2025 ﬁde
3499 1973 3617 2025 pec-

2010 2061 2178 2104 catum
2208 2060 2279 2103 est
2312 2048 2469 2120 (Rom
2499 2064 2607 2111 xxv,
2632 2049 2749 2118 ‘25).
2779 2046 2895 2103 Non
2923 2046 3091 2113 dixit,
3122 2049 3296 2104 Omne
3320 2048 3463 2117 quod
3508 2065 3613 2100 non

2009 2150 2094 2196 est
2130 2157 2195 2195 ex
2235 2141 2362 2207 llde,
2398 2140 2526 2193 nihil
2558 2148 2675 2203 est;
2712 2140 2807 2195 sed
2847 2140 3098 2206 dicendo,
3125 2143 3296 2194 Omne
3325 2140 3466 2210 quod
3509 2156 3615 2193 non

2010 2244 2095 2290 est
2131 2251 2200 2289 ex
2234 2234 2338 2288 lide
2354 2244 2634 2302 peccaturo
2658 2243 2762 2297 eu,
2785 2231 3081 2287 declaravit
3103 2232 3247 2302 quod
3270 2234 3448 2287 Omnia
3476 2233 3614 2286 bona

2009 2335 2102 2381 ant
2129 2342 2200 2383 ex
2236 2326 2339 2381 lide
2370 2335 2519 2395 gesta
2553 2326 2780 2379 virtutes
2812 2332 2968 2390 sunt,
2997 2338 3117 2393 quae
3148 2324 3393 2393 profecto
3417 2323 3615 2393 justiti-

2009 2430 2162 2485 cant;
2191 2427 2285 2473 aut
2313 2418 2355 2471 si
2398 2416 2600 2470 fuerint
2640 2417 2758 2471 sine
2792 2416 2919 2481 lide,
2953 2431 3057 2470 non
3101 2426 3225 2469 sunt
3266 2418 3445 2483 aliqua
3475 2417 3617 2469 bona

2008 2513 2309 2577 credenda,
2342 2510 2436 2567 sed
2469 2510 2630 2571 vitia;
2654 2525 2773 2579 quat
2810 2524 2916 2563 non
2950 2510 3141 2579 juvant
3161 2522 3289 2563 suos
3310 2510 3614 2576 operarios,

2010 2605 2105 2660 sed
2137 2604 2534 2664 condemnant,
2568 2598 2891 2666 inﬂatosque
2919 2600 3279 2669 pracipitant,
3308 2607 3470 2669 atque
3497 2614 3526 2652 a
3556 2598 3617 2652 [i-

2010 2697 2165 2751 nihus
2187 2706 2405 2749 aeterna:
2431 2692 2620 2747 salutis
2642 2690 2945 2745 eliminant.

2080 2786 2133 2841 5.
2178 2784 2284 2841 Sed
2310 2784 2437 2855 quid
2468 2797 2571 2853 ego
2594 2791 2621 2817 υ
2652 2781 2769 2835 11ωο
2795 2780 2864 2835 de
2901 2778 3234 2843 inﬁdelibus,
3266 2779 3407 2833 unde
3436 2778 3616 2833 nullus

2009 2880 2284 2949 ambigere
2309 2878 2545 2942 videtur,
2574 2873 2877 2943 exaggero?
2902 2886 3024 2925 cum
3058 2882 3279 2927 sanctus
3322 2871 3615 2940 Apostolus

2009 2971 2170 3024 etiam
2205 2970 2389 3024 lldeles
2420 2968 2682 3037 quosdam
2706 2962 2826 3036 qui,
2864 2963 3151 3018 credentes
3182 2963 3235 3016 in
3283 2961 3472 3027 Deum,
3507 2975 3613 3015 non

2007 3064 2305 3120 secundum
2354 3063 2547 3127 Deum,
2586 3061 2683 3116 sed
2723 3058 3024 3116 secundum
3079 3056 3354 3111 hominem
3403 3056 3610 3119 vivunt,

2008 3155 2554 3219 carnales'nominet,
2585 3153 2772 3207 dicens
2796 3169 2811 3205 :
2834 3151 2905 3205 Et
2923 3168 3041 3222 ego,
3071 3152 3280 3221 fratres,
3310 3165 3427 3203 cum
3452 3152 3616 3203 venis-

2007 3266 2114 3304 sent
2144 3249 2212 3303 ad
2241 3265 2348 3314 vos,
2382 3264 2486 3302 non
2516 3248 2656 3302 vobis
2695 3246 2842 3317 potui
2879 3245 3024 3317 loqui
3049 3246 3201 3317 quasi
3235 3242 3612 3314 sp’ritualibus,

2009 3341 2101 3397 sed
2125 3341 2275 3411 quasi
2297 3339 2623 3394 carnalibus:
2660 3339 2890 3394 nondum
2910 3338 3048 3395 enim
3084 3338 3329 3408 poteratis
3354 3352 3374 3402 ;
3400 3339 3489 3393 sed
3523 3354 3615 3392 nec

297 3449 357 3493 et
397 3438 514 3493 ideo
561 3444 669 3499 non
696 3448 781 3495 est
810 3441 981 3495 virtus
1010 3441 1235 3499 dicenda
1258 3485 1273 3509 ,
1320 3445 1412 3500 sed
1444 3448 1654 3501 viuum,
1688 3448 1755 3502 Ει
1779 3463 1904 3503 mm
2010 3432 2181 3487 adhuc
2210 3432 2422 3503 quidem
2467 3432 2715 3501 potestis,
2751 3431 2926 3485 adhuc
2966 3432 3104 3485 enim
3138 3432 3261 3485 estis
3296 3430 3534 3484 carnales
3562 3426 3617 3500 (I

297 3532 473 3586 virtus
493 3543 576 3587 est
605 3531 826 3599 veritas,
852 3535 938 3589 cui
976 3536 1067 3605 qui
1096 3545 1342 3593 amanter
1370 3539 1689 3605 adhteserit,
1723 3556 1750 3594 a
1784 3557 1908 3611 per-

298 3622 403 3674 cati
434 3634 606 3677 morte
647 3624 1021 3692 resuscitatus,
1054 3628 1191 3681 mori
1226 3628 1362 3683 ultra
1390 3645 1498 3684 non
1533 3631 1765 3699 poterit;
1801 3633 1906 3689 nisi

295 3726 422 3767 cum
444 3712 512 3767 ab
533 3727 595 3767 ca
617 3712 907 3783 depravata
936 3718 1209 3773 voluntate
1236 3721 1543 3775 recesserit.
1570 3722 1719 3778 Sicut
1743 3738 1907 3778 econ-

297 3805 467 3861 trario
500 3806 714 3861 virtutis
755 3808 1051 3874 simulatio,
1092 3822 1213 3879 qua:
1242 3823 1356 3877 est,
1398 3823 1456 3867 ut
1493 3813 1636 3881 dixi,
1683 3817 1907 3871 menda-

293 3899 439 3952 cium
468 3898 679 3954 veritati
706 3900 1037 3955 cnntrarium
1055 3941 1070 3967 ,
1096 3904 1330 3957 animam
1360 3914 1579 3975 separat
1599 3921 1628 3961 a
1663 3908 1772 3962 Deo
1795 3911 1904 3964 vita

293 4002 426 4058 sua,
467 4005 576 4045 non
622 3991 995 4057 interituram,
1034 3993 1180 4049 sed“
1219 3996 1275 4051 in
1319 3998 1607 4067 supplicio,
1653 4016 1773 4071 qua:
1822 4011 1907 4058 est

293 4081 443 4135 illius
476 4097 643 4143 mors,
676 4084 962 4153 pmnaliter
981 4086 1100 4143 sine
1134 4086 1245 4144 Ilne
1285 4090 1549 4146 vietnram
1582 4109 1595 4145 :
1629 4093 1903 4164 Scriptura

292 4171 549 4228 dicente:
584 4173 657 4228 0s
691 4174 833 4246 quod
877 4176 1120 4240 mentitur
1163 4180 1351 4233 occidit
1392 4182 1620 4237 animant
1659 4183 1816 4257 (Sep.
1855 4191 1904 4251 t,

294 4263 358 4317 ll
384 4266 424 4332 ).
456 4264 533 4319 Ac
564 4280 659 4335 per
686 4264 789 4322 hoc
826 4266 967 4321 sicut
994 4266 1166 4322 virtus
1194 4269 1431 4324 animam
1457 4280 1480 4308 ο
1508 4272 1609 4328 sibi
1640 4277 1906 4331 veraciter

294 4352 686 4421 inltzrrentem,
722 4356 767 4410 si
813 4356 973 4412 fuerit
1018 4371 1178 4422 vera,
1206 4358 1496 4426 justillcat;
1539 4362 1613 4417 ita
1654 4365 1903 4421 simulata

291 4441 643 4499 condemnat.
671 4445 738 4500 Et
761 4444 889 4515 quid
915 4445 936 4485 ί
958 4447 1273 4516 justificatio
1299 4450 1517 4518 animat,
1547 4453 1648 4509 nisi
1672 4455 1792 4526 ejus
1818 4466 1904 4513 est

292 4532 405 4588 vita
454 4544 710 4605 perpetuo
750 4535 909 4593 beata
947 4551 1009 4592 ac
1044 4538 1202 4595 beate
1244 4551 1503 4610 perpetua
1526 4543 1552 4597 τ
1590 4543 1742 4602 Sicut
1770 4562 1902 4603 con.

296 4624 573 4679 demnatio
597 4626 793 4680 anima:
821 4640 978 4695 paena
1010 4624 1129 4695 ejus
1149 4637 1234 4683 est
1259 4631 1542 4687 sentiendo
1560 4672 1575 4698 ,
1602 4650 1721 4705 quae
1750 4652 1900 4695 mors

295 4716 574 4784 probatur,
599 4724 656 4779 et
681 4715 798 4786 ipsa
826 4725 1102 4787 perpetua.

367 4804 427 4858 ‘2.
458 4803 640 4875 Itaque
676 4804 963 4876 dupliciter
1002 4822 1096 4864 rea
1136 4818 1220 4864 est
1258 4810 1471 4881 anima,
1512 4811 1561 4868 si
1600 4824 1658 4870 et
1696 4816 1896 4875 bonum

294 4909 407 4951 non
437 4892 595 4951 faciat
624 4896 769 4952 unde
802 4898 1157 4967 spiritualiter
1193 4900 1376 4968 vivat,
1404 4912 1459 4958 et
1486 4914 1708 4975 appetat
1746 4910 1901 4965 simi-

298 4984 583 5041 litudinem
615 4987 743 5043 boni
757 5026 775 5055 ,
820 4988 921 5045 sub
952 5004 1055 5061 qua
1099 4991 1242 5048 male
1288 4991 1432 5049 vivat
1469 5004 1526 5051 et
1568 4995 1756 5055 lateat.
1789 5002 1895 5057 Su-

371 5174 400 5203 ι
431 5165 676 5247 Its-mss:
714 5178 925 5247 omnes.
966 5183 1090 5247 cum
1132 5169 1305 5242 Lugd.
1345 5170 1582 5247 Lovan.,
1629 5179 1899 5247 Qucritis.

296 5236 469 5293 Duae.
490 5241 546 5290 et
569 5234 788 5301 Colum,
814 5234 1089 5301 Quwretis.

370 5304 401 5345 δ
430 5304 559 5383 εει.
584 5304 848 5383 quinque.
870 5324 1125 5383 .cumnon
1145 5311 1233 5367 sit.
1267 5312 1367 5369 Iis.
1392 5330 1554 5383 unus,
1584 5329 1628 5375 et
1660 5337 1765 5376 non
1804 5332 1901 5380 est.

376 5385 401 5415 ε
430 5374 557 5428 Mss.
578 5374 708 5440 duo,
734 5374 881 5430 aliud
905 5380 1023 5431 nisi.

338 5442 400 5532 .-ά
433 5444 727 5532 abestina
758 5448 1177 5532 max-quinque.
1208 5452 1336 5532 llas.
1358 5454 1667 5532 duo_pnlb.,
1692 5478 1727 5516 a
1768 5463 1899 5531 Deo,

300 5523 750 5597 vitant-suam!”
772 5523 1077 5597 intuituram
1092 5562 1109 5586 ,
1134 5527 1222 5576 sed
1251 5523 1305 5597 in
1329 5523 1675 5597 supplicium,
1699 5543 1807 5589 etc.

376 5596 401 5656 ξ
429 5584 527 5656 με.
552 5585 707 5656 Cplb.
732 5601 895 5652 unus,
915 5584 1143 5644 animum
1166 5594 1371 5649 veritati
1393 5584 1753 5656 inlrmrenteni.

345 5653 406 5739 ’τ’
428 5654 538 5743 bis.
774 5672 935 5723 unus,
969 5657 1035 5715 Et
1063 5662 1187 5731 quid
1222 5674 1297 5718 est
1335 5652 1896 5743 justiﬁcatiova‘nimte,

301 5725 406 5781 nisi
430 5728 542 5794 ejus
571 5726 673 5778 vita
687 5725 713 5778 .’

374 5807 398 5843 s
431 5796 528 5852 Ms.
556 5810 690 5851 unus
711 5793 888 5864 Colb.,
913 5815 965 5855 se
992 5801 1167 5857 tideii.

1929 4589 1983 4648 D

2010 3522 2132 3579 Cor.
2166 3538 2242 3589 Ill,
2278 3524 2330 3589 I,
2359 3521 2440 3592 2).
2475 3523 2543 3578 Et
2568 3531 2821 3593 tanquam
2849 3534 3224 3593 quereremus
3255 3519 3384 3591 quid
3419 3534 3614 3574 carna-

2009 3616 2089 3672 les
2120 3615 2250 3671 velit
2274 3614 2524 3685 intelligi,
2560 3624 2777 3671 sccutus
2802 3614 3045 3683 adjnnxit
3071 3630 3083 3666 :
3114 3610 3242 3666 Cum
3270 3612 3405 3667 enim
3435 3613 3501 3666 sit
3531 3612 3615 3666 in-

2011 3719 2087 3763 ter
2110 3724 2201 3763 vos
2220 3706 2361 3761 zelus
2382 3717 2430 3761 et
2462 3707 2741 3775 contentio,
2773 3721 2943 3760 nonne
2982 3704 3217 3759 carnales
3256 3704 3400 3767 estis,
3439 3713 3490 3757 et
3535 3718 3616 3757 se-

2010 3799 2236 3854 cundum
2268 3800 2528 3852 hominem
2575 3796 2853 3852 ambulatis
2882 3795 3080 3867 (lbid.,
3118 3796 3223 3867 5)?
3252 3796 3393 3861 Quid
3438 3802 3617 3865 potest

2012 3891 2092 3945 his
2122 3890 2331 3945 duabus
2360 3890 2521 3945 animi
2558 3888 2801 3959 pestibus
2834 3888 3065 3943 inveniri
3108 3887 3370 3953 deterius,
3418 3887 3534 3941 zelo
3563 3896 3617 3941 et

2008 3982 2395 4048 contentione,
2439 3981 2634 4052 quibus
2666 3979 2938 4046 carnales,
2966 3980 3059 4049 qui
3099 3977 3397 4033 secundum
3443 3978 3618 4031 homi-

2010 4092 2132 4132 nem
2168 4078 2373 4141 viVunt,
2405 4086 2571 4131 etiam
2622 4076 2677 4130 in
2710 4074 2810 4129 hac
2840 4076 2949 4129 vita
2994 4081 3316 4143 torquentur
3351 4090 3363 4125 :
3396 4086 3517 4125 cum
3561 4080 3617 4126 ct

2009 4172 2289 4225 contentio
2322 4168 2608 4224 hereticos
2640 4167 2857 4234 reddat,
2890 4176 2948 4223 et
2986 4164 3136 4221 zelus
3170 4165 3470 4219 imitatores
3499 4162 3616 4217 dia-

2009 4260 2141 4325 boli,
2177 4261 2485 4330 paradisum
2516 4259 2704 4331 primis
2728 4259 3037 4314 hominibus
3062 4257 3354 4312 invidentis
3377 4254 3615 4312 efﬁciat?

2006 4354 2087 4409 Ac
2113 4355 2214 4423 sic,
2250 4354 2468 4424 quando
2491 4352 2678 4409 lideles
2700 4352 2930 4422 jusritia,
2957 4350 3180 4423 pietate,
3217 4347 3611 4415 misericordia,

2008 4446 2443 4511 mansuetudine,
2469 4444 2793 4505 humilitate.
2822 4443 3134 4498 innocentia
3162 4443 3479 4511 creterisque
3506 4440 3615 4495 vir-

2012 4538 2217 4592 tutibus
2255 4538 2521 4607 gaudent;
2561 4546 2655 4591 aut
2697 4535 2995 4591 secundum
3042 4536 3209 4591 Deum
3258 4534 3467 4600 vivunt,
3496 4546 3520 4566 "
3557 4540 3614 4587 et

2010 4630 2238 4684 virtutes
2266 4642 2424 4684 veras
2449 4628 2648 4685 habere
2674 4627 2931 4685 credendi
2950 4638 3097 4695 sunt,
3121 4643 3243 4698 quae
3264 4628 3361 4697 Spit
3378 4626 3615 4682 itualitcr

2009 4724 2249 4775 viventes
2287 4720 2498 4790 adepta:
2532 4720 2896 4787 sanctificant,
2937 4729 2993 4775 et
3042 4721 3154 4775 Deo
3193 4719 3609 4783 commendant;

2008 4824 2103 4870 aut
2127 4815 2428 4873 secundum
2452 4812 2728 4870 hominem
2749 4814 2958 4880 vivunt,
2980 4822 3036 4869 et
3062 4827 3169 4867 non
3191 4823 3315 4868 sunt
3342 4826 3481 4867 verae
3504 4811 3613 4865 vir-

2011 4920 2174 4977 totes,
2190 4910 2283 4966 sed
2308 4910 2564 4964 virtutum
2593 4907 2997 4972 similitudines,
3019 4921 3141 4978 qua:
3170 4905 3301 4960 nihil
3322 4904 3611 4959 carnaliter

2010 5002 2318 5060 viventibus
2348 5010 2591 5073 prosunt.

2084 5185 2113 5226 ³³
2141 5189 2241 5245 bis.
2262 5188 2417 5245 Colh.
2446 5189 2659 5250 unicus,
2684 5187 2889 5257 largum
2915 5185 3217 5257 dissipator.

2018 5331 2053 5383 ά
2088 5259 2285 5382 I'I‘Idit.
2327 5258 2520 5314 Colon.
2560 5274 2683 5313 cum
2730 5252 2862 5314 mss.
2899 5256 3054 5311 Colb.
3099 5264 3349 5324 quatuor,
3395 5252 3577 5324 lmprst

2056 5347 2118 5383 en
2141 5347 2210 5383 ta.

2056 5331 2210 5386 entia.

2086 5401 2102 5450 l
2145 5399 2286 5458 Editi
2304 5440 2319 5464 ,
2348 5400 2597 5463 ostendit;
2624 5414 2753 5453 tnss.
2783 5410 2997 5462 nntnes,
3024 5395 3273 5450 obtendit.

2083 5468 2109 5508 ι
2143 5469 2269 5523 Mss.
2300 5472 2407 5522 duo
2439 5469 2613 5533 (John,
2648 5484 2738 5523 nec
2765 5468 2960 5521 haberi.

2088 5537 2108 5580 ι
2143 5539 2271 5594 Mss.
2294 5543 2401 5592 dun
2427 5538 2607 5603 Cnlh.,
2628 5542 2718 5609 qui
2743 5554 2853 5592 cas.

2082 5618 2122 5647 σι
2148 5609 2272 5664 Mss.
2303 5624 2417 5672 set,
2447 5620 2623 5662 :ancto
2643 5608 2921 5671 'Aposlolo.

2082 5688 2111 5716 ιι
2142 5680 2239 5732 bis.
2274 5680 2400 5747 lleg.
2430 5695 2588 5746 unus,
2608 5680 2731 5748 quid
2762 5695 2854 5746 ego
2880 5678 2994 5732 hoc.

2084 5756 2110 5785 °
2135 5749 2231 5805 Hs.
2266 5765 2426 5816 unus,
2459 5762 2506 5803 cl
2536 5761 2652 5806 sunt
2682 5750 2890 5804 virtutes
2917 5764 3049 5819 (μιαν,
3081 5758 3184 5802 etc.
