4516 6412
328 384 427 435 ΓΠ

1359 377 1447 433 DE
1493 376 1648 433 VITA
1689 371 2270 431 CONTEMPLATIVA
2316 372 2443 428 LIB.
2488 372 2575 426 ill.

3508 369 3610 423 478

323 516 388 555 co
420 497 581 552 modo
626 498 736 567 jam
764 509 1051 567 possumus
1089 499 1311 563 peccato
1351 492 1605 545 resistere
1646 490 1785 543 sicut
1830 486 1917 541 ille
1946 491 1995 548 Α
2025 486 2092 540 ah
2124 485 2183 553 it)
2208 486 2278 540 de
2306 485 2637 539 sublimitate
2664 479 2925 553 propositi
2954 482 3034 536 sui
3060 481 3111 535 in
3143 478 3465 534 consensum
3492 496 3613 548 pec-

324 588 520 657 potuit,
540 597 565 625 α
594 588 679 642 cui
710 586 841 642 nihil
866 585 1008 639 aliud
1044 582 1138 637 iuit
1163 598 1271 636 non
1302 594 1525 651 peccare
1556 594 1715 645 quam
1750 578 1911 631 nol'e.

326 679 490 735 Nobis
510 688 689 733 autem
721 675 1266 745 irrepreltensibiliter
1299 676 1478 725 vivere
1505 670 1641 724 velle
1670 668 1773 721 no'n
1802 666 1915 719 sui-

327 771 460 834 llcit,
493 770 596 823 nisi
628 769 805 833 ipsum
838 767 973 820 velle
1001 776 1265 831 nostum,
1307 764 1446 830 quod
1478 761 1720 829 languida
1747 759 1916 827 possi—

328 862 537 918 biiitate
567 860 765 922 deﬁcit,
800 858 978 913 dixina
1004 860 1173 910 virtus
1205 856 1491 923 adiuverit.
1517 853 1649 919 Quia
1674 852 1819 905 illum
1850 850 1913 902 ad

328 967 435 1007 non
467 949 795 1022 peccandum
824 949 982 1002 etiam
1010 951 1197 1013 iuvare
1226 954 1427 1013 poterat
1463 943 1637 997 adhuc
1662 955 1789 994 sana
1825 954 1915 992 na-

332 1052 470 1105 tura,
500 1040 530 1079 δ
562 1055 661 1093 nos
681 1039 791 1108 jam
826 1038 1045 1105 impedit
1075 1036 1254 1089 vitiata
1282 1052 1296 1096 ;
1330 1043 1383 1087 ct
1414 1034 1560 1086 illum
1587 1044 1809 1099 peccare
1838 1030 1915 1081 re-

329 1134 401 1189 cit
429 1131 539 1187 sola
572 1130 828 1199 peccandi
855 1139 876 1167 ε
904 1128 1174 1189 voluntas,
1201 1141 1296 1178 nos
1326 1126 1484 1177 etiam
1516 1122 1655 1190 cogit
1688 1121 1919 1189 plerum-

332 1236 434 1291 que
458 1220 482 1257 ά
517 1221 720 1288 peccati
745 1220 854 1287 jam
884 1218 1020 1272 facta
1052 1218 1365 1271 necessitas.
1402 1216 1627 1283 Propter
1643 1212 1783 1281 quod
1810 1212 1863 1263 Da
1884 1225 1917 1263 ο

332 1313 625 1368 clamamus
655 1320 710 1364 et
735 1309 1005 1364 dicimus:
1041 1308 1115 1363 De
1141 1307 1528 1363 necessitatibus
1545 1305 1670 1357 meis
1706 1312 1727 1339 ε
1760 1302 1919 1356 libera

331 1417 411 1455 me
440 1398 611 1469 (Psat.
647 1414 793 1463 xatv,
824 1397 935 1468 l7).
972 1402 1045 1451 Ac
1077 1398 1153 1452 sic
1186 1398 1304 1451 idco
1338 1394 1581 1448 fortassis
1619 1393 1751 1447 dicit
1775 1390 1921 1447 Scri-

331 1500 487 1563 ptura
520 1490 719 1556 divina,
754 1488 965 1542 Initium
996 1488 1159 1541 omnis
1184 1488 1377 1558 pecea'i
1405 1482 1641 1553 superbia
1664 1484 1831 1549 (Eccl.
1859 1498 1918 1546 ι,

334 1580 457 1647 15);
492 1579 632 1648 quod
674 1582 785 1645 ipsa
816 1580 1094 1647 prmcessit
1131 1576 1181 1630 in
1212 1575 1448 1638 diabolo,
1481 1583 1536 1627 et
1571 1574 1590 1614 ί
1620 1590 1715 1642 per
1744 1572 1919 1641 ipsum

330 1672 625 1725 subversus
665 1673 749 1722 est
788 1666 970 1728 homo,
1014 1665 1081 1719 de
1121 1679 1228 1732 quo
1276 1665 1406 1717 dict
1447 1664 1774 1731 Apostolus:
1818 1660 1922 1715 Per

332 1776 492 1815 unum
537 1759 793 1811 hominem
826 1765 1086 1823 peccatum
1132 1755 1341 1808 intravit
1369 1754 1424 1807 in
1460 1756 1729 1816 mundum,
1753 1760 1801 1804 et
1834 1767 1921 1812 per

2020 579 2126 631 cati
2158 576 2435 644 deiecerit.

2642 660 2868 717 CAPUT
2908 661 2992 716 Ill.

2023 781 2176 849 Quod
2204 780 2469 849 superbia,
2515 794 2579 832 ex
2606 794 2708 845 qua
2738 775 3217 849 proceduntqomnia
3248 774 3409 839 mala,
3441 773 3614 849 trutin-

2092 844 2473 903 litatis'uirtute
2502 852 2771 910 vincatur;
2811 859 2856 899 et
2901 847 3073 898 omnia
3112 845 3233 899 vitia
3273 855 3392 898 tunc
3433 844 3617 916 fugata

2091 922 2383 989 depereant,
2424 922 2465 971 si
2487 918 2752 971 virtutibus
2781 916 2989 968 cedant.

2093 1033 2145 1085 i.
2190 1030 2419 1084 Proinde
2453 1031 2497 1084 si
2529 1029 2779 1097 superbia
2809 1035 2894 1081 est
2929 1026 3139 1081 initium
3174 1024 3351 1079 omnis
3389 1024 3612 1091 peccati,

2020 1130 2075 1175 et
2117 1121 2551 1188 ctmcupisccntia
2592 1132 2749 1187 pinna
2788 1118 3015 1186 peccati,
3070 1133 3174 1170 non
3233 1125 3404 1183 potest
3458 1117 3618 1169 aliter

2023 1210 2158 1264 vinci
2197 1210 2635 1279 concupiscentia
2668 1208 2882 1273 vitiosa,
2910 1208 3021 1261 nisi
3063 1208 3209 1275 prius
3237 1217 3493 1259 caveatur
3521 1206 3619 1257 liu-

2024 1301 2266 1354 tnilitatis
2295 1302 2491 1355 virtute
2517 1301 2781 1368 superbia,
2815 1314 2934 1368 qua:
2958 1298 3074 1366 ejus
3096 1308 3178 1352 est
3210 1297 3442 1351 inimica.
3465 1303 3490 1332 ο
3518 1296 3621 1349 Βυ-

2025 1404 2184 1459 perna
2220 1392 2464 1445 voluntas
2497 1390 2623 1451 facit
2652 1390 2743 1443 Dei
2772 1398 3034 1459 prarcepta
3066 1387 3361 1453 contemni,
3393 1397 3419 1435 Ρ
3445 1386 3620 1439 humi—

2024 1484 2145 1537 litas
2174 1482 2455 1537 custodiri.
2491 1480 2749 1550 Superbia
2774 1496 2836 1533 ex
2877 1495 2993 1550 ang:
3014 1480 3081 1534 iis
3106 1480 3381 1533 dtemones
3412 1488 3436 1527 tt
3468 1476 3616 1542 fecit,

2024 1574 2300 1628 lmmilltas
2340 1573 2587 1627 homines
2630 1572 2831 1626 sanctis
2880 1571 3083 1639 angelis
3127 1570 3331 1625 similes
3366 1579 3385 1606 τ
3419 1569 3617 1625 reddit.

2025 1666 2117 1720 illa
2168 1666 2401 1720 rebelles
2446 1672 2466 1699 '
2495 1664 2713 1718 diabolo
2746 1663 2989 1718 subditos
3039 1663 3183 1727 facit,
3229 1662 3344 1717 haec
3389 1661 3619 1716 humiles

2022 1760 2239 1817 Christo
2267 1760 2564 1828 conjunxit.
2594 1758 2823 1827 Superbi
2858 1757 3081 1824 cupiunt
3119 1758 3135 1792 ί
3165 1758 3216 1811 in
3246 1771 3305 1810 se
3340 1757 3479 1824 quod
3512 1771 3619 1809 non

331 1859 593 1920 peccatum
624 1862 778 1910 mors,
803 1855 850 1899 et
885 1846 955 1897 ita
984 1846 1038 1898 in
1076 1860 1246 1897 omnes
1270 1844 1496 1897 hom'nes
1522 1843 1837 1914 pertransiit,
1868 1842 1917 1892 in
1954 1836 1991 1893 Β
2026 1851 2225 1904 faciunt
2263 1849 2543 1916 pmdicari
2576 1866 2589 1913 ;
2622 1848 2855 1920 humiles
2885 1847 3155 1917 refugiunt
3200 1845 3458 1915 quidquid
3494 1844 3620 1899 boni

329 1954 431 2009 quo
459 1952 632 1991 omnes
659 1944 985 2005 peccaverunt
1018 1932 1197 1999 (Rom.
1230 1948 1283 1997 v,
1314 1932 1423 1995 l2).

398 2030 453 2084 3.
484 2025 745 2084 Caeterum
780 2041 894 2091 nos,
923 2026 1011 2092 qui
1038 2025 1210 2093 primo
1234 2024 1450 2078 homine
1482 2031 1761 2089 pecctnte,
1792 2036 1921 2090 pec-

330 2119 594 2181 cavimus,
628 2131 734 2171 non
765 2116 816 2169 in
847 2128 1023 2169 nostra
1056 2126 1303 2182 separata
1327 2116 1436 2184 jam
1462 2115 1589 2178 vita,
1612 2114 1705 2169 sed
1734 2114 1785 2166 iu
1808 2114 1922 2180 ejus

331 2220 544 2271 natura,
570 2216 595 2253 ις
625 2207 679 2259 in
711 2221 811 2273 qua
858 2206 1075 2267 luimus,
1112 2202 1138 2240 δ
1172 2213 1226 2258 et
1259 2206 1657 2272 corruptionem
1690 2204 1829 2258 velut
1859 2205 1923 2255 de

332 2298 515 2353 radice
543 2296 808 2364 superbiae
836 2294 1027 2349 morbo
1063 2292 1077 2331 ί
1107 2304 1377 2362 corrupta:
1404 2293 1793 2355 contraximus,
1821 2294 1834 2341 l
1872 2302 1926 2345 et

332 2388 386 2441 iu
416 2385 532 2455 ipsa
560 2384 907 2453 corruptione
949 2394 1131 2438 nostra
1154 2398 1343 2438 omnes
1369 2393 1709 2453 peccatorum
1736 2398 1925 2436 causas

335 2477 629 2533 habemus:
665 2476 750 2543 qui
783 2490 886 2529 non
916 2475 1291 2543 corruptibiles
1318 2475 1584 2530 efﬁcimur
1602 2475 1725 2544 quia
1759 2473 1781 2510 ιι
1805 2488 1924 2543 pec-

334 2581 544 2631 camus;
569 2565 660 2620 sed
688 2566 810 2635 quia
834 2566 1207 2633 corruptibiles
1236 2581 1441 2626 smnus,
1462 2580 1621 2619 omne
1649 2572 1923 2632 peceatum

335 2672 404 2713 ex
434 2658 548 2727 ipsa
576 2656 921 2725 corruptione
951 2665 1133 2710 nostra
1157 2658 1568 2711 committimus.
1602 2656 1810 2709 Primus
1834 2669 1924 2707 au-

338 2757 443 2801 tcm
475 2747 636 2799 homo
672 2759 779 2800 non
819 2744 945 2799 ideo
974 2747 1215 2814 peccavit
1249 2746 1369 2813 quia
1402 2744 1765 2813 corruptibilis
1810 2743 1924 2808 fuit,

337 2837 435 2893 sed
461 2851 582 2892 cum
616 2838 954 2905 incorruptus
985 2847 1149 2901 esset,
1178 2840 1413 2907 seipsum
1448 2838 1715 2903 peccando
1742 2850 1927 2889 corru-

338 2926 436 2997 pit,
459 2934 515 2981 et
535 2928 935 2994 corruptionem
968 2942 1118 2982 suam
1149 2928 1199 2981 in
1229 2942 1327 2981 nos
1347 2928 1727 2997 propagatione
1756 2937 1930 2980 trans-

335 3014 495 3085 iecit;
525 3023 579 3069 et
606 3014 805 3069 idcirco
838 3016 906 3070 ibi
942 3014 959 3053 ι
992 3016 1145 3071 nobis
1174 3015 1467 3070 auferenda
1494 3025 1577 3070 est
1598 3025 1703 3070 tota
1731 3026 1929 3069 morta-

340 3105 482 3171 litas,
514 3105 796 3173 omnisque
825 3106 1123 3174 corruptio,
1153 3122 1271 3167 quae
1317 3106 1455 3159 facta
1486 3116 1570 3162 est
1600 3122 1663 3161 ex
1690 3115 1927 3176 peccato,

2025 1949 2316 2006 orerautur
2360 1938 2603 2007 agnosci.
2648 1946 2675 1973 ιι
2714 1938 2789 1991 Illi
2823 1938 2947 1990 vitia
2990 1950 3083 1989 sua
3129 1950 3158 1989 a
3198 1950 3257 1989 se
3296 1934 3617 1998 alienando,

2030 2029 2437 2097 perversitatem
2472 2040 2584 2080 smn
2611 2025 2904 2079 voluntatis
2930 2033 3217 2088 excusant,
3250 2024 3485 2079 et'bona
3525 2037 3621 2078 sua

2025 2121 2139 2175 suis
2164 2120 2365 2173 viribus
2393 2118 2721 2187 di-putando,
2752 2116 3070 2185 semetipsos
3104 2116 3331 2184 turpiter
3366 2114 3614 2183 iactant;

2027 2207 2135 2269 isti,
2186 2209 2228 2260 si
2262 2222 2363 2275 qua
2412 2213 2626 2273 pecvata
2678 2205 3065 2268 commiserint,
3102 2203 3401 2256 voluntarie
3448 2201 3620 2255 ccuti-

2029 2297 2191 2350 tendo
2218 2298 2537 2361 semetipsos
2566 2306 2853 2357 accusant;
2883 2304 2935 2348 et
2956 2295 3134 2347 omnia
3160 2294 3297 2346 bona
3326 2308 3420 2347 sua
3442 2292 3623 2346 divino

2030 2390 2237 2443 muneri
2273 2388 2601 2457 deputando,
2639 2387 2803 2440 Deum
2844 2386 3045 2455 jugiter
3092 2384 3330 2439 laudant.
3373 2384 3622 2451 Quapro-

2029 2489 2147 2547 pter
2170 2480 2214 2533 si
2244 2481 2411 2533 virtus
2437 2487 2462 2515 ν
2482 2492 2588 2533 non
2618 2476 2823 2531 habitat
2846 2477 2899 2531 in
2927 2476 3107 2530 animo
3129 2476 3344 2540 vitioso,
3370 2475 3620 2544 superbia

2033 2569 2351 2623 humilitatis
2383 2578 2408 2603 ι
2439 2568 2596 2622 cedat
2638 2568 2895 2634 imperio;
2951 2567 3075 2635 quia
3115 2580 3219 2621 non
3262 2574 3435 2633 porest
3473 2580 3625 2619 meus

2033 2673 2255 2728 regnum
2293 2668 2319 2705 γ
2356 2658 2553 2712 habere
2581 2658 2860 2725 virtutum,
2888 2656 2988 2711 nisi
3027 2656 3174 2725 prius
3204 2656 3389 2725 jugum
3428 2669 3626 2711 excus-

2031 2751 2162 2805 serit
2202 2750 2475 2804 vitiorum.
2508 2747 2659 2802 Tunc
2716 2746 2858 2801 enim
2898 2745 3027 2800 vitia
3071 2755 3094 2781 ι
3134 2744 3363 2800 ﬁdeliter
3398 2744 3626 2811 expulsa

2031 2838 2333 2899 discedunt,
2360 2846 2415 2874 ιι
2435 2838 2477 2889 si
2500 2835 2785 2890 virtutibus
2806 2835 3018 2890 cedant.
3046 2835 3295 2904 Alioquin
3317 2834 3398 2888 vel
3415 2830 3473 2871 δι’
3499 2833 3628 2888 sub-

2032 2927 2217 2981 sidunt
2265 2926 2332 2980 ad
2365 2935 2574 2993 tempus
2604 2924 2797 2993 ejecta,
2828 2924 2909 2978 vel
2948 2924 3212 2979 redeunt:
3262 2923 3363 2976 ni~i
3404 2923 3628 2976 virtutes

2035 3016 2090 3071 in
2123 3017 2257 3070 locis
2286 3016 2562 3079 vitiorum,
2588 3030 2709 3083 qua:
2737 3014 2937 3068 fuerint
2967 3013 3209 3086 depulsa,
3242 3012 3623 3067 successerint.

2107 3109 2163 3161 2.
2206 3108 2545 3176 Quapropter
2575 3108 2749 3176 pictas
2778 3107 2831 3161 in
2861 3106 3018 3162 nobis
3045 3105 3350 3161 crudelitati
3383 3106 3624 3168 resistat,

340 3195 430 3250 ubi
458 3196 660 3250 erimus
700 3197 818 3251 sine
850 3198 958 3251 ullo
990 3206 1238 3267 peccato;
1275 3197 1362 3252 hic
1389 3214 1515 3253 vero
1548 3200 1636 3253 ubi
1678 3214 1782 3252 non
1818 3199 1925 3266 jam
1956 3186 2001 3248 C
2034 3199 2169 3254 iram
2202 3198 2457 3267 patientia
2497 3196 2713 3251 fundata
2751 3208 3021 3259 coerceat,
3054 3195 3308 3265 pudicitia
3350 3195 3627 3251 libidinem

340 3294 525 3340 sanata
552 3296 656 3349 est,
690 3286 782 3341 sed
814 3287 985 3342 adhuc
1032 3297 1252 3342 sanatur
1288 3298 1327 3324 ω
1354 3303 1449 3355 per
1477 3291 1700 3356 gratiam
1746 3302 1925 3344 nostra

341 3384 552 3439 natura,
586 3390 703 3445 qua:
728 3375 990 3430 infirmata
1016 3386 1098 3430 est
1126 3391 1218 3445 per
1256 3378 1493 3444 culpam;
1520 3378 1620 3446 piis
1648 3379 1929 3434 conatibus

341 3467 542 3521 nostris
581 3468 783 3522 resistit
824 3469 937 3537 ipsa
969 3470 1403 3537 concupiscentia
1436 3472 1651 3536 vitiosa,
1699 3486 1802 3525 non
1836 3486 1929 3525 na-

342 3556 556 3620 turalis,
573 3558 663 3609 Sed
687 3566 891 3611 natura:
915 3568 1113 3613 nostra:
1138 3560 1300 3613 indita
1321 3560 1602 3629 poenaliter
1615 3570 1668 3614 et
1698 3562 1924 3616 inserta:

342 3660 459 3715 quae
492 3657 713 3715 peccato
744 3650 880 3703 facta
915 3660 1016 3713 est,
1048 3660 1101 3705 et
1133 3663 1431 3720 peccatum,
1473 3654 1514 3705 si
1539 3655 1747 3717 vicerit,
1783 3654 1927 3707 facit.

343 3734 513 3801 Quam
547 3736 690 3801 licet,
724 3739 954 3807 quaudiu
994 3743 1292 3798 mortaliter
1340 3743 1582 3810 vivimus,
1616 3744 1929 3810 habeamus,

345 3840 448 3881 non
477 3842 595 3881 eam
630 3839 803 3885 tamen
837 3833 1013 3886 studio
1051 3844 1251 3889 nostrze
1277 3838 1564 3892 voluntatis
1597 3838 1928 3907 adjuvetnus,

347 3922 375 3951 ι’
405 3926 460 3971 et
490 3919 783 3974 vincimus:
810 3924 1058 3992 quoniam
1091 3941 1195 3979 non
1230 3942 1346 3981 eam
1376 3931 1426 3981 in
1452 3930 1604 3983 nobis
1627 3931 1927 3998 sentiendo,

346 4006 440 4059 sed
474 4006 521 4060 ci
562 4012 969 4080 ct'nsentiendo,
1017 4028 1335 4083 peccamus;
1375 4033 1477 4072 nec
1518 4018 1628 4088 ipsa
1660 4021 1839 4073 statim
1878 4031 1934 4075 ut

350 4109 449 4151 nos
476 4098 769 4166 pulsaverit
798 4103 983 4175 vincit,
1008 4104 1102 4161 sed
1144 4107 1187 4161 si
1234 4118 1465 4163 mentem
1499 4118 1736 4166 nostram
1768 4110 1931 4183 (quod

424 4355 451 4425 ξ
608 4346 761 4425 ραι-ι).
789 4365 947 4415 unus,
979 4351 1064 4419 qui
1093 4370 1192 4407 non
1220 4362 1471 4425 peccaret.
1506 4355 1549 4407 si
1580 4353 1757 4408 nollet.

424 4416 452 4454 δ
473 4420 580 4493 _Ms.
617 4418 956 4493 Collaunus.
1127 4416 1349 4493 nos'iam
1380 4426 1588 4491 impedit
1610 4428 1806 4478 vitiata.
1840 4426 1940 4481 Ms.

359 4483 555 4573 Regius
585 4503 741 4572 unus,
769 4483 1008 4573 impellit.-
1043 4493 1164 4573 Alii,
1211 4483 1462 4564 impulit.'
1495 4496 1549 4548 in
1594 4511 1699 4549 uno
1741 4498 1809 4551 ab
1838 4496 1943 4551 alia

356 4571 543 4629 tuseu,
568 4564 681 4629 jam
712 4576 811 4612 non
843 4571 1006 4628 potest
1034 4564 1229 4617 vitiata.

430 4638 453 4704 ξ
479 4628 550 4704 l_t_a
570 4628 709 4704 mss.
735 4644 847 4683 sex.
880 4631 1036 4704 Editi,
1061 4634 1330 4699 voluptas;
1354 4635 1401 4685 in
1428 4649 1529 4687 ms.
1555 4648 1679 4695 uno,
1709 4636 1943 4704 faciebat.

430 4694 455 4733 ἀ
486 4698 581 4775 Ms.
616 4699 769 4775 item,
794 4703 986 4766 peccati
1006 4703 1119 4771 jam
1151 4694 1453 4773 [ἀστείως.
1484 4704 1633 4759 Colb.
1667 4694 1797 4773 duo,
1824 4724 1945 4775 pec-

360 4772 512 4821 ca‘tdi
531 4770 559 4838 j
580 4787 641 4820 tm
672 4772 830 4835 facta.

433 4847 457 4908 ἐ
484 4841 579 4893 Ms.
615 4855 767 4904 unus,
802 4842 935 4908 eripe
962 4856 1056 4895 me.

438 4907 458 4945 ¹
494 4910 617 4980 Mss.
649 4910 755 4963 duo
785 4912 1049 4975 Colbert.,
1084 4928 1169 4980 per
1193 4913 1379 4979 ipsum.

439 4988 463 5025 κ
495 4979 619 5033 Mss.
646 4990 892 5046 quatuor,
926 4982 976 5033 in
1002 4979 1101 5048 qua
1129 4985 1322 5043 luimus
1358 4983 1444 5036 illc
1472 5000 1625 5038 unus.
1657 4984 1756 5038 Ms.
1788 4984 1947 5047 alter,

364 5054 417 5134 in
444 5066 545 5119 qua
584 5066 759 5103 sumus
800 5051 876 5103 ξιΙί
913 5067 1066 5106 unus.
1111 5053 1209 5106 Ms.
1252 5052 1409 5116 alius,
1450 5055 1501 5106 in
1537 5070 1639 5123 qua
1678 5056 1871 5124 fuimus
1902 5071 1953 5107 in

580 5138 655 5171 ηε.

363 5132 380 5174 i
422 5136 477 5173 so
503 5132 655 5171 unus.

388 5138 465 5227 ΡΙ·
495 5189 592 5261 Ms.
616 5204 752 5261 unus
777 5189 972 5261 omittit
1004 5199 1074 5253 et,
1107 5189 1247 5261 quod
1284 5192 1507 5247 habetur
1539 5194 1591 5247 in
1633 5193 1750 5247 aliis
1775 5194 1952 5249 omni-

366 5262 486 5317 bus.
522 5259 619 5312 Ms.
648 5259 857 5322 Camb.,
880 5261 1018 5313 illius
1046 5259 1275 5330 corrupti
1296 5264 1696 5330 corruptionem.

448 5330 461 5367 ί
496 5330 582 5383 Sic
610 5343 735 5382 mss.
770 5345 894 5393 sex;
926 5344 1063 5385 unus
1100 5346 1249 5395 vero,
1282 5336 1526 5402 corrupti.
1571 5332 1716 5387 Editi
1744 5347 1952 5403 omnes,

368 5409 681 5459 conceptam.

444 5470 459 5519 ἰ
501 5469 657 5523 Deest
684 5478 728 5519 et
757 5468 808 5521 in
838 5483 968 5522 mss.
994 5470 1226 5524 duobus.

440 5537 466 5610 ξ
500 5538 597 5610 M~.
627 5553 782 5610 unus,
818 5540 1169 5610 peccavimus;
1197 5540 1394 5595 rectius
1420 5541 1535 5609 alii,
1560 5558 1847 5610 peccamus.

448 5605 466 5646 ι
503 5607 600 5662 Ms.
626 5608 833 5670 unicus,
862 5625 892 5659 a
922 5609 1084 5661 nobis.

444 5688 483 5714 ιη
510 5678 633 5732 llaec
656 5678 837 5740 verba,
880 5694 966 5744 per
996 5682 1235 5745 gratiam,
1266 5680 1456 5735 absunt
1493 5680 1577 5734 liie
1607 5695 1635 5733 a
1673 5697 1801 5735 mss.
1836 5698 1950 5736 sex.

375 5749 498 5805 tias.
532 5762 660 5803 vero
678 5734 862 5803 Camb.
880 5734 943 5801 ἐι
966 5734 1114 5804 Colb.
1140 5734 1473 5819 quatuorsic
1505 5750 1731 5805 habt-nt:
1765 5734 1853 5805 sed
1874 5734 1955 5805 .3;

1976 4766 2030 4825 D

2032 3292 2235 3357 viucat,
2256 3290 2650 3349 animositatem
2677 3288 3032 3356 tranquillitas
3058 3288 3230 3355 tollat,
3248 3289 3629 3343 verbositatem

2034 3384 2368 3437 taciturnitas
2388 3382 2660 3435 moderata
2680 3390 3007 3448 compescat,
3027 3380 3314 3434 delectatio
3336 3378 3632 3448 spiritualis

2035 3474 2302 3529 desideria
2332 3474 2563 3527 carnalia
2612 3474 2917 3537 imminuat,
2952 3473 3292 3527 abstinentia:
3330 3474 3474 3541 rigor
3500 3487 3630 3527 acu-

2036 3565 2149 3620 leos
2171 3565 2350 3619 carnis
2381 3564 2662 3627 obtundat,
2698 3574 2751 3603 οε
2778 3563 3074 3617 curiositati
3094 3563 3329 3617 studium
3353 3564 3633 3629 spirituale

2039 3655 2314 3719 succedat,
2342 3655 2621 3710 sobrietati
2646 3655 2801 3707 cedat
2822 3655 3076 3717 ebrietas,
3104 3654 3499 3709 mansui‘tudini
3518 3670 3634 3708 suc-

2037 3746 2255 3799 cumbat
2283 3744 2610 3808 immanitas,
2648 3745 2957 3798 dominetur
2981 3744 3181 3797 levitati
3205 3745 3509 3809 maturitas,
3538 3745 3632 3799 Dei

2036 3846 2089 3892 ct
2122 3835 2350 3906 proximi
2373 3836 2593 3899 caritate
2620 3843 2919 3899 crescente,
2945 3843 3293 3890 consumatur
3317 3842 3421 3887 tota
3448 3834 3632 3888 mundi

2034 3928 2334 3993 cupiditas;
2366 3924 2617 3981 excludat
2649 3922 2880 3994 parcitas
2918 3937 3041 3977 vera
3076 3922 3337 3977 luxuriam
3359 3963 3373 3985 ,
3411 3923 3636 3991 castiget

2040 4022 2316 4075 industrie
2359 4022 2527 4073 virtus
2566 4020 2852 4089 ignaviam,
2904 4018 3159 4083 reprimat
3195 4014 3468 4094 humilitas
3508 4029 3636 4081 prc-

2044 4113 2206 4167 fttnda
2234 4113 2574 4182 jactantiam,
2606 4111 2765 4179 pellat
2791 4110 3103 4179 simplicitas
3134 4123 3265 4180 pura
3292 4106 3596 4165 vecordiam
3618 4150 3640 4177 ,

2042 4368 2197 4409 nitur
2236 4364 2411 4407 nostra
2445 4362 2651 4413 natura,
2696 4368 2809 4420 qua:
2856 4358 2929 4401 est
2974 4349 3237 4416 inﬁrmata
3281 4366 3372 4418 per
3410 4348 3637 4418 culpam,

2049 4436 2366 4494 sanaturquc
2394 4442 2484 4492 per
2504 4424 2741 4494 gratiam,
2768 4422 2886 4494 piis,
2916 4428 3020 4473 etc.

2126 4505 2150 4531 η
2185 4488 2290 4548 Ms.
2314 4488 2445 4561 lies.
2482 4488 2637 4553 tinus,
2682 4494 2771 4544 sed
2798 4491 3075 4544 vincamus.
3112 4489 3209 4543 Ms.
3238 4489 3451 4550 Camb.,
3485 4488 3643 4556 adju-

2051 4584 2251 4629 vmnus,
2284 4565 2372 4617 sed
2394 4564 2662 4617 vincimus.

2132 4650 2155 4670 υ
2188 4637 2281 4687 Ms.
2308 4633 2461 4687 Colb.
2496 4648 2654 4693 unus.
2679 4629 2920 4701 superbia
2942 4628 3087 4697 facit.

2127 4715 2153 4754 P
2179 4706 2303 4758 Mss.
2334 4705 2459 4766 duo,
2485 4702 2716 4755 humilis.

2126 4785 2151 4823 τι
2179 4776 2275 4828 Ms.
2309 4789 2466 4832 unus.
2500 4773 2641 4841 facit.

2128 4855 2149 4881 ι’
2189 4847 2280 4897 Ms.
2316 4840 2531 4904 Camb.,
2554 4840 2797 4895 reddidit.

2130 4924 2150 4950 θ
2186 4915 2281 4968 Ms.
2314 4912 2505 4967 Camb.
2535 4911 2677 4965 addit
2715 4910 2840 4964 Deo.

2133 4986 2150 5020 ί
2180 4984 2275 5037 Ms.
2309 5000 2466 5050 unus,
2500 4998 2561 5035 ca:
2584 4998 2656 5035 se.

2130 5063 2156 5090 υ
2182 5054 2280 5107 Ms.
2328 5049 2459 5119 Reg.
2492 5066 2649 5110 unus.
2687 5051 2766 5104 illi
2800 5049 2957 5105 vitam
3005 5066 3172 5115 snam,
3220 5049 3496 5104 alienando
3530 5067 3560 5105 a
3597 5065 3649 5105 se

2060 5126 2438 5195 perversitatem
2460 5137 2577 5195 suae
2603 5122 2898 5195 voluntatis,
2924 5130 3185 5175 excusant.

2142 5205 2165 5230 ν
2202 5195 2297 5247 Ms.
2324 5192 2511 5247 Camb.
2546 5202 2691 5244 caret
2720 5192 3020 5259 negatione.

2140 5273 2166 5300 ι
2200 5264 2274 5317 ita
2307 5278 2437 5317 mss.
2471 5274 2720 5332 quatuor.
2754 5261 2913 5326 Editi,
2944 5264 3097 5332 cedit.

2137 5342 2165 5381 γ
2198 5334 2295 5385 Ms.
2328 5333 2459 5397 Reg.
2484 5346 2642 5396 unus,
2667 5348 2877 5399 regnum
2897 5331 3090 5385 haberi.

2142 5413 2162 5439 ι
2196 5404 2637 5470 Μεεμρυίηηυθ.
2686 5397 2906 5467 ﬁdeliter
2961 5408 3308 5465 expectorata.
3357 5399 3454 5453 Ms.
3495 5397 3652 5454 Colb.

2065 5473 2191 5537 duo,
2226 5468 2446 5539 ﬁdeliter
2475 5488 2540 5525 ea:
2567 5482 2765 5534 pectore
2792 5472 3083 5523 discedunt.

2138 5552 2194 5579 ιλ
2225 5542 2321 5596 Ms.
2350 5558 2506 5607 unus,
2540 5542 2583 5595 si
2615 5542 2822 5593 virtutes
2848 5541 3140 5594 succedunt.

2138 5612 2193 5649 δι’
2228 5612 2326 5664 Ms.
2355 5627 2510 5674 unus,
2533 5610 2823 5668 subsiliunt.

2141 5682 2320 5803 "ubis.
2364 5681 2515 5737 Colb.
2552 5694 2711 5750 unus,
2744 5680 3093 5735 curiositatem
3134 5678 3359 5734 studium
3392 5677 3658 5746 spirituale

2141 5768 2200 5803 :ct
2244 5768 2273 5803 a
2303 5793 2313 5803 .

2064 5753 2313 5805 succidat.
