4516 6454
309 435 403 487 15⁷1

1337 422 1425 477 DE
1468 420 1623 475 V'ITA
1662 416 2243 479 CONTEMPLATIVA
2286 415 2414 472 Llll.
2454 416 2537 471 ll'.

3489 420 3593 475 ιεε

309 547 408 598 iub
436 542 777 612 impudicitia:
821 541 1001 613 jugutn
1052 524 1294 608 exempla
1331 537 1537 606 perdite
1587 533 1876 590 viventium
1912 537 1956 593 Α
1987 540 2099 587 tum
2152 532 2358 585 narium
2405 545 2495 584 aut
2527 531 2737 585 affectat
2790 545 2942 585 mens
2987 544 3164 600 :egra,
3198 541 3288 586 aut
3328 533 3585 589 divinitus

311 636 547 687 tnittunt.

278 750 285 755 -
380 725 439 779 2.
469 723 609 779 Sunt
634 722 724 777 alii
745 734 970 793 quorum
996 719 1157 771 vitam
1182 716 1357 786 lingua
1384 715 1549 783 turpis
1570 713 1883 779 inflammat,

315 823 341 851 ι
370 824 462 869 aut
492 824 700 882 turpem
729 810 1115 867 conscientiam
1157 807 1482 868 manifestat,
1512 806 1602 874 qui
1636 806 1781 870 prius
1810 803 1891 856 in-

313 903 648 960 verecundos
667 913 947 957 sermones
974 906 1067 953 aut
1093 897 1366 967 proferunt
1398 894 1647 957 libenter,
1674 903 1766 946 aut
1794 906 1891 945 au-

317 996 493 1059 diunt,
524 1007 586 1047 ac
624 991 839 1054 deinde,
865 989 1116 1056 paulatim
1150 985 1336 1040 morbo
1360 992 1672 1048 crescente,
1698 982 1767 1035 ab
1796 981 1892 1035 lio-

316 1091 523 1138 nestvtc
549 1080 880 1145 t’deliciunt,
930 1078 1216 1145 attritoque
1256 1072 1461 1143 pudore
1504 1072 1640 1127 viles
1688 1070 1893 1135 cll‘ecti,

319 1175 446 1227 dum
495 1172 805 1225 indecenter
848 1169 1123 1238 elegantes
1162 1164 1330 1219 videri
1376 1174 1399 1203 ο
1431 1164 1619 1218 volunt
1644 1204 1657 1227 ,
1697 1163 1895 1231 passim

313 1263 423 1330 jam
448 1261 687 1329 turpibus
713 1258 891 1313 verbis
918 1256 1256 1324 impudenter
1285 1254 1577 1308 insaniunt.
1609 1252 1721 1306 lloc
1750 1251 1895 1305 enim

316 1354 609 1423 loquuntur
648 1349 864 1420 quique,
912 1348 1054 1418 quod
1094 1346 1317 1415 diligunt
1345 1360 1366 1418 ;_
1409 1356 1463 1399 et
1508 1341 1899 1398 delectabiliter

318 1445 544 1499 audiunt
580 1441 719 1511 quod
749 1440 978 1494 assiduis
997 1436 1408 1508 cogitationibus
1430 1432 1901 1502 volvunt.Cogita-

319 1538 395 1591 tio
422 1535 616 1605 quippe
643 1544 722 1588 est
750 1548 868 1602 quze
894 1542 1147 1594 mentem,
1171 1530 1310 1582 sicut
1337 1526 1505 1595 turpis
1523 1524 1781 1595 inquinat,
1803 1524 1897 1585 ita,

320 1626 366 1678 si
392 1625 552 1679 fuerit
575 1623 821 1687 honesta,
849 1620 1113 1689 puriticat.
1145 1618 1250 1671 Aut
1278 1616 1323 1670 si
1351 1631 1456 1669 nun
1489 1630 1550 1669 ex
1578 1614 1901 1683 cogitatione

320 1716 485 1770 facies
538 1714 731 1767 mentis
770 1711 984 1775 existit,
1017 1709 1112 1763 scd
1172 1706 1402 1777 qualitas
1451 1705 1787 1775 cogitationis
1834 1720 1896 1757 ex

318 1814 501 1858 mente
527 1819 542 1868 ;
588 1816 692 1856 non
720 1800 952 1855 sordida:
992 1798 1341 1867 cogitationes
1371 1808 1605 1851 mentem
1628 1796 1897 1850 sordidam

1998 622 2174 690 adjnta
2206 620 2486 689 repudiat:
2524 621 2537 669 i
2570 636 2691 689 qua:
2729 622 2772 675 si
2804 635 2865 675 se
2897 634 2997 673 suo
3042 621 3270 674 creatori
3319 624 3589 692 subjiciat,

2001 722 2055 766 at
2078 726 2161 775 .ue
2190 710 2263 776 ei,
2293 712 2384 779 qui
2410 720 2492 763 est
2519 710 2551 763 d
2574 712 2751 778 gnitas
2790 709 2906 778 ejus
2934 720 2988 764 et
3025 708 3202 773 salus,
3236 718 3479 765 amanter
3507 712 3590 767 in.

2002 798 2225 866 haereat,
2255 814 2360 853 non
2389 798 2562 853 solum
2596 798 2737 853 nulla
2764 813 2882 852 ram
2911 797 3159 852 vitiorum
3192 794 3299 852 foed
3322 806 3402 851 tas
3432 798 3594 853 deco-

1998 889 2133 943 lorat
2156 928 2170 953 ,
2201 888 2296 942 sed
2346 904 2444 943 nec
2496 889 2784 943 delectatio
2822 888 2933 942 ulla
2969 885 2995 925 ι
3027 886 3257 942 carnalis
3297 887 3591 945 effeminat.

2002 978 2019 1015 ι
2048 980 2203 1046 Quod
2230 979 2275 1033 si
2306 994 2336 1032 ο
2362 979 2586 1034 caritate
2619 979 2699 1032 sui
2728 977 3026 1034 conditoris
3055 988 3109 1034 et
3136 979 3479 1034 illustratoris
3510 981 3594 1033 in-

1996 1069 2120 1126 ﬂata
2150 1071 2377 1136 resiliat,
2402 1086 2466 1125 ac
2494 1086 2575 1136 se,
2610 1071 2805 1125 relicto
2830 1069 3088 1125 interiore
3117 1056 3594 1141 solidoque‘ltono,

2000 1161 2143 1216 foras
2174 1162 2228 1214 in
2277 1163 2544 1215 exteriora
2594 1160 2733 1215 bona
2787 1160 3073 1231 projiciat:
3106 1161 3367 1231 quidquid
3421 1162 3474 1217 in
3532 1178 3595 1219 ea

2000 1267 2289 1307 nervorum
2339 1262 2513 1321 potest
2561 1268 2701 1315 csse,
2753 1254 3082 1319 resolvitur;
3112 1254 3367 1323 quidquid
3398 1255 3595 1310 virium

1999 1344 2308 1399 debilitatur
2336 1353 2391 1397 et
2417 1343 2707 1413 frangitur;
2738 1351 2776 1379 ιιι
2806 1352 3039 1413 tuncque
3067 1343 3115 1397 ei
3140 1346 3280 1399 actio
3304 1346 3597 1413 spiritualis

2000 1432 2237 1488 efﬁcitur
2264 1447 2517 1495 onerosa,
2560 1441 2615 1487 et
2644 1433 2758 1501 ipsa
2790 1432 2844 1486 in
2891 1434 3196 1487 carnalibus
3234 1434 3294 1488 lit
3322 1434 3593 1503 inquieta:

2002 1525 2073 1577 ita
2102 1533 2159 1576 ut
2185 1524 2364 1577 omnia
2388 1528 2525 1593 qua:
2554 1538 2649 1591 per
2687 1534 2915 1577 sensum
2956 1526 3201 1592 corporis
3249 1525 3444 1589 sentit,
3487 1540 3598 1579 non

2001 1614 2274 1679 vitianda,
2305 1614 2401 1668 sed
2451 1614 2563 1681 jam
2621 1614 2801 1666 vitiata
2855 1614 3085 1682 turpiter
3127 1614 3512 1684 concupiscat:
3544 1623 3601 1670 et

2006 1704 2225 1771 quando
2254 1716 2451 1771 corpus
2482 1702 2612 1756 nihil
2638 1703 2973 1757 sensibilium
3003 1706 3187 1768 sentit,
3214 1704 3328 1773 ipsa
3358 1705 3461 1760 sibi
3503 1706 3599 1761 de-

2005 1796 2331 1849 Icctnbililcl’
2380 1795 2745 1859 recordando,
2776 1809 3055 1849 sensurum
3109 1811 3288 1851 rerum
3339 1798 3601 1867 imagines

317 1894 572 1958 reddunt,
594 1890 689 1946 sed
715 1905 780 1945 ex
812 1898 991 1945 mente
1015 1888 1232 1943 sordida
1273 1885 1505 1941 sordidae
1552 1885 1902 1954 cogitationes
1935 1889 1980 1947 B
2009 1895 2377 1956 repraesentat.
2409 1886 2562 1956 Apud
2592 1901 2649 1940 se
2679 1887 2824 1940 intus
2854 1887 3003 1942 audit
3033 1889 3149 1942 sine
3175 1902 3307 1943 voce
3334 1890 3598 1959 quidquid

318 1988 345 2023 ⁶
375 1986 635 2039 existunt.
668 1981 819 2049 Quod
872 1980 916 2035 si
959 1981 1029 2035 ita
1070 1988 1175 2045 est,
1218 1978 1563 2049 pulchrorum
1616 1993 1900 2047 corporum

320 2076 509 2129 fortnze
539 2088 632 2143 per
673 2072 859 2126 Oculos
908 2071 1207 2137 irrepentes
1230 2108 1245 2135 ,
1286 2067 1523 2121 animum
1550 2081 1655 2121 non
1690 2074 1906 2120 movent

321 2166 724 2231 incorruptum;
753 2169 809 2215 et
837 2159 1052 2229 quando
1073 2156 1496 2226 corruptibiliter
1525 2164 1764 2219 movent,
1796 2170 1903 2209 non

316 2254 669 2321 corrumpunt
699 2264 914 2317 sanum,
944 2249 1037 2304 sed
1066 2247 1358 2304 ostendunt
1384 2246 1598 2315 propria
1626 2246 1905 2301 voluntate

318 2354 654 2411 corruptum.

390 2435 446 2486 3.
478 2432 678 2499 Turpia
712 2444 925 2498 quoque
963 2427 1125 2482 verba
1154 2441 1249 2496 per
1275 2441 1433 2483 aures
1460 2428 1730 2497 ingressa,
1777 2427 1904 2496 quid

328 2524 643 2593 praevalent,
685 2522 730 2576 si
763 2536 867 2576 non
900 2518 1097 2574 fuerint
1130 2518 1355 2573 arbitrio
1404 2519 1599 2572 mentis
1626 2517 1861 2572 admissa
1882 2524 1908 2569 ?

319 2616 543 2679 Quando
567 2622 742 2666 autem
784 2609 1105 2680 pravalent,
1138 2623 1243 2664 non
1271 2616 1298 2647 ⁸
1330 2608 1504 2679 ipsam
1550 2616 1906 2677 corrumpunt

323 2716 579 2769 utentem,
608 2703 702 2757 sed
720 2702 831 2771 jam
861 2709 1167 2769 corruptam
1195 2705 1390 2767 sponte
1422 2699 1717 2768 reperiunt.
1746 2697 1907 2751 Auri-

322 2796 421 2847 bus
441 2796 582 2847 enim
596 2792 759 2845 castis
780 2790 1000 2845 obsceni
1024 2803 1305 2855 sermones
1326 2803 1446 2843 cum
1470 2804 1606 2843 sono
1627 2788 1904 2855 delicium,

322 2898 421 2939 tec
448 2891 714 2947 secretum
760 2882 937 2950 pudici
989 2880 1169 2936 cordis
1197 2881 1521 2949 irrumpunt.
1560 2879 1697 2947 Quid
1725 2880 1903 2951 palpa-

323 2989 445 3027 men
467 2970 486 3009 ί
519 2980 782 3034 tenerum,
802 2970 943 3039 quod
974 2979 999 3017 σ
1042 2970 1207 3024 menti
1230 2970 1340 3038 jam
1370 2971 1573 3023 vitiosas
1601 2969 1905 3036 blanditur,

321 3062 557 3133 nunquid
582 3070 759 3133 potest
785 3060 848 3116 ad
868 3060 1105 3115 animum
1129 3058 1334 3113 admitti
1359 3073 1456 3127 per
1476 3067 1699 3127 tactum,
1723 3059 1768 3113 si
1790 3060 1907 3113 ani-

328 3168 449 3207 mus
495 3152 867 3222 incorruptum
910 3160 1089 3205 servet
1136 3147 1491 3219 professionis
1520 3162 1628 3201 suae
1662 3150 1901 3216 preposi-

2008 1985 2033 2012 ι’
2058 1979 2343 2031 cantilenae
2369 1976 2548 2031 suavis
2576 1992 2637 2029 ac
2660 1977 2949 2045 jocationis
2988 1978 3239 2032 obscena:
3267 1993 3363 2047 per
3393 1979 3605 2033 ﬂexuo-

2005 2081 2096 2121 sos
2118 2068 2327 2121 aurium
2360 2076 2568 2122 meatus
2594 2067 2820 2121 inﬂuxit.
2857 2067 2931 2121 lbi
2963 2068 3011 2122 ei
3040 2068 3175 2122 odor
3200 2076 3227 2104 ο
3258 2069 3395 2123 male
3420 2072 3601 2124 suavis

2006 2159 2433 2228 corruptibiliter
2462 2158 2682 2226 fragrat,
2701 2158 2791 2226 qui
2816 2172 2910 2227 per
2938 2157 3145 2225 patulas
3173 2158 3382 2213 narium
3410 2172 3600 2215 caver-

2008 2264 2106 2303 nas
2135 2248 2371 2317 irrepsit.
2405 2248 2481 2303 lbi
2511 2264 2629 2302 eam
2667 2263 2828 2317 sapor
2855 2248 3112 2315 oblectat,
3141 2264 3302 2319 quem
3328 2251 3397 2304 ad
3419 2265 3478 2305 se
3508 2267 3604 2321 per

2008 2341 2320 2396 ilfecebram
2349 2340 2657 2409 voluptuosi
2709 2349 2900 2409 gustus
2943 2339 3177 2394 admisit.
3230 2340 3306 2395 lbi
3338 2343 3603 2410 persentit

2009 2420 2194 2484 nescio
2244 2428 2373 2498 quid
2404 2430 2635 2483 molliter
2666 2427 2949 2491 blandum,
2988 2428 3133 2498 quod
3161 2430 3209 2483 ei
3240 2432 3480 2486 exterior
3523 2439 3605 2485 ta-

2007 2528 2127 2575 ctus
2173 2519 2470 2587 impressit.
2516 2518 2591 2571 lbi
2619 2517 2833 2574 colores
2861 2516 3041 2573 varios
3079 2526 3136 2572 et
3181 2516 3354 2573 illioes
3405 2520 3605 2576 formas

2008 2609 2498 2677 concupiscibiliter
2527 2606 2694 2672 videt,
2738 2620 2872 2677 quas
2902 2609 2949 2662 ei
2990 2606 3273 2661 oculorum
3316 2602 3605 2665 curiositas

2010 2700 2298 2754 nuntiavit.

2081 2791 2134 2845 5.
2160 2789 2293 2856 Quae
2322 2802 2472 2863 mens
2502 2788 2594 2854 ita,
2622 2786 2937 2842 absentibus
2966 2785 3283 2856 plerumque
3302 2796 3331 2837 Ρ
3362 2791 3605 2855 corpori-

2012 2881 2132 2945 bus,
2162 2881 2487 2950 imaginibus
2513 2894 2801 2949 corporum
2830 2879 3131 2934 delectatur
3156 2880 3343 2934 affecta
3371 2882 3605 2936 carnali-

2011 2979 2095 3027 ter
2123 2980 2180 3025 ut
2205 2971 2370 3026 nimia
2402 2970 2636 3025 sordidas
2674 2970 3014 3040 cogitationis
3049 2970 3349 3027 intentione
3378 2971 3562 3027 delixa
3586 3014 3602 3036 ,

2011 3078 2120 3117 non
2148 3063 2249 3118 sibi
2278 3062 2539 3133 imagines
2567 3077 2851 3130 corporum
2882 3062 3133 3116 videatur
3152 3062 3473 3132 amplexari,
3506 3068 3599 3118 sed

2009 3166 2258 3220 corpora.
2282 3152 2416 3207 Hinc
2447 3162 2530 3206 est
2558 3150 2701 3219 quod
2738 3152 2828 3206 ille
2855 3152 3100 3221 corporis
3135 3150 3311 3207 ﬂuxus
3337 3153 3431 3223 qui
3463 3155 3521 3207 llt
3552 3154 3605 3208 in

336 3256 446 3297 tum
475 3245 498 3295 τ
539 3244 615 3298 Ac
642 3244 752 3305 sic,
790 3242 936 3311 prius
967 3241 1321 3311 integritatem
1351 3239 1435 3295 sui
1477 3239 1689 3295 animus
1715 3250 1906 3309 sponte
1933 3227 2403 3310 C'dormientibus
2426 3243 2543 3297 sine
2570 3242 2749 3309 culpa,
2784 3242 3053 3298 interdum
3084 3243 3431 3312 vigilantibus
3468 3259 3605 3298 con-

336 3334 550 3387 vitiatns
580 3334 797 3397 amittit,
829 3341 881 3385 ct
907 3332 985 3386 sic
1008 3332 1417 3386 delectationem
1450 3340 1620 3386 tactus
1648 3331 1900 3385 admittit.

322 3426 397 3479 De
423 3424 525 3479 cibi
574 3425 660 3478 vel
693 3436 845 3493 potus
875 3422 1112 3478 cavenda
1139 3422 1495 3478 delectatione
1522 3425 1629 3489 iam
1661 3423 1768 3477 dixi
1796 3423 1905 3478 suf-

322 3516 591 3579 ficienter,
632 3526 690 3569 ut
739 3515 1005 3581 arbitror,
1056 3514 1109 3568 in
1163 3513 1401 3568 secundo
1448 3514 1752 3580 volumine,
1790 3514 1903 3582 ubi,

321 3614 516 3677 quanta
558 3607 703 3674 potui
749 3606 1037 3669 brevitate,
1072 3604 1455 3673 perfectionem
1485 3603 1783 3674 spiritualis
1811 3604 1906 3659 ab-

322 3696 589 3752 stinentia:
617 3694 1009 3751 commendavi.

390 3786 447 3839 4.
480 3783 587 3839 Sed
611 3792 667 3839 et
698 3785 781 3838 llic
812 3785 912 3837 lioc
942 3783 1177 3839 breviter
1197 3783 1320 3839 dico
1343 3826 1359 3853 ,
1393 3785 1535 3855 quo.l
1567 3800 1663 3853 per
1689 3799 1903 3840 escar-

330 3875 415 3929 nis
453 3891 560 3930 non
592 3876 839 3945 irrumpit
878 3874 1162 3930 delectatio
1188 3884 1375 3945 gustus
1400 3877 1467 3929 ad
1500 3889 1731 3931 mentem
1758 3918 1771 3941 ,
1806 3893 1907 3932 nec

337 3968 571 4035 erumpit
591 3981 771 4021 sermo
805 3966 970 4034 turpis
992 3981 1058 4020 ex
1094 3974 1304 4032 mente,
1339 3965 1438 4019 nisi
1468 3980 1528 4021 se
1556 3967 1586 4003 ει
1615 3967 1909 4021 voluntarie

331 4070 487 4111 tuens
532 4068 655 4111 ante
703 4066 1033 4123 corrumpat.
1079 4072 1239 4124 quam
1271 4056 1496 4124 recipiat
1536 4057 1737 4125 aliquid
1769 4058 1909 4111 unde

324 4159 697 4217 corrumpatur
717 4188 732 4213 ,
760 4158 849 4202 aut
885 4150 1137 4217 proferat.
1190 4146 1457 4203 thterum
1486 4150 1528 4201 si
1572 4150 1782 4202 animus
1809 4152 1910 4201 sub

329 4242 438 4295 Deo
467 4256 565 4295 suo
608 4240 792 4294 firmus
824 4240 991 4308 ipsius
1026 4239 1129 4292 Dei
1163 4238 1245 4293 sui
1294 4254 1383 4293 mu
1427 4254 1521 4295 ere
1560 4251 1860 4308 perseveret
1891 4280 1907 4305 ,

327 4344 429 4385 nec
471 4330 794 4398 quibuslibet
840 4328 1047 4382 deliciis
1097 4328 1522 4383 lenocinantibus
1552 4330 1696 4383 cedit
1728 4328 1780 4394 ί,
1812 4346 1911 4383 nec

329 4419 533 4487 profert
578 4418 777 4485 aliquid
823 4429 978 4487 turpe
1009 4432 1107 4473 nec
1156 4420 1372 4487 recipit.
1405 4418 1521 4473 lam
1559 4420 1626 4474 de
1655 4420 1912 4475 odoribus

328 4522 497 4578 pauca
544 4508 941 4577 perstringam,
974 4516 1033 4561 ut
1082 4516 1246 4562 totam
1292 4512 1641 4564 tentationem
1674 4511 1909 4578 quinque

2007 3336 2176 3404 tingat
2204 3342 2232 3383 ιι
2260 3347 2323 3387 ex
2346 3334 2523 3403 culpa.
2549 3332 2706 3387 Aliud
2733 3342 2815 3387 est
2840 3333 2985 3388 enim
3010 3334 3153 3401 quod
3180 3342 3203 3371 τ
3226 3338 3277 3387 in
3301 3336 3608 3389 dormiente

2006 3426 2084 3488 tit,
2120 3422 2262 3479 aliud
2291 3423 2437 3496 quod
2467 3423 2699 3493 vigilans
2729 3422 2871 3477 facit.
2908 3422 2983 3477 lbi
3028 3423 3350 3479 naturaliter
3375 3423 3607 3492 plenitu-

2004 3514 2077 3570 do
2113 3515 2353 3569 bumoris
2399 3513 2687 3583 expellitur
2711 3552 2729 3579 ,
2771 3513 2857 3568 llic
2917 3516 3143 3582 tuipiter
3170 3515 3603 3581 concupiscentia

2006 3607 2332 3677 publicatur.
2367 3606 2475 3662 Sed
2505 3608 2620 3661 haec
2643 3590 3082 3675 concupiscentia
3126 3605 3231 3661 illis
3264 3606 3608 3675 vigilantibus

2009 3700 2151 3754 hunc
2181 3699 2325 3755 elicit
2348 3698 2577 3765 ﬂuxum,
2598 3700 2795 3769 quibus
2825 3714 2921 3769 per
2952 3699 3092 3754 taeda
3137 3699 3399 3767 colloquia
3432 3701 3609 3755 sordi-

2012 3789 2142 3843 dum
2174 3789 2536 3843 commoverit
2565 3789 2885 3858 appetituiu.
2917 3789 2978 3843 lli
3006 3800 3129 3843 sunt
3154 3790 3347 3854 quibus
3380 3791 3497 3845 usui
3523 3800 3610 3846 est

2012 3879 2329 3935 feminarum
2359 3880 2683 3949 descriptio:
2719 3882 2806 3935 illa
2838 3882 2989 3936 rudis
3012 3891 3125 3949 est,
3149 3883 3238 3936 illa
3273 3892 3295 3920 ³
3326 3883 3567 3937 dicacula
3591 3923 3605 3946 ,

2011 3973 2101 4028 illa
2116 3972 2396 4039 deformis,
2414 3971 2502 4027 illa
2521 3971 2750 4027 formosa
2769 3989 2783 4037 ;
2805 3972 3026 4026 alterius
3050 3972 3223 4041 placet
3240 3984 3483 4037 ornatus,
3514 3988 3611 4043 ge-

2012 4076 2127 4119 stus
2158 4063 2409 4126 alterius;
2433 4063 2574 4119 illius
2606 4064 2853 4117 laudatur
2874 4065 3034 4117 etiam
3057 4064 3175 4119 sine
3198 4064 3368 4118 forma
3400 4066 3609 4120 festivi-

2017 4164 2117 4219 tas,
2143 4152 2285 4207 illins
2309 4154 2422 4209 sola
2455 4152 2780 4209 formositas.
2820 4154 2839 4190 ι
2866 4152 2998 4209 Inde
3030 4155 3290 4209 transitur
3310 4155 3376 4210 ad
3407 4171 3607 4219 mores,

2014 4254 2068 4298 et
2096 4244 2255 4297 aliam
2287 4246 2481 4298 talibus
2529 4246 2871 4300 commendat
2903 4230 3252 4299 taciturnitas
3309 4247 3608 4311 moderata,

2016 4336 2178 4388 aliam
2213 4344 2423 4403 turpem
2456 4336 2623 4390 videri
2660 4336 2784 4390 facit
2824 4336 3046 4391 libertas
3074 4337 3367 4391 incondita.
3401 4338 3527 4393 "me
3554 4350 3609 4393 et

2018 4426 2103 4478 liis
2142 4426 2333 4479 similia
2363 4427 2771 4493 colloquentes,
2820 4438 3115 4495 suggerunt
3161 4426 3611 4496 concupiscentia;

2019 4531 2129 4570 sum
2158 4528 2315 4571 matei
2332 4519 2457 4570 iam.
2490 4525 2518 4552 ιι
2548 4517 2655 4571 Nec
2686 4529 2863 4572 tamen
2896 4517 3017 4572 ideo
3046 4520 3452 4586 concupiscunt,
3485 4522 3607 4588 quia

328 4603 507 4673 pertiti
538 4617 726 4659 sensus
764 4604 937 4660 verbis
966 4602 1253 4659 includam.
1282 4605 1426 4672 Quos
1456 4604 1653 4661 odores
1684 4620 1779 4676 per
1799 4607 1911 4661 adi-
1945 4603 1989 4659 1)
2016 4618 2111 4660 aut
2150 4609 2440 4675 loquuntur
2484 4608 2737 4676 libenter,
2762 4616 2853 4663 aut
2881 4609 3099 4663 audiunt
3120 4626 3136 4675 ;
3160 4612 3249 4677 qui
3274 4610 3374 4665 nisi
3401 4626 3601 4667 concu-

402 4816 424 4841 "
450 4808 572 4862 Mss.
604 4809 732 4875 duo,
760 4813 804 4862 et
833 4812 1051 4871 turpem.

401 4876 425 4912 δ
458 4879 557 4931 Ms.
588 4894 744 4942 unus,
778 4879 1035 4929 decidunt.

408 4956 429 4983 ε
467 4947 639 5001 Ιιίἀὶιὶο
668 4947 885 5008 Colon.,
908 4947 1089 4997 solent.

401 5012 425 5049 ἀ
452 5018 545 5070 Ms.
581 5014 793 5081 Camb.,
818 5024 1021 5069 exeunt.

406 5096 427 5154 εἴ
457 5086 581 5139 Mss.
605 5095 832 5154 quatuor
852 5084 1026 5146 Colb.,
1060 5099 1159 5136 non
1190 5090 1547 5151 Corrumpunt.

408 5152 425 5191 ί
460 5154 556 5207 Ms.
586 5152 795 5216 Catan
822 5164 1095 5207 terrenum.

404 5233 429 5269 Β
457 5225 553 5278 Ms.
587 5225 715 5292 licg.
748 5239 904 5289 unus,
951 5225 1085 5290 quod
1136 5224 1287 5273 menti
1326 5224 1435 5289 jam
1490 5223 1691 5293 cupidi!
1733 5222 1906 5277 vitiose

328 5294 611 5348 blanditur.

405 5363 425 5398 ιι
451 5362 573 5415 llas.
600 5376 726 5425 tres,
757 5362 1042 5414 voluntaria
1070 5376 1229 5412 mens.

408 5434 575 5487 till-5.
608 5444 714 5486 tres
762 5431 962 5484 addunt
1002 5430 1370 5483 seduceutibus.
1418 5432 1582 5495 Unus,
1625 5431 1766 5485 cedet
1810 5447 1904 5501 pro

331 5504 480 5555 (ἰείη.

407 5572 421 5619 l
462 5574 554 5625 iis.
580 5588 734 5637 unus,
764 5572 883 5638 quia
918 5571 960 5622 si
985 5587 1054 5622 se.

408 5640 431 5676 κ
460 5643 583 5694 MSS.
622 5642 748 5703 iit‘g.
778 5644 902 5699 titln,
933 5640 1118 5691 (aruis.

410 5708 424 5746 ι
461 5712 581 5763 Mss.
634 5722 761 5765 ttes‘,
795 5712 920 5775 Qutt'
942 5710 982 5759 si
1006 5726 1035 5759 α
1071 5710 1299 5761 caritate.

405 5790 443 5816 ⁸³
466 5783 587 5833 Mss.
615 5798 824 5835 omnes.
851 5791 965 5831 tum
988 5784 1050 5830 ei.

1998 5274 2005 5279 ,
2052 5294 2057 5295 ν
2090 5234 2109 5258 τ
2147 5225 2241 5278 Ms.
2273 5228 2425 5279 Colb.
2477 5244 2632 5295 unus,
2665 5232 2717 5282 in
2764 5225 3132 5287 dormientibus

2048 4814 2112 4928 b"
2142 4806 2237 4859 Ms.
2270 4806 2421 4862 Colb.
2473 4824 2633 4872 unus,
2686 4816 2942 4866 cantilena
2985 4814 3153 4867 suavis
3194 4826 3282 4867 aut
3313 4817 3607 4887 jocationes

2078 4892 2259 4928 areum.

2013 4892 2259 4930 ovsrenw.

2086 4955 2109 4980 ο
2144 4948 2240 5012 Ms.
2269 4946 2481 5012 Camb,
2507 4949 2634 5001 odor
2662 4952 2851 5005 suavis.

2084 5017 2206 5091 pitu
2233 5033 2361 5072 mss.
2393 5020 2546 5073 Colb.
2582 5029 2708 5074 tres.
2747 5022 2800 5073 lu
2830 5023 2948 5075 aliis
2977 5024 3163 5078 deerat
3194 5023 3307 5080 haec
3330 5040 3451 5091 vox,
3481 5044 3600 5080 cor-

2012 5086 2244 5153 poribus,

2087 5164 2114 5203 (ι
2139 5156 2233 5227 bis.
2264 5157 2415 5208 Colb.
2446 5172 2602 5222 unus,
2638 5175 2750 5211 cum
2777 5163 2947 5227 culpa.

2050 5294 2060 5304 .
2090 5235 2241 5305 rusus.
2270 5235 2425 5305 μου).
2448 5299 2457 5305 .
2477 5235 2735 5305 onustus
2764 5235 3132 5305 dormientibus
3167 5235 3257 5304 ﬁt,
3294 5236 3439 5289 aliud
3464 5236 3607 5303 quod

2013 5295 2409 5377 vigilansfttcit;
2435 5299 2601 5361 Alter,
2632 5300 3071 5358 indormimtibus
3100 5295 3179 5373 ﬁt,
3213 5295 3356 5360 oliui
3386 5295 3520 5377 quod
3543 5310 3597 5361 in

2013 5365 2341 5431 vigiiattttbus
2375 5367 2453 5432 ﬁt.

2090 5442 2108 5466 ³
2149 5435 2271 5485 Mss.
2300 5452 2557 5503 quinque,
2593 5440 2849 5492 t’ecacula.

2093 5505 2109 5536 ί
2148 5504 2243 5555 Ms.
2275 5521 2432 5567 unus,
2469 5507 2549 5560 Ita
2584 5514 2848 5562 transitur.

2088 5581 2114 5607 υ
2148 5573 2219 5625 ita
2265 5589 2391 5648 mss.
2433 5593 2545 5629 sex.
2582 5580 2720 5631 litlit.
2757 5581 2919 5648 Lugii.
2976 5590 3025 5632 et
3070 5584 3221 5640 Lov..
3259 5582 3387 5637 "(to
3434 5595 3601 5638 tamen

2015 5646 2129 5723 ideo
2160 5647 2543 5723 concupiscun‘,
2576 5667 2714 5723 quo.
2751 5646 2909 5703 Duae.
2945 5663 2995 5703 ct
3023 5655 3237 5717 Culum,
3279 5654 3404 5705 llnrc
3426 5668 3595 5707 tams'n

2016 5717 2141 5793 ideo
2162 5717 2543 5793 t‘tfiicitpiscunt,
2573 5720 2655 5793 qui
2679 5731 2784 5781 aut,
2817 5732 2953 5783 ctc.;
2987 5724 3177 5791 quibus
3203 5727 3440 5779 concinit
3464 5742 3599 5779 unus

2012 5800 2075 5837 ex
2106 5786 2253 5837 tlolb.
2302 5790 2697 5860 tnanuwrtpzis.
