  <div class='ocr_page' id='page_1' title='image "/cluster/home/n/w/nwhite01/storage/ocr_20150623/58-59/uc1.31175013991289/861.png"; bbox 0 0 4516 6406; ppageno 0'>
   <div class='ocr_carea' id='block_1_1' title="bbox 918 407 1022 462">
    <p class='ocr_par' dir='ltr' id='par_1_1' title="bbox 918 407 1022 462">
     <span class='ocr_line' id='line_1_1' title="bbox 918 407 1022 462; baseline -0.019 0"><span class='ocrx_word' id='word_1_1' title='bbox 918 407 1022 462; x_wconf 60' lang='grc' dir='ltr'><strong>ιδιδ</strong></span> 
     </span>
    </p>
   </div>
   <div class='ocr_carea' id='block_1_2' title="bbox 2178 391 2812 453">
    <p class='ocr_par' dir='ltr' id='par_1_2' title="bbox 2178 391 2812 453">
     <span class='ocr_line' id='line_1_2' title="bbox 2178 391 2812 453; baseline -0.003 -2"><span class='ocrx_word' id='word_1_2' title='bbox 2178 391 2182 398; x_wconf 83' lang='grc'><em>’</em></span> <span class='ocrx_word' id='word_1_3' title='bbox 2240 395 2492 453; x_wconf 79' lang='lat' dir='ltr'><strong>JULIANI</strong></span> <span class='ocrx_word' id='word_1_4' title='bbox 2537 393 2812 450; x_wconf 74' lang='lat' dir='ltr'><strong>l’OMERIi</strong></span> 
     </span>
    </p>
   </div>
   <div class='ocr_carea' id='block_1_3' title="bbox 4056 393 4158 448">
    <p class='ocr_par' dir='ltr' id='par_1_3' title="bbox 4056 393 4158 448">
     <span class='ocr_line' id='line_1_3' title="bbox 4056 393 4158 448; baseline -0.02 -2"><span class='ocrx_word' id='word_1_5' title='bbox 4056 393 4158 448; x_wconf 67' lang='grc'><strong>681</strong></span> 
     </span>
    </p>
   </div>
   <div class='ocr_carea' id='block_1_4' title="bbox 919 503 4164 585">
    <p class='ocr_par' dir='ltr' id='par_1_4' title="bbox 919 503 4164 585">
     <span class='ocr_line' id='line_1_4' title="bbox 919 503 4164 585; baseline -0.002 -18"><span class='ocrx_word' id='word_1_6' title='bbox 919 516 1186 585; x_wconf 78' lang='lat' dir='ltr'><strong>piscentiae</strong></span> <span class='ocrx_word' id='word_1_7' title='bbox 1207 516 1392 570; x_wconf 77' lang='lat' dir='ltr'><strong>morbo</strong></span> <span class='ocrx_word' id='word_1_8' title='bbox 1413 515 1644 583; x_wconf 78' lang='lat' dir='ltr'><strong>corrupti</strong></span> <span class='ocrx_word' id='word_1_9' title='bbox 1666 519 1863 573; x_wconf 87' lang='lat' dir='ltr'><strong>essent.</strong></span> <span class='ocrx_word' id='word_1_10' title='bbox 1888 523 2155 579; x_wconf 87' lang='lat' dir='ltr'><strong>nunquam</strong></span> <span class='ocrx_word' id='word_1_11' title='bbox 2184 510 2266 563; x_wconf 90' lang='lat' dir='ltr'><strong>vel</strong></span> <span class='ocrx_word' id='word_1_12' title='bbox 2287 509 2472 576; x_wconf 85' lang='lat' dir='ltr'><strong>loquc-</strong></span> <span class='ocrx_word' id='word_1_13' title='bbox 2511 520 2556 569; x_wconf 75' lang='grc' dir='ltr'>Α</span> <span class='ocrx_word' id='word_1_14' title='bbox 2585 507 2727 575; x_wconf 87' lang='lat' dir='ltr'><strong>quod</strong></span> <span class='ocrx_word' id='word_1_15' title='bbox 2754 514 2835 562; x_wconf 87' lang='lat' dir='ltr'><strong>est</strong></span> <span class='ocrx_word' id='word_1_16' title='bbox 2853 503 3110 560; x_wconf 78' lang='lat' dir='ltr'><strong>castitatis</strong></span> <span class='ocrx_word' id='word_1_17' title='bbox 3134 515 3520 562; x_wconf 66' lang='lat' dir='ltr'><strong>consummatae</strong></span> <span class='ocrx_word' id='word_1_18' title='bbox 3544 504 3838 577; x_wconf 73' lang='lat' dir='ltr'><strong>fastigium.</strong></span> <span class='ocrx_word' id='word_1_19' title='bbox 3865 505 3983 561; x_wconf 80' lang='lat' dir='ltr'><strong>Non</strong></span> <span class='ocrx_word' id='word_1_20' title='bbox 4019 507 4164 575; x_wconf 88' lang='lat' dir='ltr'><strong>quod</strong></span> 
     </span>
    </p>
   </div>
   <div class='ocr_carea' id='block_1_5' title="bbox 921 600 2502 671">
    <p class='ocr_par' dir='ltr' id='par_1_5' title="bbox 921 600 2502 671">
     <span class='ocr_line' id='line_1_5' title="bbox 921 600 2502 671; baseline -0.009 -11"><span class='ocrx_word' id='word_1_21' title='bbox 921 615 1104 660; x_wconf 87' lang='lat' dir='ltr'><strong>rentur</strong></span> <span class='ocrx_word' id='word_1_22' title='bbox 1135 606 1277 670; x_wconf 84' lang='lat' dir='ltr'><strong>talia,</strong></span> <span class='ocrx_word' id='word_1_23' title='bbox 1309 607 1390 660; x_wconf 86' lang='lat' dir='ltr'><strong>vel</strong></span> <span class='ocrx_word' id='word_1_24' title='bbox 1418 605 1657 661; x_wconf 86' lang='lat' dir='ltr'><strong>audirent</strong></span> <span class='ocrx_word' id='word_1_25' title='bbox 1682 620 1695 656; x_wconf 90' lang='lat'><strong>:</strong></span> <span class='ocrx_word' id='word_1_26' title='bbox 1721 603 1842 671; x_wconf 90' lang='lat' dir='ltr'><strong>quia</strong></span> <span class='ocrx_word' id='word_1_27' title='bbox 1874 616 1977 657; x_wconf 90' lang='lat' dir='ltr'><strong>non</strong></span> <span class='ocrx_word' id='word_1_28' title='bbox 2003 616 2098 656; x_wconf 89' lang='lat' dir='ltr'><strong>eos</strong></span> <span class='ocrx_word' id='word_1_29' title='bbox 2118 600 2220 655; x_wconf 80' lang='lat' dir='ltr'><strong>ista</strong></span> <span class='ocrx_word' id='word_1_30' title='bbox 2246 612 2502 656; x_wconf 83' lang='lat' dir='ltr'><strong>corrum-.</strong></span> 
     </span>
    </p>
   </div>
   <div class='ocr_carea' id='block_1_6' title="bbox 927 692 1840 766">
    <p class='ocr_par' dir='ltr' id='par_1_6' title="bbox 927 692 1840 766">
     <span class='ocr_line' id='line_1_6' title="bbox 927 692 1840 766; baseline -0.007 -15"><span class='ocrx_word' id='word_1_31' title='bbox 927 706 1079 766; x_wconf 91' lang='lat' dir='ltr'><strong>punt,</strong></span> <span class='ocrx_word' id='word_1_32' title='bbox 1108 696 1200 751; x_wconf 87' lang='lat' dir='ltr'><strong>sed</strong></span> <span class='ocrx_word' id='word_1_33' title='bbox 1229 705 1507 764; x_wconf 87' lang='lat' dir='ltr'><strong>corruptos</strong></span> <span class='ocrx_word' id='word_1_34' title='bbox 1533 692 1840 747; x_wconf 88' lang='lat' dir='ltr'><strong>ostendunt.</strong></span> 
     </span>
    </p>
   </div>
   <div class='ocr_carea' id='block_1_7' title="bbox 996 777 2493 851">
    <p class='ocr_par' dir='ltr' id='par_1_7' title="bbox 996 777 2493 851">
     <span class='ocr_line' id='line_1_7' title="bbox 996 777 2493 851; baseline -0.007 -11"><span class='ocrx_word' id='word_1_35' title='bbox 996 787 1053 840; x_wconf 80' lang='grc' dir='ltr'><strong>ϐ.</strong></span> <span class='ocrx_word' id='word_1_36' title='bbox 1087 789 1160 840; x_wconf 84' lang='lat' dir='ltr'><strong>Ac</strong></span> <span class='ocrx_word' id='word_1_37' title='bbox 1183 801 1251 840; x_wconf 91' lang='lat' dir='ltr'><strong>ne</strong></span> <span class='ocrx_word' id='word_1_38' title='bbox 1272 801 1353 839; x_wconf 87' lang='lat' dir='ltr'><strong>me</strong></span> <span class='ocrx_word' id='word_1_39' title='bbox 1382 786 1477 838; x_wconf 89' lang='lat' dir='ltr'><strong>ista</strong></span> <span class='ocrx_word' id='word_1_40' title='bbox 1499 784 1760 837; x_wconf 77' lang='lat' dir='ltr'><strong>veraciter</strong></span> <span class='ocrx_word' id='word_1_41' title='bbox 1783 790 2092 851; x_wconf 71' lang='lat' dir='ltr'><strong>arguentem</strong></span> <span class='ocrx_word' id='word_1_42' title='bbox 2111 781 2385 849; x_wconf 83' lang='lat' dir='ltr'><strong>quisquam</strong></span> <span class='ocrx_word' id='word_1_43' title='bbox 2410 777 2493 846; x_wconf 86' lang='lat' dir='ltr'><strong>ju-</strong></span> 
     </span>
    </p>
   </div>
   <div class='ocr_carea' id='block_1_8' title="bbox 930 869 2491 945">
    <p class='ocr_par' dir='ltr' id='par_1_8' title="bbox 930 869 2491 945">
     <span class='ocr_line' id='line_1_8' title="bbox 930 869 2491 945; baseline -0.007 -14"><span class='ocrx_word' id='word_1_44' title='bbox 930 877 1073 931; x_wconf 86' lang='lat' dir='ltr'><strong>dicet</strong></span> <span class='ocrx_word' id='word_1_45' title='bbox 1098 876 1442 945; x_wconf 83' lang='lat' dir='ltr'><strong>arguendum,</strong></span> <span class='ocrx_word' id='word_1_46' title='bbox 1476 874 1681 928; x_wconf 86' lang='lat' dir='ltr'><strong>noverit</strong></span> <span class='ocrx_word' id='word_1_47' title='bbox 1714 883 1926 941; x_wconf 82' lang='lat' dir='ltr'><strong>propter</strong></span> <span class='ocrx_word' id='word_1_48' title='bbox 1971 873 2070 924; x_wconf 90' lang='lat' dir='ltr'><strong>hoc</strong></span> <span class='ocrx_word' id='word_1_49' title='bbox 2101 870 2237 925; x_wconf 77' lang='lat' dir='ltr'><strong>forte</strong></span> <span class='ocrx_word' id='word_1_50' title='bbox 2258 871 2324 924; x_wconf 86' lang='lat' dir='ltr'><strong>ab</strong></span> <span class='ocrx_word' id='word_1_51' title='bbox 2351 869 2491 922; x_wconf 91' lang='lat' dir='ltr'><strong>anti-</strong></span> 
     </span>
    </p>
   </div>
   <div class='ocr_carea' id='block_1_9' title="bbox 929 959 2495 1037">
    <p class='ocr_par' dir='ltr' id='par_1_9' title="bbox 929 959 2495 1037">
     <span class='ocr_line' id='line_1_9' title="bbox 929 959 2495 1037; baseline -0.006 -18"><span class='ocrx_word' id='word_1_52' title='bbox 929 969 1046 1037; x_wconf 83' lang='lat' dir='ltr'><strong>quis</strong></span> <span class='ocrx_word' id='word_1_53' title='bbox 1077 966 1237 1019; x_wconf 88' lang='lat' dir='ltr'><strong>l&#39;uisse</strong></span> <span class='ocrx_word' id='word_1_54' title='bbox 1273 962 1543 1017; x_wconf 90' lang='lat' dir='ltr'><strong>decretum</strong></span> <span class='ocrx_word' id='word_1_55' title='bbox 1583 976 1650 1016; x_wconf 90' lang='lat' dir='ltr'><strong>ne</strong></span> <span class='ocrx_word' id='word_1_56' title='bbox 1678 963 1767 1030; x_wconf 89' lang='lat' dir='ltr'><strong>qui</strong></span> <span class='ocrx_word' id='word_1_57' title='bbox 1807 961 2224 1015; x_wconf 86' lang='lat' dir='ltr'><strong>adolescentium</strong></span> <span class='ocrx_word' id='word_1_58' title='bbox 2261 959 2495 1027; x_wconf 87' lang='lat' dir='ltr'><strong>legerent</strong></span> 
     </span>
    </p>
   </div>
   <div class='ocr_carea' id='block_1_10' title="bbox 931 1049 2492 1121">
    <p class='ocr_par' dir='ltr' id='par_1_10' title="bbox 931 1049 2492 1121">
     <span class='ocr_line' id='line_1_10' title="bbox 931 1049 2492 1121; baseline -0.006 -11"><span class='ocrx_word' id='word_1_59' title='bbox 931 1056 1196 1110; x_wconf 87' lang='lat' dir='ltr'><strong>Geneseos</strong></span> <span class='ocrx_word' id='word_1_60' title='bbox 1216 1053 1428 1117; x_wconf 89' lang='lat' dir='ltr'><strong>librum,</strong></span> <span class='ocrx_word' id='word_1_61' title='bbox 1451 1060 1475 1088; x_wconf 66' lang='grc' dir='ltr'>α</span> <span class='ocrx_word' id='word_1_62' title='bbox 1499 1067 1561 1106; x_wconf 87' lang='lat' dir='ltr'><strong>ac</strong></span> <span class='ocrx_word' id='word_1_63' title='bbox 1589 1060 1792 1119; x_wconf 85' lang='lat' dir='ltr'><strong>partem</strong></span> <span class='ocrx_word' id='word_1_64' title='bbox 1818 1063 2018 1121; x_wconf 83' lang='lat' dir='ltr'><strong>pariter</strong></span> <span class='ocrx_word' id='word_1_65' title='bbox 2047 1049 2340 1104; x_wconf 73' lang='lat' dir='ltr'><strong>Ezechielis</strong></span> <span class='ocrx_word' id='word_1_66' title='bbox 2367 1061 2492 1115; x_wconf 91' lang='lat' dir='ltr'><strong>pro-</strong></span> 
     </span>
    </p>
   </div>
   <div class='ocr_carea' id='block_1_11' title="bbox 930 1138 2493 1216">
    <p class='ocr_par' dir='ltr' id='par_1_11' title="bbox 930 1138 2493 1216">
     <span class='ocr_line' id='line_1_11' title="bbox 930 1138 2493 1216; baseline -0.006 -16"><span class='ocrx_word' id='word_1_67' title='bbox 930 1146 1121 1216; x_wconf 68' lang='lat' dir='ltr'><strong>phetae,</strong></span> <span class='ocrx_word' id='word_1_68' title='bbox 1154 1145 1238 1200; x_wconf 88' lang='lat' dir='ltr'><strong>vel</strong></span> <span class='ocrx_word' id='word_1_69' title='bbox 1265 1144 1538 1198; x_wconf 83' lang='lat' dir='ltr'><strong>Canticum</strong></span> <span class='ocrx_word' id='word_1_70' title='bbox 1570 1149 1932 1206; x_wconf 75' lang='lat' dir='ltr'><strong>canticorum;</strong></span> <span class='ocrx_word' id='word_1_71' title='bbox 1957 1151 2012 1197; x_wconf 90' lang='lat' dir='ltr'><strong>et</strong></span> <span class='ocrx_word' id='word_1_72' title='bbox 2045 1151 2236 1195; x_wconf 66' lang='lat' dir='ltr'><strong>caetera</strong></span> <span class='ocrx_word' id='word_1_73' title='bbox 2269 1138 2414 1203; x_wconf 84' lang='lat' dir='ltr'><strong>talia,</strong></span> <span class='ocrx_word' id='word_1_74' title='bbox 2440 1138 2493 1191; x_wconf 86' lang='lat' dir='ltr'><strong>in</strong></span> 
     </span>
    </p>
   </div>
   <div class='ocr_carea' id='block_1_12' title="bbox 928 1224 2492 1304">
    <p class='ocr_par' dir='ltr' id='par_1_12' title="bbox 928 1224 2492 1304">
     <span class='ocr_line' id='line_1_12' title="bbox 928 1224 2492 1304; baseline -0.006 -16"><span class='ocrx_word' id='word_1_75' title='bbox 928 1236 1121 1300; x_wconf 77' lang='lat' dir='ltr'><strong>quibus</strong></span> <span class='ocrx_word' id='word_1_76' title='bbox 1140 1233 1534 1304; x_wconf 75' lang='lat' dir='ltr'><strong>generationes,</strong></span> <span class='ocrx_word' id='word_1_77' title='bbox 1560 1244 1613 1288; x_wconf 92' lang='lat' dir='ltr'><strong>et</strong></span> <span class='ocrx_word' id='word_1_78' title='bbox 1635 1241 1811 1299; x_wconf 87' lang='lat' dir='ltr'><strong>actus,</strong></span> <span class='ocrx_word' id='word_1_79' title='bbox 1833 1240 1888 1285; x_wconf 92' lang='lat' dir='ltr'><strong>et</strong></span> <span class='ocrx_word' id='word_1_80' title='bbox 1915 1229 2127 1285; x_wconf 90' lang='lat' dir='ltr'><strong>nomina</strong></span> <span class='ocrx_word' id='word_1_81' title='bbox 2147 1224 2492 1298; x_wconf 86' lang='lat' dir='ltr'><strong>quarumdam</strong></span> 
     </span>
    </p>
   </div>
   <div class='ocr_carea' id='block_1_13' title="bbox 929 1318 2495 1393">
    <p class='ocr_par' dir='ltr' id='par_1_13' title="bbox 929 1318 2495 1393">
     <span class='ocr_line' id='line_1_13' title="bbox 929 1318 2495 1393; baseline -0.005 -16"><span class='ocrx_word' id='word_1_82' title='bbox 929 1325 1122 1393; x_wconf 88' lang='lat' dir='ltr'><strong>scripta</strong></span> <span class='ocrx_word' id='word_1_83' title='bbox 1176 1331 1300 1378; x_wconf 87' lang='lat' dir='ltr'><strong>sunt</strong></span> <span class='ocrx_word' id='word_1_84' title='bbox 1335 1325 1633 1378; x_wconf 86' lang='lat' dir='ltr'><strong>mulierum.</strong></span> <span class='ocrx_word' id='word_1_85' title='bbox 1665 1323 1810 1389; x_wconf 82' lang='lat' dir='ltr'><strong>Quas</strong></span> <span class='ocrx_word' id='word_1_86' title='bbox 1855 1322 1975 1376; x_wconf 91' lang='lat' dir='ltr'><strong>licet</strong></span> <span class='ocrx_word' id='word_1_87' title='bbox 2003 1319 2292 1376; x_wconf 89' lang='lat' dir='ltr'><strong>secundum</strong></span> <span class='ocrx_word' id='word_1_88' title='bbox 2325 1318 2495 1372; x_wconf 86' lang='lat' dir='ltr'><strong>histo-</strong></span> 
     </span>
    </p>
   </div>
   <div class='ocr_carea' id='block_1_14' title="bbox 930 1405 2496 1481">
    <p class='ocr_par' dir='ltr' id='par_1_14' title="bbox 930 1405 2496 1481">
     <span class='ocr_line' id='line_1_14' title="bbox 930 1405 2496 1481; baseline -0.004 -15"><span class='ocrx_word' id='word_1_89' title='bbox 930 1413 1064 1467; x_wconf 76' lang='lat' dir='ltr'><strong>riam</strong></span> <span class='ocrx_word' id='word_1_90' title='bbox 1111 1412 1273 1467; x_wconf 80' lang='lat' dir='ltr'><strong>fuisse</strong></span> <span class='ocrx_word' id='word_1_91' title='bbox 1299 1411 1601 1481; x_wconf 73' lang='lat' dir='ltr'><strong>credamus,</strong></span> <span class='ocrx_word' id='word_1_92' title='bbox 1633 1424 1818 1465; x_wconf 87' lang='lat' dir='ltr'><strong>earum</strong></span> <span class='ocrx_word' id='word_1_93' title='bbox 1843 1418 2018 1463; x_wconf 89' lang='lat' dir='ltr'><strong>tamen</strong></span> <span class='ocrx_word' id='word_1_94' title='bbox 2051 1406 2352 1462; x_wconf 86' lang='lat' dir='ltr'><strong>nominibus</strong></span> <span class='ocrx_word' id='word_1_95' title='bbox 2387 1405 2496 1459; x_wconf 81' lang='lat' dir='ltr'><strong>vir-</strong></span> 
     </span>
    </p>
   </div>
   <div class='ocr_carea' id='block_1_15' title="bbox 936 1496 2497 1568">
    <p class='ocr_par' dir='ltr' id='par_1_15' title="bbox 936 1496 2497 1568">
     <span class='ocr_line' id='line_1_15' title="bbox 936 1496 2497 1568; baseline -0.004 -13"><span class='ocrx_word' id='word_1_96' title='bbox 936 1510 1076 1555; x_wconf 88' lang='lat' dir='ltr'><strong>tutes</strong></span> <span class='ocrx_word' id='word_1_97' title='bbox 1113 1502 1364 1568; x_wconf 82' lang='lat' dir='ltr'><strong>tlguratas</strong></span> <span class='ocrx_word' id='word_1_98' title='bbox 1409 1499 1720 1568; x_wconf 80' lang='lat' dir='ltr'><strong>accipimus.</strong></span> <span class='ocrx_word' id='word_1_99' title='bbox 1777 1498 2038 1563; x_wconf 85' lang='lat' dir='ltr'><strong>Quoniam</strong></span> <span class='ocrx_word' id='word_1_100' title='bbox 2081 1499 2218 1550; x_wconf 85' lang='lat' dir='ltr'><strong>sicut</strong></span> <span class='ocrx_word' id='word_1_101' title='bbox 2261 1496 2363 1549; x_wconf 77' lang='lat' dir='ltr'><strong>illa:</strong></span> <span class='ocrx_word' id='word_1_102' title='bbox 2393 1509 2497 1549; x_wconf 90' lang='lat' dir='ltr'><strong>non</strong></span> 
     </span>
    </p>
   </div>
   <div class='ocr_carea' id='block_1_16' title="bbox 931 1587 2499 1657">
    <p class='ocr_par' dir='ltr' id='par_1_16' title="bbox 931 1587 2499 1657">
     <span class='ocr_line' id='line_1_16' title="bbox 931 1587 2499 1657; baseline -0.004 -12"><span class='ocrx_word' id='word_1_103' title='bbox 931 1593 1104 1645; x_wconf 86' lang='lat' dir='ltr'><strong>solum</strong></span> <span class='ocrx_word' id='word_1_104' title='bbox 1137 1591 1263 1644; x_wconf 88' lang='lat' dir='ltr'><strong>viris</strong></span> <span class='ocrx_word' id='word_1_105' title='bbox 1290 1589 1401 1644; x_wconf 90' lang='lat' dir='ltr'><strong>suis</strong></span> <span class='ocrx_word' id='word_1_106' title='bbox 1431 1603 1526 1657; x_wconf 91' lang='lat' dir='ltr'><strong>per</strong></span> <span class='ocrx_word' id='word_1_107' title='bbox 1572 1597 1786 1642; x_wconf 86' lang='lat' dir='ltr'><strong>sanctos</strong></span> <span class='ocrx_word' id='word_1_108' title='bbox 1829 1602 2004 1643; x_wconf 89' lang='lat' dir='ltr'><strong>mores</strong></span> <span class='ocrx_word' id='word_1_109' title='bbox 2029 1626 2044 1650; x_wconf 86' lang='lat'><strong>,</strong></span> <span class='ocrx_word' id='word_1_110' title='bbox 2079 1587 2172 1642; x_wconf 87' lang='lat' dir='ltr'><strong>sed</strong></span> <span class='ocrx_word' id='word_1_111' title='bbox 2216 1587 2373 1641; x_wconf 88' lang='lat' dir='ltr'><strong>etiam</strong></span> <span class='ocrx_word' id='word_1_112' title='bbox 2406 1602 2499 1639; x_wconf 82' lang='lat' dir='ltr'><strong>ex-</strong></span> 
     </span>
    </p>
   </div>
   <div class='ocr_carea' id='block_1_17' title="bbox 933 1678 2498 1748">
    <p class='ocr_par' dir='ltr' id='par_1_17' title="bbox 933 1678 2498 1748">
     <span class='ocr_line' id='line_1_17' title="bbox 933 1678 2498 1748; baseline -0.004 -12"><span class='ocrx_word' id='word_1_113' title='bbox 933 1682 1151 1743; x_wconf 86' lang='lat' dir='ltr'><strong>traneis,</strong></span> <span class='ocrx_word' id='word_1_114' title='bbox 1182 1681 1298 1734; x_wconf 82' lang='lat' dir='ltr'><strong>sine</strong></span> <span class='ocrx_word' id='word_1_115' title='bbox 1327 1679 1606 1747; x_wconf 86' lang='lat' dir='ltr'><strong>dispendio</strong></span> <span class='ocrx_word' id='word_1_116' title='bbox 1627 1681 1708 1733; x_wconf 90' lang='lat' dir='ltr'><strong>sui</strong></span> <span class='ocrx_word' id='word_1_117' title='bbox 1741 1679 1988 1748; x_wconf 89' lang='lat' dir='ltr'><strong>pudoris,</strong></span> <span class='ocrx_word' id='word_1_118' title='bbox 2021 1681 2090 1732; x_wconf 91' lang='lat' dir='ltr'><strong>ob</strong></span> <span class='ocrx_word' id='word_1_119' title='bbox 2138 1680 2350 1732; x_wconf 87' lang='lat' dir='ltr'><strong>nimiam</strong></span> <span class='ocrx_word' id='word_1_120' title='bbox 2383 1678 2498 1745; x_wconf 85' lang='lat' dir='ltr'><strong>pul-</strong></span> 
     </span>
    </p>
   </div>
   <div class='ocr_carea' id='block_1_18' title="bbox 929 1772 2498 1840">
    <p class='ocr_par' dir='ltr' id='par_1_18' title="bbox 929 1772 2498 1840">
     <span class='ocr_line' id='line_1_18' title="bbox 929 1772 2498 1840; baseline -0.003 -14"><span class='ocrx_word' id='word_1_121' title='bbox 929 1773 1280 1827; x_wconf 90' lang='lat' dir='ltr'><strong>chritudinem</strong></span> <span class='ocrx_word' id='word_1_122' title='bbox 1310 1772 1651 1840; x_wconf 78' lang='lat' dir='ltr'><strong>placuerunt;</strong></span> <span class='ocrx_word' id='word_1_123' title='bbox 1695 1773 1766 1825; x_wconf 85' lang='lat' dir='ltr'><strong>ita</strong></span> <span class='ocrx_word' id='word_1_124' title='bbox 1809 1781 2007 1825; x_wconf 74' lang='lat' dir='ltr'><strong>sancta:</strong></span> <span class='ocrx_word' id='word_1_125' title='bbox 2046 1773 2270 1823; x_wconf 79' lang='lat' dir='ltr'><strong>virtutes</strong></span> <span class='ocrx_word' id='word_1_126' title='bbox 2292 1781 2343 1824; x_wconf 89' lang='lat' dir='ltr'><strong>et</strong></span> <span class='ocrx_word' id='word_1_127' title='bbox 2372 1783 2498 1822; x_wconf 88' lang='lat' dir='ltr'><strong>suos</strong></span> 
     </span>
    </p>
   </div>
   <div class='ocr_carea' id='block_1_19' title="bbox 2589 595 4166 675">
    <p class='ocr_par' dir='ltr' id='par_1_19' title="bbox 2589 595 4166 675">
     <span class='ocr_line' id='line_1_19' title="bbox 2589 595 4166 675; baseline 0.001 -25"><span class='ocrx_word' id='word_1_128' title='bbox 2589 599 2800 650; x_wconf 86' lang='lat' dir='ltr'><strong>animus</strong></span> <span class='ocrx_word' id='word_1_129' title='bbox 2827 611 3059 665; x_wconf 86' lang='lat' dir='ltr'><strong>unquam</strong></span> <span class='ocrx_word' id='word_1_130' title='bbox 3090 595 3300 652; x_wconf 82' lang='lat' dir='ltr'><strong>desinat</strong></span> <span class='ocrx_word' id='word_1_131' title='bbox 3344 599 3395 654; x_wconf 83' lang='lat' dir='ltr'><strong>in</strong></span> <span class='ocrx_word' id='word_1_132' title='bbox 3429 599 3528 654; x_wconf 89' lang='lat' dir='ltr'><strong>hac</strong></span> <span class='ocrx_word' id='word_1_133' title='bbox 3551 612 3714 653; x_wconf 83' lang='lat' dir='ltr'><strong>carne</strong></span> <span class='ocrx_word' id='word_1_134' title='bbox 3733 612 3864 675; x_wconf 62' lang='lat' dir='ltr'><strong>cunt</strong></span> <span class='ocrx_word' id='word_1_135' title='bbox 3899 597 4040 652; x_wconf 87' lang='lat' dir='ltr'><strong>vitiis</strong></span> <span class='ocrx_word' id='word_1_136' title='bbox 4066 598 4132 652; x_wconf 83' lang='lat' dir='ltr'><strong>ha</strong></span> <span class='ocrx_word' id='word_1_137' title='bbox 4151 626 4166 638; x_wconf 85' lang='lat'><strong>-</strong></span> 
     </span>
    </p>
   </div>
   <div class='ocr_carea' id='block_1_20' title="bbox 2591 684 4170 755">
    <p class='ocr_par' dir='ltr' id='par_1_20' title="bbox 2591 684 4170 755">
     <span class='ocr_line' id='line_1_20' title="bbox 2591 684 4170 755; baseline 0.001 -17"><span class='ocrx_word' id='word_1_138' title='bbox 2591 684 2724 739; x_wconf 87' lang='lat' dir='ltr'><strong>bere</strong></span> <span class='ocrx_word' id='word_1_139' title='bbox 2744 684 3078 749; x_wconf 71' lang='lat' dir='ltr'><strong>conﬂictum;</strong></span> <span class='ocrx_word' id='word_1_140' title='bbox 3108 686 3204 739; x_wconf 87' lang='lat' dir='ltr'><strong>sed</strong></span> <span class='ocrx_word' id='word_1_141' title='bbox 3232 686 3374 753; x_wconf 87' lang='lat' dir='ltr'><strong>quod</strong></span> <span class='ocrx_word' id='word_1_142' title='bbox 3403 701 3525 744; x_wconf 90' lang='lat' dir='ltr'><strong>eum</strong></span> <span class='ocrx_word' id='word_1_143' title='bbox 3565 686 3675 740; x_wconf 88' lang='lat' dir='ltr'><strong>alat</strong></span> <span class='ocrx_word' id='word_1_144' title='bbox 3700 700 3764 740; x_wconf 89' lang='lat' dir='ltr'><strong>ac</strong></span> <span class='ocrx_word' id='word_1_145' title='bbox 3804 687 4084 755; x_wconf 80' lang='lat' dir='ltr'><strong>provehat,</strong></span> <span class='ocrx_word' id='word_1_146' title='bbox 4113 697 4170 742; x_wconf 88' lang='lat' dir='ltr'><strong>et</strong></span> 
     </span>
    </p>
   </div>
   <div class='ocr_carea' id='block_1_21' title="bbox 2590 772 4168 845">
    <p class='ocr_par' dir='ltr' id='par_1_21' title="bbox 2590 772 4168 845">
     <span class='ocr_line' id='line_1_21' title="bbox 2590 772 4168 845; baseline 0.003 -21"><span class='ocrx_word' id='word_1_147' title='bbox 2590 785 2846 842; x_wconf 86' lang='lat' dir='ltr'><strong>quantum</strong></span> <span class='ocrx_word' id='word_1_148' title='bbox 2879 772 2990 827; x_wconf 80' lang='lat' dir='ltr'><strong>ﬁeri</strong></span> <span class='ocrx_word' id='word_1_149' title='bbox 3021 782 3195 841; x_wconf 80' lang='lat' dir='ltr'><strong>potest</strong></span> <span class='ocrx_word' id='word_1_150' title='bbox 3237 774 3289 827; x_wconf 93' lang='lat' dir='ltr'><strong>in</strong></span> <span class='ocrx_word' id='word_1_151' title='bbox 3341 776 3588 843; x_wconf 67' lang='lat' dir='ltr'><strong>praesenti</strong></span> <span class='ocrx_word' id='word_1_152' title='bbox 3616 775 3752 839; x_wconf 89' lang='lat' dir='ltr'><strong>vita,</strong></span> <span class='ocrx_word' id='word_1_153' title='bbox 3785 776 4027 844; x_wconf 79' lang='lat' dir='ltr'><strong>perﬁciat</strong></span> <span class='ocrx_word' id='word_1_154' title='bbox 4055 776 4168 845; x_wconf 86' lang='lat' dir='ltr'><strong>ipsa</strong></span> 
     </span>
    </p>
   </div>
   <div class='ocr_carea' id='block_1_22' title="bbox 2595 863 4171 932">
    <p class='ocr_par' dir='ltr' id='par_1_22' title="bbox 2595 863 4171 932">
     <span class='ocr_line' id='line_1_22' title="bbox 2595 863 4171 932; baseline 0.002 -16"><span class='ocrx_word' id='word_1_155' title='bbox 2595 866 2949 918; x_wconf 80' lang='lat' dir='ltr'><strong>numerositas</strong></span> <span class='ocrx_word' id='word_1_156' title='bbox 2979 863 3367 931; x_wconf 77' lang='lat' dir='ltr'><strong>triumphorum</strong></span> <span class='ocrx_word' id='word_1_157' title='bbox 3390 879 3405 920; x_wconf 88' lang='lat'><strong>:</strong></span> <span class='ocrx_word' id='word_1_158' title='bbox 3429 866 3471 918; x_wconf 91' lang='lat' dir='ltr'><strong>si</strong></span> <span class='ocrx_word' id='word_1_159' title='bbox 3495 865 3654 919; x_wconf 89' lang='lat' dir='ltr'><strong>modo</strong></span> <span class='ocrx_word' id='word_1_160' title='bbox 3685 879 3789 918; x_wconf 90' lang='lat' dir='ltr'><strong>non</strong></span> <span class='ocrx_word' id='word_1_161' title='bbox 3816 879 3874 919; x_wconf 88' lang='lat' dir='ltr'><strong>se</strong></span> <span class='ocrx_word' id='word_1_162' title='bbox 3900 865 3950 918; x_wconf 90' lang='lat' dir='ltr'><strong>in</strong></span> <span class='ocrx_word' id='word_1_163' title='bbox 3973 880 4171 932; x_wconf 87' lang='lat' dir='ltr'><strong>corpus</strong></span> 
     </span>
    </p>
   </div>
   <div class='ocr_carea' id='block_1_23' title="bbox 2595 952 4172 1023">
    <p class='ocr_par' dir='ltr' id='par_1_23' title="bbox 2595 952 4172 1023">
     <span class='ocr_line' id='line_1_23' title="bbox 2595 952 4172 1023; baseline 0.003 -18"><span class='ocrx_word' id='word_1_164' title='bbox 2595 953 2932 1008; x_wconf 84' lang='lat' dir='ltr'><strong>sensibilium</strong></span> <span class='ocrx_word' id='word_1_165' title='bbox 2975 962 3163 1019; x_wconf 88' lang='lat' dir='ltr'><strong>captus</strong></span> <span class='ocrx_word' id='word_1_166' title='bbox 3188 952 3544 1008; x_wconf 89' lang='lat' dir='ltr'><strong>delectatione</strong></span> <span class='ocrx_word' id='word_1_167' title='bbox 3587 952 3842 1023; x_wconf 86' lang='lat' dir='ltr'><strong>dejiciat;</strong></span> <span class='ocrx_word' id='word_1_168' title='bbox 3879 954 3978 1010; x_wconf 83' lang='lat' dir='ltr'><strong>sed</strong></span> <span class='ocrx_word' id='word_1_169' title='bbox 4015 969 4172 1009; x_wconf 82' lang='lat' dir='ltr'><strong>exse-</strong></span> 
     </span>
    </p>
   </div>
   <div class='ocr_carea' id='block_1_24' title="bbox 2594 1043 4169 1114">
    <p class='ocr_par' dir='ltr' id='par_1_24' title="bbox 2594 1043 4169 1114">
     <span class='ocr_line' id='line_1_24' title="bbox 2594 1043 4169 1114; baseline 0 -16"><span class='ocrx_word' id='word_1_170' title='bbox 2594 1047 2832 1100; x_wconf 79' lang='lat' dir='ltr'><strong>cratione</strong></span> <span class='ocrx_word' id='word_1_171' title='bbox 2860 1045 3267 1098; x_wconf 87' lang='lat' dir='ltr'><strong>delectationum</strong></span> <span class='ocrx_word' id='word_1_172' title='bbox 3310 1043 3613 1100; x_wconf 84' lang='lat' dir='ltr'><strong>sublimiter</strong></span> <span class='ocrx_word' id='word_1_173' title='bbox 3659 1046 3977 1110; x_wconf 90' lang='lat' dir='ltr'><strong>roboratus,</strong></span> <span class='ocrx_word' id='word_1_174' title='bbox 4009 1059 4169 1114; x_wconf 82' lang='lat' dir='ltr'><strong>supra</strong></span> 
     </span>
    </p>
   </div>
   <div class='ocr_carea' id='block_1_25' title="bbox 2593 1133 4159 1203">
    <p class='ocr_par' dir='ltr' id='par_1_25' title="bbox 2593 1133 4159 1203">
     <span class='ocr_line' id='line_1_25' title="bbox 2593 1133 4159 1203; baseline 0.002 -15"><span class='ocrx_word' id='word_1_175' title='bbox 2593 1147 2785 1203; x_wconf 87' lang='lat' dir='ltr'><strong>corpus</strong></span> <span class='ocrx_word' id='word_1_176' title='bbox 2826 1148 2887 1188; x_wconf 85' lang='lat' dir='ltr'><strong>se</strong></span> <span class='ocrx_word' id='word_1_177' title='bbox 2909 1133 3264 1202; x_wconf 76' lang='lat' dir='ltr'><strong>corporalium</strong></span> <span class='ocrx_word' id='word_1_178' title='bbox 3313 1135 3482 1190; x_wconf 89' lang='lat' dir='ltr'><strong>victor</strong></span> <span class='ocrx_word' id='word_1_179' title='bbox 3525 1134 3765 1200; x_wconf 83' lang='lat' dir='ltr'><strong>attollat;</strong></span> <span class='ocrx_word' id='word_1_180' title='bbox 3797 1151 3862 1190; x_wconf 82' lang='lat' dir='ltr'><strong>ac</strong></span> <span class='ocrx_word' id='word_1_181' title='bbox 3890 1135 3999 1190; x_wconf 90' lang='lat' dir='ltr'><strong>Deo</strong></span> <span class='ocrx_word' id='word_1_182' title='bbox 4025 1149 4159 1201; x_wconf 88' lang='lat' dir='ltr'><strong>suo,</strong></span> 
     </span>
    </p>
   </div>
   <div class='ocr_carea' id='block_1_26' title="bbox 2595 1225 4171 1296">
    <p class='ocr_par' dir='ltr' id='par_1_26' title="bbox 2595 1225 4171 1296">
     <span class='ocr_line' id='line_1_26' title="bbox 2595 1225 4171 1296; baseline 0.003 -18"><span class='ocrx_word' id='word_1_183' title='bbox 2595 1225 2696 1279; x_wconf 86' lang='lat' dir='ltr'><strong>sub</strong></span> <span class='ocrx_word' id='word_1_184' title='bbox 2715 1239 2818 1293; x_wconf 85' lang='lat' dir='ltr'><strong>quo</strong></span> <span class='ocrx_word' id='word_1_185' title='bbox 2842 1233 2868 1274; x_wconf 83' lang='lat' dir='ltr'><strong>s</strong></span> <span class='ocrx_word' id='word_1_186' title='bbox 2885 1239 3005 1278; x_wconf 89' lang='lat' dir='ltr'><strong>eum</strong></span> <span class='ocrx_word' id='word_1_187' title='bbox 3037 1225 3302 1280; x_wconf 84' lang='lat' dir='ltr'><strong>viventem</strong></span> <span class='ocrx_word' id='word_1_188' title='bbox 3326 1225 3591 1282; x_wconf 79' lang='lat' dir='ltr'><strong>desideria</strong></span> <span class='ocrx_word' id='word_1_189' title='bbox 3619 1226 3894 1296; x_wconf 85' lang='lat' dir='ltr'><strong>repudiata</strong></span> <span class='ocrx_word' id='word_1_190' title='bbox 3923 1243 4030 1284; x_wconf 88' lang='lat' dir='ltr'><strong>non</strong></span> <span class='ocrx_word' id='word_1_191' title='bbox 4055 1227 4171 1282; x_wconf 84' lang='lat' dir='ltr'><strong>vin-</strong></span> 
     </span>
    </p>
   </div>
   <div class='ocr_carea' id='block_1_27' title="bbox 2596 1317 3819 1386">
    <p class='ocr_par' dir='ltr' id='par_1_27' title="bbox 2596 1317 3819 1386">
     <span class='ocr_line' id='line_1_27' title="bbox 2596 1317 3819 1386; baseline 0.002 -17"><span class='ocrx_word' id='word_1_192' title='bbox 2596 1327 2742 1380; x_wconf 92' lang='lat' dir='ltr'><strong>cunt,</strong></span> <span class='ocrx_word' id='word_1_193' title='bbox 2763 1317 2812 1370; x_wconf 80' lang='lat' dir='ltr'><strong>in</strong></span> <span class='ocrx_word' id='word_1_194' title='bbox 2836 1325 3095 1371; x_wconf 66' lang='lat' dir='ltr'><strong>aeternum</strong></span> <span class='ocrx_word' id='word_1_195' title='bbox 3123 1317 3506 1386; x_wconf 78' lang='lat' dir='ltr'><strong>gloriﬁcaudus</strong></span> <span class='ocrx_word' id='word_1_196' title='bbox 3529 1318 3819 1373; x_wconf 66' lang='lat' dir='ltr'><strong>adbaireat.</strong></span> 
     </span>
    </p>
   </div>
   <div class='ocr_carea' id='block_1_28' title="bbox 3170 1467 3574 1524">
    <p class='ocr_par' dir='ltr' id='par_1_28' title="bbox 3170 1467 3574 1524">
     <span class='ocr_line' id='line_1_28' title="bbox 3170 1467 3574 1524; baseline 0.002 -1"><span class='ocrx_word' id='word_1_197' title='bbox 3170 1467 3395 1524; x_wconf 61' lang='lat' dir='ltr'><strong>CAPUT</strong></span> <span class='ocrx_word' id='word_1_198' title='bbox 3436 1469 3574 1524; x_wconf 74' lang='lat' dir='ltr'><strong>Vill.</strong></span> 
     </span>
    </p>
   </div>
   <div class='ocr_carea' id='block_1_29' title="bbox 2600 1578 4176 1651">
    <p class='ocr_par' dir='ltr' id='par_1_29' title="bbox 2600 1578 4176 1651">
     <span class='ocr_line' id='line_1_29' title="bbox 2600 1578 4176 1651; baseline 0.005 -18"><span class='ocrx_word' id='word_1_199' title='bbox 2600 1578 2790 1647; x_wconf 68' lang='lat' dir='ltr'><strong>Qaiius</strong></span> <span class='ocrx_word' id='word_1_200' title='bbox 2841 1579 3045 1633; x_wconf 81' lang='lat' dir='ltr'><strong>indiciis</strong></span> <span class='ocrx_word' id='word_1_201' title='bbox 3100 1581 3254 1646; x_wconf 85' lang='lat' dir='ltr'><strong>possit</strong></span> <span class='ocrx_word' id='word_1_202' title='bbox 3300 1582 3500 1636; x_wconf 72' lang='lat' dir='ltr'><strong>ostendi</strong></span> <span class='ocrx_word' id='word_1_203' title='bbox 3545 1583 3821 1649; x_wconf 75' lang='lat' dir='ltr'><strong>superbia,</strong></span> <span class='ocrx_word' id='word_1_204' title='bbox 3863 1600 3982 1651; x_wconf 70' lang='lat' dir='ltr'><strong>qua</strong></span> <span class='ocrx_word' id='word_1_205' title='bbox 4021 1585 4176 1641; x_wconf 69' lang='lat' dir='ltr'><strong>uelit:</strong></span> 
     </span>
    </p>
   </div>
   <div class='ocr_carea' id='block_1_30' title="bbox 2821 1651 3941 1721">
    <p class='ocr_par' dir='ltr' id='par_1_30' title="bbox 2821 1651 3941 1721">
     <span class='ocr_line' id='line_1_30' title="bbox 2821 1651 3941 1721; baseline 0.005 -19"><span class='ocrx_word' id='word_1_206' title='bbox 2821 1651 3035 1720; x_wconf 73' lang='lat' dir='ltr'><strong>perditis</strong></span> <span class='ocrx_word' id='word_1_207' title='bbox 3059 1662 3236 1719; x_wconf 82' lang='lat' dir='ltr'><strong>aperta</strong></span> <span class='ocrx_word' id='word_1_208' title='bbox 3257 1661 3351 1716; x_wconf 78' lang='lat' dir='ltr'><strong>est,</strong></span> <span class='ocrx_word' id='word_1_209' title='bbox 3377 1651 3456 1705; x_wconf 79' lang='lat' dir='ltr'><strong>oet</strong></span> <span class='ocrx_word' id='word_1_210' title='bbox 3481 1651 3533 1704; x_wconf 82' lang='lat' dir='ltr'><strong>in</strong></span> <span class='ocrx_word' id='word_1_211' title='bbox 3564 1653 3696 1721; x_wconf 79' lang='lat' dir='ltr'><strong>ﬁctis</strong></span> <span class='ocrx_word' id='word_1_212' title='bbox 3719 1654 3941 1708; x_wconf 80' lang='lat' dir='ltr'><strong>occulta.</strong></span> 
     </span>
    </p>
   </div>
   <div class='ocr_carea' id='block_1_31' title="bbox 2673 1783 4173 1855">
    <p class='ocr_par' dir='ltr' id='par_1_31' title="bbox 2673 1783 4173 1855">
     <span class='ocr_line' id='line_1_31' title="bbox 2673 1783 4173 1855; baseline 0.002 -18"><span class='ocrx_word' id='word_1_213' title='bbox 2673 1784 2722 1837; x_wconf 75' lang='grc'><strong>1.</strong></span> <span class='ocrx_word' id='word_1_214' title='bbox 2751 1783 2865 1836; x_wconf 81' lang='lat' dir='ltr'><strong>Jam</strong></span> <span class='ocrx_word' id='word_1_215' title='bbox 2896 1799 3036 1838; x_wconf 91' lang='lat' dir='ltr'><strong>nunc</strong></span> <span class='ocrx_word' id='word_1_216' title='bbox 3072 1785 3346 1839; x_wconf 84' lang='lat' dir='ltr'><strong>videamus</strong></span> <span class='ocrx_word' id='word_1_217' title='bbox 3389 1785 3579 1854; x_wconf 80' lang='lat' dir='ltr'><strong>quibus</strong></span> <span class='ocrx_word' id='word_1_218' title='bbox 3621 1786 3830 1842; x_wconf 85' lang='lat' dir='ltr'><strong>indici&#39;s</strong></span> <span class='ocrx_word' id='word_1_219' title='bbox 3870 1789 4040 1855; x_wconf 78' lang='lat' dir='ltr'><strong>possit</strong></span> <span class='ocrx_word' id='word_1_220' title='bbox 4081 1803 4173 1842; x_wconf 88' lang='lat' dir='ltr'><strong>su-</strong></span> 
     </span>
    </p>
   </div>
   <div class='ocr_carea' id='block_1_32' title="bbox 932 1859 4178 1946">
    <p class='ocr_par' dir='ltr' id='par_1_32' title="bbox 932 1859 4178 1946">
     <span class='ocr_line' id='line_1_32' title="bbox 932 1859 4178 1946; baseline 0.001 -17"><span class='ocrx_word' id='word_1_221' title='bbox 932 1864 1200 1919; x_wconf 64' lang='lat' dir='ltr'><strong>mifabi&#39;es</strong></span> <span class='ocrx_word' id='word_1_222' title='bbox 1248 1863 1496 1917; x_wconf 68' lang='lat' dir='ltr'><strong>omﬂibus</strong></span> <span class='ocrx_word' id='word_1_223' title='bbox 1551 1863 1814 1927; x_wconf 59' lang='lat' dir='ltr'><strong>&quot;ddum:</strong></span> <span class='ocrx_word' id='word_1_224' title='bbox 1855 1873 1908 1916; x_wconf 72' lang='grc' dir='ltr'>ει</span> <span class='ocrx_word' id='word_1_225' title='bbox 1955 1873 2240 1916; x_wconf 51' lang='lat' dir='ltr'><strong>“iuncos</strong></span> <span class='ocrx_word' id='word_1_226' title='bbox 2275 1859 2500 1929; x_wconf 72' lang='grc' dir='ltr'><strong>(ιυίιάειηι</strong></span> <span class='ocrx_word' id='word_1_227' title='bbox 2539 1860 2580 1918; x_wconf 77' lang='grc' dir='ltr'><strong>Β</strong></span> <span class='ocrx_word' id='word_1_228' title='bbox 2614 1873 2793 1941; x_wconf 81' lang='lat' dir='ltr'><strong>perbia</strong></span> <span class='ocrx_word' id='word_1_229' title='bbox 2817 1875 3184 1941; x_wconf 84' lang='lat' dir='ltr'><strong>deprehendi:</strong></span> <span class='ocrx_word' id='word_1_230' title='bbox 3220 1885 3275 1930; x_wconf 88' lang='lat' dir='ltr'><strong>ut</strong></span> <span class='ocrx_word' id='word_1_231' title='bbox 3319 1878 3456 1931; x_wconf 83' lang='lat' dir='ltr'><strong>sicut</strong></span> <span class='ocrx_word' id='word_1_232' title='bbox 3486 1878 3536 1930; x_wconf 87' lang='lat' dir='ltr'><strong>iu</strong></span> <span class='ocrx_word' id='word_1_233' title='bbox 3581 1879 3946 1946; x_wconf 84' lang='lat' dir='ltr'><strong>superioribus</strong></span> <span class='ocrx_word' id='word_1_234' title='bbox 3991 1883 4178 1934; x_wconf 85' lang='lat' dir='ltr'><strong>claruit</strong></span> 
     </span>
    </p>
   </div>
   <div class='ocr_carea' id='block_1_33' title="bbox 929 1947 2503 2022">
    <p class='ocr_par' dir='ltr' id='par_1_33' title="bbox 929 1947 2503 2022">
     <span class='ocr_line' id='line_1_33' title="bbox 929 1947 2503 2022; baseline -0.001 -17"><span class='ocrx_word' id='word_1_235' title='bbox 929 1953 1279 2008; x_wconf 85' lang='lat' dir='ltr'><strong>admiratione</strong></span> <span class='ocrx_word' id='word_1_236' title='bbox 1306 1953 1389 2007; x_wconf 86' lang='lat' dir='ltr'><strong>sui</strong></span> <span class='ocrx_word' id='word_1_237' title='bbox 1431 1956 1805 2022; x_wconf 79' lang='lat' dir='ltr'><strong>perstringunt.</strong></span> <span class='ocrx_word' id='word_1_238' title='bbox 1851 1952 1984 2005; x_wconf 80' lang='lat' dir='ltr'><strong>Hinc</strong></span> <span class='ocrx_word' id='word_1_239' title='bbox 2013 1961 2095 2006; x_wconf 87' lang='lat' dir='ltr'><strong>est</strong></span> <span class='ocrx_word' id='word_1_240' title='bbox 2130 1947 2359 2020; x_wconf 87' lang='lat' dir='ltr'><strong>quodet</strong></span> <span class='ocrx_word' id='word_1_241' title='bbox 2405 1949 2503 2019; x_wconf 87' lang='lat' dir='ltr'><strong>ipsi</strong></span> 
     </span>
    </p>
   </div>
   <div class='ocr_carea' id='block_1_34' title="bbox 931 2031 2502 2111">
    <p class='ocr_par' dir='ltr' id='par_1_34' title="bbox 931 2031 2502 2111">
     <span class='ocr_line' id='line_1_34' title="bbox 931 2031 2502 2111; baseline -0.001 -18"><span class='ocrx_word' id='word_1_242' title='bbox 931 2043 1019 2111; x_wconf 88' lang='lat' dir='ltr'><strong>qui</strong></span> <span class='ocrx_word' id='word_1_243' title='bbox 1049 2031 1236 2095; x_wconf 82' lang='lat' dir='ltr'><strong>vitiose</strong></span> <span class='ocrx_word' id='word_1_244' title='bbox 1287 2040 1495 2102; x_wconf 86' lang='lat' dir='ltr'><strong>vivunt,</strong></span> <span class='ocrx_word' id='word_1_245' title='bbox 1529 2042 1750 2095; x_wconf 89' lang='lat' dir='ltr'><strong>virtutes</strong></span> <span class='ocrx_word' id='word_1_246' title='bbox 1793 2041 1934 2094; x_wconf 84' lang='lat' dir='ltr'><strong>vitiis</strong></span> <span class='ocrx_word' id='word_1_247' title='bbox 1977 2047 2309 2108; x_wconf 88' lang='lat' dir='ltr'><strong>anteponunt</strong></span> <span class='ocrx_word' id='word_1_248' title='bbox 2335 2056 2349 2093; x_wconf 90' lang='lat'><strong>:</strong></span> <span class='ocrx_word' id='word_1_249' title='bbox 2377 2040 2502 2108; x_wconf 85' lang='lat' dir='ltr'><strong>quia</strong></span> 
     </span>
    </p>
   </div>
   <div class='ocr_carea' id='block_1_35' title="bbox 933 2130 2499 2200">
    <p class='ocr_par' dir='ltr' id='par_1_35' title="bbox 933 2130 2499 2200">
     <span class='ocr_line' id='line_1_35' title="bbox 933 2130 2499 2200; baseline -0.002 -16"><span class='ocrx_word' id='word_1_250' title='bbox 933 2132 1076 2187; x_wconf 87' lang='lat' dir='ltr'><strong>aliud</strong></span> <span class='ocrx_word' id='word_1_251' title='bbox 1106 2141 1190 2186; x_wconf 86' lang='lat' dir='ltr'><strong>est</strong></span> <span class='ocrx_word' id='word_1_252' title='bbox 1223 2133 1364 2200; x_wconf 91' lang='lat' dir='ltr'><strong>quod</strong></span> <span class='ocrx_word' id='word_1_253' title='bbox 1398 2132 1593 2186; x_wconf 82' lang='lat' dir='ltr'><strong>faciunt</strong></span> <span class='ocrx_word' id='word_1_254' title='bbox 1643 2131 1845 2194; x_wconf 85' lang='lat' dir='ltr'><strong>morbo,</strong></span> <span class='ocrx_word' id='word_1_255' title='bbox 1878 2130 2018 2183; x_wconf 67' lang='lat' dir='ltr'><strong>aliud</strong></span> <span class='ocrx_word' id='word_1_256' title='bbox 2042 2130 2185 2197; x_wconf 90' lang='lat' dir='ltr'><strong>quod</strong></span> <span class='ocrx_word' id='word_1_257' title='bbox 2214 2138 2499 2197; x_wconf 89' lang='lat' dir='ltr'><strong>coguntur,</strong></span> 
     </span>
    </p>
   </div>
   <div class='ocr_carea' id='block_1_36' title="bbox 935 2221 2508 2293">
    <p class='ocr_par' dir='ltr' id='par_1_36' title="bbox 935 2221 2508 2293">
     <span class='ocr_line' id='line_1_36' title="bbox 935 2221 2508 2293; baseline -0.003 -16"><span class='ocrx_word' id='word_1_258' title='bbox 935 2224 963 2263; x_wconf 70' lang='grc' dir='ltr'>δ</span> <span class='ocrx_word' id='word_1_259' title='bbox 989 2225 1216 2293; x_wconf 86' lang='lat' dir='ltr'><strong>probare</strong></span> <span class='ocrx_word' id='word_1_260' title='bbox 1241 2223 1460 2292; x_wconf 86' lang='lat' dir='ltr'><strong>judicio.</strong></span> <span class='ocrx_word' id='word_1_261' title='bbox 1489 2221 1590 2277; x_wconf 87' lang='lat' dir='ltr'><strong>Sed</strong></span> <span class='ocrx_word' id='word_1_262' title='bbox 1619 2237 1684 2275; x_wconf 91' lang='lat' dir='ltr'><strong>ne</strong></span> <span class='ocrx_word' id='word_1_263' title='bbox 1714 2221 1847 2277; x_wconf 82' lang='lat' dir='ltr'><strong>forte</strong></span> <span class='ocrx_word' id='word_1_264' title='bbox 1868 2222 1978 2275; x_wconf 70' lang='lat' dir='ltr'><strong>haec</strong></span> <span class='ocrx_word' id='word_1_265' title='bbox 1999 2221 2293 2288; x_wconf 87' lang='lat' dir='ltr'><strong>spiritualia</strong></span> <span class='ocrx_word' id='word_1_266' title='bbox 2315 2233 2508 2274; x_wconf 81' lang='lat' dir='ltr'><strong>secun-</strong></span> 
     </span>
    </p>
   </div>
   <div class='ocr_carea' id='block_1_37' title="bbox 934 2311 2505 2379">
    <p class='ocr_par' dir='ltr' id='par_1_37' title="bbox 934 2311 2505 2379">
     <span class='ocr_line' id='line_1_37' title="bbox 934 2311 2505 2379; baseline -0.001 -13"><span class='ocrx_word' id='word_1_267' title='bbox 934 2313 1063 2367; x_wconf 88' lang='lat' dir='ltr'><strong>dum</strong></span> <span class='ocrx_word' id='word_1_268' title='bbox 1092 2327 1303 2366; x_wconf 88' lang='lat' dir='ltr'><strong>carnem</strong></span> <span class='ocrx_word' id='word_1_269' title='bbox 1335 2311 1507 2365; x_wconf 89' lang='lat' dir='ltr'><strong>adhuc</strong></span> <span class='ocrx_word' id='word_1_270' title='bbox 1529 2311 1770 2366; x_wconf 84' lang='lat' dir='ltr'><strong>carnales</strong></span> <span class='ocrx_word' id='word_1_271' title='bbox 1795 2312 2125 2379; x_wconf 86' lang='lat' dir='ltr'><strong>acciperent;</strong></span> <span class='ocrx_word' id='word_1_272' title='bbox 2158 2325 2253 2365; x_wconf 89' lang='lat' dir='ltr'><strong>nec</strong></span> <span class='ocrx_word' id='word_1_273' title='bbox 2282 2316 2505 2366; x_wconf 77' lang='lat' dir='ltr'><strong>virtutes</strong></span> 
     </span>
    </p>
   </div>
   <div class='ocr_carea' id='block_1_38' title="bbox 934 2401 2504 2473">
    <p class='ocr_par' dir='ltr' id='par_1_38' title="bbox 934 2401 2504 2473">
     <span class='ocr_line' id='line_1_38' title="bbox 934 2401 2504 2473; baseline -0.001 -16"><span class='ocrx_word' id='word_1_274' title='bbox 934 2405 1233 2473; x_wconf 82' lang='lat' dir='ltr'><strong>cogitarent</strong></span> <span class='ocrx_word' id='word_1_275' title='bbox 1274 2417 1405 2473; x_wconf 89' lang='lat' dir='ltr'><strong>quas</strong></span> <span class='ocrx_word' id='word_1_276' title='bbox 1443 2403 1691 2457; x_wconf 86' lang='lat' dir='ltr'><strong>mulieres</strong></span> <span class='ocrx_word' id='word_1_277' title='bbox 1729 2402 1832 2456; x_wconf 57' lang='lat' dir='ltr'><strong>illa:</strong></span> <span class='ocrx_word' id='word_1_278' title='bbox 1871 2401 2200 2472; x_wconf 78' lang='lat' dir='ltr'><strong>signiﬁcant,</strong></span> <span class='ocrx_word' id='word_1_279' title='bbox 2231 2403 2321 2456; x_wconf 86' lang='lat' dir='ltr'><strong>sed</strong></span> <span class='ocrx_word' id='word_1_280' title='bbox 2363 2403 2504 2470; x_wconf 88' lang='lat' dir='ltr'><strong>ipsas</strong></span> 
     </span>
    </p>
   </div>
   <div class='ocr_carea' id='block_1_39' title="bbox 942 2493 2507 2565">
    <p class='ocr_par' dir='ltr' id='par_1_39' title="bbox 942 2493 2507 2565">
     <span class='ocr_line' id='line_1_39' title="bbox 942 2493 2507 2565; baseline -0.003 -15"><span class='ocrx_word' id='word_1_281' title='bbox 942 2505 964 2535; x_wconf 74' lang='grc' dir='ltr'><strong>ε</strong></span> <span class='ocrx_word' id='word_1_282' title='bbox 996 2495 1277 2565; x_wconf 85' lang='lat' dir='ltr'><strong>cogitando</strong></span> <span class='ocrx_word' id='word_1_283' title='bbox 1303 2495 1591 2549; x_wconf 81' lang='lat' dir='ltr'><strong>carnaliter</strong></span> <span class='ocrx_word' id='word_1_284' title='bbox 1624 2493 1964 2564; x_wconf 84' lang='lat' dir='ltr'><strong>deperireut;</strong></span> <span class='ocrx_word' id='word_1_285' title='bbox 1999 2493 2245 2548; x_wconf 88' lang='lat' dir='ltr'><strong>consulto</strong></span> <span class='ocrx_word' id='word_1_286' title='bbox 2267 2493 2507 2560; x_wconf 73' lang='lat' dir='ltr'><strong>iuniores</strong></span> 
     </span>
    </p>
   </div>
   <div class='ocr_carea' id='block_1_40' title="bbox 938 2582 2506 2653">
    <p class='ocr_par' dir='ltr' id='par_1_40' title="bbox 938 2582 2506 2653">
     <span class='ocr_line' id='line_1_40' title="bbox 938 2582 2506 2653; baseline -0.003 -15"><span class='ocrx_word' id='word_1_287' title='bbox 938 2585 1115 2653; x_wconf 82' lang='lat' dir='ltr'><strong>legere</strong></span> <span class='ocrx_word' id='word_1_288' title='bbox 1150 2593 1273 2639; x_wconf 92' lang='lat' dir='ltr'><strong>sunt</strong></span> <span class='ocrx_word' id='word_1_289' title='bbox 1311 2583 1398 2638; x_wconf 89' lang='lat' dir='ltr'><strong>illa</strong></span> <span class='ocrx_word' id='word_1_290' title='bbox 1426 2583 1704 2652; x_wconf 87' lang='lat' dir='ltr'><strong>prohibiti,</strong></span> <span class='ocrx_word' id='word_1_291' title='bbox 1733 2598 1852 2650; x_wconf 83' lang='lat' dir='ltr'><strong>quae</strong></span> <span class='ocrx_word' id='word_1_292' title='bbox 1877 2582 2015 2637; x_wconf 85' lang='lat' dir='ltr'><strong>sicut</strong></span> <span class='ocrx_word' id='word_1_293' title='bbox 2039 2582 2390 2651; x_wconf 79' lang='lat' dir='ltr'><strong>Spiritualitcr</strong></span> <span class='ocrx_word' id='word_1_294' title='bbox 2417 2595 2506 2635; x_wconf 85' lang='lat' dir='ltr'><strong>ac-</strong></span> 
     </span>
    </p>
   </div>
   <div class='ocr_carea' id='block_1_41' title="bbox 935 2671 2504 2743">
    <p class='ocr_par' dir='ltr' id='par_1_41' title="bbox 935 2671 2504 2743">
     <span class='ocr_line' id='line_1_41' title="bbox 935 2671 2504 2743; baseline -0.004 -13"><span class='ocrx_word' id='word_1_295' title='bbox 935 2684 1088 2743; x_wconf 80' lang='lat' dir='ltr'><strong>cepta</strong></span> <span class='ocrx_word' id='word_1_296' title='bbox 1128 2674 1391 2728; x_wconf 75' lang='lat' dir='ltr'><strong>viviﬁcaut</strong></span> <span class='ocrx_word' id='word_1_297' title='bbox 1415 2713 1432 2740; x_wconf 97' lang='lat'><strong>,</strong></span> <span class='ocrx_word' id='word_1_298' title='bbox 1476 2673 1548 2727; x_wconf 91' lang='lat' dir='ltr'><strong>ita</strong></span> <span class='ocrx_word' id='word_1_299' title='bbox 1575 2672 1859 2727; x_wconf 83' lang='lat' dir='ltr'><strong>carnaliter</strong></span> <span class='ocrx_word' id='word_1_300' title='bbox 1910 2671 2360 2740; x_wconf 79' lang='lat' dir='ltr'><strong>intelliguntibus,</strong></span> <span class='ocrx_word' id='word_1_301' title='bbox 2393 2671 2504 2740; x_wconf 86' lang='lat' dir='ltr'><strong>ipsa</strong></span> 
     </span>
    </p>
   </div>
   <div class='ocr_carea' id='block_1_42' title="bbox 935 2761 2504 2832">
    <p class='ocr_par' dir='ltr' id='par_1_42' title="bbox 935 2761 2504 2832">
     <span class='ocr_line' id='line_1_42' title="bbox 935 2761 2504 2832; baseline -0.003 -14"><span class='ocrx_word' id='word_1_302' title='bbox 935 2763 1166 2818; x_wconf 84' lang='lat' dir='ltr'><strong>carnalis</strong></span> <span class='ocrx_word' id='word_1_303' title='bbox 1214 2763 1560 2832; x_wconf 84' lang='lat' dir='ltr'><strong>intelligentia</strong></span> <span class='ocrx_word' id='word_1_304' title='bbox 1603 2761 1912 2816; x_wconf 75' lang='lat' dir='ltr'><strong>occasiones</strong></span> <span class='ocrx_word' id='word_1_305' title='bbox 1968 2762 2196 2814; x_wconf 85' lang='lat' dir='ltr'><strong>carnalis</strong></span> <span class='ocrx_word' id='word_1_306' title='bbox 2243 2761 2504 2827; x_wconf 80' lang='lat' dir='ltr'><strong>concupi-</strong></span> 
     </span>
    </p>
   </div>
   <div class='ocr_carea' id='block_1_43' title="bbox 936 2848 2505 2920">
    <p class='ocr_par' dir='ltr' id='par_1_43' title="bbox 936 2848 2505 2920">
     <span class='ocr_line' id='line_1_43' title="bbox 936 2848 2505 2920; baseline -0.006 -10"><span class='ocrx_word' id='word_1_307' title='bbox 936 2853 1149 2910; x_wconf 66' lang='lat' dir='ltr'><strong>scentia</strong></span> <span class='ocrx_word' id='word_1_308' title='bbox 1196 2854 1580 2908; x_wconf 83' lang='lat' dir='ltr'><strong>subministrat.</strong></span> <span class='ocrx_word' id='word_1_309' title='bbox 1627 2851 1822 2907; x_wconf 86' lang='lat' dir='ltr'><strong>Earum</strong></span> <span class='ocrx_word' id='word_1_310' title='bbox 1874 2851 2097 2920; x_wconf 88' lang='lat' dir='ltr'><strong>quisque</strong></span> <span class='ocrx_word' id='word_1_311' title='bbox 2144 2850 2358 2904; x_wconf 88' lang='lat' dir='ltr'><strong>nomina</strong></span> <span class='ocrx_word' id='word_1_312' title='bbox 2409 2848 2505 2902; x_wconf 54' lang='lat' dir='ltr'><strong>fre.</strong></span> 
     </span>
    </p>
   </div>
   <div class='ocr_carea' id='block_1_44' title="bbox 940 2940 2505 3016">
    <p class='ocr_par' dir='ltr' id='par_1_44' title="bbox 940 2940 2505 3016">
     <span class='ocr_line' id='line_1_44' title="bbox 940 2940 2505 3016; baseline -0.003 -20"><span class='ocrx_word' id='word_1_313' title='bbox 940 2952 1165 3016; x_wconf 88' lang='lat' dir='ltr'><strong>quenter</strong></span> <span class='ocrx_word' id='word_1_314' title='bbox 1208 2943 1367 2998; x_wconf 85' lang='lat' dir='ltr'><strong>habet</strong></span> <span class='ocrx_word' id='word_1_315' title='bbox 1396 2943 1448 2997; x_wconf 88' lang='lat' dir='ltr'><strong>in</strong></span> <span class='ocrx_word' id='word_1_316' title='bbox 1491 2957 1608 3006; x_wconf 90' lang='lat' dir='ltr'><strong>ore,</strong></span> <span class='ocrx_word' id='word_1_317' title='bbox 1651 2955 1874 3010; x_wconf 87' lang='lat' dir='ltr'><strong>quarum</strong></span> <span class='ocrx_word' id='word_1_318' title='bbox 1921 2940 2184 2996; x_wconf 86' lang='lat' dir='ltr'><strong>desideria</strong></span> <span class='ocrx_word' id='word_1_319' title='bbox 2226 2941 2505 2993; x_wconf 87' lang='lat' dir='ltr'><strong>vulnerato</strong></span> 
     </span>
    </p>
   </div>
   <div class='ocr_carea' id='block_1_45' title="bbox 939 3033 2507 3107">
    <p class='ocr_par' dir='ltr' id='par_1_45' title="bbox 939 3033 2507 3107">
     <span class='ocr_line' id='line_1_45' title="bbox 939 3033 2507 3107; baseline -0.004 -16"><span class='ocrx_word' id='word_1_320' title='bbox 939 3045 1114 3107; x_wconf 88' lang='lat' dir='ltr'><strong>gestat</strong></span> <span class='ocrx_word' id='word_1_321' title='bbox 1138 3035 1191 3089; x_wconf 87' lang='lat' dir='ltr'><strong>in</strong></span> <span class='ocrx_word' id='word_1_322' title='bbox 1214 3034 1396 3101; x_wconf 85' lang='lat' dir='ltr'><strong>corde,</strong></span> <span class='ocrx_word' id='word_1_323' title='bbox 1423 3033 1450 3071; x_wconf 75' lang='grc' dir='ltr'><em>ά</em></span> <span class='ocrx_word' id='word_1_324' title='bbox 1473 3049 1534 3088; x_wconf 89' lang='lat' dir='ltr'><strong>ac</strong></span> <span class='ocrx_word' id='word_1_325' title='bbox 1559 3033 1938 3102; x_wconf 86' lang='lat' dir='ltr'><strong>turpitudinem</strong></span> <span class='ocrx_word' id='word_1_326' title='bbox 1959 3047 2115 3100; x_wconf 86' lang='lat' dir='ltr'><strong>quam</strong></span> <span class='ocrx_word' id='word_1_327' title='bbox 2140 3044 2392 3086; x_wconf 74' lang='lat' dir='ltr'><strong>exercere</strong></span> <span class='ocrx_word' id='word_1_328' title='bbox 2415 3045 2507 3084; x_wconf 89' lang='lat' dir='ltr'><strong>ve-</strong></span> 
     </span>
    </p>
   </div>
   <div class='ocr_carea' id='block_1_46' title="bbox 939 3119 2499 3186">
    <p class='ocr_par' dir='ltr' id='par_1_46' title="bbox 939 3119 2499 3186">
     <span class='ocr_line' id='line_1_46' title="bbox 939 3119 2499 3186; baseline -0.004 -6"><span class='ocrx_word' id='word_1_329' title='bbox 939 3122 1256 3181; x_wconf 88' lang='lat' dir='ltr'><strong>recundatur</strong></span> <span class='ocrx_word' id='word_1_330' title='bbox 1287 3123 1338 3176; x_wconf 91' lang='lat' dir='ltr'><strong>in</strong></span> <span class='ocrx_word' id='word_1_331' title='bbox 1387 3123 1544 3180; x_wconf 81' lang='lat' dir='ltr'><strong>facto.</strong></span> <span class='ocrx_word' id='word_1_332' title='bbox 1569 3131 1716 3176; x_wconf 90' lang='lat' dir='ltr'><strong>tcnet</strong></span> <span class='ocrx_word' id='word_1_333' title='bbox 1755 3119 1808 3174; x_wconf 90' lang='lat' dir='ltr'><strong>in</strong></span> <span class='ocrx_word' id='word_1_334' title='bbox 1838 3121 2039 3186; x_wconf 85' lang='lat' dir='ltr'><strong>animo,</strong></span> <span class='ocrx_word' id='word_1_335' title='bbox 2096 3133 2218 3174; x_wconf 85' lang='lat' dir='ltr'><strong>reus</strong></span> <span class='ocrx_word' id='word_1_336' title='bbox 2259 3135 2366 3174; x_wconf 92' lang='lat' dir='ltr'><strong>non</strong></span> <span class='ocrx_word' id='word_1_337' title='bbox 2401 3120 2499 3173; x_wconf 89' lang='lat' dir='ltr'><strong>hu-</strong></span> 
     </span>
    </p>
   </div>
   <div class='ocr_carea' id='block_1_47' title="bbox 943 3212 1705 3284">
    <p class='ocr_par' dir='ltr' id='par_1_47' title="bbox 943 3212 1705 3284">
     <span class='ocr_line' id='line_1_47' title="bbox 943 3212 1705 3284; baseline -0.004 -13"><span class='ocrx_word' id='word_1_338' title='bbox 943 3229 1103 3271; x_wconf 83' lang='lat' dir='ltr'><strong>manu</strong></span> <span class='ocrx_word' id='word_1_339' title='bbox 1129 3215 1349 3284; x_wconf 82' lang='lat' dir='ltr'><strong>judicio,</strong></span> <span class='ocrx_word' id='word_1_340' title='bbox 1382 3212 1476 3269; x_wconf 90' lang='lat' dir='ltr'><strong>sed</strong></span> <span class='ocrx_word' id='word_1_341' title='bbox 1507 3212 1705 3268; x_wconf 87' lang='lat' dir='ltr'><strong>divino.</strong></span> 
     </span>
    </p>
   </div>
   <div class='ocr_carea' id='block_1_48' title="bbox 1529 3322 1915 3379">
    <p class='ocr_par' dir='ltr' id='par_1_48' title="bbox 1529 3322 1915 3379">
     <span class='ocr_line' id='line_1_48' title="bbox 1529 3322 1915 3379; baseline -0.01 0"><span class='ocrx_word' id='word_1_342' title='bbox 1529 3322 1756 3379; x_wconf 78' lang='lat' dir='ltr'><strong>CAPUT</strong></span> <span class='ocrx_word' id='word_1_343' title='bbox 1796 3323 1915 3377; x_wconf 68' lang='lat' dir='ltr'><strong>VII.</strong></span> 
     </span>
    </p>
   </div>
   <div class='ocr_carea' id='block_1_49' title="bbox 945 3413 2510 3485">
    <p class='ocr_par' dir='ltr' id='par_1_49' title="bbox 945 3413 2510 3485">
     <span class='ocr_line' id='line_1_49' title="bbox 945 3413 2510 3485; baseline -0.003 -13"><span class='ocrx_word' id='word_1_344' title='bbox 945 3418 1091 3485; x_wconf 81' lang='lat' dir='ltr'><strong>Quod</strong></span> <span class='ocrx_word' id='word_1_345' title='bbox 1114 3420 1263 3472; x_wconf 85' lang='lat' dir='ltr'><strong>etiam</strong></span> <span class='ocrx_word' id='word_1_346' title='bbox 1283 3417 1337 3470; x_wconf 82' lang='lat' dir='ltr'><strong>Iti</strong></span> <span class='ocrx_word' id='word_1_347' title='bbox 1356 3433 1480 3484; x_wconf 79' lang='lat' dir='ltr'><strong>quos</strong></span> <span class='ocrx_word' id='word_1_348' title='bbox 1501 3416 1562 3468; x_wconf 83' lang='lat' dir='ltr'><strong>ab</strong></span> <span class='ocrx_word' id='word_1_349' title='bbox 1588 3425 1611 3452; x_wconf 76' lang='grc' dir='ltr'>ε</span> <span class='ocrx_word' id='word_1_350' title='bbox 1638 3415 1958 3484; x_wconf 75' lang='lat' dir='ltr'><strong>impudicitia</strong></span> <span class='ocrx_word' id='word_1_351' title='bbox 1979 3415 2212 3484; x_wconf 69' lang='lat' dir='ltr'><strong>qualibet</strong></span> <span class='ocrx_word' id='word_1_352' title='bbox 2238 3413 2510 3468; x_wconf 74' lang='lat' dir='ltr'><strong>necessitas</strong></span> 
     </span>
    </p>
   </div>
   <div class='ocr_carea' id='block_1_50' title="bbox 1010 3485 2507 3553">
    <p class='ocr_par' dir='ltr' id='par_1_50' title="bbox 1010 3485 2507 3553">
     <span class='ocr_line' id='line_1_50' title="bbox 1010 3485 2507 3553; baseline -0.004 -12"><span class='ocrx_word' id='word_1_353' title='bbox 1010 3498 1164 3550; x_wconf 76' lang='lat' dir='ltr'><strong>vetat,</strong></span> <span class='ocrx_word' id='word_1_354' title='bbox 1195 3489 1237 3541; x_wconf 86' lang='lat' dir='ltr'><strong>si</strong></span> <span class='ocrx_word' id='word_1_355' title='bbox 1260 3488 1419 3539; x_wconf 77' lang='lat' dir='ltr'><strong>vivere</strong></span> <span class='ocrx_word' id='word_1_356' title='bbox 1460 3485 1641 3553; x_wconf 80' lang='lat' dir='ltr'><strong>pudice</strong></span> <span class='ocrx_word' id='word_1_357' title='bbox 1685 3493 2049 3551; x_wconf 84' lang='lat' dir='ltr'><strong>consuescant,</strong></span> <span class='ocrx_word' id='word_1_358' title='bbox 2073 3486 2141 3536; x_wconf 82' lang='lat' dir='ltr'><strong>ad</strong></span> <span class='ocrx_word' id='word_1_359' title='bbox 2171 3498 2392 3537; x_wconf 81' lang='lat' dir='ltr'><strong>amorem</strong></span> <span class='ocrx_word' id='word_1_360' title='bbox 2420 3499 2507 3536; x_wconf 82' lang='lat' dir='ltr'><strong>ca-</strong></span> 
     </span>
    </p>
   </div>
   <div class='ocr_carea' id='block_1_51' title="bbox 1007 3554 1512 3610">
    <p class='ocr_par' dir='ltr' id='par_1_51' title="bbox 1007 3554 1512 3610">
     <span class='ocr_line' id='line_1_51' title="bbox 1007 3554 1512 3610; baseline -0.01 0"><span class='ocrx_word' id='word_1_361' title='bbox 1007 3557 1190 3610; x_wconf 81' lang='lat' dir='ltr'><strong>stitatis</strong></span> <span class='ocrx_word' id='word_1_362' title='bbox 1212 3554 1512 3609; x_wconf 80' lang='lat' dir='ltr'><strong>ascendant.</strong></span> 
     </span>
    </p>
   </div>
   <div class='ocr_carea' id='block_1_52' title="bbox 1011 3662 2513 3733">
    <p class='ocr_par' dir='ltr' id='par_1_52' title="bbox 1011 3662 2513 3733">
     <span class='ocr_line' id='line_1_52' title="bbox 1011 3662 2513 3733; baseline -0.003 -13"><span class='ocrx_word' id='word_1_363' title='bbox 1011 3665 1167 3720; x_wconf 86' lang='lat' dir='ltr'><strong>Tales</strong></span> <span class='ocrx_word' id='word_1_364' title='bbox 1202 3663 1420 3733; x_wconf 84' lang='lat' dir='ltr'><strong>pudicos</strong></span> <span class='ocrx_word' id='word_1_365' title='bbox 1456 3672 1547 3717; x_wconf 86' lang='lat' dir='ltr'><strong>aut</strong></span> <span class='ocrx_word' id='word_1_366' title='bbox 1595 3664 1910 3731; x_wconf 86' lang='lat' dir='ltr'><strong>temperatio</strong></span> <span class='ocrx_word' id='word_1_367' title='bbox 1937 3677 2218 3730; x_wconf 89' lang='lat' dir='ltr'><strong>corporum</strong></span> <span class='ocrx_word' id='word_1_368' title='bbox 2252 3662 2395 3728; x_wconf 80' lang='lat' dir='ltr'><strong>facit,</strong></span> <span class='ocrx_word' id='word_1_369' title='bbox 2422 3674 2513 3716; x_wconf 90' lang='lat' dir='ltr'><strong>aut</strong></span> 
     </span>
    </p>
   </div>
   <div class='ocr_carea' id='block_1_53' title="bbox 946 3753 2512 3824">
    <p class='ocr_par' dir='ltr' id='par_1_53' title="bbox 946 3753 2512 3824">
     <span class='ocr_line' id='line_1_53' title="bbox 946 3753 2512 3824; baseline -0.003 -13"><span class='ocrx_word' id='word_1_370' title='bbox 946 3759 1107 3813; x_wconf 89' lang='lat' dir='ltr'><strong>timor</strong></span> <span class='ocrx_word' id='word_1_371' title='bbox 1147 3756 1398 3824; x_wconf 87' lang='lat' dir='ltr'><strong>supplicii</strong></span> <span class='ocrx_word' id='word_1_372' title='bbox 1439 3754 1743 3823; x_wconf 88' lang='lat' dir='ltr'><strong>temporalis</strong></span> <span class='ocrx_word' id='word_1_373' title='bbox 1789 3754 1855 3808; x_wconf 90' lang='lat' dir='ltr'><strong>ab</strong></span> <span class='ocrx_word' id='word_1_374' title='bbox 1909 3753 2250 3821; x_wconf 66' lang='lat' dir='ltr'><strong>impudicitiae</strong></span> <span class='ocrx_word' id='word_1_375' title='bbox 2301 3754 2512 3807; x_wconf 80' lang='lat' dir='ltr'><strong>aclintm</strong></span> 
     </span>
    </p>
   </div>
   <div class='ocr_carea' id='block_1_54' title="bbox 956 3843 2511 3915">
    <p class='ocr_par' dir='ltr' id='par_1_54' title="bbox 956 3843 2511 3915">
     <span class='ocr_line' id='line_1_54' title="bbox 956 3843 2511 3915; baseline -0.001 -14"><span class='ocrx_word' id='word_1_376' title='bbox 956 3845 1260 3915; x_wconf 88' lang='lat' dir='ltr'><strong>suspendit,</strong></span> <span class='ocrx_word' id='word_1_377' title='bbox 1287 3852 1376 3898; x_wconf 87' lang='lat' dir='ltr'><strong>aut</strong></span> <span class='ocrx_word' id='word_1_378' title='bbox 1395 3845 1602 3899; x_wconf 75' lang='lat' dir='ltr'><strong>occasio</strong></span> <span class='ocrx_word' id='word_1_379' title='bbox 1623 3854 1809 3912; x_wconf 87' lang='lat' dir='ltr'><strong>negata</strong></span> <span class='ocrx_word' id='word_1_380' title='bbox 1840 3843 2098 3897; x_wconf 86' lang='lat' dir='ltr'><strong>destituit.</strong></span> <span class='ocrx_word' id='word_1_381' title='bbox 2129 3843 2232 3900; x_wconf 92' lang='lat' dir='ltr'><strong>Sed</strong></span> <span class='ocrx_word' id='word_1_382' title='bbox 2265 3843 2389 3897; x_wconf 88' lang='lat' dir='ltr'><strong>licet</strong></span> <span class='ocrx_word' id='word_1_383' title='bbox 2417 3859 2511 3900; x_wconf 81' lang='lat' dir='ltr'><strong>vo-</strong></span> 
     </span>
    </p>
   </div>
   <div class='ocr_carea' id='block_1_55' title="bbox 941 3935 2509 4005">
    <p class='ocr_par' dir='ltr' id='par_1_55' title="bbox 941 3935 2509 4005">
     <span class='ocr_line' id='line_1_55' title="bbox 941 3935 2509 4005; baseline -0.004 -13"><span class='ocrx_word' id='word_1_384' title='bbox 941 3937 1146 3992; x_wconf 82' lang='lat' dir='ltr'><strong>luntate</strong></span> <span class='ocrx_word' id='word_1_385' title='bbox 1166 3937 1232 3990; x_wconf 87' lang='lat' dir='ltr'><strong>sit</strong></span> <span class='ocrx_word' id='word_1_386' title='bbox 1256 3935 1551 4004; x_wconf 89' lang='lat' dir='ltr'><strong>impudicus</strong></span> <span class='ocrx_word' id='word_1_387' title='bbox 1580 3935 1668 4005; x_wconf 89' lang='lat' dir='ltr'><strong>qui</strong></span> <span class='ocrx_word' id='word_1_388' title='bbox 1692 3936 2008 3989; x_wconf 85' lang='lat' dir='ltr'><strong>necessitate</strong></span> <span class='ocrx_word' id='word_1_389' title='bbox 2032 3936 2253 4003; x_wconf 86' lang='lat' dir='ltr'><strong>pudicus</strong></span> <span class='ocrx_word' id='word_1_390' title='bbox 2282 3943 2401 4000; x_wconf 89' lang='lat' dir='ltr'><strong>est;</strong></span> <span class='ocrx_word' id='word_1_391' title='bbox 2431 3945 2509 3989; x_wconf 86' lang='lat' dir='ltr'><strong>ta-</strong></span> 
     </span>
    </p>
   </div>
   <div class='ocr_carea' id='block_1_56' title="bbox 941 4025 2510 4093">
    <p class='ocr_par' dir='ltr' id='par_1_56' title="bbox 941 4025 2510 4093">
     <span class='ocr_line' id='line_1_56' title="bbox 941 4025 2510 4093; baseline -0.003 -11"><span class='ocrx_word' id='word_1_392' title='bbox 941 4041 1062 4082; x_wconf 87' lang='lat' dir='ltr'><strong>men</strong></span> <span class='ocrx_word' id='word_1_393' title='bbox 1090 4028 1135 4080; x_wconf 89' lang='lat' dir='ltr'><strong>si</strong></span> <span class='ocrx_word' id='word_1_394' title='bbox 1159 4033 1214 4080; x_wconf 90' lang='lat' dir='ltr'><strong>et</strong></span> <span class='ocrx_word' id='word_1_395' title='bbox 1237 4026 1327 4080; x_wconf 90' lang='lat' dir='ltr'><strong>ille</strong></span> <span class='ocrx_word' id='word_1_396' title='bbox 1353 4025 1630 4092; x_wconf 79' lang='lat' dir='ltr'><strong>temperati</strong></span> <span class='ocrx_word' id='word_1_397' title='bbox 1652 4027 1918 4093; x_wconf 90' lang='lat' dir='ltr'><strong>corporis,</strong></span> <span class='ocrx_word' id='word_1_398' title='bbox 1947 4025 2016 4078; x_wconf 89' lang='lat' dir='ltr'><strong>de</strong></span> <span class='ocrx_word' id='word_1_399' title='bbox 2062 4025 2320 4078; x_wconf 80' lang='lat' dir='ltr'><strong>beneﬂcio</strong></span> <span class='ocrx_word' id='word_1_400' title='bbox 2356 4035 2510 4079; x_wconf 85' lang='lat' dir='ltr'><strong>natu-</strong></span> 
     </span>
    </p>
   </div>
   <div class='ocr_carea' id='block_1_57' title="bbox 944 4114 2508 4183">
    <p class='ocr_par' dir='ltr' id='par_1_57' title="bbox 944 4114 2508 4183">
     <span class='ocr_line' id='line_1_57' title="bbox 944 4114 2508 4183; baseline -0.003 -13"><span class='ocrx_word' id='word_1_401' title='bbox 944 4132 1018 4171; x_wconf 60' lang='lat' dir='ltr'><strong>rat</strong></span> <span class='ocrx_word' id='word_1_402' title='bbox 1036 4130 1166 4183; x_wconf 63' lang='lat' dir='ltr'><strong>sua,</strong></span> <span class='ocrx_word' id='word_1_403' title='bbox 1199 4115 1306 4168; x_wconf 89' lang='lat' dir='ltr'><strong>Deo</strong></span> <span class='ocrx_word' id='word_1_404' title='bbox 1321 4114 1521 4168; x_wconf 90' lang='lat' dir='ltr'><strong>auctori</strong></span> <span class='ocrx_word' id='word_1_405' title='bbox 1545 4115 1784 4167; x_wconf 89' lang='lat' dir='ltr'><strong>omnium</strong></span> <span class='ocrx_word' id='word_1_406' title='bbox 1811 4124 2116 4168; x_wconf 79' lang='lat' dir='ltr'><strong>naturarum</strong></span> <span class='ocrx_word' id='word_1_407' title='bbox 2139 4115 2336 4182; x_wconf 84' lang='lat' dir='ltr'><strong>gratias</strong></span> <span class='ocrx_word' id='word_1_408' title='bbox 2356 4123 2508 4180; x_wconf 83' lang='lat' dir='ltr'><strong>agat;</strong></span> 
     </span>
    </p>
   </div>
   <div class='ocr_carea' id='block_1_58' title="bbox 944 4205 2512 4275">
    <p class='ocr_par' dir='ltr' id='par_1_58' title="bbox 944 4205 2512 4275">
     <span class='ocr_line' id='line_1_58' title="bbox 944 4205 2512 4275; baseline -0.003 -13"><span class='ocrx_word' id='word_1_409' title='bbox 944 4218 998 4263; x_wconf 89' lang='lat' dir='ltr'><strong>et</strong></span> <span class='ocrx_word' id='word_1_410' title='bbox 1026 4207 1114 4261; x_wconf 91' lang='lat' dir='ltr'><strong>ille</strong></span> <span class='ocrx_word' id='word_1_411' title='bbox 1139 4221 1296 4275; x_wconf 88' lang='lat' dir='ltr'><strong>quem</strong></span> <span class='ocrx_word' id='word_1_412' title='bbox 1323 4205 1482 4260; x_wconf 83' lang='lat' dir='ltr'><strong>timor</strong></span> <span class='ocrx_word' id='word_1_413' title='bbox 1511 4206 1562 4258; x_wconf 90' lang='lat' dir='ltr'><strong>in</strong></span> <span class='ocrx_word' id='word_1_414' title='bbox 1595 4206 1734 4259; x_wconf 80' lang='lat' dir='ltr'><strong>bono</strong></span> <span class='ocrx_word' id='word_1_415' title='bbox 1774 4205 2040 4274; x_wconf 69' lang='lat' dir='ltr'><strong>pudicitia:</strong></span> <span class='ocrx_word' id='word_1_416' title='bbox 2069 4211 2236 4270; x_wconf 88' lang='lat' dir='ltr'><strong>tenet,</strong></span> <span class='ocrx_word' id='word_1_417' title='bbox 2279 4213 2435 4274; x_wconf 78' lang='lat' dir='ltr'><strong>atque</strong></span> <span class='ocrx_word' id='word_1_418' title='bbox 2467 4207 2512 4258; x_wconf 85' lang='lat' dir='ltr'><strong>is</strong></span> 
     </span>
    </p>
   </div>
   <div class='ocr_carea' id='block_1_59' title="bbox 944 4294 2510 4362">
    <p class='ocr_par' dir='ltr' id='par_1_59' title="bbox 944 4294 2510 4362">
     <span class='ocr_line' id='line_1_59' title="bbox 944 4294 2510 4362; baseline -0.001 -12"><span class='ocrx_word' id='word_1_419' title='bbox 944 4297 1027 4351; x_wconf 90' lang='lat' dir='ltr'><strong>cui</strong></span> <span class='ocrx_word' id='word_1_420' title='bbox 1053 4296 1355 4350; x_wconf 82' lang='lat' dir='ltr'><strong>facultatem</strong></span> <span class='ocrx_word' id='word_1_421' title='bbox 1378 4294 1680 4348; x_wconf 75' lang='lat' dir='ltr'><strong>mmebandi</strong></span> <span class='ocrx_word' id='word_1_422' title='bbox 1703 4303 1860 4362; x_wconf 88' lang='lat' dir='ltr'><strong>negat</strong></span> <span class='ocrx_word' id='word_1_423' title='bbox 1879 4294 2112 4357; x_wconf 86' lang='lat' dir='ltr'><strong>occasio,</strong></span> <span class='ocrx_word' id='word_1_424' title='bbox 2127 4295 2305 4347; x_wconf 85' lang='lat' dir='ltr'><strong>vivere</strong></span> <span class='ocrx_word' id='word_1_425' title='bbox 2322 4294 2510 4362; x_wconf 61' lang='lat' dir='ltr'><strong>pudice</strong></span> 
     </span>
    </p>
   </div>
   <div class='ocr_carea' id='block_1_60' title="bbox 942 4380 2508 4451">
    <p class='ocr_par' dir='ltr' id='par_1_60' title="bbox 942 4380 2508 4451">
     <span class='ocr_line' id='line_1_60' title="bbox 942 4380 2508 4451; baseline -0.003 -10"><span class='ocrx_word' id='word_1_426' title='bbox 942 4393 1319 4441; x_wconf 84' lang='lat' dir='ltr'><strong>consuescant:</strong></span> <span class='ocrx_word' id='word_1_427' title='bbox 1346 4383 1399 4438; x_wconf 92' lang='lat' dir='ltr'><strong>in</strong></span> <span class='ocrx_word' id='word_1_428' title='bbox 1431 4383 1678 4438; x_wconf 89' lang='lat' dir='ltr'><strong>virtutem</strong></span> <span class='ocrx_word' id='word_1_429' title='bbox 1705 4380 1722 4420; x_wconf 76' lang='grc' dir='ltr'>ί</span> <span class='ocrx_word' id='word_1_430' title='bbox 1754 4383 2066 4451; x_wconf 86' lang='lat' dir='ltr'><strong>plerumque</strong></span> <span class='ocrx_word' id='word_1_431' title='bbox 2095 4383 2163 4437; x_wconf 91' lang='lat' dir='ltr'><strong>de</strong></span> <span class='ocrx_word' id='word_1_432' title='bbox 2193 4383 2508 4437; x_wconf 82' lang='lat' dir='ltr'><strong>necessitate</strong></span> 
     </span>
    </p>
   </div>
   <div class='ocr_carea' id='block_1_61' title="bbox 944 4475 2509 4549">
    <p class='ocr_par' dir='ltr' id='par_1_61' title="bbox 944 4475 2509 4549">
     <span class='ocr_line' id='line_1_61' title="bbox 944 4475 2509 4549; baseline -0.003 -15"><span class='ocrx_word' id='word_1_433' title='bbox 944 4478 1255 4549; x_wconf 75' lang='lat' dir='ltr'><strong>proficiunt;</strong></span> <span class='ocrx_word' id='word_1_434' title='bbox 1279 4485 1334 4532; x_wconf 83' lang='lat' dir='ltr'><strong>et</strong></span> <span class='ocrx_word' id='word_1_435' title='bbox 1358 4477 1609 4547; x_wconf 85' lang='lat' dir='ltr'><strong>paulatim</strong></span> <span class='ocrx_word' id='word_1_436' title='bbox 1643 4477 1806 4544; x_wconf 89' lang='lat' dir='ltr'><strong>ipsius</strong></span> <span class='ocrx_word' id='word_1_437' title='bbox 1857 4475 2127 4545; x_wconf 69' lang='lat' dir='ltr'><strong>pudicitia:</strong></span> <span class='ocrx_word' id='word_1_438' title='bbox 2157 4475 2509 4529; x_wconf 75' lang='lat' dir='ltr'><strong>delectatione</strong></span> 
     </span>
    </p>
   </div>
   <div class='ocr_carea' id='block_1_62' title="bbox 2609 1965 4178 2039">
    <p class='ocr_par' dir='ltr' id='par_1_62' title="bbox 2609 1965 4178 2039">
     <span class='ocr_line' id='line_1_62' title="bbox 2609 1965 4178 2039; baseline 0.004 -23"><span class='ocrx_word' id='word_1_439' title='bbox 2609 1965 2810 2017; x_wconf 90' lang='lat' dir='ltr'><strong>nullum</strong></span> <span class='ocrx_word' id='word_1_440' title='bbox 2829 1976 3098 2032; x_wconf 80' lang='lat' dir='ltr'><strong>peccatum</strong></span> <span class='ocrx_word' id='word_1_441' title='bbox 3118 1967 3234 2019; x_wconf 89' lang='lat' dir='ltr'><strong>sine</strong></span> <span class='ocrx_word' id='word_1_442' title='bbox 3253 1967 3338 2020; x_wconf 89' lang='lat' dir='ltr'><strong>illa</strong></span> <span class='ocrx_word' id='word_1_443' title='bbox 3361 1981 3513 2031; x_wconf 33' lang='lat' dir='ltr'><strong>posse</strong></span> <span class='ocrx_word' id='word_1_444' title='bbox 3530 1969 3814 2031; x_wconf 80' lang='lat' dir='ltr'><strong>committi,</strong></span> <span class='ocrx_word' id='word_1_445' title='bbox 3842 1970 3912 2022; x_wconf 88' lang='lat' dir='ltr'><strong>ita</strong></span> <span class='ocrx_word' id='word_1_446' title='bbox 3930 1969 4012 2023; x_wconf 78' lang='lat' dir='ltr'><strong>hic</strong></span> <span class='ocrx_word' id='word_1_447' title='bbox 4033 1971 4178 2039; x_wconf 82' lang='lat' dir='ltr'><strong>signa</strong></span> 
     </span>
    </p>
   </div>
   <div class='ocr_carea' id='block_1_63' title="bbox 2608 2053 4179 2124">
    <p class='ocr_par' dir='ltr' id='par_1_63' title="bbox 2608 2053 4179 2124">
     <span class='ocr_line' id='line_1_63' title="bbox 2608 2053 4179 2124; baseline 0.003 -18"><span class='ocrx_word' id='word_1_448' title='bbox 2608 2053 2723 2121; x_wconf 86' lang='lat' dir='ltr'><strong>ejus</strong></span> <span class='ocrx_word' id='word_1_449' title='bbox 2753 2056 3012 2117; x_wconf 88' lang='lat' dir='ltr'><strong>eluccant,</strong></span> <span class='ocrx_word' id='word_1_450' title='bbox 3046 2055 3238 2124; x_wconf 89' lang='lat' dir='ltr'><strong>quibus</strong></span> <span class='ocrx_word' id='word_1_451' title='bbox 3265 2057 3498 2109; x_wconf 87' lang='lat' dir='ltr'><strong>cavenda</strong></span> <span class='ocrx_word' id='word_1_452' title='bbox 3528 2057 3695 2124; x_wconf 83' lang='lat' dir='ltr'><strong>possit</strong></span> <span class='ocrx_word' id='word_1_453' title='bbox 3721 2060 3954 2114; x_wconf 86' lang='lat' dir='ltr'><strong>ostendi.</strong></span> <span class='ocrx_word' id='word_1_454' title='bbox 3980 2061 4179 2114; x_wconf 81' lang='lat' dir='ltr'><strong>Omitto</strong></span> 
     </span>
    </p>
   </div>
   <div class='ocr_carea' id='block_1_64' title="bbox 2611 2144 4180 2218">
    <p class='ocr_par' dir='ltr' id='par_1_64' title="bbox 2611 2144 4180 2218">
     <span class='ocr_line' id='line_1_64' title="bbox 2611 2144 4180 2218; baseline 0.003 -22"><span class='ocrx_word' id='word_1_455' title='bbox 2611 2144 2732 2198; x_wconf 87' lang='lat' dir='ltr'><strong>illos</strong></span> <span class='ocrx_word' id='word_1_456' title='bbox 2761 2159 2895 2213; x_wconf 90' lang='lat' dir='ltr'><strong>quos</strong></span> <span class='ocrx_word' id='word_1_457' title='bbox 2943 2144 3102 2198; x_wconf 91' lang='lat' dir='ltr'><strong>etiam</strong></span> <span class='ocrx_word' id='word_1_458' title='bbox 3136 2145 3248 2213; x_wconf 77' lang='lat' dir='ltr'><strong>ipse</strong></span> <span class='ocrx_word' id='word_1_459' title='bbox 3295 2145 3508 2199; x_wconf 88' lang='lat' dir='ltr'><strong>habitus</strong></span> <span class='ocrx_word' id='word_1_460' title='bbox 3551 2155 3604 2200; x_wconf 90' lang='lat' dir='ltr'><strong>et</strong></span> <span class='ocrx_word' id='word_1_461' title='bbox 3644 2148 3884 2202; x_wconf 71' lang='lat' dir='ltr'><strong>incessus</strong></span> <span class='ocrx_word' id='word_1_462' title='bbox 3924 2152 4180 2218; x_wconf 69' lang='lat' dir='ltr'><strong>superbos</strong></span> 
     </span>
    </p>
   </div>
   <div class='ocr_carea' id='block_1_65' title="bbox 2607 2231 4177 2305">
    <p class='ocr_par' dir='ltr' id='par_1_65' title="bbox 2607 2231 4177 2305">
     <span class='ocr_line' id='line_1_65' title="bbox 2607 2231 4177 2305; baseline 0.006 -21"><span class='ocrx_word' id='word_1_463' title='bbox 2607 2231 2975 2299; x_wconf 72' lang='lat' dir='ltr'><strong>hostenduut;</strong></span> <span class='ocrx_word' id='word_1_464' title='bbox 3017 2251 3243 2305; x_wconf 88' lang='lat' dir='ltr'><strong>quorum</strong></span> <span class='ocrx_word' id='word_1_465' title='bbox 3294 2247 3469 2292; x_wconf 85' lang='lat' dir='ltr'><strong>erecta</strong></span> <span class='ocrx_word' id='word_1_466' title='bbox 3519 2240 3718 2302; x_wconf 83' lang='lat' dir='ltr'><strong>cervix,</strong></span> <span class='ocrx_word' id='word_1_467' title='bbox 3774 2240 3934 2295; x_wconf 81' lang='lat' dir='ltr'><strong>iacies</strong></span> <span class='ocrx_word' id='word_1_468' title='bbox 3987 2251 4177 2304; x_wconf 74' lang='lat' dir='ltr'><strong>torva,</strong></span> 
     </span>
    </p>
   </div>
   <div class='ocr_carea' id='block_1_66' title="bbox 2613 2326 4180 2398">
    <p class='ocr_par' dir='ltr' id='par_1_66' title="bbox 2613 2326 4180 2398">
     <span class='ocr_line' id='line_1_66' title="bbox 2613 2326 4180 2398; baseline 0.002 -18"><span class='ocrx_word' id='word_1_469' title='bbox 2613 2326 2630 2365; x_wconf 76' lang='grc' dir='ltr'><strong><em>ι</em></strong></span> <span class='ocrx_word' id='word_1_470' title='bbox 2671 2337 2849 2382; x_wconf 87' lang='lat' dir='ltr'><strong>truces</strong></span> <span class='ocrx_word' id='word_1_471' title='bbox 2878 2327 3042 2392; x_wconf 87' lang='lat' dir='ltr'><strong>oculi,</strong></span> <span class='ocrx_word' id='word_1_472' title='bbox 3083 2338 3135 2382; x_wconf 88' lang='lat' dir='ltr'><strong>et</strong></span> <span class='ocrx_word' id='word_1_473' title='bbox 3161 2344 3340 2382; x_wconf 85' lang='lat' dir='ltr'><strong>sermo</strong></span> <span class='ocrx_word' id='word_1_474' title='bbox 3369 2329 3621 2384; x_wconf 71' lang='lat' dir='ltr'><strong>terribilis</strong></span> <span class='ocrx_word' id='word_1_475' title='bbox 3653 2330 3844 2384; x_wconf 91' lang='lat' dir='ltr'><strong>nudam</strong></span> <span class='ocrx_word' id='word_1_476' title='bbox 3877 2332 4180 2398; x_wconf 73' lang='lat' dir='ltr'><strong>superbiam</strong></span> 
     </span>
    </p>
   </div>
   <div class='ocr_carea' id='block_1_67' title="bbox 2605 2418 4181 2490">
    <p class='ocr_par' dir='ltr' id='par_1_67' title="bbox 2605 2418 4181 2490">
     <span class='ocr_line' id='line_1_67' title="bbox 2605 2418 4181 2490; baseline 0.004 -21"><span class='ocrx_word' id='word_1_477' title='bbox 2605 2419 2833 2470; x_wconf 65' lang='lat' dir='ltr'><strong>cfantant</strong></span> <span class='ocrx_word' id='word_1_478' title='bbox 2861 2433 2873 2470; x_wconf 89' lang='lat'><strong>:</strong></span> <span class='ocrx_word' id='word_1_479' title='bbox 2897 2418 2986 2484; x_wconf 91' lang='lat' dir='ltr'><strong>qui</strong></span> <span class='ocrx_word' id='word_1_480' title='bbox 3004 2418 3223 2474; x_wconf 91' lang='lat' dir='ltr'><strong>libidine</strong></span> <span class='ocrx_word' id='word_1_481' title='bbox 3248 2422 3260 2467; x_wconf 82' lang='lat' dir='ltr'><strong>l</strong></span> <span class='ocrx_word' id='word_1_482' title='bbox 3295 2419 3600 2472; x_wconf 83' lang='lat' dir='ltr'><strong>dominandi</strong></span> <span class='ocrx_word' id='word_1_483' title='bbox 3621 2422 3873 2488; x_wconf 87' lang='lat' dir='ltr'><strong>possessi,</strong></span> <span class='ocrx_word' id='word_1_484' title='bbox 3901 2437 4033 2490; x_wconf 90' lang='lat' dir='ltr'><strong>quos</strong></span> <span class='ocrx_word' id='word_1_485' title='bbox 4057 2437 4181 2490; x_wconf 85' lang='lat' dir='ltr'><strong>pos-</strong></span> 
     </span>
    </p>
   </div>
   <div class='ocr_carea' id='block_1_68' title="bbox 2606 2506 4182 2580">
    <p class='ocr_par' dir='ltr' id='par_1_68' title="bbox 2606 2506 4182 2580">
     <span class='ocr_line' id='line_1_68' title="bbox 2606 2506 4182 2580; baseline 0.004 -23"><span class='ocrx_word' id='word_1_486' title='bbox 2606 2515 2729 2560; x_wconf 90' lang='lat' dir='ltr'><strong>sunt</strong></span> <span class='ocrx_word' id='word_1_487' title='bbox 2759 2506 3019 2561; x_wconf 81' lang='lat' dir='ltr'><strong>violenter</strong></span> <span class='ocrx_word' id='word_1_488' title='bbox 3044 2506 3144 2561; x_wconf 89' lang='lat' dir='ltr'><strong>sibi</strong></span> <span class='ocrx_word' id='word_1_489' title='bbox 3167 2508 3478 2577; x_wconf 70' lang='lat' dir='ltr'><strong>subjiciunt,</strong></span> <span class='ocrx_word' id='word_1_490' title='bbox 3505 2507 3734 2563; x_wconf 87' lang='lat' dir='ltr'><strong>humana</strong></span> <span class='ocrx_word' id='word_1_491' title='bbox 3751 2509 3872 2580; x_wconf 86' lang='lat' dir='ltr'><strong>jura</strong></span> <span class='ocrx_word' id='word_1_492' title='bbox 3898 2509 4182 2580; x_wconf 86' lang='lat' dir='ltr'><strong>divinaque</strong></span> 
     </span>
    </p>
   </div>
   <div class='ocr_carea' id='block_1_69' title="bbox 2608 2596 4179 2669">
    <p class='ocr_par' dir='ltr' id='par_1_69' title="bbox 2608 2596 4179 2669">
     <span class='ocr_line' id='line_1_69' title="bbox 2608 2596 4179 2669; baseline 0.004 -21"><span class='ocrx_word' id='word_1_493' title='bbox 2608 2596 2962 2664; x_wconf 82' lang='lat' dir='ltr'><strong>confundunt,</strong></span> <span class='ocrx_word' id='word_1_494' title='bbox 2993 2596 3285 2652; x_wconf 85' lang='lat' dir='ltr'><strong>honoribus</strong></span> <span class='ocrx_word' id='word_1_495' title='bbox 3333 2599 3724 2663; x_wconf 90' lang='lat' dir='ltr'><strong>intumescunt,</strong></span> <span class='ocrx_word' id='word_1_496' title='bbox 3755 2601 3952 2669; x_wconf 86' lang='lat' dir='ltr'><strong>passim</strong></span> <span class='ocrx_word' id='word_1_497' title='bbox 3989 2614 4179 2656; x_wconf 86' lang='lat' dir='ltr'><strong>cuncta</strong></span> 
     </span>
    </p>
   </div>
   <div class='ocr_carea' id='block_1_70' title="bbox 2608 2685 4178 2758">
    <p class='ocr_par' dir='ltr' id='par_1_70' title="bbox 2608 2685 4178 2758">
     <span class='ocr_line' id='line_1_70' title="bbox 2608 2685 4178 2758; baseline 0.004 -20"><span class='ocrx_word' id='word_1_498' title='bbox 2608 2685 2883 2754; x_wconf 82' lang='lat' dir='ltr'><strong>diripiunt,</strong></span> <span class='ocrx_word' id='word_1_499' title='bbox 2917 2688 3027 2740; x_wconf 62' lang='lat' dir='ltr'><strong>suis</strong></span> <span class='ocrx_word' id='word_1_500' title='bbox 3055 2687 3368 2742; x_wconf 86' lang='lat' dir='ltr'><strong>criminibus</strong></span> <span class='ocrx_word' id='word_1_501' title='bbox 3414 2690 3678 2757; x_wconf 82' lang='lat' dir='ltr'><strong>gaudent,</strong></span> <span class='ocrx_word' id='word_1_502' title='bbox 3711 2699 3765 2742; x_wconf 86' lang='lat' dir='ltr'><strong>et</strong></span> <span class='ocrx_word' id='word_1_503' title='bbox 3815 2689 4056 2758; x_wconf 88' lang='lat' dir='ltr'><strong>seipsos,</strong></span> <span class='ocrx_word' id='word_1_504' title='bbox 4090 2705 4178 2744; x_wconf 82' lang='lat' dir='ltr'><strong>su-</strong></span> 
     </span>
    </p>
   </div>
   <div class='ocr_carea' id='block_1_71' title="bbox 2609 2775 4181 2849">
    <p class='ocr_par' dir='ltr' id='par_1_71' title="bbox 2609 2775 4181 2849">
     <span class='ocr_line' id='line_1_71' title="bbox 2609 2775 4181 2849; baseline 0.004 -22"><span class='ocrx_word' id='word_1_505' title='bbox 2609 2775 3024 2842; x_wconf 63' lang='lat' dir='ltr'><strong>perbiartnorbo</strong></span> <span class='ocrx_word' id='word_1_506' title='bbox 3053 2777 3309 2843; x_wconf 89' lang='lat' dir='ltr'><strong>corrupti,</strong></span> <span class='ocrx_word' id='word_1_507' title='bbox 3343 2793 3446 2830; x_wconf 91' lang='lat' dir='ltr'><strong>non</strong></span> <span class='ocrx_word' id='word_1_508' title='bbox 3473 2777 3708 2847; x_wconf 86' lang='lat' dir='ltr'><strong>capiunt.</strong></span> <span class='ocrx_word' id='word_1_509' title='bbox 3738 2778 3848 2834; x_wconf 78' lang='lat' dir='ltr'><strong>llos</strong></span> <span class='ocrx_word' id='word_1_510' title='bbox 3887 2794 4015 2849; x_wconf 84' lang='lat' dir='ltr'><strong>ergo</strong></span> <span class='ocrx_word' id='word_1_511' title='bbox 4049 2794 4181 2848; x_wconf 73' lang='lat' dir='ltr'><strong>pm-</strong></span> 
     </span>
    </p>
   </div>
   <div class='ocr_carea' id='block_1_72' title="bbox 2614 2865 4181 2936">
    <p class='ocr_par' dir='ltr' id='par_1_72' title="bbox 2614 2865 4181 2936">
     <span class='ocr_line' id='line_1_72' title="bbox 2614 2865 4181 2936; baseline 0.006 -21"><span class='ocrx_word' id='word_1_512' title='bbox 2614 2873 2792 2927; x_wconf 82' lang='lat' dir='ltr'><strong>tereo,</strong></span> <span class='ocrx_word' id='word_1_513' title='bbox 2820 2865 2872 2917; x_wconf 92' lang='lat' dir='ltr'><strong>in</strong></span> <span class='ocrx_word' id='word_1_514' title='bbox 2903 2865 3092 2933; x_wconf 87' lang='lat' dir='ltr'><strong>quibus</strong></span> <span class='ocrx_word' id='word_1_515' title='bbox 3122 2867 3370 2934; x_wconf 81' lang='lat' dir='ltr'><strong>superbia</strong></span> <span class='ocrx_word' id='word_1_516' title='bbox 3396 2877 3500 2920; x_wconf 78' lang='lat' dir='ltr'><strong>tam</strong></span> <span class='ocrx_word' id='word_1_517' title='bbox 3528 2877 3714 2936; x_wconf 87' lang='lat' dir='ltr'><strong>aperte</strong></span> <span class='ocrx_word' id='word_1_518' title='bbox 3759 2877 3964 2936; x_wconf 87' lang='lat' dir='ltr'><strong>regnat,</strong></span> <span class='ocrx_word' id='word_1_519' title='bbox 4003 2880 4057 2922; x_wconf 91' lang='lat' dir='ltr'><strong>ut</strong></span> <span class='ocrx_word' id='word_1_520' title='bbox 4085 2883 4181 2925; x_wconf 83' lang='lat' dir='ltr'><strong>nec</strong></span> 
     </span>
    </p>
   </div>
   <div class='ocr_carea' id='block_1_73' title="bbox 2607 2954 4179 3022">
    <p class='ocr_par' dir='ltr' id='par_1_73' title="bbox 2607 2954 4179 3022">
     <span class='ocr_line' id='line_1_73' title="bbox 2607 2954 4179 3022; baseline 0.003 -16"><span class='ocrx_word' id='word_1_521' title='bbox 2607 2954 2855 3022; x_wconf 76' lang='lat' dir='ltr'><strong>dignetur</strong></span> <span class='ocrx_word' id='word_1_522' title='bbox 2874 2970 2932 3008; x_wconf 90' lang='lat' dir='ltr'><strong>se</strong></span> <span class='ocrx_word' id='word_1_523' title='bbox 2957 2956 3246 3018; x_wconf 80' lang='lat' dir='ltr'><strong>occultare,</strong></span> <span class='ocrx_word' id='word_1_524' title='bbox 3271 2970 3370 3010; x_wconf 81' lang='lat' dir='ltr'><strong>nec</strong></span> <span class='ocrx_word' id='word_1_525' title='bbox 3397 2957 3591 3010; x_wconf 88' lang='lat' dir='ltr'><strong>valeat.</strong></span> <span class='ocrx_word' id='word_1_526' title='bbox 3622 2957 3745 3011; x_wconf 89' lang='lat' dir='ltr'><strong>Illos</strong></span> <span class='ocrx_word' id='word_1_527' title='bbox 3769 2966 3970 3012; x_wconf 90' lang='lat' dir='ltr'><strong>tantum</strong></span> <span class='ocrx_word' id='word_1_528' title='bbox 3998 2957 4179 3012; x_wconf 89' lang='lat' dir='ltr'><strong>dolen-</strong></span> 
     </span>
    </p>
   </div>
   <div class='ocr_carea' id='block_1_74' title="bbox 2607 3043 4176 3114">
    <p class='ocr_par' dir='ltr' id='par_1_74' title="bbox 2607 3043 4176 3114">
     <span class='ocr_line' id='line_1_74' title="bbox 2607 3043 4176 3114; baseline 0.003 -16"><span class='ocrx_word' id='word_1_529' title='bbox 2607 3043 2707 3098; x_wconf 84' lang='lat' dir='ltr'><strong>dos</strong></span> <span class='ocrx_word' id='word_1_530' title='bbox 2725 3043 2970 3108; x_wconf 87' lang='lat' dir='ltr'><strong>ostendo,</strong></span> <span class='ocrx_word' id='word_1_531' title='bbox 2994 3051 3152 3111; x_wconf 88' lang='lat' dir='ltr'><strong>atque</strong></span> <span class='ocrx_word' id='word_1_532' title='bbox 3181 3060 3364 3098; x_wconf 85' lang='lat' dir='ltr'><strong>corum</strong></span> <span class='ocrx_word' id='word_1_533' title='bbox 3383 3048 3622 3114; x_wconf 71' lang='lat' dir='ltr'><strong>exempla</strong></span> <span class='ocrx_word' id='word_1_534' title='bbox 3645 3047 3882 3100; x_wconf 84' lang='lat' dir='ltr'><strong>cavenda</strong></span> <span class='ocrx_word' id='word_1_535' title='bbox 3898 3047 4176 3109; x_wconf 84' lang='lat' dir='ltr'><strong>denuntio,</strong></span> 
     </span>
    </p>
   </div>
   <div class='ocr_carea' id='block_1_75' title="bbox 2610 3133 4182 3205">
    <p class='ocr_par' dir='ltr' id='par_1_75' title="bbox 2610 3133 4182 3205">
     <span class='ocr_line' id='line_1_75' title="bbox 2610 3133 4182 3205; baseline 0.006 -22"><span class='ocrx_word' id='word_1_536' title='bbox 2610 3147 2743 3199; x_wconf 88' lang='lat' dir='ltr'><strong>quos</strong></span> <span class='ocrx_word' id='word_1_537' title='bbox 2769 3133 2880 3202; x_wconf 88' lang='lat' dir='ltr'><strong>jam</strong></span> <span class='ocrx_word' id='word_1_538' title='bbox 2912 3148 3198 3187; x_wconf 83' lang='lat' dir='ltr'><strong>conversus</strong></span> <span class='ocrx_word' id='word_1_539' title='bbox 3223 3146 3276 3190; x_wconf 90' lang='lat' dir='ltr'><strong>et</strong></span> <span class='ocrx_word' id='word_1_540' title='bbox 3301 3136 3684 3205; x_wconf 87' lang='lat' dir='ltr'><strong>aliquantulum</strong></span> <span class='ocrx_word' id='word_1_541' title='bbox 3731 3138 4072 3204; x_wconf 77' lang='lat' dir='ltr'><strong>proﬁcientes</strong></span> <span class='ocrx_word' id='word_1_542' title='bbox 4094 3155 4182 3194; x_wconf 81' lang='lat' dir='ltr'><strong>su-</strong></span> 
     </span>
    </p>
   </div>
   <div class='ocr_carea' id='block_1_76' title="bbox 2535 3208 4181 3295">
    <p class='ocr_par' dir='ltr' id='par_1_76' title="bbox 2535 3208 4181 3295">
     <span class='ocr_line' id='line_1_76' title="bbox 2535 3208 4181 3295; baseline 0.004 -24"><span class='ocrx_word' id='word_1_543' title='bbox 2535 3208 2582 3271; x_wconf 87' lang='lat' dir='ltr'>C</span> <span class='ocrx_word' id='word_1_544' title='bbox 2612 3221 2794 3290; x_wconf 91' lang='lat' dir='ltr'><strong>perbia</strong></span> <span class='ocrx_word' id='word_1_545' title='bbox 2827 3219 2853 3258; x_wconf 65' lang='grc' dir='ltr'><em>κ</em></span> <span class='ocrx_word' id='word_1_546' title='bbox 2882 3224 3090 3277; x_wconf 89' lang='lat' dir='ltr'><strong>occulte</strong></span> <span class='ocrx_word' id='word_1_547' title='bbox 3118 3225 3378 3291; x_wconf 82' lang='lat' dir='ltr'><strong>captivat,</strong></span> <span class='ocrx_word' id='word_1_548' title='bbox 3416 3240 3549 3294; x_wconf 85' lang='lat' dir='ltr'><strong>quos</strong></span> <span class='ocrx_word' id='word_1_549' title='bbox 3578 3227 3630 3279; x_wconf 90' lang='lat' dir='ltr'><strong>in</strong></span> <span class='ocrx_word' id='word_1_550' title='bbox 3665 3225 3984 3295; x_wconf 82' lang='lat' dir='ltr'><strong>profundum</strong></span> <span class='ocrx_word' id='word_1_551' title='bbox 4009 3229 4181 3281; x_wconf 79' lang='lat' dir='ltr'><strong>mdo.</strong></span> 
     </span>
    </p>
   </div>
   <div class='ocr_carea' id='block_1_77' title="bbox 2611 3309 4180 3384">
    <p class='ocr_par' dir='ltr' id='par_1_77' title="bbox 2611 3309 4180 3384">
     <span class='ocr_line' id='line_1_77' title="bbox 2611 3309 4180 3384; baseline 0.004 -20"><span class='ocrx_word' id='word_1_552' title='bbox 2611 3325 2729 3364; x_wconf 90' lang='lat' dir='ltr'><strong>rum</strong></span> <span class='ocrx_word' id='word_1_553' title='bbox 2757 3310 3087 3365; x_wconf 83' lang='lat' dir='ltr'><strong>fraudulenta</strong></span> <span class='ocrx_word' id='word_1_554' title='bbox 3119 3309 3135 3348; x_wconf 81' lang='lat'><strong>1</strong></span> <span class='ocrx_word' id='word_1_555' title='bbox 3165 3313 3529 3368; x_wconf 88' lang='lat' dir='ltr'><strong>dominatione</strong></span> <span class='ocrx_word' id='word_1_556' title='bbox 3548 3315 3866 3384; x_wconf 64' lang='lat' dir='ltr'><strong>prmi-ipitat,</strong></span> <span class='ocrx_word' id='word_1_557' title='bbox 3893 3327 3946 3369; x_wconf 87' lang='lat' dir='ltr'><strong>et</strong></span> <span class='ocrx_word' id='word_1_558' title='bbox 3970 3331 4037 3370; x_wconf 86' lang='lat' dir='ltr'><strong>nc</strong></span> <span class='ocrx_word' id='word_1_559' title='bbox 4060 3314 4180 3371; x_wconf 77' lang='lat' dir='ltr'><strong>inde</strong></span> 
     </span>
    </p>
   </div>
   <div class='ocr_carea' id='block_1_78' title="bbox 2610 3405 4181 3478">
    <p class='ocr_par' dir='ltr' id='par_1_78' title="bbox 2610 3405 4181 3478">
     <span class='ocr_line' id='line_1_78' title="bbox 2610 3405 4181 3478; baseline 0.003 -21"><span class='ocrx_word' id='word_1_560' title='bbox 2610 3419 2842 3475; x_wconf 87' lang='lat' dir='ltr'><strong>unquam</strong></span> <span class='ocrx_word' id='word_1_561' title='bbox 2865 3405 3071 3470; x_wconf 83' lang='lat' dir='ltr'><strong>possint</strong></span> <span class='ocrx_word' id='word_1_562' title='bbox 3091 3419 3386 3474; x_wconf 86' lang='lat' dir='ltr'><strong>emergere,</strong></span> <span class='ocrx_word' id='word_1_563' title='bbox 3407 3407 3604 3476; x_wconf 87' lang='lat' dir='ltr'><strong>jugiter</strong></span> <span class='ocrx_word' id='word_1_564' title='bbox 3627 3407 3818 3462; x_wconf 84' lang='lat' dir='ltr'><strong>calcat.</strong></span> <span class='ocrx_word' id='word_1_565' title='bbox 3852 3407 3966 3478; x_wconf 80' lang='lat' dir='ltr'><strong>Ipsa</strong></span> <span class='ocrx_word' id='word_1_566' title='bbox 3986 3410 4038 3462; x_wconf 92' lang='lat' dir='ltr'><strong>iu</strong></span> <span class='ocrx_word' id='word_1_567' title='bbox 4064 3423 4181 3464; x_wconf 88' lang='lat' dir='ltr'><strong>cor-</strong></span> 
     </span>
    </p>
   </div>
   <div class='ocr_carea' id='block_1_79' title="bbox 2609 3495 4182 3566">
    <p class='ocr_par' dir='ltr' id='par_1_79' title="bbox 2609 3495 4182 3566">
     <span class='ocr_line' id='line_1_79' title="bbox 2609 3495 4182 3566; baseline 0.002 -16"><span class='ocrx_word' id='word_1_568' title='bbox 2609 3495 2765 3550; x_wconf 82' lang='lat' dir='ltr'><strong>dibus</strong></span> <span class='ocrx_word' id='word_1_569' title='bbox 2791 3495 2974 3549; x_wconf 88' lang='lat' dir='ltr'><strong>talium</strong></span> <span class='ocrx_word' id='word_1_570' title='bbox 3000 3497 3174 3550; x_wconf 89' lang='lat' dir='ltr'><strong>locum</strong></span> <span class='ocrx_word' id='word_1_571' title='bbox 3217 3497 3431 3550; x_wconf 87' lang='lat' dir='ltr'><strong>diabolo</strong></span> <span class='ocrx_word' id='word_1_572' title='bbox 3472 3499 3624 3562; x_wconf 82' lang='lat' dir='ltr'><strong>facit;</strong></span> <span class='ocrx_word' id='word_1_573' title='bbox 3659 3497 3770 3566; x_wconf 78' lang='lat' dir='ltr'><strong>ipsa</strong></span> <span class='ocrx_word' id='word_1_574' title='bbox 3801 3497 3851 3552; x_wconf 85' lang='lat' dir='ltr'><strong>ei</strong></span> <span class='ocrx_word' id='word_1_575' title='bbox 3879 3497 4182 3554; x_wconf 69' lang='lat' dir='ltr'><strong>advenienti</strong></span> 
     </span>
    </p>
   </div>
   <div class='ocr_carea' id='block_1_80' title="bbox 2612 3583 4184 3656">
    <p class='ocr_par' dir='ltr' id='par_1_80' title="bbox 2612 3583 4184 3656">
     <span class='ocr_line' id='line_1_80' title="bbox 2612 3583 4184 3656; baseline 0.003 -18"><span class='ocrx_word' id='word_1_576' title='bbox 2612 3583 2947 3640; x_wconf 81' lang='lat' dir='ltr'><strong>iinmunitum</strong></span> <span class='ocrx_word' id='word_1_577' title='bbox 2977 3596 3159 3654; x_wconf 87' lang='lat' dir='ltr'><strong>pectus</strong></span> <span class='ocrx_word' id='word_1_578' title='bbox 3185 3585 3508 3640; x_wconf 80' lang='lat' dir='ltr'><strong>familiariter</strong></span> <span class='ocrx_word' id='word_1_579' title='bbox 3532 3587 3744 3653; x_wconf 88' lang='lat' dir='ltr'><strong>pandit;</strong></span> <span class='ocrx_word' id='word_1_580' title='bbox 3772 3589 3886 3656; x_wconf 86' lang='lat' dir='ltr'><strong>ipsa</strong></span> <span class='ocrx_word' id='word_1_581' title='bbox 3911 3589 4184 3644; x_wconf 79' lang='lat' dir='ltr'><strong>introeun—</strong></span> 
     </span>
    </p>
   </div>
   <div class='ocr_carea' id='block_1_81' title="bbox 2613 3675 4184 3746">
    <p class='ocr_par' dir='ltr' id='par_1_81' title="bbox 2613 3675 4184 3746">
     <span class='ocr_line' id='line_1_81' title="bbox 2613 3675 4184 3746; baseline 0.003 -20"><span class='ocrx_word' id='word_1_582' title='bbox 2613 3684 2720 3727; x_wconf 86' lang='lat' dir='ltr'><strong>tem</strong></span> <span class='ocrx_word' id='word_1_583' title='bbox 2749 3676 3006 3741; x_wconf 89' lang='lat' dir='ltr'><strong>suscipit;</strong></span> <span class='ocrx_word' id='word_1_584' title='bbox 3041 3678 3151 3744; x_wconf 88' lang='lat' dir='ltr'><strong>ipsa</strong></span> <span class='ocrx_word' id='word_1_585' title='bbox 3196 3675 3367 3743; x_wconf 88' lang='lat' dir='ltr'><strong>captis</strong></span> <span class='ocrx_word' id='word_1_586' title='bbox 3389 3675 3477 3744; x_wconf 87' lang='lat' dir='ltr'><strong>jus</strong></span> <span class='ocrx_word' id='word_1_587' title='bbox 3504 3676 3713 3746; x_wconf 86' lang='lat' dir='ltr'><strong>perdite</strong></span> <span class='ocrx_word' id='word_1_588' title='bbox 3746 3677 3956 3732; x_wconf 85' lang='lat' dir='ltr'><strong>vivendi</strong></span> <span class='ocrx_word' id='word_1_589' title='bbox 3984 3677 4184 3732; x_wconf 57' lang='lat' dir='ltr'><strong>consti.</strong></span> 
     </span>
    </p>
   </div>
   <div class='ocr_carea' id='block_1_82' title="bbox 2614 3765 4181 3836">
    <p class='ocr_par' dir='ltr' id='par_1_82' title="bbox 2614 3765 4181 3836">
     <span class='ocr_line' id='line_1_82' title="bbox 2614 3765 4181 3836; baseline 0.003 -20"><span class='ocrx_word' id='word_1_590' title='bbox 2614 3767 2713 3817; x_wconf 85' lang='lat' dir='ltr'><strong>tuit</strong></span> <span class='ocrx_word' id='word_1_591' title='bbox 2743 3780 2757 3827; x_wconf 93' lang='lat'><strong>;</strong></span> <span class='ocrx_word' id='word_1_592' title='bbox 2803 3769 2913 3831; x_wconf 88' lang='lat' dir='ltr'><strong>ipsa</strong></span> <span class='ocrx_word' id='word_1_593' title='bbox 2944 3773 2982 3800; x_wconf 78' lang='grc' dir='ltr'><strong>ιιι</strong></span> <span class='ocrx_word' id='word_1_594' title='bbox 3013 3780 3201 3820; x_wconf 91' lang='lat' dir='ltr'><strong>omnes</strong></span> <span class='ocrx_word' id='word_1_595' title='bbox 3244 3765 3531 3819; x_wconf 84' lang='lat' dir='ltr'><strong>virtutibus</strong></span> <span class='ocrx_word' id='word_1_596' title='bbox 3574 3775 3813 3820; x_wconf 77' lang='lat' dir='ltr'><strong>exarmat</strong></span> <span class='ocrx_word' id='word_1_597' title='bbox 3849 3782 3987 3836; x_wconf 87' lang='lat' dir='ltr'><strong>quos</strong></span> <span class='ocrx_word' id='word_1_598' title='bbox 4016 3768 4181 3821; x_wconf 88' lang='lat' dir='ltr'><strong>semel</strong></span> 
     </span>
    </p>
   </div>
   <div class='ocr_carea' id='block_1_83' title="bbox 2615 3857 4176 3928">
    <p class='ocr_par' dir='ltr' id='par_1_83' title="bbox 2615 3857 4176 3928">
     <span class='ocr_line' id='line_1_83' title="bbox 2615 3857 4176 3928; baseline 0 -16"><span class='ocrx_word' id='word_1_599' title='bbox 2615 3858 2900 3923; x_wconf 87' lang='lat' dir='ltr'><strong>invaserit;</strong></span> <span class='ocrx_word' id='word_1_600' title='bbox 2926 3859 3037 3925; x_wconf 89' lang='lat' dir='ltr'><strong>ipsa</strong></span> <span class='ocrx_word' id='word_1_601' title='bbox 3065 3857 3320 3928; x_wconf 87' lang='lat' dir='ltr'><strong>quidquid</strong></span> <span class='ocrx_word' id='word_1_602' title='bbox 3350 3858 3402 3913; x_wconf 88' lang='lat' dir='ltr'><strong>in</strong></span> <span class='ocrx_word' id='word_1_603' title='bbox 3425 3857 3504 3912; x_wconf 86' lang='lat' dir='ltr'><strong>eis</strong></span> <span class='ocrx_word' id='word_1_604' title='bbox 3525 3859 3843 3912; x_wconf 88' lang='lat' dir='ltr'><strong>remanserit</strong></span> <span class='ocrx_word' id='word_1_605' title='bbox 3866 3857 4006 3927; x_wconf 82' lang='lat' dir='ltr'><strong>quod</strong></span> <span class='ocrx_word' id='word_1_606' title='bbox 4034 3858 4176 3912; x_wconf 83' lang='lat' dir='ltr'><strong>vitiis</strong></span> 
     </span>
    </p>
   </div>
   <div class='ocr_carea' id='block_1_84' title="bbox 2617 3947 4179 4016">
    <p class='ocr_par' dir='ltr' id='par_1_84' title="bbox 2617 3947 4179 4016">
     <span class='ocr_line' id='line_1_84' title="bbox 2617 3947 4179 4016; baseline -0.001 -13"><span class='ocrx_word' id='word_1_607' title='bbox 2617 3955 2646 3984; x_wconf 72' lang='grc' dir='ltr'><strong>ιι</strong></span> <span class='ocrx_word' id='word_1_608' title='bbox 2673 3957 2852 4016; x_wconf 89' lang='lat' dir='ltr'><strong>posset</strong></span> <span class='ocrx_word' id='word_1_609' title='bbox 2879 3947 3076 4012; x_wconf 87' lang='lat' dir='ltr'><strong>obniti,</strong></span> <span class='ocrx_word' id='word_1_610' title='bbox 3110 3963 3175 4003; x_wconf 90' lang='lat' dir='ltr'><strong>ne</strong></span> <span class='ocrx_word' id='word_1_611' title='bbox 3203 3958 3390 4003; x_wconf 89' lang='lat' dir='ltr'><strong>contra</strong></span> <span class='ocrx_word' id='word_1_612' title='bbox 3420 3961 3480 4003; x_wconf 89' lang='lat' dir='ltr'><strong>se</strong></span> <span class='ocrx_word' id='word_1_613' title='bbox 3516 3949 3650 4002; x_wconf 81' lang='lat' dir='ltr'><strong>forte</strong></span> <span class='ocrx_word' id='word_1_614' title='bbox 3688 3950 4060 4014; x_wconf 78' lang='lat' dir='ltr'><strong>convalescat,</strong></span> <span class='ocrx_word' id='word_1_615' title='bbox 4099 3949 4179 4002; x_wconf 89' lang='lat' dir='ltr'><strong>in-</strong></span> 
     </span>
    </p>
   </div>
   <div class='ocr_carea' id='block_1_85' title="bbox 2611 4039 2828 4093">
    <p class='ocr_par' dir='ltr' id='par_1_85' title="bbox 2611 4039 2828 4093">
     <span class='ocr_line' id='line_1_85' title="bbox 2611 4039 2828 4093; baseline 0 -1"><span class='ocrx_word' id='word_1_616' title='bbox 2611 4039 2828 4093; x_wconf 88' lang='lat' dir='ltr'><strong>tcrimit.</strong></span> 
     </span>
    </p>
   </div>
   <div class='ocr_carea' id='block_1_86' title="bbox 2679 4127 4184 4197">
    <p class='ocr_par' dir='ltr' id='par_1_86' title="bbox 2679 4127 4184 4197">
     <span class='ocr_line' id='line_1_86' title="bbox 2679 4127 4184 4197; baseline -0.001 -16"><span class='ocrx_word' id='word_1_617' title='bbox 2679 4129 2733 4181; x_wconf 70' lang='lat'><strong>2.</strong></span> <span class='ocrx_word' id='word_1_618' title='bbox 2777 4127 2902 4182; x_wconf 84' lang='lat' dir='ltr'><strong>inde</strong></span> <span class='ocrx_word' id='word_1_619' title='bbox 2930 4136 3013 4181; x_wconf 87' lang='lat' dir='ltr'><strong>est</strong></span> <span class='ocrx_word' id='word_1_620' title='bbox 3046 4128 3187 4196; x_wconf 86' lang='lat' dir='ltr'><strong>quod</strong></span> <span class='ocrx_word' id='word_1_621' title='bbox 3217 4127 3268 4182; x_wconf 95' lang='lat' dir='ltr'><strong>hi</strong></span> <span class='ocrx_word' id='word_1_622' title='bbox 3309 4142 3444 4197; x_wconf 91' lang='lat' dir='ltr'><strong>quos</strong></span> <span class='ocrx_word' id='word_1_623' title='bbox 3467 4137 3492 4165; x_wconf 87' lang='grc' dir='ltr'><strong><em>ο</em></strong></span> <span class='ocrx_word' id='word_1_624' title='bbox 3524 4129 3769 4197; x_wconf 66' lang='lat' dir='ltr'><strong>superba:</strong></span> <span class='ocrx_word' id='word_1_625' title='bbox 3809 4129 4002 4181; x_wconf 78' lang='lat' dir='ltr'><strong>tuentis</strong></span> <span class='ocrx_word' id='word_1_626' title='bbox 4036 4130 4184 4182; x_wconf 90' lang='lat' dir='ltr'><strong>tabes</strong></span> 
     </span>
    </p>
   </div>
   <div class='ocr_carea' id='block_1_87' title="bbox 2615 4217 4183 4285">
    <p class='ocr_par' dir='ltr' id='par_1_87' title="bbox 2615 4217 4183 4285">
     <span class='ocr_line' id='line_1_87' title="bbox 2615 4217 4183 4285; baseline -0.002 -14"><span class='ocrx_word' id='word_1_627' title='bbox 2615 4219 2889 4285; x_wconf 82' lang='lat' dir='ltr'><strong>purulenta</strong></span> <span class='ocrx_word' id='word_1_628' title='bbox 2907 4218 3222 4285; x_wconf 87' lang='lat' dir='ltr'><strong>corruperit,</strong></span> <span class='ocrx_word' id='word_1_629' title='bbox 3241 4217 3508 4271; x_wconf 84' lang='lat' dir='ltr'><strong>seniorum</strong></span> <span class='ocrx_word' id='word_1_630' title='bbox 3531 4233 3750 4270; x_wconf 68' lang='lat' dir='ltr'><strong>suorum</strong></span> <span class='ocrx_word' id='word_1_631' title='bbox 3774 4232 3874 4270; x_wconf 86' lang='lat' dir='ltr'><strong>non</strong></span> <span class='ocrx_word' id='word_1_632' title='bbox 3893 4219 4183 4272; x_wconf 82' lang='lat' dir='ltr'><strong>observant</strong></span> 
     </span>
    </p>
   </div>
   <div class='ocr_carea' id='block_1_88' title="bbox 2616 4305 4180 4375">
    <p class='ocr_par' dir='ltr' id='par_1_88' title="bbox 2616 4305 4180 4375">
     <span class='ocr_line' id='line_1_88' title="bbox 2616 4305 4180 4375; baseline -0.001 -17"><span class='ocrx_word' id='word_1_633' title='bbox 2616 4305 2893 4373; x_wconf 85' lang='lat' dir='ltr'><strong>imperata,</strong></span> <span class='ocrx_word' id='word_1_634' title='bbox 2910 4305 3002 4359; x_wconf 89' lang='lat' dir='ltr'><strong>sed</strong></span> <span class='ocrx_word' id='word_1_635' title='bbox 3016 4305 3310 4372; x_wconf 76' lang='lat' dir='ltr'><strong>Pjudicant;</strong></span> <span class='ocrx_word' id='word_1_636' title='bbox 3327 4305 3394 4360; x_wconf 87' lang='lat' dir='ltr'><strong>de</strong></span> <span class='ocrx_word' id='word_1_637' title='bbox 3409 4306 3521 4360; x_wconf 85' lang='lat' dir='ltr'><strong>suis</strong></span> <span class='ocrx_word' id='word_1_638' title='bbox 3542 4305 3878 4375; x_wconf 83' lang='lat' dir='ltr'><strong>negligentiis</strong></span> <span class='ocrx_word' id='word_1_639' title='bbox 3898 4305 4180 4375; x_wconf 76' lang='lat' dir='ltr'><strong>objurgati,</strong></span> 
     </span>
    </p>
   </div>
   <div class='ocr_carea' id='block_1_89' title="bbox 2611 4395 4183 4460">
    <p class='ocr_par' dir='ltr' id='par_1_89' title="bbox 2611 4395 4183 4460">
     <span class='ocr_line' id='line_1_89' title="bbox 2611 4395 4183 4460; baseline 0.001 -12"><span class='ocrx_word' id='word_1_640' title='bbox 2611 4405 2702 4448; x_wconf 83' lang='lat' dir='ltr'><strong>aut</strong></span> <span class='ocrx_word' id='word_1_641' title='bbox 2732 4395 2990 4449; x_wconf 84' lang='lat' dir='ltr'><strong>rebellant</strong></span> <span class='ocrx_word' id='word_1_642' title='bbox 3024 4404 3053 4444; x_wconf 73' lang='grc' dir='ltr'><strong>«ι</strong></span> <span class='ocrx_word' id='word_1_643' title='bbox 3080 4395 3392 4458; x_wconf 81' lang='lat' dir='ltr'><strong>insolenter,</strong></span> <span class='ocrx_word' id='word_1_644' title='bbox 3423 4405 3516 4448; x_wconf 91' lang='lat' dir='ltr'><strong>aut</strong></span> <span class='ocrx_word' id='word_1_645' title='bbox 3554 4402 3915 4460; x_wconf 84' lang='lat' dir='ltr'><strong>murmurant;</strong></span> <span class='ocrx_word' id='word_1_646' title='bbox 3961 4398 4027 4449; x_wconf 87' lang='lat' dir='ltr'><strong>de</strong></span> <span class='ocrx_word' id='word_1_647' title='bbox 4067 4397 4183 4450; x_wconf 74' lang='lat' dir='ltr'><strong>loco</strong></span> 
     </span>
    </p>
   </div>
   <div class='ocr_carea' id='block_1_90' title="bbox 2612 4483 4181 4552">
    <p class='ocr_par' dir='ltr' id='par_1_90' title="bbox 2612 4483 4181 4552">
     <span class='ocr_line' id='line_1_90' title="bbox 2612 4483 4181 4552; baseline 0.002 -16"><span class='ocrx_word' id='word_1_648' title='bbox 2612 4484 2871 4552; x_wconf 67' lang='lat' dir='ltr'><strong>superiori</strong></span> <span class='ocrx_word' id='word_1_649' title='bbox 2915 4486 3244 4552; x_wconf 85' lang='lat' dir='ltr'><strong>disceptant,</strong></span> <span class='ocrx_word' id='word_1_650' title='bbox 3287 4485 3538 4552; x_wconf 69' lang='lat' dir='ltr'><strong>prmierri&#39;</strong></span> <span class='ocrx_word' id='word_1_651' title='bbox 3565 4497 3626 4538; x_wconf 85' lang='lat' dir='ltr'><strong>se</strong></span> <span class='ocrx_word' id='word_1_652' title='bbox 3672 4485 3832 4538; x_wconf 89' lang='lat' dir='ltr'><strong>etiam</strong></span> <span class='ocrx_word' id='word_1_653' title='bbox 3872 4483 4181 4539; x_wconf 84' lang='lat' dir='ltr'><strong>melioribus</strong></span> 
     </span>
    </p>
   </div>
   <div class='ocr_carea' id='block_1_91' title="bbox 944 4562 4182 4642">
    <p class='ocr_par' dir='ltr' id='par_1_91' title="bbox 944 4562 4182 4642">
     <span class='ocr_line' id='line_1_91' title="bbox 944 4562 4182 4642; baseline 0.001 -18"><span class='ocrx_word' id='word_1_654' title='bbox 944 4576 1235 4634; x_wconf 76' lang='lat' dir='ltr'><strong>crescente,</strong></span> <span class='ocrx_word' id='word_1_655' title='bbox 1266 4567 1444 4637; x_wconf 90' lang='lat' dir='ltr'><strong>pudici</strong></span> <span class='ocrx_word' id='word_1_656' title='bbox 1483 4567 1746 4622; x_wconf 83' lang='lat' dir='ltr'><strong>veraciter</strong></span> <span class='ocrx_word' id='word_1_657' title='bbox 1789 4569 1958 4621; x_wconf 83' lang='lat' dir='ltr'><strong>nunt:</strong></span> <span class='ocrx_word' id='word_1_658' title='bbox 2005 4577 2059 4620; x_wconf 91' lang='lat' dir='ltr'><strong>et</strong></span> <span class='ocrx_word' id='word_1_659' title='bbox 2092 4569 2160 4621; x_wconf 86' lang='lat' dir='ltr'><strong>ita</strong></span> <span class='ocrx_word' id='word_1_660' title='bbox 2203 4568 2503 4635; x_wconf 78' lang='lat' dir='ltr'><strong>proﬁciunt,</strong></span> <span class='ocrx_word' id='word_1_661' title='bbox 2536 4562 2585 4620; x_wconf 91' lang='lat' dir='ltr'>D</span> <span class='ocrx_word' id='word_1_662' title='bbox 2612 4574 2945 4642; x_wconf 87' lang='lat' dir='ltr'><strong>impudenter</strong></span> <span class='ocrx_word' id='word_1_663' title='bbox 2972 4571 3252 4637; x_wconf 68' lang='lat' dir='ltr'><strong>affectant;</strong></span> <span class='ocrx_word' id='word_1_664' title='bbox 3281 4572 3673 4642; x_wconf 86' lang='lat' dir='ltr'><strong>simplicitatem</strong></span> <span class='ocrx_word' id='word_1_665' title='bbox 3703 4572 4057 4642; x_wconf 82' lang='lat' dir='ltr'><strong>spiritualium</strong></span> <span class='ocrx_word' id='word_1_666' title='bbox 4080 4571 4182 4627; x_wconf 86' lang='lat' dir='ltr'><strong>l‘ra-</strong></span> 
     </span>
    </p>
   </div>
   <div class='ocr_carea' id='block_1_92' title="bbox 944 4656 2504 4728">
    <p class='ocr_par' dir='ltr' id='par_1_92' title="bbox 944 4656 2504 4728">
     <span class='ocr_line' id='line_1_92' title="bbox 944 4656 2504 4728; baseline -0.001 -15"><span class='ocrx_word' id='word_1_667' title='bbox 944 4669 1001 4713; x_wconf 89' lang='lat' dir='ltr'><strong>ut</strong></span> <span class='ocrx_word' id='word_1_668' title='bbox 1017 4659 1126 4728; x_wconf 87' lang='lat' dir='ltr'><strong>jam</strong></span> <span class='ocrx_word' id='word_1_669' title='bbox 1159 4673 1264 4712; x_wconf 88' lang='lat' dir='ltr'><strong>non</strong></span> <span class='ocrx_word' id='word_1_670' title='bbox 1302 4671 1567 4721; x_wconf 85' lang='lat' dir='ltr'><strong>sermone,</strong></span> <span class='ocrx_word' id='word_1_671' title='bbox 1591 4656 1684 4711; x_wconf 87' lang='lat' dir='ltr'><strong>sed</strong></span> <span class='ocrx_word' id='word_1_672' title='bbox 1706 4657 1900 4712; x_wconf 84' lang='lat' dir='ltr'><strong>virtute</strong></span> <span class='ocrx_word' id='word_1_673' title='bbox 1936 4657 2124 4712; x_wconf 87' lang='lat' dir='ltr'><strong>sordes</strong></span> <span class='ocrx_word' id='word_1_674' title='bbox 2161 4658 2436 4726; x_wconf 87' lang='lat' dir='ltr'><strong>impudicit</strong></span> <span class='ocrx_word' id='word_1_675' title='bbox 2460 4677 2504 4712; x_wconf 74' lang='grc' dir='ltr'><strong>τυ</strong></span> 
     </span>
    </p>
   </div>
   <div class='ocr_carea' id='block_1_93' title="bbox 946 4749 2507 4817">
    <p class='ocr_par' dir='ltr' id='par_1_93' title="bbox 946 4749 2507 4817">
     <span class='ocr_line' id='line_1_93' title="bbox 946 4749 2507 4817; baseline -0.001 -13"><span class='ocrx_word' id='word_1_676' title='bbox 946 4752 1289 4812; x_wconf 68' lang='lat' dir='ltr'><strong>detestantes,</strong></span> <span class='ocrx_word' id='word_1_677' title='bbox 1322 4764 1426 4803; x_wconf 90' lang='lat' dir='ltr'><strong>non</strong></span> <span class='ocrx_word' id='word_1_678' title='bbox 1478 4749 1668 4803; x_wconf 90' lang='lat' dir='ltr'><strong>timore</strong></span> <span class='ocrx_word' id='word_1_679' title='bbox 1694 4764 1864 4817; x_wconf 79' lang='lat' dir='ltr'><strong>poena:</strong></span> <span class='ocrx_word' id='word_1_680' title='bbox 1892 4749 2190 4804; x_wconf 84' lang='lat' dir='ltr'><strong>carnalibus</strong></span> <span class='ocrx_word' id='word_1_681' title='bbox 2229 4751 2507 4805; x_wconf 61' lang='lat' dir='ltr'><strong>inccntivis</strong></span> 
     </span>
    </p>
   </div>
   <div class='ocr_carea' id='block_1_94' title="bbox 945 4838 2509 4909">
    <p class='ocr_par' dir='ltr' id='par_1_94' title="bbox 945 4838 2509 4909">
     <span class='ocr_line' id='line_1_94' title="bbox 945 4838 2509 4909; baseline 0 -15"><span class='ocrx_word' id='word_1_682' title='bbox 945 4841 1219 4907; x_wconf 89' lang='lat' dir='ltr'><strong>obsistant,</strong></span> <span class='ocrx_word' id='word_1_683' title='bbox 1249 4839 1390 4909; x_wconf 88' lang='lat' dir='ltr'><strong>quod</strong></span> <span class='ocrx_word' id='word_1_684' title='bbox 1435 4847 1518 4892; x_wconf 90' lang='lat' dir='ltr'><strong>est</strong></span> <span class='ocrx_word' id='word_1_685' title='bbox 1545 4838 1906 4905; x_wconf 89' lang='lat' dir='ltr'><strong>iucipientium</strong></span> <span class='ocrx_word' id='word_1_686' title='bbox 1957 4841 2258 4907; x_wconf 86' lang='lat' dir='ltr'><strong>pr0prium;</strong></span> <span class='ocrx_word' id='word_1_687' title='bbox 2296 4840 2388 4894; x_wconf 87' lang='lat' dir='ltr'><strong>sed</strong></span> <span class='ocrx_word' id='word_1_688' title='bbox 2417 4855 2509 4894; x_wconf 79' lang='lat' dir='ltr'><strong>cx-</strong></span> 
     </span>
    </p>
   </div>
   <div class='ocr_carea' id='block_1_95' title="bbox 947 4925 2509 4998">
    <p class='ocr_par' dir='ltr' id='par_1_95' title="bbox 947 4925 2509 4998">
     <span class='ocr_line' id='line_1_95' title="bbox 947 4925 2509 4998; baseline -0.003 -15"><span class='ocrx_word' id='word_1_689' title='bbox 947 4931 1245 4984; x_wconf 85' lang='lat' dir='ltr'><strong>secratione</strong></span> <span class='ocrx_word' id='word_1_690' title='bbox 1263 4927 1467 4998; x_wconf 85' lang='lat' dir='ltr'><strong>peccati</strong></span> <span class='ocrx_word' id='word_1_691' title='bbox 1483 4925 1752 4983; x_wconf 76' lang='lat' dir='ltr'><strong>refreneut</strong></span> <span class='ocrx_word' id='word_1_692' title='bbox 1787 4927 2056 4997; x_wconf 85' lang='lat' dir='ltr'><strong>inquietos</strong></span> <span class='ocrx_word' id='word_1_693' title='bbox 2071 4929 2247 4982; x_wconf 86' lang='lat' dir='ltr'><strong>carnis</strong></span> <span class='ocrx_word' id='word_1_694' title='bbox 2270 4927 2509 4995; x_wconf 70' lang='lat' dir='ltr'><strong>aﬂ&#39;cctus,</strong></span> 
     </span>
    </p>
   </div>
   <div class='ocr_carea' id='block_1_96' title="bbox 1021 5063 2359 5135">
    <p class='ocr_par' dir='ltr' id='par_1_96' title="bbox 1021 5063 2359 5135">
     <span class='ocr_line' id='line_1_96' title="bbox 1021 5063 2359 5135; baseline -0.004 -14"><span class='ocrx_word' id='word_1_695' title='bbox 1021 5077 1048 5105; x_wconf 73' lang='grc'>³</span> <span class='ocrx_word' id='word_1_696' title='bbox 1077 5065 1234 5129; x_wconf 84' lang='lat' dir='ltr'><strong>Editi,</strong></span> <span class='ocrx_word' id='word_1_697' title='bbox 1267 5064 1458 5135; x_wconf 80' lang='lat' dir='ltr'><strong>Lugd,</strong></span> <span class='ocrx_word' id='word_1_698' title='bbox 1481 5081 1540 5119; x_wconf 87' lang='lat' dir='ltr'><strong>ac</strong></span> <span class='ocrx_word' id='word_1_699' title='bbox 1568 5067 1754 5132; x_wconf 82' lang='lat' dir='ltr'><strong>puriter</strong></span> <span class='ocrx_word' id='word_1_700' title='bbox 1779 5063 2055 5119; x_wconf 80' lang='lat' dir='ltr'><strong>Esecltielis</strong></span> <span class='ocrx_word' id='word_1_701' title='bbox 2083 5065 2359 5135; x_wconf 71' lang='lat' dir='ltr'><strong>prop/reue.</strong></span> 
     </span>
    </p>
   </div>
   <div class='ocr_carea' id='block_1_97' title="bbox 1018 5133 2131 5203">
    <p class='ocr_par' dir='ltr' id='par_1_97' title="bbox 1018 5133 2131 5203">
     <span class='ocr_line' id='line_1_97' title="bbox 1018 5133 2131 5203; baseline -0.003 -12"><span class='ocrx_word' id='word_1_702' title='bbox 1018 5135 1048 5177; x_wconf 69' lang='grc' dir='ltr'>δ</span> <span class='ocrx_word' id='word_1_703' title='bbox 1079 5135 1240 5198; x_wconf 81' lang='lat' dir='ltr'><strong>Edlti,</strong></span> <span class='ocrx_word' id='word_1_704' title='bbox 1263 5133 1479 5203; x_wconf 81' lang='lat' dir='ltr'><strong>placere.</strong></span> <span class='ocrx_word' id='word_1_705' title='bbox 1506 5135 1628 5203; x_wconf 84' lang='lat' dir='ltr'><strong>Mss.</strong></span> <span class='ocrx_word' id='word_1_706' title='bbox 1665 5149 1874 5199; x_wconf 89' lang='lat' dir='ltr'><strong>omnes,</strong></span> <span class='ocrx_word' id='word_1_707' title='bbox 1899 5133 2131 5202; x_wconf 72' lang='lat' dir='ltr'><strong>probare.</strong></span> 
     </span>
    </p>
   </div>
   <div class='ocr_carea' id='block_1_98' title="bbox 1019 5202 1973 5272">
    <p class='ocr_par' dir='ltr' id='par_1_98' title="bbox 1019 5202 1973 5272">
     <span class='ocr_line' id='line_1_98' title="bbox 1019 5202 1973 5272; baseline -0.001 -16"><span class='ocrx_word' id='word_1_708' title='bbox 1019 5218 1041 5245; x_wconf 78' lang='grc' dir='ltr'><strong>ο</strong></span> <span class='ocrx_word' id='word_1_709' title='bbox 1074 5206 1173 5260; x_wconf 77' lang='lat' dir='ltr'><strong>Ms.</strong></span> <span class='ocrx_word' id='word_1_710' title='bbox 1213 5202 1371 5263; x_wconf 85' lang='lat' dir='ltr'><strong>unus.</strong></span> <span class='ocrx_word' id='word_1_711' title='bbox 1403 5202 1670 5272; x_wconf 75' lang='lat' dir='ltr'><strong>carnaliter</strong></span> <span class='ocrx_word' id='word_1_712' title='bbox 1688 5203 1973 5272; x_wconf 74' lang='lat' dir='ltr'><strong>cogitando.</strong></span> 
     </span>
    </p>
   </div>
   <div class='ocr_carea' id='block_1_99' title="bbox 1020 5271 2502 5340">
    <p class='ocr_par' dir='ltr' id='par_1_99' title="bbox 1020 5271 2502 5340">
     <span class='ocr_line' id='line_1_99' title="bbox 1020 5271 2502 5340; baseline -0.006 -8"><span class='ocrx_word' id='word_1_713' title='bbox 1020 5272 1047 5313; x_wconf 67' lang='grc' dir='ltr'>ἀ</span> <span class='ocrx_word' id='word_1_714' title='bbox 1071 5274 1160 5332; x_wconf 85' lang='lat' dir='ltr'><strong>Sic</strong></span> <span class='ocrx_word' id='word_1_715' title='bbox 1199 5287 1328 5328; x_wconf 84' lang='lat' dir='ltr'><strong>mss.</strong></span> <span class='ocrx_word' id='word_1_716' title='bbox 1356 5279 1467 5327; x_wconf 86' lang='lat' dir='ltr'><strong>tres</strong></span> <span class='ocrx_word' id='word_1_717' title='bbox 1485 5271 1634 5326; x_wconf 85' lang='lat' dir='ltr'><strong>Colb.</strong></span> <span class='ocrx_word' id='word_1_718' title='bbox 1668 5271 1911 5328; x_wconf 80' lang='lat' dir='ltr'><strong>Aliicum</strong></span> <span class='ocrx_word' id='word_1_719' title='bbox 1942 5272 2122 5338; x_wconf 81' lang='lat' dir='ltr'><strong>editis,</strong></span> <span class='ocrx_word' id='word_1_720' title='bbox 2153 5284 2241 5326; x_wconf 85' lang='lat' dir='ltr'><strong>aut</strong></span> <span class='ocrx_word' id='word_1_721' title='bbox 2275 5271 2502 5340; x_wconf 71' lang='lat' dir='ltr'><strong>turpitu-</strong></span> 
     </span>
    </p>
   </div>
   <div class='ocr_carea' id='block_1_100' title="bbox 987 5366 1135 5396">
    <p class='ocr_par' dir='ltr' id='par_1_100' title="bbox 987 5366 1135 5396">
     <span class='ocr_line' id='line_1_100' title="bbox 987 5366 1135 5396; baseline 0 0"><span class='ocrx_word' id='word_1_722' title='bbox 987 5366 1135 5396; x_wconf 76' lang='grc' dir='ltr'><strong>ηιηη.</strong></span> 
     </span>
    </p>
   </div>
   <div class='ocr_carea' id='block_1_101' title="bbox 951 5347 1854 5531">
    <p class='ocr_par' dir='ltr' id='par_1_101' title="bbox 951 5347 1854 5531">
     <span class='ocr_line' id='line_1_101' title="bbox 951 5347 1854 5531; baseline -0.004 -64"><span class='ocrx_word' id='word_1_723' title='bbox 951 5347 1166 5467; x_wconf 42' lang='lat' dir='ltr'><strong>mima.</strong></span> <span class='ocrx_word' id='word_1_724' title='bbox 1199 5409 1408 5474; x_wconf 81' lang='lat' dir='ltr'><strong>Camb.,</strong></span> <span class='ocrx_word' id='word_1_725' title='bbox 1434 5411 1496 5462; x_wconf 82' lang='lat' dir='ltr'><strong>ab</strong></span> <span class='ocrx_word' id='word_1_726' title='bbox 1524 5409 1854 5531; x_wconf 52' lang='lat' dir='ltr'><strong>in‘ﬁttdentia.</strong></span> 
     </span>
     <span class='ocr_line' id='line_1_102' title="bbox 1021 5482 1854 5531; baseline 0 0"><span class='ocrx_word' id='word_1_727' title='bbox 1021 5484 1036 5521; x_wconf 78' lang='grc' dir='ltr'>ί</span> <span class='ocrx_word' id='word_1_728' title='bbox 1063 5482 1186 5531; x_wconf 82' lang='lat' dir='ltr'><strong>Mss.</strong></span> <span class='ocrx_word' id='word_1_729' title='bbox 1214 5490 1438 5531; x_wconf 83' lang='lat' dir='ltr'><strong>auatuur</strong></span> <span class='ocrx_word' id='word_1_730' title='bbox 1465 5494 1570 5531; x_wconf 91' lang='lat' dir='ltr'><strong>non</strong></span> <span class='ocrx_word' id='word_1_731' title='bbox 1654 5482 1795 5531; x_wconf 74' lang='lat' dir='ltr'><strong>ibent</strong></span> <span class='ocrx_word' id='word_1_732' title='bbox 1829 5500 1854 5531; x_wconf 74' lang='grc' dir='ltr'><strong>ιι</strong></span> 
     </span>
    </p>
   </div>
   <div class='ocr_carea' id='block_1_102' title="bbox 1021 5481 2504 5552">
    <p class='ocr_par' dir='ltr' id='par_1_102' title="bbox 1021 5481 2504 5552">
     <span class='ocr_line' id='line_1_103' title="bbox 1021 5481 2504 5552; baseline 0.001 -19"><span class='ocrx_word' id='word_1_733' title='bbox 1021 5484 1036 5521; x_wconf 79' lang='grc' dir='ltr'>ί</span> <span class='ocrx_word' id='word_1_734' title='bbox 1063 5482 1186 5536; x_wconf 81' lang='lat' dir='ltr'><strong>Mss.</strong></span> <span class='ocrx_word' id='word_1_735' title='bbox 1214 5490 1438 5552; x_wconf 76' lang='lat' dir='ltr'><strong>quatuor</strong></span> <span class='ocrx_word' id='word_1_736' title='bbox 1465 5494 1570 5533; x_wconf 92' lang='lat' dir='ltr'><strong>non</strong></span> <span class='ocrx_word' id='word_1_737' title='bbox 1603 5481 1634 5531; x_wconf 92' lang='lat' dir='ltr'><strong>h</strong></span> <span class='ocrx_word' id='word_1_738' title='bbox 1654 5482 1795 5552; x_wconf 60' lang='lat' dir='ltr'><strong>ibent</strong></span> <span class='ocrx_word' id='word_1_739' title='bbox 1829 5483 2116 5552; x_wconf 65' lang='lat' dir='ltr'><strong>plerumque</strong></span> <span class='ocrx_word' id='word_1_740' title='bbox 2141 5496 2159 5534; x_wconf 90' lang='lat'><strong><em>:</em></strong></span> <span class='ocrx_word' id='word_1_741' title='bbox 2187 5481 2336 5543; x_wconf 68' lang='lat' dir='ltr'><strong>cuitts</strong></span> <span class='ocrx_word' id='word_1_742' title='bbox 2387 5481 2504 5534; x_wconf 91' lang='lat' dir='ltr'><strong>loco</strong></span> 
     </span>
    </p>
   </div>
   <div class='ocr_carea' id='block_1_103' title="bbox 951 5548 2442 5619">
    <p class='ocr_par' dir='ltr' id='par_1_103' title="bbox 951 5548 2442 5619">
     <span class='ocr_line' id='line_1_104' title="bbox 951 5548 2442 5619; baseline -0.003 -13"><span class='ocrx_word' id='word_1_743' title='bbox 951 5552 1051 5606; x_wconf 88' lang='lat' dir='ltr'><strong>duo</strong></span> <span class='ocrx_word' id='word_1_744' title='bbox 1071 5567 1140 5606; x_wconf 76' lang='lat' dir='ltr'><strong>ex</strong></span> <span class='ocrx_word' id='word_1_745' title='bbox 1173 5551 1322 5619; x_wconf 68' lang='grc' dir='ltr'><strong>φριι).</strong></span> <span class='ocrx_word' id='word_1_746' title='bbox 1351 5548 1566 5612; x_wconf 88' lang='lat' dir='ltr'><strong>habent,</strong></span> <span class='ocrx_word' id='word_1_747' title='bbox 1601 5549 1724 5602; x_wconf 74' lang='lat' dir='ltr'><strong>tates</strong></span> <span class='ocrx_word' id='word_1_748' title='bbox 1749 5551 1811 5603; x_wconf 80' lang='lat' dir='ltr'><strong>de</strong></span> <span class='ocrx_word' id='word_1_749' title='bbox 1829 5548 2121 5604; x_wconf 53' lang='lat' dir='ltr'><strong>necessitate</strong></span> <span class='ocrx_word' id='word_1_750' title='bbox 2149 5551 2442 5619; x_wconf 71' lang='lat' dir='ltr'><strong>proﬁciunt.</strong></span> 
     </span>
    </p>
   </div>
   <div class='ocr_carea' id='block_1_104' title="bbox 1019 5617 2076 5685">
    <p class='ocr_par' dir='ltr' id='par_1_104' title="bbox 1019 5617 2076 5685">
     <span class='ocr_line' id='line_1_105' title="bbox 1019 5617 2076 5685; baseline 0.002 -13"><span class='ocrx_word' id='word_1_751' title='bbox 1019 5631 1043 5666; x_wconf 76' lang='grc' dir='ltr'><strong><em>ι</em></strong></span> <span class='ocrx_word' id='word_1_752' title='bbox 1070 5617 1205 5672; x_wconf 69' lang='lat' dir='ltr'><strong>Editl</strong></span> <span class='ocrx_word' id='word_1_753' title='bbox 1227 5617 1352 5672; x_wconf 81' lang='lat' dir='ltr'><strong>Lov.</strong></span> <span class='ocrx_word' id='word_1_754' title='bbox 1380 5627 1432 5672; x_wconf 87' lang='lat' dir='ltr'><strong>et</strong></span> <span class='ocrx_word' id='word_1_755' title='bbox 1463 5619 1654 5685; x_wconf 85' lang='lat' dir='ltr'><strong>Lugd.,</strong></span> <span class='ocrx_word' id='word_1_756' title='bbox 1678 5635 1792 5671; x_wconf 82' lang='lat' dir='ltr'><strong>cum</strong></span> <span class='ocrx_word' id='word_1_757' title='bbox 1817 5621 2076 5674; x_wconf 62' lang='lat' dir='ltr'><strong>viz-cutem.</strong></span> 
     </span>
    </p>
   </div>
   <div class='ocr_carea' id='block_1_105' title="bbox 1019 5686 2407 5756">
    <p class='ocr_par' dir='ltr' id='par_1_105' title="bbox 1019 5686 2407 5756">
     <span class='ocr_line' id='line_1_106' title="bbox 1019 5686 2407 5756; baseline 0.002 -17"><span class='ocrx_word' id='word_1_758' title='bbox 1019 5686 1044 5725; x_wconf 81' lang='grc' dir='ltr'>ιι</span> <span class='ocrx_word' id='word_1_759' title='bbox 1079 5689 1198 5743; x_wconf 83' lang='lat' dir='ltr'><strong>Mss.</strong></span> <span class='ocrx_word' id='word_1_760' title='bbox 1229 5699 1355 5753; x_wconf 86' lang='lat' dir='ltr'><strong>tres,</strong></span> <span class='ocrx_word' id='word_1_761' title='bbox 1379 5688 1670 5747; x_wconf 78' lang='lat' dir='ltr'><strong>ostendunt.</strong></span> <span class='ocrx_word' id='word_1_762' title='bbox 1697 5687 1800 5743; x_wconf 86' lang='lat' dir='ltr'><strong>Alii</strong></span> <span class='ocrx_word' id='word_1_763' title='bbox 1821 5704 1938 5744; x_wconf 88' lang='lat' dir='ltr'><strong>cum</strong></span> <span class='ocrx_word' id='word_1_764' title='bbox 1967 5692 2142 5756; x_wconf 72' lang='lat' dir='ltr'><strong>editis,</strong></span> <span class='ocrx_word' id='word_1_765' title='bbox 2169 5690 2407 5744; x_wconf 84' lang='lat' dir='ltr'><strong>ostendit.</strong></span> 
     </span>
    </p>
   </div>
   <div class='ocr_carea' id='block_1_106' title="bbox 1025 5756 1769 5824">
    <p class='ocr_par' dir='ltr' id='par_1_106' title="bbox 1025 5756 1769 5824">
     <span class='ocr_line' id='line_1_107' title="bbox 1025 5756 1769 5824; baseline 0 -12"><span class='ocrx_word' id='word_1_766' title='bbox 1025 5758 1039 5793; x_wconf 71' lang='grc'>⁸</span> <span class='ocrx_word' id='word_1_767' title='bbox 1076 5757 1176 5812; x_wconf 66' lang='grc' dir='ltr'><strong>ιι..</strong></span> <span class='ocrx_word' id='word_1_768' title='bbox 1199 5756 1346 5814; x_wconf 84' lang='lat' dir='ltr'><strong>Colb.</strong></span> <span class='ocrx_word' id='word_1_769' title='bbox 1376 5773 1531 5824; x_wconf 59' lang='lat' dir='ltr'><strong>unus,</strong></span> <span class='ocrx_word' id='word_1_770' title='bbox 1556 5767 1769 5812; x_wconf 63' lang='lat' dir='ltr'><strong>atroces.</strong></span> 
     </span>
    </p>
   </div>
   <div class='ocr_carea' id='block_1_107' title="bbox 2613 4662 4182 4731">
    <p class='ocr_par' dir='ltr' id='par_1_107' title="bbox 2613 4662 4182 4731">
     <span class='ocr_line' id='line_1_108' title="bbox 2613 4662 4182 4731; baseline -0.001 -15"><span class='ocrx_word' id='word_1_771' title='bbox 2613 4673 2748 4716; x_wconf 82' lang='lat' dir='ltr'><strong>trutn</strong></span> <span class='ocrx_word' id='word_1_772' title='bbox 2771 4662 3055 4717; x_wconf 86' lang='lat' dir='ltr'><strong>irridenter</strong></span> <span class='ocrx_word' id='word_1_773' title='bbox 3086 4670 3108 4699; x_wconf 71' lang='grc' dir='ltr'><strong><em>π</em></strong></span> <span class='ocrx_word' id='word_1_774' title='bbox 3155 4663 3448 4730; x_wconf 77' lang='lat' dir='ltr'><strong>exagitant,</strong></span> <span class='ocrx_word' id='word_1_775' title='bbox 3475 4677 3599 4716; x_wconf 68' lang='lat' dir='ltr'><strong>suas</strong></span> <span class='ocrx_word' id='word_1_776' title='bbox 3625 4664 3916 4717; x_wconf 85' lang='lat' dir='ltr'><strong>sententias</strong></span> <span class='ocrx_word' id='word_1_777' title='bbox 3949 4664 4182 4731; x_wconf 83' lang='lat' dir='ltr'><strong>procaci-</strong></span> 
     </span>
    </p>
   </div>
   <div class='ocr_carea' id='block_1_108' title="bbox 2613 4752 4180 4824">
    <p class='ocr_par' dir='ltr' id='par_1_108' title="bbox 2613 4752 4180 4824">
     <span class='ocr_line' id='line_1_109' title="bbox 2613 4752 4180 4824; baseline 0.001 -18"><span class='ocrx_word' id='word_1_778' title='bbox 2613 4762 2694 4807; x_wconf 85' lang='lat' dir='ltr'><strong>ter</strong></span> <span class='ocrx_word' id='word_1_779' title='bbox 2718 4753 2942 4821; x_wconf 80' lang='lat' dir='ltr'><strong>iactant,</strong></span> <span class='ocrx_word' id='word_1_780' title='bbox 2969 4752 3220 4821; x_wconf 85' lang='lat' dir='ltr'><strong>obsequia</strong></span> <span class='ocrx_word' id='word_1_781' title='bbox 3251 4752 3428 4806; x_wconf 88' lang='lat' dir='ltr'><strong>delata</strong></span> <span class='ocrx_word' id='word_1_782' title='bbox 3459 4753 3755 4817; x_wconf 76' lang='lat' dir='ltr'><strong>fastidiunt,</strong></span> <span class='ocrx_word' id='word_1_783' title='bbox 3800 4761 3987 4822; x_wconf 79' lang='lat' dir='ltr'><strong>negata</strong></span> <span class='ocrx_word' id='word_1_784' title='bbox 4017 4756 4180 4824; x_wconf 86' lang='lat' dir='ltr'><strong>perti-</strong></span> 
     </span>
    </p>
   </div>
   <div class='ocr_carea' id='block_1_109' title="bbox 2617 4841 4178 4912">
    <p class='ocr_par' dir='ltr' id='par_1_109' title="bbox 2617 4841 4178 4912">
     <span class='ocr_line' id='line_1_110' title="bbox 2617 4841 4178 4912; baseline 0.001 -15"><span class='ocrx_word' id='word_1_785' title='bbox 2617 4844 2819 4898; x_wconf 72' lang='lat' dir='ltr'><strong>nat-iter</strong></span> <span class='ocrx_word' id='word_1_786' title='bbox 2844 4852 3108 4910; x_wconf 80' lang='lat' dir='ltr'><strong>qtuerunt,</strong></span> <span class='ocrx_word' id='word_1_787' title='bbox 3141 4843 3344 4898; x_wconf 85' lang='lat' dir='ltr'><strong>natales</strong></span> <span class='ocrx_word' id='word_1_788' title='bbox 3365 4841 3601 4898; x_wconf 87' lang='lat' dir='ltr'><strong>moribus</strong></span> <span class='ocrx_word' id='word_1_789' title='bbox 3627 4853 3976 4912; x_wconf 87' lang='lat' dir='ltr'><strong>anteponunt,</strong></span> <span class='ocrx_word' id='word_1_790' title='bbox 3998 4844 4178 4910; x_wconf 83' lang='lat' dir='ltr'><strong>junio-</strong></span> 
     </span>
    </p>
   </div>
   <div class='ocr_carea' id='block_1_110' title="bbox 2618 4931 4183 5002">
    <p class='ocr_par' dir='ltr' id='par_1_110' title="bbox 2618 4931 4183 5002">
     <span class='ocr_line' id='line_1_111' title="bbox 2618 4931 4183 5002; baseline 0.001 -17"><span class='ocrx_word' id='word_1_791' title='bbox 2618 4947 2705 4986; x_wconf 89' lang='lat' dir='ltr'><strong>res</strong></span> <span class='ocrx_word' id='word_1_792' title='bbox 2732 4945 2857 4985; x_wconf 88' lang='lat' dir='ltr'><strong>suos</strong></span> <span class='ocrx_word' id='word_1_793' title='bbox 2878 4938 2899 4967; x_wconf 83' lang='grc'><strong><em>⁸</em></strong></span> <span class='ocrx_word' id='word_1_794' title='bbox 2920 4933 3044 4986; x_wconf 88' lang='lat' dir='ltr'><strong>elati</strong></span> <span class='ocrx_word' id='word_1_795' title='bbox 3076 4931 3395 4999; x_wconf 86' lang='lat' dir='ltr'><strong>despiciunt,</strong></span> <span class='ocrx_word' id='word_1_796' title='bbox 3417 4931 3649 4987; x_wconf 82' lang='lat' dir='ltr'><strong>conferri</strong></span> <span class='ocrx_word' id='word_1_797' title='bbox 3676 4933 3775 4985; x_wconf 90' lang='lat' dir='ltr'><strong>sibi</strong></span> <span class='ocrx_word' id='word_1_798' title='bbox 3801 4931 4006 5002; x_wconf 88' lang='lat' dir='ltr'><strong>aliquos</strong></span> <span class='ocrx_word' id='word_1_799' title='bbox 4029 4946 4183 5002; x_wconf 82' lang='lat' dir='ltr'><strong>posse</strong></span> 
     </span>
    </p>
   </div>
   <div class='ocr_carea' id='block_1_111' title="bbox 2685 5063 3852 5132">
    <p class='ocr_par' dir='ltr' id='par_1_111' title="bbox 2685 5063 3852 5132">
     <span class='ocr_line' id='line_1_112' title="bbox 2685 5063 3852 5132; baseline 0.002 -16"><span class='ocrx_word' id='word_1_800' title='bbox 2685 5066 2700 5115; x_wconf 82' lang='lat' dir='ltr'><strong>i</strong></span> <span class='ocrx_word' id='word_1_801' title='bbox 2733 5066 2856 5119; x_wconf 77' lang='lat' dir='ltr'><strong>Mss.</strong></span> <span class='ocrx_word' id='word_1_802' title='bbox 2886 5065 3019 5132; x_wconf 63' lang='lat' dir='ltr'><strong>Rvg.</strong></span> <span class='ocrx_word' id='word_1_803' title='bbox 3049 5081 3185 5120; x_wconf 88' lang='lat' dir='ltr'><strong>unus</strong></span> <span class='ocrx_word' id='word_1_804' title='bbox 3215 5075 3267 5118; x_wconf 88' lang='lat' dir='ltr'><strong>et</strong></span> <span class='ocrx_word' id='word_1_805' title='bbox 3294 5063 3509 5130; x_wconf 82' lang='lat' dir='ltr'><strong>Camb.,</strong></span> <span class='ocrx_word' id='word_1_806' title='bbox 3539 5065 3852 5119; x_wconf 81' lang='lat' dir='ltr'><strong>dominante.</strong></span> 
     </span>
    </p>
   </div>
   <div class='ocr_carea' id='block_1_112' title="bbox 2685 5135 3263 5196">
    <p class='ocr_par' dir='ltr' id='par_1_112' title="bbox 2685 5135 3263 5196">
     <span class='ocr_line' id='line_1_113' title="bbox 2685 5135 3263 5196; baseline -0.007 -7"><span class='ocrx_word' id='word_1_807' title='bbox 2685 5135 2708 5172; x_wconf 67' lang='grc'>⁸</span> <span class='ocrx_word' id='word_1_808' title='bbox 2737 5136 2861 5190; x_wconf 87' lang='lat' dir='ltr'><strong>Mss.</strong></span> <span class='ocrx_word' id='word_1_809' title='bbox 2890 5139 3017 5196; x_wconf 88' lang='lat' dir='ltr'><strong>duo,</strong></span> <span class='ocrx_word' id='word_1_810' title='bbox 3043 5138 3263 5189; x_wconf 71' lang='lat' dir='ltr'><strong>occulta.</strong></span> 
     </span>
    </p>
   </div>
   <div class='ocr_carea' id='block_1_113' title="bbox 2688 5203 3395 5265">
    <p class='ocr_par' dir='ltr' id='par_1_113' title="bbox 2688 5203 3395 5265">
     <span class='ocr_line' id='line_1_114' title="bbox 2688 5203 3395 5265; baseline 0.007 -12"><span class='ocrx_word' id='word_1_811' title='bbox 2688 5203 2700 5242; x_wconf 69' lang='grc' dir='ltr'>ι</span> <span class='ocrx_word' id='word_1_812' title='bbox 2741 5206 2833 5256; x_wconf 77' lang='lat' dir='ltr'><strong>Ms.</strong></span> <span class='ocrx_word' id='word_1_813' title='bbox 2866 5221 3023 5265; x_wconf 85' lang='lat' dir='ltr'><strong>unus,</strong></span> <span class='ocrx_word' id='word_1_814' title='bbox 3051 5204 3395 5258; x_wconf 77' lang='lat' dir='ltr'><strong>damnatione.</strong></span> 
     </span>
    </p>
   </div>
   <div class='ocr_carea' id='block_1_114' title="bbox 2679 5273 3946 5342">
    <p class='ocr_par' dir='ltr' id='par_1_114' title="bbox 2679 5273 3946 5342">
     <span class='ocr_line' id='line_1_115' title="bbox 2679 5273 3946 5342; baseline 0.001 -16"><span class='ocrx_word' id='word_1_815' title='bbox 2679 5283 2717 5311; x_wconf 75' lang='grc' dir='ltr'><strong>σι</strong></span> <span class='ocrx_word' id='word_1_816' title='bbox 2746 5274 2868 5326; x_wconf 87' lang='lat' dir='ltr'><strong>Mss.</strong></span> <span class='ocrx_word' id='word_1_817' title='bbox 2892 5285 3120 5342; x_wconf 87' lang='lat' dir='ltr'><strong>septem,</strong></span> <span class='ocrx_word' id='word_1_818' title='bbox 3144 5278 3255 5341; x_wconf 79' lang='lat' dir='ltr'><strong>ipsa</strong></span> <span class='ocrx_word' id='word_1_819' title='bbox 3276 5273 3507 5326; x_wconf 78' lang='lat' dir='ltr'><strong>omnibus</strong></span> <span class='ocrx_word' id='word_1_820' title='bbox 3528 5273 3671 5328; x_wconf 80' lang='lat' dir='ltr'><strong>bonis</strong></span> <span class='ocrx_word' id='word_1_821' title='bbox 3694 5285 3946 5329; x_wconf 68' lang='lat' dir='ltr'><strong>exercitat.</strong></span> 
     </span>
    </p>
   </div>
   <div class='ocr_carea' id='block_1_115' title="bbox 2679 5342 4181 5414">
    <p class='ocr_par' dir='ltr' id='par_1_115' title="bbox 2679 5342 4181 5414">
     <span class='ocr_line' id='line_1_116' title="bbox 2679 5342 4181 5414; baseline 0.001 -20"><span class='ocrx_word' id='word_1_822' title='bbox 2679 5351 2706 5378; x_wconf 75' lang='grc' dir='ltr'><strong>τι</strong></span> <span class='ocrx_word' id='word_1_823' title='bbox 2747 5345 2866 5396; x_wconf 56' lang='lat' dir='ltr'><strong>Mss.</strong></span> <span class='ocrx_word' id='word_1_824' title='bbox 2899 5349 3150 5412; x_wconf 83' lang='lat' dir='ltr'><strong>quinque,</strong></span> <span class='ocrx_word' id='word_1_825' title='bbox 3184 5345 3340 5411; x_wconf 79' lang='lat' dir='ltr'><strong>possit</strong></span> <span class='ocrx_word' id='word_1_826' title='bbox 3373 5342 3547 5397; x_wconf 76' lang='lat' dir='ltr'><strong>obniti.</strong></span> <span class='ocrx_word' id='word_1_827' title='bbox 3583 5347 3683 5398; x_wconf 86' lang='lat' dir='ltr'><strong>Ms.</strong></span> <span class='ocrx_word' id='word_1_828' title='bbox 3725 5361 3882 5411; x_wconf 87' lang='lat' dir='ltr'><strong>unus,</strong></span> <span class='ocrx_word' id='word_1_829' title='bbox 3911 5348 4046 5414; x_wconf 63' lang='lat' dir='ltr'><strong>quod</strong></span> <span class='ocrx_word' id='word_1_830' title='bbox 4081 5348 4181 5399; x_wconf 72' lang='lat' dir='ltr'><strong>sir-</strong></span> 
     </span>
    </p>
   </div>
   <div class='ocr_carea' id='block_1_116' title="bbox 2611 5414 3472 5482">
    <p class='ocr_par' dir='ltr' id='par_1_116' title="bbox 2611 5414 3472 5482">
     <span class='ocr_line' id='line_1_117' title="bbox 2611 5414 3472 5482; baseline 0.005 -17"><span class='ocrx_word' id='word_1_831' title='bbox 2611 5415 2706 5465; x_wconf 81' lang='lat' dir='ltr'><strong>tuti</strong></span> <span class='ocrx_word' id='word_1_832' title='bbox 2725 5415 2834 5481; x_wconf 82' lang='lat' dir='ltr'><strong>ejus</strong></span> <span class='ocrx_word' id='word_1_833' title='bbox 2861 5414 3039 5482; x_wconf 73' lang='lat' dir='ltr'><strong>possit.</strong></span> <span class='ocrx_word' id='word_1_834' title='bbox 3191 5481 3205 5482; x_wconf 23' lang='grc' dir='ltr'><em>γ</em></span> <span class='ocrx_word' id='word_1_835' title='bbox 3470 5467 3472 5469; x_wconf 73' lang='lat'><strong>.</strong></span> 
     </span>
    </p>
   </div>
   <div class='ocr_carea' id='block_1_117' title="bbox 2683 5480 4179 5554">
    <p class='ocr_par' dir='ltr' id='par_1_117' title="bbox 2683 5480 4179 5554">
     <span class='ocr_line' id='line_1_118' title="bbox 2683 5480 4179 5554; baseline 0.003 -19"><span class='ocrx_word' id='word_1_836' title='bbox 2683 5492 2704 5516; x_wconf 77' lang='grc' dir='ltr'>ο</span> <span class='ocrx_word' id='word_1_837' title='bbox 2746 5480 2870 5536; x_wconf 78' lang='lat' dir='ltr'><strong>Mss.</strong></span> <span class='ocrx_word' id='word_1_838' title='bbox 2903 5484 3009 5535; x_wconf 87' lang='lat' dir='ltr'><strong>duo</strong></span> <span class='ocrx_word' id='word_1_839' title='bbox 3039 5497 3158 5536; x_wconf 90' lang='lat' dir='ltr'><strong>cum</strong></span> <span class='ocrx_word' id='word_1_840' title='bbox 3188 5481 3351 5554; x_wconf 86' lang='lat' dir='ltr'><strong>Duae.</strong></span> <span class='ocrx_word' id='word_1_841' title='bbox 3379 5490 3434 5536; x_wconf 88' lang='lat' dir='ltr'><strong>ct</strong></span> <span class='ocrx_word' id='word_1_842' title='bbox 3461 5480 3670 5551; x_wconf 87' lang='lat' dir='ltr'><strong>Colon.,</strong></span> <span class='ocrx_word' id='word_1_843' title='bbox 3696 5483 3945 5554; x_wconf 73' lang='lat' dir='ltr'><strong>superbia:</strong></span> <span class='ocrx_word' id='word_1_844' title='bbox 3977 5487 4179 5541; x_wconf 78' lang='lat' dir='ltr'><strong>utentis.</strong></span> 
     </span>
    </p>
   </div>
   <div class='ocr_carea' id='block_1_118' title="bbox 2679 5553 3374 5616">
    <p class='ocr_par' dir='ltr' id='par_1_118' title="bbox 2679 5553 3374 5616">
     <span class='ocr_line' id='line_1_119' title="bbox 2679 5553 3374 5616; baseline 0.006 -17"><span class='ocrx_word' id='word_1_845' title='bbox 2679 5561 2706 5599; x_wconf 78' lang='grc' dir='ltr'><strong>Ρ</strong></span> <span class='ocrx_word' id='word_1_846' title='bbox 2750 5555 2841 5605; x_wconf 74' lang='lat' dir='ltr'><strong>Ms.</strong></span> <span class='ocrx_word' id='word_1_847' title='bbox 2876 5565 3032 5616; x_wconf 88' lang='lat' dir='ltr'><strong>unus,</strong></span> <span class='ocrx_word' id='word_1_848' title='bbox 3065 5553 3374 5610; x_wconf 66' lang='lat' dir='ltr'><strong>diiudicant.</strong></span> 
     </span>
    </p>
   </div>
   <div class='ocr_carea' id='block_1_119' title="bbox 2679 5619 3319 5686">
    <p class='ocr_par' dir='ltr' id='par_1_119' title="bbox 2679 5619 3319 5686">
     <span class='ocr_line' id='line_1_120' title="bbox 2679 5619 3319 5686; baseline 0.003 -16"><span class='ocrx_word' id='word_1_849' title='bbox 2679 5631 2704 5670; x_wconf 62' lang='grc' dir='ltr'>ει</span> <span class='ocrx_word' id='word_1_850' title='bbox 2746 5619 2843 5674; x_wconf 88' lang='lat' dir='ltr'><strong>Ms.</strong></span> <span class='ocrx_word' id='word_1_851' title='bbox 2876 5636 3031 5686; x_wconf 86' lang='lat' dir='ltr'><strong>unus,</strong></span> <span class='ocrx_word' id='word_1_852' title='bbox 3058 5621 3319 5674; x_wconf 75' lang='lat' dir='ltr'><strong>violettzcr.</strong></span> 
     </span>
    </p>
   </div>
   <div class='ocr_carea' id='block_1_120' title="bbox 2681 5689 3377 5756">
    <p class='ocr_par' dir='ltr' id='par_1_120' title="bbox 2681 5689 3377 5756">
     <span class='ocr_line' id='line_1_121' title="bbox 2681 5689 3377 5756; baseline 0.003 -14"><span class='ocrx_word' id='word_1_853' title='bbox 2681 5700 2702 5726; x_wconf 73' lang='grc' dir='ltr'><strong><em>τ</em></strong></span> <span class='ocrx_word' id='word_1_854' title='bbox 2749 5689 2843 5742; x_wconf 75' lang='lat' dir='ltr'><strong>Ms.</strong></span> <span class='ocrx_word' id='word_1_855' title='bbox 2866 5704 3024 5755; x_wconf 85' lang='lat' dir='ltr'><strong>unus,</strong></span> <span class='ocrx_word' id='word_1_856' title='bbox 3053 5699 3377 5756; x_wconf 71' lang='lat' dir='ltr'><strong>eraqgeraut.</strong></span> 
     </span>
    </p>
   </div>
   <div class='ocr_carea' id='block_1_121' title="bbox 2682 5758 3205 5829">
    <p class='ocr_par' dir='ltr' id='par_1_121' title="bbox 2682 5758 3205 5829">
     <span class='ocr_line' id='line_1_122' title="bbox 2682 5758 3205 5829; baseline 0.004 -16"><span class='ocrx_word' id='word_1_857' title='bbox 2682 5767 2703 5794; x_wconf 86' lang='grc'><strong>·</strong></span> <span class='ocrx_word' id='word_1_858' title='bbox 2747 5758 2841 5816; x_wconf 67' lang='lat' dir='ltr'><strong>bis.</strong></span> <span class='ocrx_word' id='word_1_859' title='bbox 2873 5773 3030 5829; x_wconf 89' lang='lat' dir='ltr'><strong>unus,</strong></span> <span class='ocrx_word' id='word_1_860' title='bbox 3061 5763 3205 5815; x_wconf 77' lang='lat' dir='ltr'><strong>state.</strong></span> 
     </span>
    </p>
   </div>
  </div>
