4516 6436
261 461 363 513 485

261 675 355 712 eos
383 676 442 714 se
472 660 590 711 solo
612 658 771 709 an‘mi
793 667 998 708 tumore
1030 655 1363 707 constituunt
1389 667 1403 703 :
1431 668 1532 704 nun
1560 657 1780 702 servant
1805 649 1856 700 in

261 748 519 814 obsequio
566 748 949 807 reverentiam,
1003 747 1054 795 in
1105 757 1356 797 sermone
1402 741 1740 798 modestiam,
1802 741 1853 792 in

264 841 504 895 moribus
545 838 908 905 disciplinam;
955 836 1153 888 habent
1200 837 1252 888 in
1291 834 1583 888 intentione
1617 834 1856 901 pertina-

264 933 419 986 ciam.
475 932 531 984 in
560 929 722 983 corde
753 927 1022 990 duritiam,
1070 927 1121 979 in
1164 925 1611 979 sermocinatione
1645 925 1855 991 jactan-

267 1022 428 1085 tiam;
458 1023 509 1074 in
540 1019 837 1072 humilitate
863 1018 1100 1082 fallaces,
1136 1017 1186 1070 in
1218 1016 1340 1069 odio
1375 1017 1698 1084 pertinaces,
1731 1015 1858 1067 sub-

259 1110 510 1181 iectionis
549 1109 924 1178 impatientes,
959 1107 1212 1177 potentia:
1252 1115 1568 1172 sectatores,
1600 1105 1853 1159 omnibus

263 1200 421 1257 bonis
449 1198 711 1262 odihiles;
747 1198 812 1252 ad
838 1211 972 1267 opus
999 1197 1195 1251 bonum
1225 1195 1382 1265 pigri,
1425 1195 1490 1248 ad
1525 1195 1854 1248 communio-

264 1308 390 1348 nem
413 1291 440 1330 δ
472 1291 592 1356 feri,
621 1290 687 1345 ad
717 1289 1031 1357 obsequium
1064 1288 1202 1350 duri,
1235 1288 1299 1340 ad
1343 1287 1665 1355 loquendum
1710 1287 1851 1356 quod

264 1382 512 1436 nesciunt
561 1379 813 1448 prompti,
875 1377 940 1432 ad
1007 1379 1455 1445 supplantanlum
1522 1378 1734 1444 parati,
1789 1377 1852 1430 ad

263 1476 443 1530 omnia
484 1473 677 1542 quibus
707 1469 950 1525 subsistit
992 1471 1224 1523 fraterna
1267 1468 1495 1522 societas
1541 1469 1852 1533 inhumani;

263 1566 535 1621 temerarii
565 1565 615 1618 in
645 1561 912 1629 audendo,
937 1561 1162 1616 clamosi
1193 1562 1245 1615 in
1275 1560 1562 1629 loquendo,
1593 1561 1852 1613 fastidiosi

264 1657 317 1711 in
345 1666 365 1693 ο
395 1653 683 1718 audiendo,
716 1651 1125 1720 pra-sumptuosi
1166 1651 1216 1704 in
1247 1650 1515 1713 docendo,
1551 1648 1576 1685 ἀ
1609 1649 1852 1703 effrenati

263 1744 576 1807 deformiter
603 1744 653 1796 in
685 1743 969 1807 cachinno,
1002 1742 1213 1794 onerosi
1249 1741 1456 1803 amicis,
1493 1741 1668 1792 infesti
1701 1741 1850 1807 quie-

261 1838 352 1901 tis,
385 1834 574 1903 ingrati
600 1842 622 1869 θ
657 1832 951 1892 beneﬁciis.
979 1830 1144 1884 inflati
1176 1831 1468 1900 obsequiis,
1497 1840 1550 1884 et
1573 1831 1847 1898 imperiosi

259 1923 541 1993 subjectis.
884 1938 890 1944 ·
1209 1975 1211 1978 .

331 2018 387 2070 5.
441 2016 564 2068 llazc
607 2022 728 2066 sunt
772 2012 1034 2080 superbire
1075 2011 1366 2080 grassantis
1413 2006 1627 2076 indicia,
1661 2011 1853 2078 quibus

263 2107 405 2161 Deus
433 2104 740 2168 offenditur,
775 2113 828 2154 ct
875 2103 1094 2163 recedit,
1130 2118 1190 2153 ac
1229 2103 1456 2168 superba
1488 2100 1648 2153 corda
1684 2100 1851 2152 desti-

261 2201 384 2251 tuit.
424 2197 513 2249 llis
547 2194 562 2231 ί
597 2196 748 2247 malis
780 2195 1022 2247 diabolus
1051 2203 1234 2259 pastus
1275 2191 1525 2256 exsultat,
1574 2189 1851 2253 iuviatur,

263 2297 322 2342 nt
353 2288 551 2350 veniat,
589 2285 848 2352 superbas
878 2297 1085 2336 nn-ntcs
1115 2285 1296 2346 intrat,
1329 2294 1386 2337 ut
1419 2293 1628 2347 teneat;
1675 2281 1849 2350 erigit,

263 2391 320 2431 ιιι
346 2378 558 2440 allidat;
605 2378 767 2439 fovet,
821 2387 873 2428 ut
907 2376 1094 2442 perdat
1128 2392 1141 2428 :
1177 2375 1266 2443 qui
1302 2385 1325 2421 ε
1362 2375 1759 2443 inexplebiliter
1788 2374 1854 2427 de

263 2471 381 2536 ipsa
430 2468 757 2537 perditorum
809 2467 1121 2534 captivitate
1169 2467 1462 2533 tripudiat;
1511 2476 1568 2519 ut
1612 2465 1855 2533 captivos

261 2573 415 2624 suos,
441 2572 574 2628 quos
599 2557 864 2626 superbiae
895 2557 1096 2611 viribus
1123 2557 1222 2611 sibi
1251 2558 1498 2625 subjecit,
1526 2560 1646 2626 jure
1677 2558 1853 2626 possi-

263 2650 411 2712 deat,
443 2658 496 2701 et
525 2650 701 2701 omnia
733 2648 818 2700 illa
853 2648 989 2701 mala
1021 2662 1139 2715 quae
1166 2648 1414 2715 superius
1443 2647 1851 2714 comprehendi,

268 2753 366 2805 per
394 2737 515 2791 illos
535 2745 811 2796 exerceat.
843 2736 1028 2788 Merito
1059 2736 1218 2804 igitur
1256 2751 1349 2801 per
1369 2735 1568 2804 justum
1601 2736 1688 2788 Dei
1715 2734 1856 2803 juni-

263 2829 408 2881 cium
438 2826 759 2881 deseruntur
799 2825 1101 2894 lmjusmodi
1142 2826 1356 2880 occulto
1397 2827 1420 2861 ιι
1453 2827 1688 2880 damnati
1731 2841 1858 2894 sup-

265 2919 460 2989 plicio;
502 2920 753 2987 quoniam
800 2933 904 2971 non
945 2916 1207 2972 violenter
1254 2917 1473 2980 addicti,
1522 2918 1617 2973 sed
1666 2927 1856 2986 sponte

265 3011 464 3065 cedunt
494 3009 757 3077 superbia:
781 3007 1093 3076 decipientis
1123 3009 1380 3077 imperio;
1411 3009 1494 3061 cui
1526 3009 1706 3077 utique
1738 3023 1860 3076 pos-

265 3111 415 3162 sunt,
444 3099 460 3136 ί
489 3100 532 3153 si
564 3097 850 3165 voluerint,
879 3111 1178 3166 repugnare
1199 3097 1378 3150 liberte
1404 3097 1692 3150 voluntatis
1715 3097 1860 3149 arbi-

268 3191 412 3253 trio;
451 3189 660 3243 liberati
698 3203 790 3255 per
820 3187 1018 3240 donum
1059 3188 1291 3256 Spiritus
1331 3188 1523 3248 sancti,
1565 3196 1618 3240 et
1646 3186 1854 3239 muniti.

271 3281 654 3334 Verumtamen
685 3276 844 3331 etiam
876 3276 1028 3340 tales,
1063 3277 1106 3328 si
1142 3277 1207 3328 ad
1239 3275 1599 3344 recipiendam
1627 3275 1852 3328 salutem
1884 3256 1930 3318 ί)

269 3369 527 3422 divinitus
567 3366 808 3429 animati,
839 3381 986 3433 spem
1022 3366 1368 3433 rcsipiseendi
1406 3367 1730 3432 concipiant,
1761 3379 1859 3419 nec

269 3473 330 3513 se
361 3460 413 3512 in
445 3459 674 3526 peccatis
703 3458 815 3510 Suis
846 3456 1180 3522 deSperandn
1207 3465 1574 3520 contemnant,
1608 3465 1860 3524 poterunt

272 3547 556 3601 fructuosa:
597 3546 977 3598 satisfactiOuis
1012 3545 1402 3598 medicamento
1431 3545 1632 3613 sanari,
1674 3555 1726 3601 et
1765 3561 1857 3599 an-

273 3638 535 3707 perbiam,
567 3651 686 3706 quae
715 3650 810 3690 eos
848 3650 876 3688 a
906 3635 1014 3688 Deo
1040 3651 1138 3689 suo
1171 3635 1486 3689 tumefactus
1525 3646 1856 3702 excusserat,

272 3730 504 3783 fundata:
537 3727 851 3780 humilitatis
879 3727 1247 3794 assumptione
1267 3727 1605 3792 damnantes,
1629 3727 1857 3780 vinculis

271 3832 489 3874 aeterna:
520 3817 879 3872 damnationis
900 3818 1127 3872 absolvi.
1157 3817 1306 3884 Quod
1332 3819 1557 3884 qualiter
1589 3819 1703 3873 fieri
1733 3833 1855 3887 pos-

271 3910 362 3975 sit,
394 3924 552 3978 supra
582 3909 689 3976 jam
724 3908 976 3973 diximus,
1009 3924 1130 3962 eum
1168 3909 1234 3963 de
1275 3909 1385 3976 ipsa
1417 3911 1684 3979 superbia,
1719 3909 1859 3965 unde

271 3999 616 4071 processerit,
646 4013 750 4066 quo
781 3999 1086 4067 pervenerit
1131 4010 1184 4053 et
1222 3999 1346 4067 quid
1377 4000 1568 4069 egerit,
1597 4010 1855 4054 tractare-

273 4105 412 4144 mus.
452 4092 464 4136 l
505 4089 740 4158 Namque
764 4104 790 4140 a
817 4090 1028 4144 diabolo
1057 4091 1335 4159 procchit,
1361 4092 1427 4146 ad
1455 4093 1724 4146 hominem
1753 4108 1799 4159 pi
1818 4093 1860 4144 i-

273 4196 419 4234 mum
471 4183 731 4248 pervenit,
774 4190 828 4235 et
876 4183 926 4235 in
979 4182 1094 4251 ipso
1137 4192 1302 4236 totum
1335 4199 1504 4252 genus
1544 4182 1858 4246 humanum,

272 4272 420 4326 velut
458 4271 511 4325 in
549 4271 726 4325 radice
767 4271 1016 4340 fructum,
1057 4283 1260 4328 natura:
1301 4284 1490 4343 sponte
1521 4273 1546 4310 ιί
1592 4277 1860 4342 peccantis

273 4363 552 4421 vitlatione
580 4365 844 4434 corrupit.

346 4575 370 4601 ⁸
410 4565 506 4620 Ms.
531 4581 684 4626 unus,
711 4565 992 4634 deu’ignnti.

348 4635 375 4716 ις
415 4636 551 4690 Edit.
583 4637 770 4691 Colon.
805 4647 859 4690 et
892 4651 1021 4689 mss.
1053 4645 1300 4704 quatuor,
1332 4637 1400 4688 ad
1443 4638 1851 4690 communionem

273 4723 397 4760 seri.

349 4786 370 4814 ο
414 4773 577 4837 Editi,
599 4776 651 4826 in
672 4775 907 4829 ridendo.
933 4775 1060 4828 Mss.
1096 4790 1300 4837 omnes,
1336 4776 1387 4828 in
1414 4778 1694 4831 audiendo.

344 4842 370 4882 δ
413 4843 487 4898 Ita
515 4858 646 4916 mss.
676 4847 783 4916 duo
807 4846 983 4916 Colb..
1012 4853 1065 4898 et
1092 4847 1281 4899 melius
1309 4847 1522 4914 quidem
1546 4862 1705 4916 quam
1736 4845 1855 4914 effe.

271 4919 394 4978 rati,
426 4912 567 4983 quod
592 4913 782 4983 legitur
805 4915 857 4967 in
887 4916 1004 4983 aliis
1031 4917 1328 4969 codiéibns.

348 4995 371 5057 ξ
408 4982 760 5057 Edit._l‘)‘uac.
795 4994 848 5038 et
872 4982 1062 5036 Colon.
1105 4998 1224 5037 cum
1266 5000 1368 5038 ms.
1413 5001 1541 5054 unc,
1592 4987 1851 5057 beneﬁcis,

271 5053 392 5114 alii.
419 5053 695 5120 beneﬁciis.

353 5122 372 5161 ί
417 5122 517 5176 Ms.
545 5123 695 5176 Coll).
729 5136 884 5186 unus,
920 5121 1016 5176 llis
1043 5123 1221 5187 signis.

347 5203 372 5239 ε
415 5192 512 5261 Ms.
544 5191 698 5246 Colb.
723 5206 880 5256 unus,
913 5193 1357 5261 inexplicabiliter.

348 5260 374 5298 ι·
419 5260 541 5314 Mss.
564 5275 679 5324 sex,
712 5260 1070 5329 prwdamnati.

275 5401 317 5458 Ε
358 5331 370 5368 ί
413 5334 562 5454 llltec,
586 5333 632 5384 si
661 5334 928 5397 voluerint,
960 5333 1155 5386 absunt
1182 5347 1210 5386 a
1242 5348 1370 5389 mss.
1409 5335 1538 5405 llcg.
1567 5334 1777 5391 duobus
1805 5345 1859 5390 et

324 5415 406 5456 am
429 5417 466 5452 ὶ.

324 5415 466 5456 alii".

353 5473 372 5556 ξ
415 5469 826 5556 Rissquinquel,
853 5469 1114 5541 Namque.
1146 5470 1644 5556 Editi-LNaqunia.

347 5539 372 5579 Ιι
403 5540 525 5613 Sic.
559 5555 661 5595 ms.
702 5539 854 5594 Colb.
884 5539 1054 5613 Λητωὶς,
1090 5557 1220 5613 cum
1253 5543 1393 5598 aliis.
1422 5539 1562 5598 Editi
1593 5560 1712 5598 cum
1740 5545 1860 5613 qni-

278 5612 501 5666 husdam
525 5609 914 5686 niss.,_pec_ca:i.
947 5612 1042 5670 Ms.
1087 5611 1217 5679 Reg.
1260 5628 1418 5686 unus,
1447 5616 1711 5686 peccanti;
1753 5609 1857 5669 alia

276 5696 461 5739 manu,
495 5681 735 5747 peccatis,
772 5678 908 5733 forte
937 5694 1033 5746 pro
1063 5684 1334 5749 peccantis.

355 5750 382 5873 ll
417 5749 542 5804 Mss.
578 5759 710 5818 tres,
742 5764 859 5804 nam
884 5750 1028 5819 quia.
1073 5752 1209 5805 Edit.
1242 5751 1434 5826 Lugd.‘
1457 5769 1558 5809 non
1591 5756 1732 5826 quia,
1763 5754 1856 5811 sed

355 5835 436 5873 ιο.

275 5835 436 5875 βιαιο.

1289 451 1377 506 DE
1421 451 1570 504 VITA
1615 448 2195 505 CONTHH‘LAHVA
2236 446 2343 500 LIB
2410 446 2491 500 Ill.

262 586 367 622 nun
399 569 648 627 credunt,
679 566 871 634 :equari
904 563 1202 618 scnirnihus
1231 568 1254 596 τι
1279 559 1655 628 dedignantur,
1689 572 1851 626 super
1882 563 1928 618 Λ

2605 554 2833 609 CAPUT
2876 554 2965 607 lx.

2129 647 2324 714 Quibus
2355 647 2511 714 signis
2539 649 2825 698 invidorum
2849 647 3137 699 declaretur
3171 647 3385 699 int'isiin.

2000 769 2015 782 -
2038 739 2087 792 ί.
2118 738 2262 790 Ordo
2295 738 2409 803 lch
2440 737 2655 801 exigere
2683 739 2894 791 videtur
2932 745 2987 790 ut
3016 736 3082 791 de
3120 736 3314 790 invidia
3345 754 3555 806 quoque

1962 809 2124 894 pauca
2170 828 2432 886 dicamus,
2477 842 2594 893 qum
2644 827 2694 878 in
2747 838 2951 880 tantum
2996 828 3063 879 de
3105 828 3367 893 superhim
3415 828 3556 880 fonte

1961 919 2217 978 manavit,
2254 926 2309 969 ut
2349 917 2615 977 diabolus,
2651 917 2738 982 qui
2785 931 2880 984 per
2911 917 3212 979 superbam
3247 918 3426 985 periit,
3465 919 3557 969 luo-

1962 1008 2159 1059 minem
2193 1007 2421 1074 primum
2453 1008 2655 1070 statim,
2688 1021 2980 1060 succensus
3012 1007 3223 1060 invidim
3259 1009 3402 1075 felle,
3436 1025 3556 1074 pcr-

1958 1095 2184 1158 dtdeiit;
2225 1092 2240 1130 ¹
2278 1111 2507 1164 namque
2540 1111 2564 1146 a
2596 1095 2813 1150 diabolo
2844 1099 3120 1165 processit.
3152 1099 3402 1164 Proinde,
3429 1100 3550 1168 quia

1960 1185 2098 1238 idem
2137 1184 2380 1238 diabolus
2408 1186 2774 1253 superbiendo
2821 1186 3058 1252 invidus,
3109 1203 3213 1242 non
3264 1189 3554 1244 invidendo

1958 1276 2220 1342 superbus
2247 1277 2514 1345 apparuit,
2539 1291 2643 1331 non
2667 1278 2919 1346 superbia
2957 1278 3163 1334 fructus
3187 1281 3405 1337 invidiae
3428 1283 3548 1348 fuit,

1957 1369 2050 1422 sed
2075 1367 2272 1422 invidia
2305 1384 2367 1423 ex
2399 1370 2647 1438 superbia
2686 1372 2865 1425 radice
2895 1374 3174 1441 processit.
3206 1374 3384 1440 Unde,
3414 1392 3548 1445 quo-

1958 1459 2098 1512 niam
2131 1470 2387 1527 quantum
2422 1461 2635 1516 invidos
2653 1463 2860 1531 affligat
2885 1465 3106 1530 invidia,
3127 1476 3162 1500 ω
3186 1482 3367 1521 sermo
3393 1483 3553 1538 supe-

1957 1550 2190 1617 riorjam
2217 1549 2472 1619 prodidit,
2505 1566 2608 1605 non
2636 1552 2722 1606 hic
2751 1562 2776 1587 η
2805 1554 2871 1606 de
2899 1553 3041 1608 illius
3074 1558 3336 1624 supplicio
3361 1559 3550 1614 dicen-

1956 1642 2083 1694 dum
2115 1642 2342 1706 videtur,
2372 1657 2478 1710 quo
2509 1657 2634 1696 suos
2669 1648 2876 1697 anlmos
2908 1645 3072 1699 invidi
3105 1647 3353 1702 laniando
3385 1650 3554 1704 conli-

1955 1731 2131 1793 ciunt;
2183 1732 2276 1785 sed
2328 1731 2429 1789 hoc
2475 1741 2702 1797 tantum,
2735 1735 2969 1789 donante
2995 1735 3244 1804 Domino,
3291 1739 3550 1795 debemus

1956 1822 2262 1880 Ostendcre,
2300 1823 2527 1888 qualiter
2568 1823 2731 1876 invidi
2774 1835 2960 1879 sancte
2998 1827 3289 1882 viventium
3334 1832 3546 1895 metito,

1881 1914 2047 1971 Bsua
2095 1915 2291 1966 faciant
2335 1913 2623 1969 invidendo
2667 1927 2918 1984 peccata;
2965 1928 3018 1972 et
3056 1931 3313 1986 quantum
3369 1923 3420 1975 in
3470 1925 3549 1977 eis

1960 2013 1982 2038 ο
2021 2004 2217 2057 bonum
2249 2013 2559 2072 corrumpat
2605 2006 2798 2059 invidia
2822 2050 2834 2071 ,
2866 2009 2955 2077 qui
2987 2011 3243 2078 quidquid
3277 2013 3399 2066 boni
3433 2015 3550 2067 tieri

1957 2095 2036 2149 vel
2080 2095 2182 2147 diri
2221 2111 2250 2147 a
2287 2097 2486 2149 sanctis
2519 2096 2812 2160 audierint,
2862 2108 2952 2152 aut
2982 2104 3202 2153 omnino
3231 2113 3256 2150 ῐι
3291 2119 3393 2156 non
3425 2119 3548 2157 ere-

1956 2184 2109 2250 dunt,
2141 2195 2230 2238 attt
2267 2201 2350 2239 res
2381 2188 2516 2242 bene
2543 2201 2721 2257 gestas
2767 2191 2817 2242 in
2857 2193 3054 2244 malum
3099 2194 3237 2247 male
3290 2199 3549 2263 interpre-

1958 2276 2118 2328 tando
2164 2287 2502 2330 Convertunt.
2540 2281 2708 2332 Omne
2750 2280 2946 2334 malum
2997 2282 3139 2350 quod
3171 2284 3238 2338 de
3268 2286 3371 2338 illis
3402 2301 3552 2340 men-

1952 2365 2056 2420 dax
2098 2368 2232 2422 fama
2279 2369 2581 2435 jactavcrtt,
2617 2371 2821 2436 statim,
2854 2380 3104 2441 tanquam
3140 2385 3165 2423 ς
3197 2378 3241 2429 si
3279 2379 3373 2443 ipsi
3406 2379 3554 2431 vidc-

1957 2457 2086 2522 riut,
2119 2459 2360 2513 credunt.
2387 2460 2648 2514 Feraliter
2683 2465 2762 2516 eis
2795 2465 2884 2530 qui
2917 2465 3046 2517 illud
3083 2481 3265 2520 verum
3298 2485 3400 2523 non
3432 2485 3552 2524 esse

1959 2547 2185 2614 probare
2221 2550 2516 2613 voluerint,
2549 2552 2942 2605 contradicunt.
2975 2554 3162 2618 Omnia
3195 2559 3305 2609 suis
3340 2558 3550 2613 aemulis

1960 2636 2180 2704 fingunt,
2214 2652 2398 2690 eorum
2438 2639 2682 2707 profectu
2729 2641 3007 2703 deficiunt.
3057 2646 3176 2698 odia
3206 2647 3342 2700 intra
3371 2664 3429 2702 se
3458 2651 3552 2704 ab-

1958 2729 2243 2790 scondunt,
2276 2740 2330 2782 et
2372 2731 2423 2783 in
2455 2745 2581 2784 suos
2611 2735 2882 2789 cruciatus
2921 2730 3216 2803 enntriu'nt,
3257 2741 3549 2808 prolicien-

1961 2824 2100 2879 tibus
2128 2825 2386 2892 invident,
2418 2827 2763 2895 peccantibus
2789 2829 2987 2885 favent.
3016 2832 3088 2886 De
3112 2833 3372 2888 bonorum
3396 2839 3553 2891 malis

1959 2915 2212 2985 gaudent,
2236 2916 2304 2971 de
2329 2919 2654 2984 profectibus
2693 2922 2894 2989 lugent,
2929 2931 2950 2957 τ
2975 2921 3270 2978 inimicitiis
3307 2930 3553 2995 gratuitis

1961 3007 2170 3069 ardent,
2204 3008 2531 3076 deprehendi
2568 3019 2589 3045 ⁸
2621 3013 2856 3080 pectoris
2906 3014 2988 3067 sui
3028 3016 3286 3071 malitiam
3339 3019 3550 3084 timent,

1961 3110 2174 3167 semper
2204 3100 2392 3166 amari,
2424 3116 2693 3171 nunquam
2727 3107 2856 3158 certi
2881 3121 2896 3169 ;
2917 3109 3072 3160 amici
3097 3109 3129 3161 d
3155 3110 3320 3177 aboli,
3349 3111 3552 3166 inimici

1963 3187 2121 3240 etiam
2163 3190 2268 3255 sui,
2307 3191 2554 3244 omnibus
2590 3193 2797 3258 OdiOSi;
2839 3197 2905 3250 ad
2947 3197 3226 3266 gaudenda
3269 3202 3435 3264 anxii,
3484 3203 3551 3256 ad

1964 3277 2256 3347 plangenda
2307 3279 2434 3340 laeti.
2478 3283 2761 3353 utrobique
2805 3285 2822 3320 ί
2861 3289 3121 3354 perversi.
3174 3289 3318 3344 Inter
3348 3290 3554 3345 amicos

1962 3377 1989 3404 ιι
2026 3369 2322 3425 discordias
2362 3373 2650 3439 seminant,
2676 3383 2701 3410 ν
2732 3374 3104 3430 discordantes
3149 3379 3214 3432 ad
3245 3389 3476 3450 tempus,
3505 3384 3552 3437 si

1963 3471 2205 3530 possunt,
2255 3462 2305 3515 in
2354 3461 2691 3519 dissensione
2761 3468 3102 3523 confirmant.
3155 3480 3180 3506 κ
3229 3475 3549 3540 Opinionem

1964 3556 2224 3608 honorum
2254 3555 2544 3610 mendacis
2576 3557 2891 3612 decolorant
2917 3579 2928 3611 :
2962 3559 3015 3614 in
3047 3562 3410 3630 spirituahbus
3431 3581 3554 3621 ear-

1966 3645 2105 3698 nalia
2139 3646 2374 3710 laudant,
2412 3658 2466 3699 ut
2493 3649 2782 3716 spiritualia
2813 3651 2949 3703 bona
2993 3653 3072 3705 eis
3109 3654 3297 3707 deesse
3335 3670 3554 3724 persua-

1967 3733 2148 3788 deant.
2181 3736 2457 3788 Amicitias
2484 3738 2757 3800 simulant,
2793 3747 2850 3790 ut
2884 3755 2979 3793 eos
3003 3746 3093 3809 qui
3125 3758 3184 3797 se
3215 3745 3426 3800 ineante
3451 3748 3551 3801 subi

1968 3834 1994 3871 θ’
2018 3823 2402 3888 commiserint,
2431 3841 2529 3890 qua
2572 3839 2795 3894 possunt
2823 3838 2937 3883 arte
2967 3829 3256 3900 decipiant.
3292 3836 3548 3891 Odiorum

1966 3916 2066 3968 sibi
2095 3915 2404 3970 occasiones
2437 3917 2612 3984 pravis
2642 3920 3040 3986 suspicionibus
3068 3937 3416 3991 euacervant;
3443 3929 3553 3982 data

1969 4022 2174 4073 mones,
2212 4024 2435 4074 quorum
2481 4018 2753 4065 sectantur
2793 4012 2952 4078 facta,
2993 4016 3284 4074 laetificant.
3329 4021 3555 4076 Sanctos

1968 4098 2111 4151 viros
2157 4099 2346 4167 quibus
2397 4110 2518 4151 sunt
2567 4101 2678 4154 noti
2717 4105 3070 4170 contristant,
3117 4109 3263 4162 velut
3296 4111 3450 4166 amici
3497 4113 3553 4168 in

1968 4188 2248 4253 obsequio,
2286 4189 2465 4242 hostes
2500 4192 2550 4241 in
2582 4191 2781 4244 animo.
2833 4202 2854 4226 π
2893 4193 3244 4252 Contin’entes
3281 4199 3332 4252 in
3366 4205 3552 4268 verbo,

1972 4289 2151 4346 turpes
2181 4279 2230 4332 in
2261 4280 2418 4334 l-IClO.
2460 4280 2669 4349 Prodigi
2702 4293 3053 4353 secretorum,
3089 4297 3146 4325 αι
3187 4301 3400 4346 tenaces
3443 4309 3554 4346 ma-

1973 4371 2164 4431 lorum,
2191 4370 2422 4438 prompti
2454 4372 2818 4440 suspicionum
2851 4378 3133 4443 malarum,
3170 4378 3354 4435 inanes
3390 4381 3556 4437 bono-

2029 4581 2064 4604 m
2103 4570 2197 4622 Ms.
2225 4586 2380 4643 unus,
2414 4571 2648 4636 superius
2679 4588 2842 4626 sermo
2859 4576 2996 4643 jam.

2033 4648 2058 4714 τι
2103 4643 2225 4693 Mss.
2259 4641 2414 4714 Coll).
2447 4657 2601 4703 unus,
2633 4643 2694 4693 de
2725 4641 3001 4698 illorum...
3032 4662 3151 4714 quo.
3183 4648 3305 4701 Mss.
3336 4660 3463 4714 tres,
3490 4651 3554 4705 de

1958 4710 2167 4763 illius...
2198 4713 2353 4779 quod.

2035 4789 2060 4812 ο
2105 4780 2571 4857 .\ls._t.‘ambcrou.,
2601 4781 3026 4857 bonorun_t._l\lss.
3063 4786 3195 4848 lleg.
3231 4789 3355 4852 «luo,
3385 4807 3553 4857 quau-

1961 4857 2067 4900 tum
2101 4851 2171 4922 eis
2198 4849 2385 4902 bonum
2411 4860 2702 4917 corrumpat
2734 4852 2944 4904 invidia.
2984 4857 3268 4922 Quidquid,
3298 4849 3406 4915 etc;

2032 4929 2058 4966 ρ
2103 4919 2198 4974 .‘lls.
2233 4936 2388 4985 unus,
2417 4936 2516 4971 non
2547 4921 2828 4976 credant...
2860 4919 3176 4979 convertam.

2038 4998 2064 5037 (ι
2106 4988 2202 5060 bis.
2233 5005 2392 5051 unus,
2423 4991 2465 5042 si
2491 5000 2540 5043 et
2565 4992 2682 5060 ipsi.

2038 5066 2060 5094 ι’
2104 5059 2178 5111 Ed
2206 5060 2261 5121 ti,
2295 5062 2360 5112 de
2388 5059 2686 5116 inimicitiis.
2714 5062 2842 5118 Mss.
2877 5080 2982 5118 non
3013 5066 3208 5122 habent
3237 5074 3317 5123 de.

2037 5135 2059 5161 ³
2100 5127 2229 5182 Mss.
2256 5129 2383 5191 duo,
2415 5134 2626 5198 peccati.

2040 5198 2055 5231 ¹
2107 5199 2531 5274 βύἱιὶηιιὶιριτρί.
2567 5200 2658 5274 Ms.
2698 5216 2852 5268 unus,
2885 5205 3070 5271 ubique
3099 5212 3339 5274 perversi.

2038 5276 2064 5302 ιι
2107 5270 2230 5321 Mss.
2259 5268 2388 5331 duo,
2421 5271 2750 5324 discordiam.

2035 5347 2062 5373 ν
2104 5338 2388 5417 Ms._(.'olb._
2431 5354 2588 5403 unus,
2622 5342 2994 5417 discm‘dnntcs,
3026 5346 3070 5399 si
3113 5361 3356 5417 possunt,
3385 5362 3553 5406 atten-

1966 5411 2066 5460 tius
2098 5411 2147 5459 in
2174 5409 2486 5461 dissensione
2509 5414 2842 5475 confirmant.

2043 5486 2067 5513 κ
2109 5477 2235 5531 Μδε.
2260 5479 2385 5540 duo,
2415 5479 2710 5546 Opiniones.

2039 5556 2067 5593 θ’
2111 5546 2270 5614 Ethti,
2304 5552 2685 5605 commiserunt.

2042 5615 2233 5697 fdiss.
2268 5633 2424 5681 unus,
2452 5622 2834 5697 incontinentes.
2866 5624 3034 5697 Alter,
3069 5631 3277 5697 compti.

2041 5694 2095 5722 θ’
2139 5686 2264 5740 Mss.
2290 5701 2518 5754 quatuor
2538 5690 2696 5746 Cotb.
2733 5701 2901 5747 totum
2933 5686 3263 5751 lmuclmznm
3296 5700 3365 5753 ita
3396 5699 3555 5756 exhi-

1967 5755 2115 5839 bent,
2146 5765 2346 5839 tenaces
2374 5761 2625 5814 malamm
2669 5765 3035 5834 suspicionum,
3081 5769 3252 5824 inanes
3284 5755 3557 5839 bonorum,

1971 5828 2105 5894 μὴ’ηέ
2131 5827 2382 5894 sordium,
2415 5841 2520 5887 etc.
