4516 6456
743 467 846 522 ιε’]
944 515 960 522 -

2071 432 2329 512 JULIAM
2367 451 2644 512 pousnu

3882 460 3991 517 485

741 592 875 629 τιιιιι.
910 573 1055 628 Pleni
1093 571 1351 637 sordium,
1399 567 1601 638 prmditi
1641 565 1946 621 traudibus.
1995 565 2295 621 Adversarii
2325 571 2376 628 Α
2404 565 2618 619 invidia)
2652 563 2870 619 vulnere
2911 574 3102 620 sanato
3147 565 3397 632 correcti,
3447 569 3858 627 amaritudinem
3902 571 3990 626 sui

738 665 903 720 corde
926 663 1234 728 virtutibus,
1261 661 1407 734 pravi
1440 640 1693 722 tltttribtis,
1731 668 1788 713 et
1814 657 2056 734 insidiosi
2099 657 2307 713 cunctis

741 763 770 794 ι
791 769 974 824 secum
1001 755 1060 809 in
1083 732 1420 820 simplicitat'e
1447 749 1768 804 viventibus.

806 846 866 902 2.
908 827 1033 902 litec
1060 844 1089 884 δ
1119 841 1295 900 ethis‘
1319 841 1514 896 similia
1557 844 1687 896 sunt
1723 853 1844 910 qua:
1883 853 2074 896 omnes
2101 838 2308 896 invidos

688 992 691 995 .
741 947 770 977 ο
808 939 962 992 bonis
997 947 1119 990 voto
1147 935 1258 988 sive
1287 933 1466 988 animo
1495 931 1743 987 inimicos
1769 932 2081 1001 ostendunt.
2106 931 2164 990 in
2195 931 2309 985 inec

741 1029 878 1081 maia
925 1017 1224 1086 deveniunt,
1273 1023 1361 1092 qui
1415 1022 1729 1078 insectando
1767 1019 1798 1060 ἀ
1842 1023 2145 1088 sectandas,
2185 1030 2209 1059 ο
2255 1029 2310 1075 et

739 1113 1035 1184 diligendus
1058 1112 1432 1182 abominando,
1457 1111 1696 1169 feraliter
1715 1129 1745 1168 a
1767 1113 2148 1193 communione
2164 1110 2185 1152 ί
2214 1111 2311 1167 1)0-

726 1198 926 1259 uorum
950 1208 1187 1259 omnium
1215 1204 1425 1272 seipsos
1461 1203 1754 1261 excludunt
1786 1219 1802 1258 :
1845 1215 1904 1258 ut
1940 1203 2067 1257 illud
2107 1202 2306 1257 bonum

734 1296 854 1364 jure
879 1311 982 1350 non
1013 1281 1081 1348 sit
1109 1300 1162 1348 in
1193 1294 1295 1359 eis,
1317 1293 1456 1365 quod
1479 1302 1870 1365 persequuntur
1893 1293 1946 1348 in
1970 1293 2139 1348 bonis.
2169 1292 2312 1347 Con-

740 1386 995 1451 siderate,
1019 1385 1265 1450 obsecro,
1291 1383 1518 1453 qualiter
1543 1383 1749 1437 invidos
1769 1383 2014 1451 punitura
2044 1381 2152 1436 sint
2172 1382 2307 1436 maia

739 1491 859 1543 sua,
892 1489 1028 1546 quos
1059 1478 1219 1532 etiam
1257 1476 1394 1530 bona
1424 1474 1647 1544 puniunt
1683 1474 1873 1529 aliena.
1916 1473 2014 1529 Ubi
2059 1473 2148 1528 isti
2193 1470 2309 1528 ilcri

741 1577 992 1637 p0terttnt
1030 1567 1174 1632 boni,
1217 1567 1304 1635 qui
1335 1574 1459 1619 sunt
1495 1564 1547 1618 in
1585 1565 1726 1619 bono
1772 1563 1930 1641 mali,
1969 1572 2062 1618 aut
2096 1563 2308 1632 quando

739 1659 876 1712 bene
903 1657 1054 1712 malis
1076 1656 1219 1710 usuri
1243 1663 1384 1718 sunt,
1415 1653 1507 1722 qui
1543 1654 1680 1709 male
1713 1653 1870 1709 bonis
1909 1654 1985 1707 uti
2022 1669 2127 1708 non
2166 1653 2311 1709 desi-

740 1749 908 1802 nuut?
932 1747 1070 1799 Bene
1098 1744 1249 1799 malis
1284 1745 1366 1798 usi
1396 1755 1518 1798 sunt
1541 1751 1807 1814 martyres
1845 1744 2036 1812 sancti,
2071 1743 2122 1798 in
2155 1742 2307 1798 testi-

739 1837 918 1889 tnoaio
952 1835 1243 1889 Salvatoris
1285 1834 1449 1887 nostri
1478 1846 1722 1896 veraces,
1749 1841 1805 1888 et
1833 1833 1886 1885 itt
1929 1832 2121 1886 castris
2148 1831 2308 1902 spiri-

2410 655 2643 724 pectoris
2661 653 2942 710 dulcedine
2968 654 3219 712 fraterna:
3242 656 3547 713 dilectionis
3562 660 3863 728 expellant,
3891 676 3992 728 eos

2409 758 2448 786 ω
2487 750 2808 823 simpliciter
2834 746 3067 803 amando
3105 763 3242 818 quos
3284 750 3532 814 oderant,
3570 761 3630 806 ut
3675 752 3741 807 ad
3788 752 3991 808 bonum

2409 839 2657 897 fraterna:
2697 838 3089 898 cummunionis
3120 852 3182 893 ac
3219 841 3383 906 pacis,
3416 839 3677 895 bonorum
3717 841 3987 910 omnium,

2409 945 2636 1002 quorum
2663 940 2689 969 ιι
2715 930 3072 1002 gravabantur
3101 931 3330 996 meritis,
3354 928 3674 1000 adiuventur
3691 929 3994 1002 exemplis?

2721 1011 2729 1019 ί
3029 1017 3258 1076 CAPUT
3295 1019 3363 1074 Χ.

2661 1109 2881 1178 Quantis
2907 1110 3058 1164 malis
3087 1113 3283 1163 uanitas
3307 1123 3468 1165 annos
3493 1111 3738 1169 incolcet.
3821 1179 3824 1182 ,

2483 1200 2536 1256 Ι.
2586 1201 2682 1256 His
2724 1208 2750 1238 ο
2787 1199 2967 1271 itaque
3005 1212 3174 1269 super
3224 1199 3420 1254 invidia
3473 1200 3780 1271 disputatis,
3828 1218 3991 1273 quam

2409 1291 2559 1360 gravi
2588 1290 2732 1345 maio
2756 1290 2918 1346 etiam
2946 1289 3154 1343 vanitas
3174 1303 3344 1344 vanos
3372 1290 3628 1357 involvat,
3655 1305 3990 1362 consumen-

2411 1389 2496 1435 ter
2520 1379 2822 1447 expediam.
2851 1380 2980 1444 Qum
3002 1389 3059 1432 ut
3081 1377 3291 1433 facilius
3319 1378 3482 1433 vitari
3504 1381 3690 1448 possit,
3705 1383 3831 1451 quid
3855 1385 3908 1436 in
3928 1398 3989 1441 se

2412 1471 2769 1540 corruptionis
2798 1470 2989 1526 habeat
3029 1471 3262 1526 breviter
3295 1469 3651 1528 declaramus.
3699 1474 3793 1530 Est
3843 1477 3986 1532 enim

2408 1561 2639 1627 vanitas,
2686 1560 2868 1616 inflata
2910 1560 3150 1630 quadam
3196 1561 3340 1616 circa
3388 1561 3768 1620 delectationes
3816 1567 3988 1622 varias

2408 1654 2574 1707 animi
2619 1652 2918 1722 languentis
2963 1649 3193 1720 affectio,
3246 1651 3490 1722 potiendi
3540 1651 3761 1720 honoris
3799 1655 3985 1723 avida,

2409 1741 2565 1796 simul
2596 1751 2650 1795 et
2679 1741 2882 1804 nescia,
2918 1738 3107 1795 morbo
3133 1749 3160 1789 ι’
3189 1739 3522 1795 excellentia:
3543 1740 3720 1796 inanis
3741 1742 3985 1811 sufflata,

2408 1845 2561 1896 cava,
2577 1830 2841 1896 morbida,
2857 1830 3182 1898 turbulenta,
3196 1831 3497 1886 animorum
3531 1831 3727 1887 levium
3747 1833 3987 1900 domina,

738 1925 966 1980 tualibus
1011 1923 1214 1979 strenui
1267 1923 1586 1987 bellatores;
1632 1922 1723 1992 qui
1779 1921 2207 1978 tribulationibus
2251 1916 2384 1978 etB
2410 1919 2549 1974 male
2576 1903 2806 1973 fundatis
2834 1920 3083 1974 omnibus
3106 1919 3984 1998 blanda,repugnanti|iusfumea,

738 2017 968 2078 damnis,
1000 2029 1064 2069 ac
1106 2014 1263 2068 variis
1290 2011 1613 2067 cruciatibus
1642 2011 1838 2074 aﬂecli,
1875 2012 2075 2080 pariter
2102 2022 2157 2066 et
2183 2027 2310 2083 pru-

741 2104 872 2169 bati,
906 2105 1134 2159 terrenis
1159 2103 1394 2158 calcatis
1424 2098 1792 2164 mutauerant;
1820 2110 1875 2154 et
1905 2111 1931 2148 ις
1957 2102 2024 2155 de
2051 2102 2189 2156 bono
2214 2118 2310 2158 usu

741 2195 1000 2250 malorum
1026 2192 1248 2262 profecti
1268 2191 1334 2246 ad
1361 2191 1551 2262 gaudia
1574 2192 1834 2245 bonorum
1859 2191 2167 2257 perennium
2189 2205 2310 2260 per-

739 2293 1019 2340 venerunt.
1061 2283 1189 2339 item
1220 2283 1374 2338 bonis
1402 2282 1565 2337 utitur
1593 2279 1801 2335 invidus
1831 2280 1993 2346 male,
2039 2282 2312 2351 quia‘omc

743 2377 897 2430 nibus
924 2376 1076 2430 bonis
1107 2389 1227 2442 qua:
1268 2374 1427 2429 miser
1452 2384 1779 2438 exsecratur,
1809 2372 2110 2444 abiunctus,
2144 2375 2308 2429 animi

740 2463 823 2520 sui
866 2463 1128 2534 supplicio
1178 2460 1208 2500 ¹ι
1247 2462 1575 2532 relinquetur
1617 2461 1953 2532 afiligendus.
2001 2463 2066 2518 Et
2112 2465 2230 2534 quis
2258 2465 2309 2520 ei

741 2553 931 2623 poterit
959 2551 1265 2616 subvenire,
1289 2554 1377 2622 qui
1408 2566 1468 2608 se
1495 2552 1597 2606 sibi
1623 2552 1846 2608 exhibet
1868 2552 2160 2609 invidendo
2183 2568 2306 2608 car-

743 2643 986 2696 nilicem'!
1011 2643 1117 2696 Ant
1142 2640 1285 2696 unde
1309 2641 1410 2696 sibi
1458 2640 1475 2679 ί
1522 2641 1729 2711 parabit
1775 2643 2023 2704 salutem,
2058 2642 2074 2694 i
2109 2644 2199 2713 qui
2241 2643 2310 2700 de

740 2731 928 2786 salutis
951 2731 1168 2785 materia
1201 2729 1469 2786 contrahit
1492 2731 1681 2799 (bonis
1703 2735 1842 2788 male
1867 2732 2095 2800 utendo)
2133 2733 2310 2804 perni-

737 2819 1305 2876 cietnt‘Verumtamen
1333 2822 1378 2876 si
1395 2819 1574 2876 invidi
1598 2837 1810 2892 quoque
1837 2823 1976 2877 sicut
2000 2824 2089 2878 alii
2118 2837 2309 2893 pecca-

736 2918 882 2965 tores
906 2899 1156 2964 divinitus
1179 2909 1442 2980 inspirati,
1472 2908 1528 2966 in
1549 2924 1698 2981 spem
1719 2913 2100 2982 recuperanda:
2119 2914 2306 2971 salutis

735 3010 1036 3072 assurgant,
1084 3013 1149 3057 ac
1175 3001 1277 3057 sibi
1307 3002 1491 3070 quales
1516 3011 1658 3068 sunt,
1695 3002 1804 3059 Deo
1834 3003 2078 3074 placituri
2117 3005 2304 3076 displi-

733 3098 920 3156 ream,
964 3089 1010 3144 si
1055 3105 1161 3145 non
1191 3091 1464 3146 imitentur
1488 3091 1640 3160 Cain,
1672 3093 1764 3163 qui
1807 3102 2086 3163 postquam
2133 3094 2308 3152 dumi-

734 3178 913 3232 nantis
954 3178 1167 3236 invidia
1214 3178 1393 3236 furore
1427 3189 1676 3241 emeatus.
1711 3194 1967 3252 germano
1999 3197 2097 3238 suo
2140 3184 2301 3240 vitam

2412 2010 2690 2079 capiendis
2720 2010 3044 2074 seductoria.
3077 2013 3246 2078 captis
3276 2012 3495 2077 invicta,
3538 2011 3810 2068 simula‘io
3838 2029 3988 2084 quc-

2411 2099 2533 2154 dam
2582 2101 2856 2164 virtutum,
2903 2108 2926 2138 τ
2961 2100 3136 2154 anima
3177 2101 3451 2166 vitiorum,
3487 2106 3657 2157 fomes
3694 2103 3988 2160 ωτι)..ιὶοω

2412 2187 2852 2258 delectationum,
2898 2188 3046 2242 labes
3086 2202 3319 2253 morum,
3360 2190 3620 2260 appetitio
3651 2190 3988 2259 dignitatum,

2410 2275 2584 2332 dulcis
2627 2278 2860 2342 miseris,
2905 2291 3086 2332 amara
3130 2278 3402 2345 perfectis,
3448 2281 3746 2348 periculosa
3786 2281 3985 2352 dubiis,

2410 2365 2694 2436 imperiosa
2717 2366 2993 2435 subjectis,
3021 2374 3044 2403 ³
3071 2366 3281 2421 infirma
3307 2366 3577 2434 fundatis;
3605 2371 3623 2405 ⁸
3651 2369 3809 2426 facile
3828 2371 3986 2440 capti-

2408 2467 2520 2525 vat,
2547 2459 2847 2529 captivatos
2871 2458 3128 2524 obiectat,
3167 2458 3484 2514 ambitiosos
3520 2472 3696 2526 vexat,
3731 2472 3987 2533 angustos

2409 2548 2580 2615 inflat,
2609 2550 2819 2604 inﬂatus
2841 2548 3117 2615 humiliat;
3147 2549 3232 2606 cui
3261 2551 3502 2607 serviunt
3526 2551 3736 2620 tumidi,
3760 2554 3861 2608 sub
3884 2568 3988 2624 qua

2405 2639 2587 2709 iacent
2618 2640 2764 2706 elati,
2794 2653 2952 2718 quam
2993 2639 3275 2697 inveniunt
3315 2640 3531 2712 perditi,
3571 2641 3636 2696 ad
3678 2653 3838 2714 quam
3865 2658 3988 2700 cur-

2408 2739 2538 2786 runt
2567 2729 2790 2799 iapsuri,
2823 2733 2874 2783 in
2901 2745 3006 2800 qua
3034 2730 3139 2786 sibi
3176 2730 3422 2786 videntur
3445 2741 3590 2787 stare
3613 2731 3724 2802 iam
3755 2732 3911 2802 lapsi.

2477 2819 2532 2872 2.
2565 2819 2689 2873 liae
2721 2827 2807 2874 est
2848 2821 3070 2885 vanitas,
3111 2833 3230 2889 qute
3259 2833 3364 2874 non
3406 2820 3612 2889 aliquas
3651 2822 3895 2888 virtutes,
3927 2833 3986 2878 ut

2406 2920 2641 2978 putatur,
2666 2917 2695 2946 ιι
2723 2911 2982 2974 exantlat,
3009 2911 3104 2966 sed
3133 2912 3400 2967 licentiam
3427 2912 3702 2980 vitiorum,
3724 2928 3846 2968 cum
3875 2916 3986 2967 luc-

2404 2998 2476 3054 rit
2520 3013 2551 3052 a
2585 2999 2792 3055 vitiosis
2829 3009 3068 3070 recepta,
3102 3002 3420 3056 corroborat
3447 3017 3460 3054 :
3493 3011 3746 3056 cteterum
3778 3013 3984 3057 mentes

2406 3092 2661 3145 virtutum
2695 3091 2880 3160 plenas
2920 3092 3145 3161 omnino
3187 3105 3293 3146 non
3324 3101 3587 3162 penetrat.
3625 3093 3828 3148 νδρυοε
3856 3109 3984 3165 ergo

2405 3194 2468 3234 ac
2499 3181 2660 3235 nullis
2700 3180 2859 3234 fulto.
2889 3166 3174 3235 virtutibus
3203 3172 3492 3245 tentat;iet
3529 3184 3673 3251 ipsos
3699 3182 3840 3238 fastu
3870 3187 3983 3239 rui-

735 3282 830 3336 per
857 3269 1031 3324 scelus
1056 3271 1299 3338 extorsit,
1312 3279 1368 3326 et
1385 3272 1616 3327 animam
1638 3286 1794 3344 suam
1819 3272 2039 3327 fraterni
2063 3273 2303 3343 corporis
2328 3254 2378 3320 C
2409 3284 2553 3324 nosre
2575 3270 2880 3324 ambitionis
2906 3268 3206 3335 inﬂatos,in
3235 3270 3440 3326 occulta
3465 3270 3728 3327 dedecora
3752 3275 3981 3343 quadam

732 3367 906 3415 monte
945 3375 1248 3429 percussam
1293 3362 1557 3431 supplicio
1596 3371 1810 3416 atterunt
1848 3363 2035 3417 mortis
2073 3363 2297 3430 addixit,

731 3453 1121 3521 consequenda:
1149 3455 1321 3508 venia:
1359 3456 1734 3525 desperatione
1771 3455 2058 3525 depressus
2085 3455 2159 3509 ait
2176 3452 2204 3492 ι
2231 3455 2298 3510 ad

736 3540 1054 3598 Dominum:
1082 3541 1256 3616 Major
1299 3553 1374 3598 ut
1405 3545 1646 3613 iniquitas
1682 3560 1794 3598 mea
1828 3561 1980 3615 quam
2013 3555 2067 3598 ut
2107 3547 2301 3600 ueniam

732 3644 926 3683 merear
953 3629 1106 3700 (Gen.
1145 3646 1218 3699 tv,
1252 3632 1369 3702 15);
1405 3632 1506 3703 hoc.
1535 3641 1619 3688 est
1645 3634 1823 3688 dicere
1854 3633 1962 3688 Deo
1988 3653 2001 3686 :
2034 3633 2302 3704 indulgeri

734 3719 864 3774 mihi
902 3735 1006 3776 non
1047 3734 1193 3791 peto,
1222 3722 1344 3792 quia
1385 3732 1722 3791 peccaton
1763 3738 2002 3778 meorum
2039 3729 2304 3794 magnitu-

733 3810 858 3865 dine
894 3811 1234 3880 indulgentia
1279 3820 1383 3866 tute
1431 3812 1659 3867 vincitur
1693 3815 2024 3882 magnitudo.
2063 3813 2301 3883 Denique

733 3908 994 3970 noenu—tn
1035 3903 1230 3971 legitur
1251 3913 1342 3958 aut
1379 3905 1688 3973 pmnituisse
1724 3907 1791 3959 de
1828 3921 1926 3959 suo
1955 3907 2180 3972 scelere,
2208 3918 2301 3962 aut

730 3992 939 4047 veniam
966 3993 1240 4049 meruisse.
1270 3994 1327 4049 Si
1352 4008 1482 4070 ergo
1512 3993 1528 4033 ι
1565 3996 1720 4065 hujus
1745 3997 2096 4068 abhorrentes
2115 4003 2298 4054 exem-

732 4084 876 4152 plum
913 4097 972 4138 se
1003 4085 1103 4140 sibi
1133 4083 1395 4150 auferant,
1425 4095 1481 4140 et
1503 4101 1566 4142 se
1595 4087 1704 4143 Deo
1742 4102 1852 4159 suo
1871 4090 2172 4154 restituant,
2200 4103 2301 4146 nec

732 4185 794 4228 se
828 4173 882 4227 in
908 4171 1224 4242 profundum
1253 4177 1513 4231 malorum
1547 4178 1773 4232 salutem
1802 4178 2147 4247 desperando
2179 4194 2303 4247 pro-

731 4261 944 4330 jiciant;
976 4264 1096 4332 quis
1123 4263 1350 4331 dubitet,
1393 4264 1501 4320 imo
1535 4267 1656 4335 quis
1682 4282 1788 4323 non
1830 4269 2056 4323 iirtniter
2094 4268 2296 4333 credat,

694 4348 698 4351 “
731 4351 812 4406 eis
853 4352 1047 4421 prioris
1084 4353 1300 4408 malitia:
1335 4355 1545 4410 veniam
1584 4367 1741 4422 posse
1779 4358 2031 4426 conferri,
2064 4359 2110 4413 si
2138 4359 2298 4416 modo

805 4494 833 4556 μ
871 4484 968 4539 Ms.
997 4500 1135 4540 unus
1160 4503 1264 4543 non
1292 4487 1451 4545 habet
1477 4491 1612 4546 hanc
1632 4504 1839 4556 vocem,
1867 4507 2058 4546 aecum.

800 4553 830 4593 δ
870 4557 995 4610 Mss.
1034 4565 1170 4625 tres,
1215 4557 1338 4613 Hoc
1374 4569 1422 4614 et
1456 4562 1562 4614 alia
1597 4571 1735 4615 sunt.
1777 4553 1879 4616 Alii
1909 4571 2050 4628 tres,
2079 4571 2125 4618 et
2172 4563 2300 4618 talia

645 4657 648 4660 ~
735 4633 873 4678 sunt.

809 4695 968 4770 c_Ms.
1012 4694 1169 4770 Ctiib.
1217 4711 1374 4770 unus,
1419 4697 1561 4752 bonis
1604 4707 1720 4755 uoto
1766 4702 1848 4755 sati
1893 4702 2073 4757 animi.
2127 4703 2299 4770 Alter,

735 4763 877 4815 bonis
902 4772 1021 4816 noto
1052 4767 1146 4818 sibi
1172 4768 1362 4820 animo.

805 4830 828 4868 ά
874 4834 971 4887 Ms.
995 4836 1207 4900 (ἐπιών,
1233 4851 1332 4890 non
1363 4840 1650 4892 sectandas.

809 4911 833 4977 ξ
871 4902 996 4977 Mss.
1027 4910 1276 4977 quatuor,
1316 4906 1576 4977 diligendo
1603 4909 1991 4964 abominandos.

811 4968 831 5008 ι
875 4971 969 5024 Ms.
999 4968 1157 5036 unus,
1186 4968 1433 5028 bonoruni
1457 4977 1735 5030 hominum.

810 5040 969 5114 8_Ms.
1001 5042 1209 5114 Camb.,
1240 5053 1285 5095 et
1315 5045 1376 5098 de
1402 5045 1534 5097 bono
1559 5063 1673 5114 usu,
1706 5063 1762 5101 eo
1790 5048 1919 5101 bono
1947 5051 2026 5102 usi
2053 5051 2303 5104 malorum

739 5110 986 5180 vrofectu,
1014 5111 1081 5163 ad
1105 5115 1312 5180 gaudia,
1337 5123 1441 5167 etc.
1471 5115 1567 5168 Ms.
1600 5110 1776 5180 (1011),,
1799 5128 1847 5169 et
1874 5119 1936 5173 de
1961 5119 2088 5173 bono
2120 5136 2218 5173 usu
2244 5135 2302 5173 eo

736 5182 856 5256 bene
877 5181 962 5256 _st_st'
989 5181 1249 5256 uiolarunt
1268 5183 1511 5256 profectu,
1541 5186 1609 5237 ad
1638 5189 1846 5256 gaudio,
1879 5199 1982 5243 etc.

805 5245 834 5318 ξι
875 5248 971 5318 Ms.
1003 5249 1130 5312 duo,
1157 5245 1474 5318 relinquitur.

813 5315 827 5393 ξ
874 5317 998 5393 Mss.
1030 5318 1157 5386 iieg.
1182 5329 1236 5372 et
1261 5315 1462 5393 1101111»,
1489 5324 1678 5390 probet.

811 5385 824 5434 i
873 5385 945 5464 ita
965 5385 1355 5464 _ms_s."septe_m.
1382 5385 1516 5464 (fidit.
1549 5394 1742 5461 Lngd.,
1775 5398 1860 5464 qui
1891 5399 1952 5450 de
1987 5399 2151 5452 salute
2171 5398 2303 5451 male

738 5459 921 5535 nitent-lo
952 5456 1074 5535 facit
1103 5460 1409 5535 perniciem?
1439 5463 1573 5516 Editi
1602 5456 1712 5528 alii,
1730 5456 1826 5535 'qt'tt‘
1853 5466 1914 5520 de
1944 5469 2124 5520 salutis
2150 5477 2303 5520 mate-

736 5530 832 5600 ria,
859 5525 1000 5600 bonis
1025 5525 1155 5580 male
1184 5528 1369 5600 utendo
1393 5534 1511 5600 facit
1534 5525 1825 5600 perniciem.

808 5592 832 5664 if
874 5594 999 5649 Mss.
1025 5607 1270 5664 quatuor,
1304 5599 1371 5649 ad
1393 5592 1582 5655 'Deunt.

816 5660 829 5698 ι
875 5660 1266 5741 Mss._quatuor_,
1295 5668 1357 5720 ab
1386 5668 1540 5741 hujus
1579 5674 1902 5730 abhorrentes
1923 5679 2171 5741 exemplo.
2201 5677 2298 5731 Ms.

743 5743 892 5815 Illius.
915 5737 976 5815 ab
1005 5734 1164 5815 Itujtts
1177 5734 1686 5815 abhorrend'iaAiter,
1710 5747 2028 5800 abhorrentis
2049 5734 2296 5815 (ἐειιιριο.

741 5800 910 5866 Alius,
941 5800 1092 5872 Itujtt}
1117 5808 1440 5874 ttblturrcndt',
1473 5810 1588 5866 sine
1617 5800 1696 5866 ob.

2408 3358 2621 3428 publice
2659 3356 2867 3412 ferendi
2906 3346 3268 3434 delectatione
3310 3359 3632 3430 pmcipitat,
3660 3371 3687 3401 ν
3716 3364 3854 3418 sicut
3889 3381 3984 3420 va-

2407 3465 2562 3504 cuam
2591 3464 2781 3505 navem
2820 3450 3111 3520 tempestas
3150 3451 3202 3504 in
3237 3450 3455 3507 diversa
3489 3451 3709 3508 tumidis
3737 3454 3986 3512 fluctibus

2405 3542 2592 3612 jattat,
2622 3551 2676 3598 et
2707 3543 2761 3596 in
2785 3557 2934 3608 area,
2965 3541 3248 3597 frumentis
3292 3556 3388 3598 sua
3412 3544 3688 3614 ‘gravitate
3723 3551 3985 3603 manenti-

2411 3635 2534 3702 bus,
2566 3641 2595 3670 ι
2625 3635 2769 3689 leves
2795 3647 2863 3688 ex
2888 3646 2951 3688 ea
2989 3643 3180 3688 ventus
3209 3634 3388 3702 paleas
3417 3645 3614 3703 raptat.
3650 3635 3799 3702 Quod
3835 3638 3880 3692 si
3912 3641 3984 3694 ita

2409 3736 2510 3791 est,
2544 3739 2652 3781 non
2687 3717 2911 3780 vitiosos
2940 3723 3067 3781 facit
3095 3724 3303 3781 vanitas
3325 3765 3342 3792 ,
3378 3725 3474 3782 sed
3511 3727 3744 3784 ostendit
3769 3746 3782 3782 :
3811 3739 3840 3779 r
3867 3746 3985 3801 qua

2406 3817 2526 3872 illos
2579 3817 2663 3870 sui
2701 3815 2916 3871 afflatus
2963 3823 3126 3870 vento
3157 3815 3484 3883 circumfert,
3523 3831 3586 3872 ac
3625 3819 3842 3876 lubricis
3881 3823 3985 3876 cir-

2403 3918 2676 3962 cumactos
2705 3903 2979 3961 aﬂ'ectibns
3005 3912 3174 3967 rotat;
3210 3906 3301 3976 qni
3334 3920 3394 3961 se
3419 3907 3486 3962 ad
3508 3920 3703 3963 omnes
3726 3910 3846 3978 ejus
3887 3912 3986 3967 im-

2404 3999 2590 4068 pulsus
2629 3996 2809 4053 studio
2841 3996 3072 4066 propria:
3099 3996 3391 4051 voluntatis
3427 3998 3868 4067 accommodant;
3896 4004 3984 4073 qui

2405 4105 2465 4147 se
2488 4090 2556 4146 de
2584 4091 2839 4159 Operibus
2859 4103 3086 4158 quorum
3115 4088 3216 4142 sibi
3245 4089 3446 4144 conscii
3478 4103 3587 4143 non
3608 4099 3733 4144 sunt
3762 4094 3987 4163 turpiter

2404 4183 2642 4250 iactant;
2674 4185 2762 4252 qui
2794 4195 2855 4237 se
2880 4183 2950 4235 ab
2975 4181 3230 4237 omnibus
3256 4181 3537 4250 praedicari
3566 4196 3661 4252 per
3686 4183 3837 4238 nefas
3858 4185 3990 4239 alie-

2406 4282 2588 4338 olant;
2630 4273 2720 4342 qni
2758 4280 2976 4326 sanctos
3012 4272 3156 4326 viros
3187 4273 3270 4326 sui
3311 4275 3710 4340 comparatione
3743 4281 3766 4309 ι
3795 4273 3988 4341 depre-

2410 4365 2577 4419 tiant:
2611 4364 2700 4432 qui
2743 4367 2873 4419 vitio
2898 4378 3045 4418 aura:
3075 4365 3350 4434 popularis
3389 4365 3534 4429 elati,
3568 4362 3702 4420 nihil
3735 4365 3836 4420 sibi
3869 4381 3988 4436 pcr-

2325 4503 2378 4564 D
2474 4504 2512 4531 ω
2542 4495 2711 4551 Abest
2742 4511 2848 4551 vox
2875 4496 3171 4563 simpliciter
3197 4508 3228 4549 a
3258 4507 3386 4549 mss.
3412 4476 3620 4549 duobus
3647 4495 3801 4552 Coib.

2479 4573 2506 4603 ιι
2547 4565 2645 4636 Ms.
2674 4580 2834 4636 unus.
2856 4577 3152 4636 gravantur.
3174 4565 3334 4636 iAiter
3357 4565 3519 4634 male,
3543 4569 3948 4636 gratulabantur.

2482 4642 2508 4672 °
2550 4635 2677 4690 Mss.
2705 4635 2852 4689 Colb.
2886 4646 3014 4700 tres,
3041 4635 3139 4688 llis
3164 4635 3260 4688 ita.

2478 4714 2506 4753 Ρ
2545 4705 2642 4759 Ms.
2669 4719 2828 4768 unus,
2856 4707 3099 4762 scientia

2478 4785 2504 4823 (ι
2548 4775 2648 4829 Ms.
2681 4778 2808 4844 iieg.
2839 4788 2996 4837 unus,
3028 4775 3227 4844 inﬂata.

2480 4854 2501 4882 τ
2543 4845 2642 4898 Ms.
2689 4842 2902 4910 Camb.,
2941 4842 3106 4898 amica
3147 4848 3419 4911 vitiorum;
3473 4860 3575 4902 ms.
3616 4848 3767 4904 Colb.
3824 4865 3983 4913 unus,

2407 4930 2551 4968 amor
2577 4914 2834 4968 vitiorum.

2406 4985 2670 5108 amsbnam
2710 4984 2892 5059 verba,
2935 4984 3142 5053 inﬁrma
3167 4985 3418 5052 fundatis.
3461 4987 3657 5042 absunt
3688 5003 3718 5042 a
3746 5004 3850 5044 ms.
3879 5004 3984 5046 uno

2483 5129 2500 5162 ί
2544 5124 2670 5198 illas.
2696 5125 2802 5178 duo
2815 5125 3005 5198 _Ca_t_nb.
3025 5123 3262 5198 _etA(}olb.
3292 5139 3452 5198 unus,
3480 5129 3699 5182 reddant
3727 5130 3982 5198 incautos,

2407 5193 2530 5248 Mss.
2557 5196 2645 5247 alii
2672 5206 2779 5247 tres
2807 5193 2982 5259 (3011).⁹
3010 5193 3187 5263 faciles
3217 5197 3457 5263 captiost.

2479 5273 2504 5300 ιι
2533 5263 2659 5327 Mss,
2689 5263 2794 5318 duo
2827 5264 2960 5333 lleg.
2992 5279 3040 5319 et
3075 5262 3286 5328 Camb.,
3316 5266 3620 5334 strangulat.
3645 5268 3794 5324 Colb.
3826 5284 3980 5334 unus,

2408 5336 2703 5401 strangulat.

2477 5412 2503 5438 τ’
2541 5406 2634 5455 itis.
2665 5403 2872 5469 Camb.,
2897 5406 2988 5459 sic.

2476 5480 2502 5506 κ
2543 5473 2668 5526 MSS.
2694 5477 2947 5542 quinque,
2982 5474 3122 5528 levis.

2477 5550 2504 5587 Υ
2545 5543 2683 5596 Edit.
2726 5544 2918 5612 Lugd,
2967 5546 3114 5613 Quod
3153 5545 3286 5600 inca.
3331 5549 3460 5603 Mss.
3501 5549 3608 5602 duo
3644 5547 3822 5610 (1011)..
3865 5552 3981 5613 quia

2404 5612 2553 5672 illos;
2597 5623 2706 5686 tum
2753 5628 2883 5686 mss.
2930 5612 3117 5686 Camb.
3146 5626 3220 5686 ret
3266 5616 3419 5672 Call).
3473 5634 3632 5682 unus,
3679 5612 3981 5686 attici/latos

2407 5693 2569 5734 vento.
2593 5681 2746 5737 Coll).
2778 5685 2931 5741 alter.
2951 5683 3032 5736 sui
3063 5685 3249 5753 afﬂatu
3282 5690 3432 5743 venti.
3464 5681 3635 5750 Altus,
3669 5689 3748 5741 sui
3777 5681 3982 5742 alllntos

2404 5763 2599 5804 ventus.

2479 5828 2500 5855 ³
2542 5821 2638 5876 Ms.
2668 5821 2879 5886 Camb.,
2913 5825 3206 5888 dcprat‘ant.
