4516 6426
215 453 317 510 ι89

1252 444 1339 501 us
1382 441 1539 498 vm
1580 404 2173 497 communivi
2205 436 2333 493 us.
2380 436 2465 492 ιιι.

3400 440 3510 496 490

213 561 459 619 factionis
487 560 681 616 deesse
703 558 1034 615 existimant.
1075 555 1487 611 Occurrentium
1528 551 1809 619 salutatio-
1833 552 1885 612 Α
1912 552 2261 619 perfectionis
2289 549 2313 587 ι
2357 563 2545 604 amore
2588 548 2993 603 transcendere.
3050 549 3301 616 Alioquin
3344 554 3390 607 si
3432 555 3511 608 in-

212 654 369 707 nibus
392 649 649 722 gaudent,
681 652 791 705 suis
830 647 1197 703 adulatoribus
1229 645 1431 709 favent,
1462 654 1488 683 ·
1514 642 1807 710 voluptati-

212 743 314 796 bus
358 750 589 813 parent,
652 740 900 795 omnibus
952 737 1199 808 turpibus
1262 737 1493 806 placent.
1553 733 1807 790 Gestiunt

209 834 409 888 docere
443 831 586 901 quod
627 831 895 895 nesciunt,
933 829 1085 885 credi
1112 829 1179 883 de
1217 842 1278 883 se
1316 825 1565 880 sublimia
1593 825 1802 891 volunt,

208 912 549 978 delectabilia
576 921 828 992 gravibus
849 928 1215 989 anteponunt;
1239 926 1589 973 exsecrantur
1618 915 1801 981 verbo,

209 1016 353 1084 quod
399 1014 581 1067 animo
622 1012 1058 1081 concupiscunt;
1111 1009 1499 1078 appellationes
1549 1007 1804 1062 virtutum

208 1103 356 1157 vitiis
383 1102 497 1157 suis
517 1100 545 1141 δ
566 1102 870 1169 imponunt.
915 1101 985 1156 Se
1013 1101 1161 1169 ipsos
1188 1099 1397 1161 fallunt,
1432 1098 1673 1152 faventes
1703 1096 1807 1151 sibi
1848 1090 1851 1091 ⁷

214 1204 239 1234 ι
268 1195 563 1263 decipiunt.
596 1194 655 1249 in
689 1191 1045 1263 promissione
1068 1191 1292 1245 honesta
1322 1191 1555 1253 veloces,
1581 1189 1636 1243 in
1657 1187 1809 1241 exbi-

208 1285 414 1341 bitione
438 1282 746 1339 mendaces.
769 1287 809 1336 A
834 1282 979 1337 bono
1005 1280 1312 1344 mutabiles,
1343 1280 1463 1332 ntali
1498 1289 1733 1332 tenaces.
1748 1276 1807 1333 in

207 1378 380 1432 verbo
404 1376 698 1447 graves,in
725 1376 907 1429 animo
936 1386 1141 1443 turpes,
1176 1372 1375 1441 ubique
1405 1370 1643 1425 fallaces.
1675 1368 1809 1424 Laeti

212 1467 281 1522 ad
307 1480 585 1537 prospera,
616 1464 836 1534 fragiles
860 1464 928 1518 ad
955 1464 1201 1517 adversa.
1234 1461 1405 1515 Iuilati
1428 1462 1495 1515 ad
1526 1460 1806 1530 obsequia,

210 1558 357 1612 anxii
383 1557 449 1611 ad
480 1556 505 1594 ἀ
530 1558 841 1626 opprobria.
873 1555 1217 1610 lmmoderati
1249 1554 1316 1608 ad
1357 1553 1586 1623 gaudia,
1626 1553 1810 1608 faciles

209 1651 278 1703 ad
312 1649 565 1711 humana,
592 1646 840 1703 difficiles
864 1660 1079 1714 semper
1104 1645 1170 1698 ad
1198 1646 1449 1700 honesta.

283 1741 338 1795 5.
402 1738 492 1793 llis
523 1748 545 1775 ο
587 1752 718 1808 ergo
743 1748 799 1794 et
835 1737 1105 1793 similibus
1136 1737 1389 1793 delinitos
1426 1737 1636 1792 vanitas
1681 1750 1809 1805 prs-

211 1832 333 1898 mit,
362 1845 463 1887 nec
485 1847 579 1886 eos
606 1839 699 1886 aut
718 1846 873 1886 suum
906 1831 1153 1886 morbum
1184 1831 1405 1895 sentire,
1432 1840 1525 1885 aut
1547 1830 1614 1885 ad
1637 1830 1808 1884 medi-

1910 644 2041 707 vidi,
2067 644 2110 698 si
2138 642 2377 711 superbi,
2407 643 2451 695 si
2484 640 2632 706 elati,
2664 642 2710 695 si
2734 641 2937 709 cupidi,
2972 641 3087 695 ha‘c
3118 650 3169 699 et
3205 642 3287 698 bis
3314 644 3510 701 similis

1911 734 2048 789 mala
2075 734 2311 802 pectoris
2332 732 2415 787 sui
2443 748 2551 787 non
2583 733 2899 803 reprimant,
2928 744 2979 788 et
3006 745 3182 789 tamen
3214 748 3370 788 suum
3391 750 3511 792 coro

1911 843 2011 895 pus
2046 824 2289 896 jejuniis,
2322 838 2385 879 ac
2432 824 2621 880 labore
2658 825 3019 889 abstinentiae,
3054 827 3303 896 quamvis
3343 840 3389 881 Ct
3411 829 3515 883 nti-

1912 923 2111 983 nuatze,
2141 914 2463 972 conficiant:
2495 930 2595 970 nec
2643 916 2735 971 illa
2764 930 2859 971 eos
2886 930 3051 984 opera
3091 917 3334 986 impensa
3366 919 3515 971 vani-

1911 1008 2004 1062 tati
2030 1008 2351 1076 iustificam,
2380 1016 2433 1061 et
2463 1006 2578 1062 haec
2594 1008 2739 1071 vitia,
2767 1022 2885 1075 quze
2903 1008 3176 1078 negligunt
3200 1009 3515 1077 emendare,

1909 1097 2295 1155 condemnant.
2326 1098 2511 1166 itaque
2547 1098 2671 1152 lict-t
2704 1099 2715 1135 ¹
2753 1098 2952 1167 ubique
2992 1098 3112 1154 libri
3145 1099 3301 1169 hujus
3330 1101 3518 1170 singu-

1905 1190 1977 1246 lis
2006 1191 2309 1260 quibusque
2343 1190 2488 1245 vitiis
2535 1192 2820 1259 absolutis,
2866 1192 3107 1246 remedia
3148 1206 3362 1260 quoque
3400 1193 3519 1261 qui-

1898 1285 2011 1337 bus
2041 1289 2081 1317 ω
2113 1284 2326 1352 possint
2360 1283 2538 1336 caveri
2587 1282 2668 1337 vel
2710 1283 2988 1338 emendari
3030 1282 3379 1351 subjecerim,
3429 1283 3517 1337 hic

1912 1381 2096 1430 tamen
2135 1374 2441 1443 compendii
2489 1374 2661 1442 gratia
2712 1376 2982 1442 generalis
3012 1377 3259 1445 quaedam
3308 1375 3515 1444 regula,

1912 1474 1940 1505 ιι
1969 1466 2196 1521 Domino
2230 1466 2586 1531 illuminante,
2621 1466 2970 1520 monstranda
3009 1476 3125 1532 est,
3179 1467 3264 1520 cui
3313 1466 3515 1535 regula:

1915 1565 1940 1594 ο
1970 1558 2234 1612 veraciter
2284 1557 2600 1622 innitentes,
2640 1558 2893 1611 omnibus
2938 1557 3176 1625 peccatis
3218 1556 3512 1612 obsistunt.

1912 1658 1942 1699 ι»
1970 1649 2125 1703 Nulla
2154 1663 2244 1703 res
2266 1637 2348 1703 sic
2378 1663 2479 1703 nos
2514 1648 2584 1703 ab
2612 1648 2759 1703 omni
2793 1658 3017 1718 peccato
3051 1649 3283 1704 servarit
3322 1649 3517 1704 immu-

1914 1753 2034 1807 nes,
2061 1740 2200 1796 sicut
2224 1742 2385 1796 timor
2408 1738 2684 1809 supplicii,
2713 1749 2770 1795 et
2799 1753 2956 1794 amor
2988 1738 3106 1795 Dei.
3133 1737 3241 1795 Sed
3268 1740 3337 1794 de
3374 1741 3517 1794 cari-

1916 1842 2044 1897 tate,
2087 1842 2113 1882 ιι
2142 1832 2285 1903 quod
2313 1833 2594 1897 Dominus,
2622 1831 2775 1895 cuius
2804 1831 3006 1886 donum
3036 1832 3233 1887 caritas
3266 1832 3378 1901 ipsa
3411 1841 3517 1902 cst,

210 1936 334 1976 cum
364 1922 551 1975 venire
572 1920 856 1990 permittit.
888 1921 956 1976 Et
976 1921 1100 1991 quid
1122 1932 1204 1977 est
1225 1920 1291 1975 ad
1308 1921 1577 1977 medicum
1600 1921 1805 1985 venire,
1839 1917 1886 1978 Β
1914 1924 2145 1988 dederit.
2178 1934 2361 1995 postea
2391 1925 2745 1982 disseremus.

211 2014 315 2071 nisi
349 2013 620 2068 infirmum
663 2026 794 2068 suas
832 2013 1177 2068 inﬁrmitates
1206 2027 1524 2080 agnoscere,
1560 2027 1659 2068 nec
1698 2013 1809 2081 pla-

209 2116 337 2158 cere
364 2102 490 2165 sibi,
512 2101 608 2159 sed
634 2100 705 2158 de
736 2100 893 2158 factis
922 2116 1046 2170 quae
1097 2101 1175 2158 illi
1206 2101 1529 2158 videbantur
1554 2116 1675 2158 esse
1696 2102 1815 2171 glo-

209 2192 376 2258 riosa,
407 2191 700 2248 confundit
728 2189 884 2258 Quod
909 2200 1060 2247 certe
1090 2190 1167 2249 illi
1207 2205 1314 2247 non
1349 2192 1549 2247 faciunt
1573 2192 1686 2261 qui,
1710 2190 1811 2245 de-

210 2285 413 2341 siderio
450 2286 828 2351 comparanda
884 2285 1159 2355 opinionis
1200 2288 1429 2352 incensi,
1485 2289 1565 2342 eis
1607 2297 1810 2341 tantum

210 2376 465 2452 operibus
506 2376 697 2446 quibus
724 2380 923 2431 emitur
978 2376 1130 2433 favor
1176 2380 1440 2435 humanus
1486 2382 1809 2447 inserviunt,

210 2474 269 2521 et
302 2464 322 2502 ι
354 2479 565 2521 morum
613 2464 752 2520 bona
802 2474 1187 2535 contemnunt;
1232 2478 1545 2539 tantumque
1584 2484 1678 2524 eos
1727 2484 1816 2525 ar-

210 2555 315 2612 dor
342 2555 590 2611 humanae
618 2556 793 2614 laudis
820 2555 1136 2624 inﬂammat,
1169 2566 1225 2613 ut
1262 2560 1531 2614 laboriosa
1558 2573 1810 2630 operosa,

216 2668 343 2726 qua
362 2649 597 2723 populus
616 2650 936 2716 admiretur,
968 2660 1023 2707 et
1051 2653 1243 2719 quibus
1285 2652 1423 2706 fama
1466 2651 1804 2719 diﬂunditur,

210 2748 333 2803 sine
379 2749 561 2802 labore
601 2742 921 2817 suspiciant,
955 2755 1009 2801 et
1053 2745 1285 2801 libenter
1326 2757 1638 2802 exerceant.
1688 2747 1816 2803 Inde

212 2849 319 2906 est,
358 2840 500 2909 quod
546 2840 816 2911 jejunare,
882 2838 1178 2905 ab~tincre,
1226 2838 1467 2908 vigilare,
1526 2840 1811 2895 ecclesiam

213 2927 576 3000 frequentare,
606 2934 685 2987 vel
710 2934 962 3001 psallere,
987 2944 1109 2983 cum
1139 2930 1255 2983 bac
1278 2931 1458 2983 omnia
1492 2932 1608 2985 sine
1631 2931 1815 2986 labore

212 3032 323 3073 non
351 3019 504 3085 iiant,
532 3021 689 3076 etiam
721 3038 841 3076 cum
872 3020 1238 3077 delectatione
1266 3020 1343 3073 illi
1377 3021 1597 3088 faciunt,
1633 3024 1721 3091 qni
1748 3038 1816 3077 ex

212 3106 302 3163 bis
330 3110 633 3165 hominibus
674 3113 890 3180 placere
925 3123 1062 3167 conc
1086 3111 1359 3178 :pisccnt:
1396 3126 1500 3165 non
1532 3112 1672 3180 quod
1715 3113 1815 3167 ista

212 3211 269 3257 et
291 3200 533 3258 homines
559 3202 654 3258 Dei
681 3218 787 3258 non
819 3203 1045 3267 faciant;
1088 3198 1185 3254 sed
1207 3201 1350 3269 quod
1397 3202 1472 3255 illi
1518 3201 1816 3271 probentur

2535 2015 2765 2070 CAPUT
2806 2015 2894 2069 ΧΙ.

1915 2103 1994 2160 De
2021 2106 2246 2161 utilitate
2269 2105 2491 2171 timoris,
2514 2117 2563 2160 et
2579 2108 2718 2170 quod
2740 2107 3005 2174 efﬁcaciter
3035 2106 3259 2174 peccatis
3284 2107 3517 2162 obsistat.

1985 2195 2140 2253 Nunc
2168 2207 2192 2235 τ
2216 2197 2501 2253 detinere
2524 2197 2770 2266 supplicii
2804 2211 2969 2266 pauca
2997 2196 3265 2251 dicamus.
3298 2198 3378 2250 Ad
3409 2212 3521 2264 pm-

1915 2302 2039 2341 nam
2071 2300 2193 2357 quae
2221 2294 2247 2325 '
2272 2287 2511 2357 peccatis
2532 2286 2780 2351 debetur,
2811 2300 2964 2341 mens
2990 2297 3279 2357 antequam
3314 2298 3520 2355 peccet,

1914 2378 2169 2447 aspiciat;
2202 2378 2477 2433 cruciatus
2507 2394 2570 2433 ac
2616 2379 2835 2433 dolores
2868 2378 2965 2447 qui
3012 2380 3187 2433 solent
3216 2378 3369 2449 sequi
3397 2393 3521 2447 pec-

1915 2480 2167 2535 cantem,
2212 2468 2522 2523 carnalibus
2572 2469 2857 2524 incentivis
2902 2470 2920 2505 ί
2967 2480 3237 2538 opponat;
3284 2482 3340 2525 et
3387 2471 3521 2525 nihil

1916 2575 2035 2615 eam
2071 2558 2277 2630 peccati
2296 2568 2327 2596 ιι
2355 2559 2613 2625 oblectat,
2639 2576 2738 2613 uec
2765 2560 2830 2613 ad
2864 2559 3199 2630 peccandum
3232 2560 3339 2615 ulla
3369 2561 3516 2615 dele-

1918 2655 2084 2711 ctatio
2113 2664 2141 2691 ν
2165 2654 2463 2723 corporalis
2504 2653 2745 2707 inclinat.
2780 2652 3026 2723 Denique
3072 2667 3179 2707 non
3220 2652 3343 2709 ideo
3376 2654 3521 2709 cedi-

1919 2761 2041 2802 mus
2069 2745 2337 2800 iliecebris
2363 2759 2427 2799 ac
2457 2752 2485 2780 ι
2515 2744 2884 2813 voluptatibus
2934 2746 3158 2811 nostris,
3200 2746 3325 2810 quia
3357 2760 3519 2816 repu-

1918 2852 2085 2909 gnare
2123 2852 2229 2892 non
2278 2851 2601 2907 possumus;
2642 2837 2736 2892 sed
2781 2838 2906 2908 quia
2960 2837 3308 2893 securitatem
3367 2839 3523 2893 nobis

1918 2937 1948 2977 γ
1968 2927 2273 2982 occultandi
2298 2926 2658 2996 criminisipsi
2687 2927 3086 2996 promittimus;
3115 2936 3167 2983 et
3196 2927 3321 2982 dum
3350 2926 3524 2982 credi-

1920 3037 2039 3075 mus
2061 3020 2318 3085 colorari,
2357 3021 2442 3075 vel
2483 3020 2677 3075 redimi
2711 3036 2869 3089 posse
2896 3020 3043 3091 quod
3087 3022 3337 3087 facimus,
3378 3032 3398 3057 κ
3430 3037 3525 3089 spe

1921 3122 2263 3181 praesumpta;
2289 3111 2625 3181 impunitatis
2655 3112 2843 3177 illecti,
2876 3114 3305 3170 dominationem
3343 3116 3397 3169 in
3423 3130 3523 3171 nos

1922 3216 2120 3261 nostra:
2145 3213 2200 3240 ⁸⁸·
2226 3204 2483 3274 voluptati
2509 3205 2895 3274 permittimus.
2922 3206 3210 3272 Caeterum,
3234 3205 3278 3260 si
3301 3220 3367 3261 eo
3393 3214 3529 3261 tem—

212 3308 280 3349 ea
312 3292 423 3349 Deo
452 3294 822 3363 magis,quam
858 3292 1169 3350 hominibus
1190 3291 1584 3361 exhibere,qui
1608 3269 1889 3351 l'erven-C
1927 3310 2057 3363 pore
2086 3310 2194 3363 quo
2225 3296 2345 3364 quis
2377 3310 2602 3364 peccare
2640 3296 2925 3362 deliberat,
2963 3309 3095 3351 sana
3132 3308 3314 3352 mente
3343 3298 3526 3352 consi-

214 3382 326 3437 tius
349 3382 570 3438 student
598 3384 760 3438 etiam
784 3384 1025 3439 moribus
1047 3382 1255 3440 sanctis
1284 3384 1574 3438 excellere.

1926 3386 2102 3448 deret,
2142 3399 2264 3451 qua:
2312 3399 2469 3453 poma
2516 3394 2795 3452 exspectet
2843 3387 2895 3438 in
2942 3386 3056 3439 suis
3102 3386 3429 3444 facinoribus
3468 3403 3527 3444 ac

287 3473 343 3529 ι.
382 3469 650 3527 Caeterum
684 3474 729 3527 si
760 3476 1041 3544 quisquam
1076 3475 1233 3539 foris,
1266 3474 1355 3527 ubi
1388 3483 1564 3543 potest
1594 3491 1820 3547 magnus
1927 3475 2142 3548 ﬂagitiis
2166 3475 2559 3543 deprehensos,
2588 3477 2730 3545 quod
2766 3475 3095 3545 supplicium
3125 3478 3403 3534 convictos
3432 3494 3529 3536 ex.

212 3568 387 3634 credi,
421 3578 445 3617 ι
477 3568 837 3637 resplendeat,
867 3580 919 3625 et
958 3572 1121 3637 intus,
1168 3569 1255 3622 ubi
1296 3570 1435 3625 Deus
1474 3573 1622 3626 solus
1647 3573 1817 3641 videt,

1924 3571 2150 3632 cruciet,
2183 3568 2275 3638 qui
2305 3577 2510 3621 tremor
2539 3566 2782 3622 membra
2810 3567 3038 3636 quatiat.
3074 3570 3251 3637 pallor
3276 3585 3371 3625 ora
3411 3586 3529 3639 per-

213 3658 484 3728 squaleat;
526 3659 645 3728 quis
691 3674 795 3714 non
838 3660 1122 3729 intelligat,
1160 3660 1191 3700 ιι
1218 3659 1361 3728 quod
1399 3661 1475 3714 illi
1507 3677 1695 3717 omnes
1732 3666 1821 3719 ab-
1926 3659 2136 3726 fundat,
2188 3668 2448 3729 quantum
2490 3658 2724 3728 denique
2762 3659 3011 3715 bumiliet
3053 3671 3109 3716 et
3162 3662 3533 3718 exsecrabiles

214 3748 506 3813 stinentite,
535 3763 597 3801 ae
625 3749 978 3819 jejuniorum,
1004 3752 1416 3821 vigiliarumque
1467 3752 1710 3808 continui
1739 3756 1815 3808 la-

217 3837 376 3895 bores
403 3856 538 3910 quos
573 3836 590 3877 ί
619 3843 775 3895 nubis
800 3842 894 3896 Dei
924 3857 1097 3909 amor,
1130 3844 1210 3898 eis
1238 3856 1393 3896 amor
1424 3842 1672 3899 humana:
1702 3844 1811 3900 laus

215 3929 320 3995 dis,
354 3941 410 3984 et
432 3930 758 3985 inﬂammata
792 3932 1001 3985 vanitas
1034 3932 1157 3988 facit
1189 3933 1521 4005 tolerabiles,
1554 3949 1660 3989 non
1708 3936 1818 3991 sint

214 4031 536 4073 ornamenta
568 4034 800 4089 morum,
832 4023 925 4076 sed
958 4024 1221 4077 velamina
1256 4024 1546 4079 vitiorum?
1575 4024 1819 4097 Quapro-

215 4120 337 4180 pter
367 4114 382 4161 t
418 4112 774 4182 vcrajejunia,
800 4114 1159 4178 abstinentiae,
1187 4116 1405 4187 vigilite,
1429 4117 1814 4190 eleemosynte,

213 4213 267 4255 et
292 4211 487 4257 cratera
519 4202 846 4271 hujusmodi,
870 4219 1067 4274 augere
1090 4205 1290 4263 debent
1319 4206 1522 4263 bonum
1551 4220 1815 4276 nostrum,

215 4306 323 4345 non
354 4291 532 4346 velare
562 4302 873 4362 peccatum;
903 4309 1001 4349 nec
1029 4309 1126 4361 pro
1146 4295 1374 4366 iustitia,
1401 4300 1498 4353 sed
1520 4314 1639 4353 cum
1659 4300 1819 4369 justi-

217 4383 288 4436 tia
321 4374 431 4438 Dcio
457 4395 581 4439 sunt
609 4385 911 4440 exhibenda
940 4404 951 4439 ε
985 4388 1237 4456 quoniam
1261 4389 1478 4456 quidem
1529 4393 1700 4447 multo
1732 4403 1818 4447 at-

217 4474 419 4529 tentius
448 4472 646 4530 debent
668 4488 939 4547 praecepta
972 4478 1253 4549 perficere,
1281 4479 1374 4550 qui
1402 4494 1463 4537 ea
1496 4482 1669 4551 parati
1689 4494 1820 4540 suat

290 4683 318 4713 ³
356 4674 488 4730 Mss.
512 4682 641 4739 tres,
670 4676 1036 4732 voluntatibus.

285 4744 318 4827 if
355 4744 647 4827 biss.nRe_g.
668 4746 797 4809 duo,
826 4757 1093 4827 apponunt
1108 4766 1126 4815 ;
1148 4765 1249 4806 ms.
1265 4750 1453 4827 Camb.
1473 4766 1809 4827 anteponunt.

289 4826 315 4895 ξ
350 4815 455 4895 bis.
484 4812 643 4895 geli).
678 4831 835 4884 unus,
865 4812 1093 4895 Vdespiciu
1109 4812 1176 4895 1t,
1207 4834 1296 4875 aut
1324 4812 1604 4895 decipiunt:

284 4886 314 4924 ἀ
350 4886 452 4957 Ms.
480 4882 637 4940 Colb.
668 4882 831 4951 unus,
860 4888 929 4942 ad
955 4882 1189 4957 propria.

292 4968 316 5028 ξ
356 4956 413 5028 in
444 4969 578 5028 m_ss.
603 4958 838 5025 quinque
860 4958 1009 5012 deest
1036 4975 1179 5028 ergo.

292 5022 315 5065 ί
358 5025 454 5100 bis.
486 5022 801 5100 Begrunu—s,
833 5036 877 5100 et
906 5022 1115 5100 majora
1137 5032 1291 5085 bona.

286 5104 315 5167 ρ
514 5095 643 5159 duo.
667 5098 951 5167 splendeat.

283 5162 315 5202 δ
358 5164 520 5231 Editi,
552 5162 726 5221 omnes
756 5168 865 5223 il'a:
889 5168 1231 5226 abstinentia.

296 5233 308 5272 ⁵
346 5234 481 5311 llas.
510 5245 622 5311 tres
638 5234 795 5311 Colb.
819 5250 875 5311 et
901 5240 1073 5311 Lugd.
1103 5243 1256 5303 edit.,
1288 5259 1415 5311 quos
1444 5247 1591 5304 nobis
1610 5251 1805 5306 tolera-

212 5306 344 5390 bite:
360 5306 560 5390 uanitas
580 5309 725 5390 facit,
748 5309 965 5390 omissis
982 5306 1341 5390 iut‘ermediis.
1362 5315 1489 5369 Mss.
1520 5320 1651 5390 lteg.
1674 5325 1804 5389 duo,

210 5388 267 5433 ⁸⁸
292 5372 635 5447 Galbanum.
665 5392 790 5445 quos
819 5381 964 5433 nobis
993 5380 1280 5435 tolerabiles
1310 5401 1371 5437 eo
1408 5372 1810 5447 ιιι-(ιονιξσῶἦῷ

212 5463 297 5503 ιω
328 5444 841 5526 laudisinﬂantmuto
872 5452 1073 5506 vanitas
1110 5452 1261 5523 facit.
1305 5455 1449 5511 Edit.
1485 5457 1673 5526 Duac.,
1704 5444 1808 5519 Lo-

210 5532 338 5573 van.
365 5524 421 5571 et
446 5513 642 5570 Colon.
667 5527 725 5571 ut
753 5518 805 5572 in
831 5527 999 5574 trxtu.
1110 5513 1123 5523 ’
1378 5558 1381 5559 ν

284 5586 303 5639 i
341 5583 401 5655 In
427 5599 553 5640 mss.
587 5586 756 5643 tribus
779 5588 931 5643 Colb.
963 5606 1067 5645 non
1094 5593 1319 5650 habetur
1342 5613 1478 5652 rem.

284 5656 313 5738 ξ
344 5655 414 5738 ita
442 5669 579 5738 mss.
598 5665 830 5738 quatuor
856 5658 1012 5738 polii.
1046 5664 1277 5738 Reliqui,
1306 5684 1478 5738 apere.

288 5726 308 5766 ι
347 5725 492 5800 litae,
523 5725 710 5795 ubique
747 5728 868 5783 libri
891 5730 1066 5800 hujus,
1095 5725 1288 5790 absunt
1322 5725 1350 5789 ὁ
1380 5752 1484 5792 ms.
1510 5754 1620 5796 uno
1642 5741 1799 5799 Colb.

286 5806 327 5881 in
339 5796 478 5881 Mss.
513 5807 641 5881 μοι,
669 5810 886 5881 possunt
915 5796 1099 5881 caveri.
1129 5804 1249 5860 Mss.
1275 5806 1382 5863 duo
1406 5796 1796 5881 διώλεσετὲιήἠῆ

287 5875 315 5903 ι
339 5864 466 5921 Mss.
497 5864 624 5929 duo,
659 5864 766 5920 Deo
786 5871 1125 5930 “inminente.

496 5953 771 6021 Ριτιιοι.
820 5959 984 6022 LIX.

1919 3746 2171 3806 omnibus
2199 3749 2424 3813 reddat;
2456 3748 2622 3804 etiam
2656 3751 2831 3818 ipsum
2862 3749 3101 3806 sordida:
3130 3752 3405 3820 opinionis
3426 3768 3529 3823 op-

1923 3840 2198 3910 probrium
2228 3842 2413 3895 nescio
2451 3855 2519 3895 an
2548 3841 2722 3910 possit
2762 3840 3093 3909 quibuslibet
3126 3842 3271 3897 vitiis
3308 3857 3529 3899 accom-

1925 3934 2147 3990 modare
2166 3949 2511 3990 consensum.
2549 3932 2689 4000 Quid
2734 3932 2881 3991 enim
2912 3935 3041 3989 mali
3068 3935 3252 4004 operis
3278 3936 3397 3992 iieri
3427 3952 3531 4009 po-

1923 4034 2030 4082 test
2058 4025 2202 4082 unde
2234 4036 2333 4079 n‘ec
2364 4024 2688 4080 erubescant
2711 4024 2874 4079 etiam
2897 4023 2997 4089 illi,
3024 4039 3164 4095 quos
3189 4026 3303 4097 ipsa
3328 4026 3530 4099 ﬂagitia

1923 4134 2021 4174 sua
2054 4117 2370 4173 delectant?
2412 4114 2674 4171 Hiuc‘est
2710 4114 2854 4185 quod
2888 4116 2942 4170 bi
2970 4116 3073 4187 qui
3104 4117 3244 4172 bona
3272 4133 3368 4173 sua
3396 4134 3531 4176 vane

1921 4226 1985 4266 ac
2016 4210 2330 4265 deformiter
2351 4209 2580 4279 iactant,
2611 4207 2881 4264 dedecora
2911 4209 3107 4280 quibus
3143 4208 3531 4268 remordentur

1923 4311 1979 4359 et
2005 4302 2355 4357 humiliantur
2398 4304 2694 4356 occultant.
2720 4298 2778 4339 δι’
2802 4300 2939 4368 Quid
2967 4301 3109 4371 quod
3135 4303 3187 4357 in
3214 4315 3530 4373 peccantem

1922 4396 2085 4451 etiam
2131 4393 2249 4448 sine
2300 4392 2536 4447 humano
2578 4391 2786 4459 judicio
2834 4392 3189 4448 conscientia
3228 4392 3528 4464 iudicantis

1925 4493 2198 4544 tormenta
2226 4484 2550 4549 desaeviunt,
2589 4492 2646 4537 et
2675 4482 2816 4539 male
2846 4483 2949 4537 sibi
2976 4485 3251 4540 consciam
3286 4501 3527 4541 mentem

1844 4689 1895 4752 D
1994 4698 2021 4726 °
2049 4690 2220 4753 Alias,
2248 4690 2504 4743 uelociter.

1992 4769 2021 4809 P
2052 4762 2149 4814 Ms.
2180 4762 2310 4829 Reg.
2342 4776 2505 4824 unus,
2531 4776 2624 4813 nec
2646 4776 2758 4814 una
2784 4777 2886 4817 res.
2918 4761 3095 4828 Alius,
3126 4780 3217 4818 nos
3243 4765 3337 4819 sic.

1991 4840 2018 4880 «ι
2042 4831 2133 4885 Sic
2168 4845 2297 4895 mss.
2332 4830 2441 4884 duo
2465 4831 2618 4889 Colb.
2663 4831 2807 4886 Editi
2834 4847 2985 4897 vero,
3033 4836 3173 4897 quod
3204 4835 3527 4892 Dominus...

1918 4902 2099 4984 donati.
2129 4901 2229 4956 bis.
2256 4899 2623 4984 autemColb.
2652 4902 2816 4973 alius,
2840 4919 2997 4973 quam
3022 4899 3301 4974 Dominus,
3322 4907 3414 4975 qui
3443 4923 3533 4962 ca-

1916 4972 2048 5025 ritas
2067 4973 2182 5039 ipsa
2202 4981 2277 5026 est
2298 4972 2480 5026 donat.
2854 4972 2859 4973 7
3287 4972 3293 4974 ⁷
3334 4972 3344 4975 ⁷

1961 5042 2145 5126 "tubis.
2177 5042 2333 5098 Colb.
2365 5057 2528 5112 u..us,
2559 5042 2664 5099 Hic
2689 5043 2755 5097 de
2783 5044 2987 5099 timore.
3012 5044 3071 5101 in
3094 5060 3201 5101 uno
3221 5046 3379 5103 deest
3397 5061 3527 5117 strp-

1918 5115 2361 5267 pl’snitss.ntres,
2408 5184 2648 5267 peccatis.
2697 5183 2869 5252 Unus,
2916 5198 3147 5257 peccato.
3192 5188 3377 5252 Alius,
3428 5203 3524 5257 pro

1919 5255 2158 5323 peccatis.
2189 5253 2353 5321 Editi,
2384 5255 2642 5323 peccauli.

1994 5328 2013 5361 τ
2044 5326 2329 5396 ἓζεενςιιιο,
2352 5334 2635 5396 supponat.

1987 5402 2017 5432 ιι
2044 5367 2656 5461 ᾖὲἷάἶὸῖὖξῖἳὲἴᾱῖᾱὶ.

1989 5474 2018 5503 ν
2047 5464 2145 5519 Ms.
2174 5465 2331 5520 Colb.
2357 5481 2516 5534 unus,
2546 5466 2818 5524 delectatio
2838 5470 3089 5524 carnalis.

1988 5542 2015 5571 ⁸
2046 5534 2143 5591 Iis.
2168 5537 2727 5601 unus,~voluntatibus.

1986 5614 2016 5655 γ
2040 5605 2142 5661 Iis.
2174 5622 2313 5662 unus
2343 5605 2523 5674 Colb.,
2548 5607 2803 5664 occultam
2832 5610 3169 5667 discriminis.

1988 5684 2011 5713 ³
2169 5674 2514 5755 Colb.__uuu_s,
2545 5695 2635 5749 spe
2655 5693 2972 5751 presumpta
3007 5693 3054 5737 et
3091 5683 3396 5753 impunitate
3408 5683 3516 5755 eis.

1909 5746 1999 5817 cti,
2029 5745 2166 5818 forte
2193 5762 2291 5818 pro
2316 5747 2497 5803 illecti.

1984 5826 2045 5855 ⁸⁸
2075 5817 2204 5873 Mss.
2237 5827 2369 5884 tres,
2397 5819 2670 5875 voluntati.

1980 5885 2041 5928 δι’
2072 5887 2216 5946 Edit.
2246 5889 2441 5960 Lugd.,
2466 5890 2719 5963 quidquid
2742 5904 2816 5949 est
2839 5894 2976 5951 unde
2990 5896 3047 5950 in
3075 5901 3389 5965 peccantem.

3170 5979 3248 6042 16
