4322 6418
848 324 952 377 -491

2199 307 2458 364 JULIANI
2503 306 2772 364 POMERII

4023 299 4126 358 ΜΞ

859 438 986 504 ipsa:
1015 431 1175 487 etiam
1215 429 1571 499 cogitationes
1599 423 1792 480 secreti
1825 427 2028 490 reatus,
2059 429 2084 457 ι
2121 419 2434 475 crucialoria
2466 422 2514 478 Α
2543 420 2976 479 obtnntescentes
3008 417 3191 470 manib
3214 432 3256 472 :s
3285 425 3338 471 et
3366 415 3591 488 pedibus
3623 415 3796 485 ligari,
3829 415 3930 470 nisi
3965 414 4015 468 in
4049 415 4124 468 in-

860 522 1232 580 recordatione
1258 521 1565 576 coniiciunt.

1460 647 1684 705 CAPUT
1725 647 1836 703 XII.

865 772 940 828 De
962 777 1135 845 futuro
1148 767 1373 840 judicio,
1407 765 1483 819 uel
1507 763 1796 845 cternitate
1817 760 2077 829 supplicii,
2107 776 2166 814 ac
2187 761 2250 813 de
2271 759 2435 830 quali.

1458 845 1559 888 tate
1583 833 1849 906 gehennte.

932 976 982 1029 l.
1020 975 1129 1044 Age
1153 972 1264 1042 jam
1302 985 1425 1024 cum
1459 968 1524 1022 ad
1564 968 1689 1022 illud
1721 966 1964 1022 ultimum
1991 966 2250 1036 judicium
2279 981 2442 1021 vene-

858 1071 1048 1130 rimus,
1080 1064 1148 1118 ab
1173 1079 1238 1118 eo
1271 1060 1451 1132 judice
1480 1058 1774 1130 iudicandi,
1807 1059 1895 1126 qui
1929 1074 2024 1112 nec
2054 1059 2162 1112 falli
2198 1060 2440 1114 occulta-

858 1160 1004 1212 tione
1043 1155 1328 1211 criminum
1371 1161 1564 1222 potest,
1597 1164 1695 1203 nec
1724 1148 1750 1186 δ
1783 1149 1849 1203 ad
1900 1151 2267 1217 impunitatem
2316 1164 2439 1216 pro-

860 1246 1173 1302 merendam
1233 1244 1468 1298 muneris
1523 1240 1750 1310 alicujus
1793 1241 2065 1298 oblatione
2110 1241 2382 1310 corrumpi
2423 1257 2438 1293 :

863 1353 982 1391 eum
1012 1337 1274 1406 coeperint
1319 1333 1557 1387 otnnium
1602 1341 1806 1386 secreta
1841 1332 2090 1396 revelari,
2118 1342 2172 1388 et
2209 1349 2313 1386 non
2355 1347 2444 1386 so—

861 1430 970 1486 lum
1021 1436 1170 1481 actus
1215 1440 1277 1480 ac
1324 1425 1508 1490 verba,
1554 1425 1646 1478 sed
1697 1425 1858 1478 etiam
1911 1427 2044 1494 ipsa:
2091 1426 2442 1494 cogitationes

861 1519 1246 1587 ostendi:quid
1287 1518 1548 1572 faciemus
1572 1528 1595 1555 ε
1615 1518 1713 1571 sub
1744 1518 1875 1572 tanti
1907 1518 2101 1586 iudicis
2131 1517 2442 1587 majestate?

860 1609 998 1677 ρηὶό
1029 1609 1392 1664 excusationis
1423 1608 1718 1662 obtendere
1741 1607 2068 1676 poterimus?
2088 1610 2202 1674 Qua
2231 1624 2329 1664 nos
2350 1608 2443 1664 de-

861 1703 1122 1758 fensionis
1153 1711 1267 1756 arte
1316 1698 1691 1769 purgabimus‘l
1738 1699 1868 1764 Quae
1914 1700 2070 1754 nobis
2116 1699 2442 1754 subventura

2547 511 2720 580 terno,
2750 521 2789 547 ιη
2821 509 2906 565 ubi
2940 509 3048 564 Deo
3092 523 3250 563 nemo
3285 512 3592 574 conlitctur,
3636 509 3849 562 actione
3889 507 4126 576 privari?

2543 603 2685 657 sit-ut
2730 603 2783 658 in
2829 601 3120 657 exteriores
3152 602 3402 656 tenebras
3450 602 3609 665 mitti,
3656 599 3790 653 nihil
3826 599 3970 652 aliud
4021 599 4124 654 erit

2546 693 2691 747 ni~ia
2716 692 2959 757 Domino,
2987 691 3077 757 qui
3108 699 3191 744 est
3221 691 3480 745 mentium
3515 697 3714 756 lumen,
3747 688 3969 757 expelli.
4007 688 4126 743 Fle-

2546 795 2628 838 tus-
2659 796 2833 838 autem
2859 795 2910 838 et
2937 782 3138 838 stridor
3166 782 3405 835 dentium
3439 783 3734 835 acerrimos
3758 795 3940 834 eorum
3970 779 4124 834 dolo-

2546 891 2630 929 res
2673 876 2978 936 ostendunt,
3021 874 3110 940 qui
3152 872 3414 943 supplicio
3442 879 3470 907 ⁸³
3500 883 3718 926 aeternae
3750 872 3936 925 tuortis
3973 871 4124 924 addi-

2544 967 2636 1030 cti,
2688 983 2790 1019 non
2822 975 2845 1001 ο
2892 963 3104 1018 videndi
3148 974 3365 1017 sensum
3417 961 3647 1015 habituri
3692 969 3838 1024 sunt,
3884 959 3977 1015 sed
4024 959 4126 1014 do-

2546 1054 2713 1110 lendi.
2758 1056 2996 1121 Quorum
3038 1053 3320 1110 continuus
3350 1052 3602 1122 gemitus,
3654 1050 3926 1104 cruciatus
3965 1059 4127 1105 aeter-

2547 1161 2683 1211 nus,
2735 1146 2892 1199 dolor
2947 1159 3230 1209 summus,
3302 1144 3530 1214 pmnalis
3592 1156 3823 1205 sensus,
3877 1151 4127 1210 torquent

2545 1238 2773 1301 animus,
2809 1253 2908 1290 nec
2938 1246 3292 1304 extorquent;
3327 1235 3555 1305 puniunt
3596 1249 3833 1314 corpora.
3853 1231 4126 1296 damnata,

2545 1346 2594 1382 nt
2614 1344 2645 1383 c
2680 1329 2887 1383 lininnl.
2920 1329 3064 1395 Quos
3103 1327 3224 1380 ideo
3253 1327 3354 1380 sibi
3385 1327 3668 1394 deputatus
3697 1325 3835 1396 ignis
3867 1326 4128 1379 inexstin-

2544 1421 2756 1492 gnibilis
2789 1431 2816 1469 Ρ
2846 1437 2950 1474 non
2996 1419 3317 1489 exstinguit;
3369 1425 3427 1472 ut
3478 1428 3825 1485 permanente
3863 1416 4130 1472 sentiendi

2547 1525 2574 1564 ιι
2601 1515 2729 1580 vita,
2755 1529 2856 1583 pm.
2882 1530 2910 1567 a
2937 1513 3267 1581 permaneat,
3289 1519 3341 1565 et
3370 1511 3435 1565 ad
3462 1509 3751 1564 dolendum
3778 1511 3946 1579 magis
3967 1525 4126 1579 quam

2550 1618 2570 1644 ν
2601 1609 2664 1662 ad
2712 1606 2995 1660 vivendum
3040 1605 3258 1660 aeternis
3294 1604 3609 1672 corporibus
3657 1603 3989 1671 compeditos
4036 1602 4130 1655 ba-

2547 1702 2689 1765 lneat,
2723 1713 2856 1766 quos
2902 1699 2954 1752 in
3001 1698 3231 1752 ﬂammis
3257 1706 3279 1734 '
3311 1696 3586 1751 vivacibus
3623 1695 4002 1750 immortalitas
4043 1709 4129 1749 se-

861 1804 942 1850 83‘
974 1793 1310 1864 paenitentia,
1331 1790 1354 1828 ι]
1384 1807 1540 1862 quam
1580 1792 1632 1844 in
1664 1791 1764 1846 hac
1791 1807 1955 1846 carne
1978 1792 2442 1860 contempsimus?
2473 1777 2518 1837 Β
2549 1793 2738 1848 contire
2767 1790 2953 1846 mortis
2987 1789 3216 1844 occidat.
3247 1789 3364 1844 Jam
3401 1791 3420 1827 ί
3449 1803 3576 1840 vero
3617 1786 3758 1857 quod
3805 1787 3968 1842 dicit:
4004 1787 4129 1840 Ver-

861 1889 990 1954 Qnae
1019 1902 1115 1938 nos
1146 1884 1429 1939 defensura
1470 1893 1592 1936 sunt
1626 1896 1787 1950 opera
1822 1890 1846 1917 ο
1891 1883 2052 1946 bona,
2085 1897 2205 1950 quae
2245 1883 2296 1934 in
2349 1883 2447 1936 hac

862 1979 969 2031 vita
999 1992 1102 2031 non
1135 1975 1394 2030 ft-clmus?
1431 1973 1447 2012 ί
1482 1973 1561 2029 Ad
1589 1989 1722 2041 quos
1759 1975 2054 2042 apostolos,
2091 1984 2182 2028 aut
2202 1973 2276 2028 ad
2313 1990 2448 2043 quos

863 2072 998 2124 alios
1020 2083 1232 2122 sanctos
1262 2067 1581 2136 conlugituri
1605 2080 1813 2130 sumus,
1841 2081 2067 2136 quorum
2097 2067 2344 2135 exempla
2370 2069 2444 2121 si-

864 2163 972 2215 n.nl
1025 2179 1086 2218 ac
1139 2176 1202 2216 ve
1236 2163 1297 2215 ba
1343 2161 1721 2228 despeximus?
1768 2158 1849 2214 An
1891 2159 2028 2214 forte
2057 2170 2081 2207 8
2123 2161 2330 2229 aliquos
2376 2161 2447 2215 ibi

862 2253 1120 2321 fragilitas
1167 2252 1414 2319 corporis
1459 2250 1774 2304 excusabit?
1826 2248 1932 2306 Sed
1976 2251 2314 2305 excusationi
2356 2265 2450 2305 eo—

849 2358 979 2396 rrum
1025 2342 1397 2396 reclamabant
1430 2342 1668 2395 omnium
1714 2341 1957 2410 exempla
1988 2350 2319 2406 sanctorum,
2360 2343 2449 2409 qui

865 2430 888 2468 δ
917 2448 1038 2487 cum
1066 2432 1347 2501 fragilitate
1374 2433 1549 2486 carnis
1578 2431 1629 2484 in
1671 2446 1835 2486 carne
1883 2432 2148 2498 viventes,
2182 2431 2448 2502 fragilita-

866 2536 972 2578 tem
1003 2540 1032 2577 c
1069 2523 1181 2576 ruis
1206 2522 1262 2576 in
1293 2538 1457 2577 carne
1488 2525 1787 2587 vincentes,
1813 2523 1953 2591 quod
1980 2521 2243 2586 fecerunt,
2270 2523 2453 2592 utique

865 2614 979 2666 liezi
1024 2627 1180 2680 posse
1210 2612 1512 2666 docuerunt
1545 2628 1555 2662 :
1593 2611 1844 2674 maxime,
1890 2613 2011 2680 quia
2045 2627 2142 2666 nec
2185 2612 2284 2680 ipsi
2329 2627 2453 2680 pec—

864 2712 984 2757 cato
1034 2717 1128 2756 sua
1174 2701 1388 2767 virtute,
1430 2701 1524 2755 sed
1562 2698 1576 2736 ί
1611 2701 1820 2755 Domini
1869 2701 2178 2755 miserantis
2215 2701 2448 2769 auxilio,

869 2793 1180 2850 restiterunt
1207 2811 1219 2846 :
1244 2795 1336 2861 qui
1385 2807 1445 2847 se
1483 2802 1537 2846 et
1577 2807 1680 2846 non
1711 2793 2098 2862 quaerentibus,
2134 2803 2193 2848 ut
2245 2809 2452 2862 quaera-

869 2896 974 2950 tur,
1005 2895 1166 2952 atque
1208 2884 1260 2938 iu
1301 2900 1422 2938 eum
1458 2884 1725 2960 credatur,
1774 2886 2042 2943 os'endit:
2089 2894 2144 2940 et
2171 2887 2453 2941 credentes

871 2975 920 3029 in
957 2990 1036 3040 se,
1073 2991 1138 3028 ne
1183 2990 1212 3028 a
1255 2984 1475 3043 peccato
1514 2975 1813 3040 vincantur,
1871 2975 2068 3030 iuvit-ta
2121 2978 2454 3046 pr0Icctione

871 3065 1131 3119 defendit.
1805 3081 1810 3090 ί

2548 1885 2644 1936 mis
2665 1899 2840 1936 eorum
2859 1898 2956 1935 non
2986 1882 3255 1944 morietur,
3280 1891 3325 1933 et
3353 1881 3486 1950 ignis
3509 1895 3683 1932 eorum
3715 1896 3815 1932 non
3840 1881 4131 1950 exstingue-

2551 1983 2635 2026 tur
2663 1970 2824 2042 (lsai.
2858 1987 2997 2036 vat,
3027 1969 3142 2041 24).
3190 1969 3255 2025 ad
3289 1980 3455 2023 totam
3499 1967 3730 2022 refertur
3769 1969 4005 2023 damnati
4039 1969 4134 2023 bo-

2551 2063 2708 2116 minis
2753 2077 3000 2130 pmnam;
3059 2075 3222 2128 quem
3275 2059 3567 2115 ineiﬂcacis
3613 2060 3943 2128 Pmnitcntiae
3994 2060 4132 2129 ignis

2548 2153 2743 2214 esurit.
2775 2161 2828 2206 et
2857 2151 3225 2206 consumentis
3261 2148 3608 2204 conscientia:
3631 2150 3829 2204 vermis
3857 2151 4133 2203 immorta-

2552 2242 2673 2297 liter
2701 2242 2856 2296 rodit.
2891 2250 2918 2278 ιι
2954 2242 3184 2296 Proinde
3222 2254 3412 2294 omnes
3443 2240 3532 2307 qui
3575 2241 3628 2294 in
3666 2242 3912 2309 gebenna
3942 2242 4130 2296 dicun-

2554 2347 2638 2390 tur
2660 2335 2853 2397 occidi.
2885 2350 2991 2389 non
3022 2333 3077 2388 id
3123 2347 3244 2388 cum
3276 2332 3381 2387 illis
3421 2333 3613 2403 agitur,
3641 2343 3699 2387 ut
3723 2333 3977 2390 maximis
4006 2348 4134 2390 coa-

2554 2428 2750 2495 sumpti
2781 2427 3081 2493 doloribus,
3109 2425 3399 2496 aliquando
3426 2425 3711 2491 deﬁciant;
3745 2425 3836 2481 sed
3865 2437 3924 2481 ut
3952 2427 4005 2482 in
4030 2427 4136 2482 illis

2556 2522 2840 2592 poenaliter
2878 2522 3081 2574 vivant.

2629 2613 2682 2665 3.
2714 2611 2839 2666 lltcc
2879 2621 2934 2668 et
2978 2613 3063 2666 bis
3107 2613 3303 2668 similia
3339 2614 3569 2669 libenter
3597 2613 3784 2668 audire
3821 2613 3908 2668 vel
3938 2613 4134 2683 legere,

2556 2701 2749 2771 iugiter
2774 2711 2898 2756 ante
2920 2704 3102 2757 oculos
3130 2703 3324 2757 mentis
3353 2702 3642 2768 adducere,
3670 2701 3847 2758 futura
3888 2703 4136 2767 credere,

2555 2795 2672 2848 sine
2697 2795 2801 2848 ulla
2834 2796 3236 2862 perturbatione
3275 2804 3538 2862 metuere,
3571 2796 3812 2866 cogitare
3834 2796 3994 2865 quale
4021 2810 4138 2849 ma-

2559 2887 2668 2940 lum
2710 2888 2777 2941 sit
2808 2887 2876 2940 ab
2925 2886 3016 2940 illo
3061 2888 3257 2956 gaudio
3298 2889 3490 2942 divinte
3535 2887 4007 2958 contemplationis
4049 2902 4141 2941 ex-

2557 2976 2722 3039 cludi,
2766 2977 3068 3030 beatissima
3101 2986 3411 3031 sanctorum
3455 2979 3695 3032 omnium
3742 2978 4003 3032 societate
4035 2977 4144 3045 pri-

2476 3069 2521 3136 Ἀ
2561 3066 2695 3131 vari,
2728 3066 2842 3121 ﬁeri
2885 3069 3069 3136 patri-.e
3099 3068 3342 3122 caelestis
3378 3079 3672 3132 extorrem,
3707 3069 3843 3122 mori
3868 3070 3987 3122 vita:
4027 3069 4145 3123 bea-

939 3156 992 3208 2.
1024 3155 1159 3220 Quid
1192 3169 1320 3224 ergo
1349 3155 1655 3224 responsuri
1697 3165 1842 3222 sunt,
1875 3155 1923 3210 si
1963 3157 2044 3210 eis
2075 3156 2334 3211 Dominus
2373 3157 2450 3211 di-
2481 3133 2526 3193 Ο
2565 3167 2650 3220 tae,
2683 3157 2840 3210 morti
2861 3158 3039 3211 vivere
3062 3158 3426 3226 sempiternae,
3457 3158 3508 3212 in
3540 3169 3798 3212 aeternum
3827 3158 3999 3228 ignem
4021 3171 4146 3213 cum

872 3256 957 3300 cat
989 3263 1000 3298 :
1025 3246 1079 3300 Si
1115 3246 1383 3314 potuistis,
1411 3260 1577 3314 quare
1601 3259 1705 3299 non
1729 3245 2002 3301 reStitistis
2025 3248 2307 3302 desideriis
2332 3263 2456 3316 pec-

876 3337 1159 3390 caturum?
1190 3339 1232 3389 si
1278 3353 1381 3389 non
1426 3336 1692 3404 potuistis,
1721 3353 1888 3404 quare
1917 3353 2094 3391 meum
2125 3350 2308 3392 contra
2332 3354 2457 3407 pec-

877 3440 994 3483 catu
1048 3444 1152 3481 non
1197 3428 1467 3497 qumsistis
1509 3429 1806 3482 auxilium?
1856 3438 1949 3483 aut
1976 3431 2259 3495 vulnerati,
2293 3447 2459 3500 quare

880 3523 894 3573 i
937 3521 1247 3590 pceuitendo
1290 3537 1395 3574 non
1442 3519 1758 3575 adltibui~tis
1805 3522 2011 3578 vulneri
2055 3534 2236 3578 vestro
2280 3540 2459 3580 reme-

878 3613 1060 3665 dintu?
1091 3610 1115 3649 ¹ι
1143 3610 1330 3666 Nonne
1360 3611 1423 3664 ad
1463 3611 1577 3665 lucc
1607 3613 2070 3680 obmutescentes,
2116 3623 2172 3670 et
2210 3616 2334 3685 quid
2367 3632 2458 3672 ex-

878 3705 1170 3759 cusationis
1209 3707 1442 3759 relerant
1479 3720 1584 3758 non
1627 3705 1906 3772 habentes,
1939 3706 2079 3762 dicet
2116 3724 2130 3761 :
2165 3707 2342 3781 Ligate
2380 3727 2464 3765 eos

882 3798 1110 3849 manibus
1142 3806 1190 3849 et
1230 3795 1464 3866 pedibus,
1509 3806 1554 3847 et
1582 3796 1762 3848 mittite
1785 3797 1838 3848 in
1879 3797 2108 3851 tenebras
2145 3802 2463 3855 exteriores:

870 3889 950 3938 tibi
987 3889 1082 3939 erit
1121 3888 1272 3955 ﬂetus
1319 3899 1361 3938 et
1401 3885 1589 3938 stridor
1617 3887 1883 3951 dentium;
1917 3887 1999 3939 ubi
2030 3891 2212 3940 vermis
2246 3888 2264 3926 ι
2292 3907 2468 3946 eorum

883 3994 981 4028 non
1007 3979 1270 4036 morietur,
1296 3985 1339 4026 et
1366 3976 1493 4043 ignis
1532 3992 1706 4028 eorum
1741 3993 1843 4029 non
1872 3980 2224 4048 exstinguetur
2243 3981 2462 4050 (Matth.

886 4084 1020 4132 aut,
1063 4069 1157 4128 ts;
1192 4065 1314 4119 lsai.
1343 4082 1484 4128 tvvt,
1529 4068 1625 4122 24:
1659 4065 1823 4120 Marc.
1868 4083 1944 4133 tx,
1967 4068 2092 4137 ’ὀᾶ).
2128 4068 2190 4123 Ει
2220 4074 2343 4139 quid
2385 4087 2466 4129 est

958 4278 979 4302 τι
1006 4267 1099 4320 Ms.
1137 4265 1266 4338 Reg.
1319 4279 1471 4326 unus,
1521 4276 1585 4338 εἰΔ
1608 4267 1742 4318 male
1778 4264 1873 4316 sibi
1900 4265 2102 4338 conscia
2133 4278 2315 4330 mente,
2342 4271 2465 4338 ipsa:

884 4341 1035 4391 etiam
1061 4336 1385 4404 cogitationes
1412 4335 1586 4386 st'creti
1608 4344 1798 4398 reatus,
1825 4336 2109 4387 cruciatum
2139 4352 2199 4387 ac
2225 4335 2466 4391 recorda—

889 4412 1074 4459 tionem
1117 4405 1409 4472 conficiunt.
1446 4406 1543 4458 Ms.
1571 4404 1723 4457 Colb.
1754 4419 1910 4467 unus,
1944 4405 2229 4472 etCamh.,
2260 4419 2306 4460 et
2336 4410 2468 4462 male

2562 3245 2776 3300 diabolo
2801 3255 2853 3300 et
2874 3247 3076 3318 angelis
3103 3248 3222 3317 ejus
3251 3248 3471 3317 expelli,
3515 3247 3607 3302 ubi
3647 3249 3716 3303 sit
3739 3263 3885 3303 mors
3909 3247 4147 3302 secunda

2563 3336 2830 3390 damnatis
2870 3337 3137 3401 exsilium,
3182 3337 3287 3391 vita
3326 3338 3676 3406 supplicium,
3720 3353 3824 3392 non
3856 3339 4059 3394 sentire
4095 3337 4148 3395 in

2567 3427 2658 3481 illo
2694 3428 2814 3496 igne
2837 3427 2976 3496 quod
3013 3428 3297 3494 illuminat,
3324 3429 3524 3484 sentire
3550 3431 3691 3500 quod
3722 3432 3943 3497 cruciat,
3979 3446 4147 3486 exun-

2567 3518 2708 3572 datis
2747 3519 2980 3573 incendii
3023 3518 3293 3573 terribiles
3338 3521 3576 3589 crepitus
3617 3521 3746 3590 pati,
3788 3521 4026 3576 barathri
4069 3521 4148 3576 fu-

2570 3613 2765 3666 mantis
2813 3625 2994 3666 amara
3049 3611 3277 3682 caligine
3315 3614 3500 3670 oculos
3545 3614 3829 3678 obcatcari,
3884 3614 4150 3684 profundo

2569 3708 2829 3776 gehennae
2871 3708 3178 3763 ﬂuctuantis
3219 3709 3486 3780 immergi,
3527 3709 3860 3765 edacissimis
3899 3710 3954 3763 in
3993 3718 4151 3764 atter-

2573 3817 2698 3856 num
2749 3800 2994 3855 dilaniari
3042 3800 3336 3863 vermibus,
3381 3815 3480 3855 nec
3520 3798 3658 3854 ﬂniri
3691 3818 3702 3851 ε
3733 3799 3848 3854 hmc
3889 3810 3945 3856 et
3987 3800 4150 3855 multa

2572 3892 2767 3946 similia
2797 3893 3051 3960 cogitare,
3098 3890 3229 3944 nihil
3259 3903 3339 3945 est
3365 3891 3508 3946 aliud
3546 3907 3702 3962 quam
3730 3892 3873 3946 vitiis
3906 3891 4154 3947 omnibus

2577 3985 2856 4050 repudium
2893 3982 3045 4046 dare,
3093 3991 3147 4036 et
3185 3985 3362 4036 omnia
3394 3982 3757 4037 blandimenta
3797 3984 4030 4037 carnalis
4063 3997 4152 4039 re-

2574 4075 2809 4130 frenare.
2839 4073 2946 4130 Sed
2977 4087 3074 4128 nos
3092 4073 3223 4143 jam,
3265 4075 3306 4126 si
3358 4074 3582 4139 videtur,
3607 4074 3674 4128 ab
3717 4074 3797 4129 bis
3825 4074 4154 4130 terribilibus

2577 4270 2808 4325 manibus
2829 4280 2876 4325 et
2898 4271 3108 4337 pedibus
3131 4273 3309 4325 mittite
3327 4288 3432 4335 eos,
3450 4281 3556 4326 etc.
3589 4272 3707 4326 Mss.
3741 4274 3890 4328 Colb.
3919 4274 4044 4339 ddo,
4064 4278 4157 4330 ob-

2575 4342 3047 4416 mutescentibuspet
3063 4343 3186 4416 quid
3196 4343 3772 4416 excusationisfeferant
3791 4344 3950 4416 [unus
3971 4361 4035 4400 ex
4071 4345 4156 4402 bis

2579 4410 2816 4485 ret/dant]
2848 4429 2950 4485 non
2982 4413 3277 4485 habentibus
3318 4415 3481 4476 dicet,
3526 4410 3723 4485 Ligatis
3767 4410 3938 4468 eorum
3984 4417 4155 4470 inani-

893 4479 986 4554 sibi
1008 4476 1258 4554 consciunt
1289 4485 1570 4552 mentem...
1598 4475 1827 4554 cruciatu
1845 4491 1911 4554 ac
1932 4477 2281 4554 recordatione
2302 4481 2464 4548 conﬁ-
2495 4485 2545 4544 Ι)
2573 4484 2682 4545 bus,
2712 4475 2816 4541 etc:
2843 4482 3019 4554 Alius:
3041 4481 3216 4550 Ligate
3239 4500 3342 4547 eos,
3365 4475 3475 4538 etc.
3497 4475 3684 4538 Msfex
3713 4485 3889 4554 Regiis
3909 4500 4046 4539 unus
4062 4486 4158 4539 ha-

889 4551 1042 4600 ciunt.
1072 4548 1236 4605 Alter,
1267 4548 1497 4596 cruciant
1525 4560 1584 4615 ac
1605 4544 2035 4615 recordationibus
2066 4548 2364 4615 conﬁciunt.

961 4617 989 4655 δ
1019 4617 1112 4668 Ms.
1143 4630 1277 4668 uitus
1307 4614 1484 4673 Colb.,
1512 4614 1574 4665 ab
1597 4614 1900 4679 impunitate
1927 4621 2281 4682 promerendo.

962 4698 985 4724 ⁸
1019 4686 1114 4738 Ms.
1145 4699 1283 4738 unus
1315 4685 1464 4751 Reg.,
1498 4684 1592 4737 sub
1615 4694 1776 4737 tanta.

963 4756 987 4791 ἀ
1021 4758 1117 4808 Ms.
1147 4771 1303 4820 Unus,
1332 4771 1483 4823 quant
1509 4764 1708 4823 gratare
1730 4769 1902 4807 carne.

966 4837 987 4862 τε
1015 4827 1110 4878 Ms.
1143 4841 1278 4878 unus
1308 4834 1452 4877 caret
1483 4827 1580 4876 hac
1605 4839 1755 4886 voce,
1790 4823 1938 4876 bona.

967 4895 986 4932 ί
1016 4897 1109 4947 Ms.
1143 4911 1276 4949 unus
1310 4910 1323 4947 :
1358 4896 1434 4946 Ad
1460 4911 1586 4963 quos
1611 4897 1870 4961 apostolos
1904 4895 2110 4956 ibimus,
2144 4908 2234 4949 aut
2261 4901 2328 4950 ad
2353 4916 2480 4968 quos

894 4969 1046 5026 alios,
1074 4976 1177 5018 etc.
1903 5013 1906 5016 .

968 5046 990 5082 ε
1027 5035 1125 5109 Ms.
1157 5033 1318 5109 C_0tb._
1349 5050 1506 5109 unus,
1534 5034 1704 5102 aliqua
1739 5049 1792 5109 se
1817 5034 1905 5086 ibi.
1944 5034 2071 5103 Reg.
2107 5051 2262 5099 unus.
2302 5042 2476 5109 aliqua

895 5106 1013 5158 sibi.
1044 5104 1140 5157 Ms.
1175 5103 1214 5157 C
1235 5105 1383 5168 tlltb.,
1415 5105 1590 5172 altqua
1627 5105 1902 5172 fragilitas.

965 5173 992 5210 ιλ
1040 5173 1131 5227 H;e
1165 5190 1344 5236 voces,
1372 5192 1484 5226 cttm
1521 5175 1796 5243 fragilitate
1836 5174 2005 5226 carnis
2037 5175 2090 5227 in
2130 5193 2282 5232 carne
2303 5181 2476 5235 viven-

897 5254 989 5315 tes,
1021 5248 1214 5296 absunt
1238 5259 1264 5295 a
1295 5255 1422 5296 mss.
1467 5244 1616 5298 Colb.
1661 5254 1910 5315 quatuor,
1943 5254 1995 5297 et
2027 5245 2206 5315 Regiis
2241 5251 2472 5306 duobus.

902 5313 1031 5380 Reg.
1063 5329 1199 5366 unus
1231 5315 1327 5388 :‘in
1358 5330 1510 5366 carae
1547 5317 1734 5388 uiuente
1758 5313 1928 5388 μοι-ιθ
1948 5313 2220 5388 ⁸ιιίιεεηὶεεῆ,
2263 5336 2476 5386 superu-

899 5392 1070 5453 uerunt
1098 5384 1275 5453 :quod
1300 5388 1547 5453 fecerunt,
1574 5396 1676 5438 etc.
1709 5385 1880 5447 Altus,
1911 5385 2160 5440 vincentes
2180 5384 2402 5446 tantum.

980 5449 994 5488 ί
1031 5449 1158 5507 Mss.
1185 5449 1313 5516 duo,
1344 5453 1458 5506 Dei.

975 5524 990 5590 1
1027 5521 1126 5575 Ms.
1159 5539 1316 5588 unus,
1349 5539 1451 5576 non
1472 5522 1776 5590 panitendo.

973 5588 997 5665 ξ
1030 5591 1132 5665 Ms.
1169 5608 1348 5665 unus._
1368 5588 1606 5665 reddant.
1641 5593 1833 5665 Totum
1866 5595 2039 5650 locum
2070 5599 2148 5651 sic
2180 5599 2474 5665 prml’erunt

906 5656 991 5710 alii
1021 5661 1250 5717 codices.
1278 5662 1398 5716 'Ms.
1437 5662 1647 5725 Camb.,
1697 5662 1947 5722 Nunquid
1992 5669 2060 5719 ad
2099 5656 2208 5721 hare
2246 5672 2474 5725 obmute-

906 5733 1169 5798 srentibus,
1207 5742 1253 5786 et
1294 5734 1365 5786 nil
1395 5733 1731 5789 excusationis
1772 5735 2068 5790 habentibus
2089 5739 2232 5794 dicit.
2275 5740 2470 5813 Ligatis

2572 4554 2663 4624 bet
2681 4567 2892 4624 quoque
2921 4569 2934 4604 :
2972 4552 3160 4618 Ligatis
3191 4555 3420 4608 manibus
3440 4564 3486 4608 et
3505 4554 3739 4624 pedibus,
3764 4552 3966 4621 mittite,
3994 4566 4102 4611 etc.

2654 4620 2667 4658 ι
2707 4621 2801 4674 Ms.
2829 4622 2958 4688 Reg.
2991 4638 3147 4689 unus,
3177 4640 3368 4676 vermes
3389 4620 3561 4677 eorum
3584 4642 3686 4678 non
3717 4620 4018 4680 morientur.

2649 4702 2685 4728 ω
2718 4691 2814 4746 Ms.
2846 4692 2998 4746 Colb.
3034 4709 3190 4755 unus,
3235 4697 3316 4746 ubi
3344 4693 3504 4748 Deum
3537 4711 3683 4748 nemo
3714 4698 4003 4763 conﬁtetur,
4034 4699 4153 4752 boni

2579 4763 2745 4833 aperis
2771 4763 2967 4815 actione
2998 4765 3204 4832 privari.
3231 4765 3330 4818 Ms.
3360 4769 3514 4832 alter,
3546 4763 3650 4818 Deo
3682 4766 4019 4833 conﬁtebitur.

2653 4841 2679 4868 ιι
2709 4832 2803 4886 Ms.
2836 4849 2994 4894 υιιιις,
3031 4835 3371 4896 sempiterna}.

2657 4911 2681 4936 °
2708 4905 2830 4954 Mss.
2866 4914 2997 4966 tres,
3027 4919 3127 4954 non
3160 4905 3376 4957 vivendi.

2651 4982 2679 5020 ι)
2706 4972 2999 5044 Μ-εκιτθε,
3030 4989 3129 5025 non
3148 4977 3453 5044 cxstinguel.

2653 5053 2680 5091 ιι
2714 5043 2810 5095 Ms.
2842 5042 2973 5111 Reg.
3017 5058 3185 5120 unus,
3206 5042 3454 5120 sentiendi
3489 5063 3661 5120 pana,
3706 5049 3830 5101 vita.
3880 5048 3976 5103 Ms.
4002 5047 4158 5105 Colb.

2583 5127 2740 5234 unu‘s,
2773 5120 2826 5164 ut
2855 5116 3185 5180 permanendi
3224 5116 3571 5189 sentiendique
3592 5121 3692 5172 vita
3712 5120 3766 5174 in
3797 5135 3944 5189 pana
3965 5136 4160 5190 perma-

2583 5199 2674 5234 nea
2703 5221 2716 5234 .

2582 5199 2695 5236 neat
2703 5221 2716 5236 ο

2657 5262 2678 5289 τ
2713 5254 2839 5309 Mss.
2864 5254 2991 5318 duo,
3027 5269 3088 5307 ac
3119 5255 3411 5313 videndum.

2659 5332 2680 5359 '
2713 5325 2810 5379 Ms.
2845 5337 3001 5391 unus,
3034 5327 3320 5380 ueracibus.

2663 5394 2682 5430 ί
2714 5396 2856 5465 llrec,
2887 5410 3002 5448 vero
3039 5398 3175 5465 quod
3205 5395 3351 5461 dicit,
3399 5413 3503 5453 non
3547 5406 3675 5455 sunt
3718 5399 3771 5453 in
3819 5413 3951 5454 mss.
3984 5415 4082 5456 nec
4113 5406 4160 5457 is

2589 5462 2778 5533 Lngd.,
2812 5462 3343 5539 quorum’quinque:
3382 5470 3450 5522 ad
3479 5479 3637 5523 totam
3668 5473 3998 5539 referuntur;
4032 5487 4164 5526 unus

2589 5549 2735 5602 vero,
2759 5541 2871 5656 {om
2895 5539 3013 5604 quia
3047 5537 3302 5592 vermis...
3327 5540 3393 5592 ad
3429 5548 3585 5594 totam
3611 5537 3851 5611 refertur.
3888 5541 4054 5612 Lugd.
4083 5559 4134 5595 re

2589 5621 2763 5656 servon
2793 5623 2871 5656 nr.

2585 5621 2784 5657 servant
2793 5623 2871 5658 ur.

2658 5685 2680 5710 υ
2705 5676 2800 5730 iis.
2834 5691 2986 5742 unus,
3027 5675 3303 5744 Quoniam.
