4516 6408
213 424 315 479 67

1268 411 1357 466 DE
1404 409 1560 463 VITA
1599 406 2175 463 CUNTEMPIATIVA
2218 406 2343 463 LIB.
2389 407 2474 465 III.

3418 411 3521 463 493

214 542 379 609 ipsius
432 536 523 589 Dei
556 534 842 603 nostri'pcr
891 538 1135 584 sanctum
1190 526 1451 595 Joannem
1506 523 1808 590 apostolum
1844 527 2065 595 Ajuxta
2098 528 2225 584 illud
2259 532 2399 601 quod
2456 529 2585 585 dicit
2630 528 2862 599 Spiritus
2908 540 3153 599 sanctus,
3184 528 3211 567 ιι
3248 530 3520 584 ordinavit

213 644 316 682 vox
344 634 449 691 est,
482 625 713 681 dicentis
747 639 761 677 :
799 619 975 675 Nolite
1023 617 1236 689 diligere
1273 616 1519 669 mundum
1568 612 1620 683 (I
1653 612 1812 666 lcan.

214 734 273 783 ιι,
310 714 420 785 15).
450 715 659 785 Corpus
687 720 864 767 autem
904 718 1170 772 nostrum,
1203 707 1327 775 quia
1365 719 1487 774 pars
1514 705 1679 758 nostri
1707 713 1809 767 est,

213 809 280 863 ad
306 808 408 862 hoc
432 805 589 861 nobis
616 814 695 859 est
721 801 1076 871 diligendum,
1120 807 1177 852 ut
1222 797 1381 851 saluti
1438 796 1578 864 ejus,
1612 808 1675 849 ac
1705 792 1813 848 fra-

210 900 406 970 gilitati
434 897 750 953 naturaliter
780 895 1145 956 consulamus,
1169 899 1225 945 et
1278 903 1497 957 agamus
1547 897 1813 955 quatenus

211 989 429 1058 spiritui
463 997 489 1024 ι
520 986 768 1040 ordinate
807 983 1128 1052 subjectum,
1163 980 1225 1034 ad
1260 991 1514 1037 maternam
1559 978 1807 1041 salutem,

210 1087 432 1149 accepta
464 1076 892 1140 immortalitate,
941 1083 994 1127 et
1048 1070 1453 1137 incorruptione
1498 1070 1807 1139 perveniat;

213 1186 323 1226 non
372 1170 484 1225 suis
540 1167 899 1238 voluptatibus
962 1162 1280 1229 diffluentia,
1328 1164 1530 1231 animat
1576 1161 1808 1230 rigorem

213 1264 317 1317 sibi
345 1261 590 1317 cedentis
640 1258 901 1319 emolliat,
956 1256 1244 1324 puritatem
1294 1254 1519 1322 polluat,
1559 1261 1614 1306 et
1643 1260 1808 1305 totam

211 1354 530 1423 dignitatem
576 1367 687 1406 sum
748 1349 774 1387 δ
817 1347 1191 1403 delectationis
1237 1346 1426 1399 morlio
1473 1352 1806 1413 corrumpat.

213 1444 497 1498 Proximos
534 1453 712 1497 autem
762 1451 889 1496 tunc
934 1439 1207 1509 diligimus
1256 1438 1394 1492 sicut
1445 1452 1564 1503 nos,
1608 1438 1653 1491 si
1702 1453 1808 1491 non

211 1547 433 1605 preptcr
463 1536 669 1604 aliquas
701 1533 956 1588 utilitates
983 1542 1219 1594 nostras,
1267 1544 1373 1583 non
1432 1539 1649 1598 propter
1688 1543 1808 1599 ape-

209 1636 327 1682 rata
390 1626 645 1682 beneficia
712 1625 795 1680 vel
854 1632 1095 1692 accepta,
1130 1636 1237 1676 non
1268 1630 1491 1691 propter
1516 1621 1809 1676 affinitates

209 1717 297 1772 vel
321 1716 846 1786 consanguinitates;
870 1714 966 1769 sed
1006 1724 1223 1782 propter
1273 1712 1377 1765 hoc
1405 1720 1636 1777 tantum,
1662 1714 1803 1782 quod

205 1817 335 1863 sunt
363 1816 568 1862 natura:
596 1814 792 1861 nostrae
813 1804 1122 1875 participes,
1154 1804 1435 1873 diligamus
1485 1820 1499 1856 :
1546 1806 1669 1873 quia
1698 1820 1805 1858 non

1921 627 1974 677 in
2030 641 2111 679 me
2140 626 2402 677 caritatem
2435 623 2607 694 (Cant.
2640 639 2697 689 lt,
2730 624 2786 694 ι)
2808 641 2821 689 ;
2843 632 2901 677 ut
2930 624 3072 678 sicut
3098 623 3346 676 ordinata
3378 626 3517 677 cari-

1920 731 2001 774 tas
2026 720 2220 789 poscit,
2255 719 2423 773 Deum
2455 717 2825 787 principaliter
2855 716 3177 785 diligamus;
3221 723 3275 769 et
3304 724 3522 783 propter

1918 814 2114 883 ipsum,
2148 812 2199 866 in
2229 810 2347 879 ipso
2368 826 2428 867 ea
2453 825 2573 881 quae
2623 808 2892 879 diligenda
2936 814 3081 873 sunt,
3109 816 3314 861 tantum
3345 820 3520 874 quan-

1918 916 2027 959 tum
2088 906 2203 973 ipse
2230 904 2473 974 praecipit
2516 902 2800 970 diligamus
2862 898 3047 972 (Leuit.
3094 914 3206 963 xix,
3238 897 3351 965 l9).
3404 897 3523 964 Ipse

1914 1000 2059 1055 enim
2106 997 2121 1033 ί
2190 998 2433 1066 prtecipit
2492 1005 2549 1049 ut
2603 1009 2832 1058 c0rpora
2891 1000 3073 1046 nostra
3125 999 3345 1058 prepter
3400 1002 3519 1051 nos,

1916 1092 2191 1161 proximos
2226 1087 2239 1137 Ι
2273 1087 2413 1143 sicut
2436 1102 2555 1151 nos,
2570 1096 2623 1141 et
2648 1086 2818 1155 ipsum
2846 1083 2963 1151 plus
2988 1096 3148 1152 quam
3173 1094 3272 1135 nos
3296 1080 3525 1149 diligere

1914 1183 2208 1238 debeamus
2239 1178 2459 1249 (Matth.
2494 1177 2628 1245 χχιι)
2660 1192 2675 1231 :
2707 1176 2775 1229 ita
2806 1189 2957 1239 sane,
2984 1183 3042 1226 ut
3072 1173 3152 1226 eis
3198 1185 3335 1239 quos
3360 1169 3519 1223 nobis

1912 1274 2313 1345 conjunctiores
2366 1271 2701 1326 familiaritas
2756 1267 2909 1330 facit,
2967 1266 3011 1319 si
3070 1278 3163 1317 eos
3219 1263 3358 1315 fama
3410 1276 3520 1313 non

1914 1370 2189 1439 reprobat,
2217 1376 2271 1423 et
2301 1366 2408 1421 vita
2438 1362 2805 1425 commendat,
2832 1374 2929 1415 nos
2966 1359 3199 1427 amplius
3241 1355 3518 1425 impenda-

1913 1460 2328 1527 tnus,omnium
2376 1456 2647 1527 profectus
2700 1464 2914 1507 nostros
2954 1465 3077 1506 esse
3126 1448 3432 1512 credamus,
3467 1455 3529 1499 et

1911 1556 1978 1611 de
2009 1555 2236 1607 aliorum
2265 1551 2498 1622 peccatis
2527 1558 2779 1617 tanquam
2809 1545 2877 1601 de
2924 1542 3123 1598 nostris
3154 1538 3521 1595 misvricordi-

1916 1657 1996 1703 ter
2027 1650 2321 1716 lugeamus.
2350 1644 2438 1698 Sic
2467 1657 2595 1711 ergo
2624 1646 2851 1709 possunt
2878 1638 2931 1690 in
2960 1640 3062 1691 bac
3099 1635 3208 1688 vita
3262 1632 3335 1687 illi
3392 1644 3516 1687 esse

1911 1739 2127 1810 perfecti
2156 1779 2170 1801 ,
2202 1736 2292 1804 qui
2321 1733 2559 1802 perfecte
2579 1731 2807 1799 diligunt
2833 1729 2998 1783 Deum
3025 1744 3039 1791 ;
3083 1737 3137 1781 et
3171 1724 3243 1778 illi
3272 1724 3513 1793 perfecte

1915 1832 2079 1885 Deum
2108 1830 2359 1898 diligunt,
2388 1825 2478 1895 qui
2526 1822 2761 1880 volendo
2808 1821 2950 1891 quod
3003 1818 3301 1879 vultDeus.
3344 1826 3402 1871 et
3433 1832 3523 1869 no-

205 1922 303 1963 eos
323 1907 466 1960 sicut
493 1921 587 1958 nos
614 1905 758 1989 ipsos
784 1916 1051 1967 amamus,
1083 1900 1299 1969 quando
1331 1914 1553 1969 propter
1595 1901 1685 1954 illa
1712 1914 1795 1954 su-
1840 1895 1885 1956 B
1916 1923 1988 1977 [er

1743 1916 1795 1954 υ·
1840 1895 1885 1956 Β
1916 1922 2075 1977 lendo
2096 1895 2239 1991 quod
2273 1935 2377 1974 non
2401 1918 2536 1984 vult,
2568 1931 2665 1971 nec
2690 1914 2815 1969 ullis
2870 1912 3104 1981 peccatis
3128 1910 3319 1976 quibus
3347 1907 3522 1963 offen-

205 1998 390 2065 perius
437 1996 577 2050 dicta
628 1986 917 2064 diligimus.
969 1992 1153 2061 Neque
1213 1994 1355 2045 enim
1393 2000 1415 2029 α
1450 1991 1571 2046 ideo
1631 1992 1811 2061 proxi-

202 2102 351 2141 mum
383 2098 633 2157 tanquam
685 2074 921 2155 seipsum
973 2083 1146 2153 diligit
1200 2084 1463 2152 quisque,
1520 2082 1642 2151 quia
1701 2082 1801 2136 sibi

205 2178 396 2245 frater,
430 2188 521 2233 aut
557 2193 744 2240 soror,
780 2184 931 2245 pater
981 2184 1073 2228 aut
1114 2173 1275 2239 Illius,
1326 2182 1499 2228 mater
1554 2182 1647 2227 aut
1679 2175 1807 2240 lilia,

202 2282 376 2338 nepos
419 2278 513 2323 aut
562 2268 738 2337 neptis
768 2276 871 2321 est.
924 2264 1225 2319 Carnaliter
1283 2262 1482 2334 quippe
1522 2272 1689 2329 amat,
1720 2266 1807 2333 qui

204 2361 387 2414 taliter
411 2370 554 2415 amat
617 2376 632 2415 :
683 2360 932 2429 quoniam
979 2372 1090 2411 non
1118 2357 1191 2410 illi
1227 2364 1429 2409 tantum
1458 2357 1689 2423 proximi
1713 2371 1811 2410 no-

201 2450 302 2506 stri
326 2452 577 2507 credendi
602 2458 726 2504 suat
755 2490 769 2514 ,
802 2463 938 2519 quos
969 2448 1123 2503 nobis
1142 2446 1342 2517 gradus
1368 2447 1646 2514 sanguinis
1681 2448 1807 2515 jun-

200 2544 311 2612 git;
342 2546 435 2599 sed
468 2543 693 2612 proximi
720 2540 886 2597 nostri
917 2540 1168 2595 credendi
1193 2549 1319 2594 sunt
1345 2553 1536 2598 omnes
1567 2541 1811 2598 homines

203 2647 411 2690 naturae
444 2645 658 2699 nostra‘,
692 2632 830 2687 sicut
876 2632 1009 2697 dixi,
1052 2631 1363 2699 participes.
1418 2630 1550 2685 Nam
1599 2631 1643 2684 si
1687 2644 1812 2699 pro-

200 2725 437 2792 pinquos
468 2736 703 2791 nostros,
739 2723 981 2793 quamvis
1005 2722 1432 2790 imcompositos,
1490 2730 1695 2791 turpes,
1745 2734 1809 2775 ac

198 2816 346 2869 male
376 2824 633 2880 moratos,
662 2814 779 2883 plus
810 2828 970 2883 quam
1018 2812 1283 2882 quoslibet
1336 2820 1577 2875 sanctos,
1620 2826 1755 2880 quos
1777 2826 1807 2867 a

201 2908 360 2961 nobis
390 2907 681 2963 secundum
736 2905 1050 2974 sanguinem
1084 2917 1341 2957 vocamus
1369 2913 1681 2967 extraneos,
1713 2904 1791 2957 di-

202 3002 466 3070 ligamus;
503 3016 607 3055 non
639 3000 811 3054 solum
843 2998 1132 3054 carnaliter
1166 2997 1457 3065 diligimus,
1505 2996 1602 3050 sed
1637 2996 1803 3051 etiam

202 3093 441 3163 graviter
470 3091 522 3147 in
548 3092 637 3146 tali
669 3105 857 3146 eorum
887 3089 1177 3144 dilectione
1206 3101 1511 3157 peccamus.

272 3183 324 3237 5.
357 3183 591 3239 Proinde
622 3182 915 3239 secundum
949 3198 1045 3235 nos
1092 3182 1367 3250 proximos
1417 3195 1606 3235 omnes
1627 3180 1806 3251 diligi-

200 3291 343 3343 mus,
373 3276 589 3347 quando
618 3275 684 3329 ad
710 3289 888 3329 mores
927 3274 1118 3335 bonos,
1146 3281 1200 3327 et
1247 3271 1311 3326 ad
1343 3279 1603 3327 aeternam
1631 3270 1797 3326 vitam
1826 3264 1872 3329 C

199 3366 659 3436 consequendam,
684 3364 825 3419 sicut
878 3363 1053 3430 nobis,
1110 3361 1274 3419 saluti
1322 3376 1509 3417 eorum
1564 3362 1804 3417 consuli-

199 3473 355 3519 mus;
384 3458 597 3527 quando
620 3471 719 3511 nos
749 3456 800 3510 in
830 3470 1016 3510 eorum
1047 3454 1282 3521 peccatis
1314 3467 1378 3507 ac
1432 3453 1687 3522 periculis
1712 3467 1803 3508 co-

197 3551 469 3615 gitamus;
501 3559 556 3603 ct
583 3550 721 3605 sicut
762 3548 917 3602 nobis
956 3545 1231 3602 subveniri
1258 3542 1284 3582 δ
1320 3554 1590 3614 optamus,
1616 3546 1685 3599 ita
1721 3546 1801 3600 eis

199 3650 227 3681 ⁸
245 3657 347 3713 pro
363 3643 568 3697 viribus
584 3640 959 3705 subveuimus;
989 3648 1084 3694 aut
1108 3640 1153 3695 si
1184 3638 1407 3693 facultas
1433 3638 1684 3706 defuerit,
1700 3653 1798 3693 vo-

198 3734 461 3813 luntatem
492 3731 844 3788 subveniendi
869 3740 1138 3787 tenemus.
1177 3730 1517 3799 Quapropter
1559 3730 1676 3785 haec
1718 3740 1802 3785 est

198 3816 433 3893 proximi
486 3836 591 3879 tota
636 3825 878 3889 dilectio,
911 3831 969 3877 ut
1016 3824 1217 3879 bonum
1258 3822 1399 3892 quod
1433 3822 1524 3877 tibi
1557 3822 1799 3879 conferri

195 3918 302 3985 vis,
333 3916 470 3971 velis
499 3925 554 3971 et
582 3916 869 3984 proximo;
908 3912 927 3952 ί
959 3924 1015 3968 et
1070 3913 1293 3980 malum,
1328 3913 1470 3983 quod
1513 3913 1609 3968 tibi
1659 3913 1800 3968 nolis

196 4004 467 4067 accidere,
501 4005 639 4058 nolis
668 4015 721 4059 et
746 4004 1014 4071 proximo.
1047 4002 1124 4056 Illi
1173 4018 1305 4057 vero
1349 4002 1471 4072 plus
1524 4016 1685 4072 quam
1739 4017 1799 4058 se

193 4099 426 4167 diligunt
447 4098 634 4160 Deum,
666 4097 757 4165 qui
804 4111 903 4165 pro
942 4082 1073 4167 ejus
1098 4110 1283 4151 amore
1334 4109 1449 4149 sua:
1492 4095 1558 4149 ad
1585 4104 1799 4164 tempus

198 4190 361 4245 saluti
394 4204 501 4244 non
534 4198 793 4257 parcunt;
826 4189 1033 4255 seipsos
1057 4188 1493 4243 tribulationibus
1544 4202 1609 4243 ac
1655 4190 1797 4255 peri-

193 4281 333 4335 culis
383 4280 620 4343 tradunt,
660 4279 850 4333 nudari
906 4278 1247 4333 facultatibus
1280 4258 1551 4348 .propriis,
1608 4280 1796 4348 patrite

193 4388 309 4427 sum
364 4380 611 4427 extorres
643 4371 781 4435 fieri,
818 4370 1131 4439 parentibus
1174 4378 1230 4423 et
1282 4369 1542 4423 uxoribus
1576 4384 1638 4423 ac
1671 4370 1795 4424 filiis

192 4462 308 4518 suis
362 4461 668 4516 renuntiare
713 4461 885 4529 parati
941 4471 1095 4525 sunt;
1148 4467 1203 4514 et
1257 4467 1313 4513 ut
1364 4468 1535 4513 tetum
1593 4460 1790 4529 dicam,

193 4554 366 4623 ipsam
392 4550 633 4620 corporis
666 4557 892 4605 mortem
933 4566 1040 4603 non
1096 4549 1273 4605 solum
1323 4563 1430 4603 non
1487 4547 1784 4619 refugiunt,

1916 2014 2079 2080 ditur,
2105 2012 2487 2081 acquiescunt;
2513 2006 2574 2063 'et
2625 2020 2842 2076 semper
2896 2019 2954 2058 se
3005 2002 3069 2055 ad
3105 2001 3354 2063 virtutes,
3385 2013 3522 2068 quas

1916 2109 2030 2171 ipse
2047 2108 2297 2173 dignatur
2328 2105 2551 2166 donare,
2586 2099 2888 2171 diligendas
2913 2107 2967 2153 et
3013 2094 3307 2161 habendas,
3335 2100 3523 2147 exten-

1912 2200 2068 2254 dunt.
2096 2198 2159 2253 I‘Ii
2212 2205 2340 2252 sunt
2366 2198 2457 2266 qui
2486 2194 2666 2249 omnia
2714 2194 2850 2246 bona
2896 2207 3016 2257 quas
3046 2188 3274 2256 implere
3326 2195 3519 2255 potue-

1915 2293 2041 2354 rint,
2072 2292 2140 2345 ab
2164 2291 2255 2345 illo
2279 2305 2336 2343 se
2368 2288 2579 2355 adiutos
2614 2296 2668 2340 ut
2702 2285 2908 2353 possint
2942 2281 3207 2336 vt-raeiter
3254 2278 3519 2341 credunt;

1914 2382 2171 2452 quidquid
2206 2380 2228 2417 ι
2266 2379 2389 2436 mali
2421 2377 2817 2437 commiserint,
2867 2373 2997 2427 vitio
3047 2387 3160 2427 sua:
3218 2368 3515 2425 voluntatis

1914 2476 2226 2539 ascribunt;
2278 2471 2538 2543 qttidquid
2593 2470 2719 2525 boni
2768 2483 2871 2523 non
2925 2463 3201 2536 potuerint
3255 2462 3515 2529 implere,

1915 2572 1983 2627 ab
2010 2569 2101 2623 illo
2126 2578 2182 2623 ut
2212 2567 2420 2637 possint
2462 2564 2663 2633 jugiter
2700 2569 2920 2629 petunt;
2961 2572 3083 2611 cum
3114 2555 3412 2623 potuerint,
3441 2553 3518 2607 illi

1914 2666 2112 2735 gratias
2167 2668 2352 2732 agunt.
2408 2659 2551 2713 Bona
2600 2656 2719 2724 ejus
2767 2667 2886 2722 qua:
2940 2650 3141 2704 fuerint
3190 2646 3469 2701 consecuti
3499 2687 3515 2709 ,

1914 2764 2077 2821 etiam
2134 2760 2257 2814 aliis
2313 2755 2326 2792 ¹
2391 2750 2626 2808 Conferri
2684 2746 2956 2801 socialiter
2985 2742 3193 2807 volunt,
3245 2750 3301 2793 et
3347 2753 3518 2808 usque

1912 2858 1966 2911 in
1992 2869 2120 2910 suos
2156 2850 2406 2907 inimicos
2433 2842 2741 2900 dilectionis
2782 2854 2894 2893 sua:
2952 2834 3292 2892 latitudinem
3343 2830 3517 2901 porri-

1909 2958 2121 3019 gentes,
2172 2942 2276 2997 boc
2303 2950 2493 2994 omnes
2522 2934 2746 3005 cupiunt
2767 2946 2885 2988 esse
2914 2929 3055 3001 quod
3088 2927 3189 2997 ipsi
3222 2936 3367 2981 sunt.
3418 2923 3516 2978 Sa-

1912 3044 1980 3098 tis
2010 3042 2078 3096 de
2096 3038 2243 3094 vitiis
2262 3047 2560 3102 eorumque
2586 3028 2839 3086 remediis
2861 3036 2945 3083 est
2970 3027 3335 3095 disputatum;
3372 3032 3516 3072 nunc

1908 3136 2017 3204 jam
2048 3130 2279 3203 qualiter
2308 3137 2644 3195 unaquaeque
2662 3122 2832 3175 virtus
2856 3114 3247 3188 possitacquiri
3278 3110 3514 3166 breviter

1909 3230 2260 3284 disseramus.

2512 3329 2740 3390 CAPUT
2774 3327 2914 3382 XVI.

1908 3436 1986 3491 De
2028 3432 2273 3501 qualitate
2310 3426 2509 3484 uirtutis
2536 3465 2552 3494 ,
2578 3434 2653 3501 et
2700 3421 2922 3493 qualiter
2979 3418 3075 3472 sibi
3142 3412 3513 3467 consentientes

2571 3498 2833 3566 informet.

1980 3623 2033 3676 l.
2066 3619 2253 3672 Omnis
2280 3620 2465 3669 sancta
2498 3612 2671 3667 virtus
2703 3622 2795 3663 res
2839 3614 2922 3663 est
2952 3602 3157 3666 divina,
3192 3600 3512 3668 incorporea

1907 3726 2125 3782 prorsus
2171 3716 2333 3776 atque
2390 3700 2799 3758 mundissima:
2854 3711 3013 3767 quam
3068 3702 3277 3748 mentes
3341 3689 3516 3758 inqui-

1906 3816 2046 3858 nata:
2078 3816 2182 3856 non
2241 3797 2545 3868 inquinant,
2589 3792 2683 3847 sed
2716 3792 2829 3860 ipsa
2871 3786 3179 3856 inquinatas
3208 3783 3508 3846 emaculat;

1902 3896 2058 3967 cujus
2093 3889 2504 3963 participatione
2532 3894 2573 3922 ω
2606 3884 2907 3939 formantur
2950 3879 3221 3941 informia,
3245 3876 3512 3930 suscitan-

1904 4002 1990 4048 tur
2016 3997 2252 4051 mortua,
2275 3992 2302 4021 η
2332 3988 2594 4036 sanantur
2640 3976 2876 4041 infirma,
2918 3962 3263 4041 corriguntur
3317 3983 3507 4037 prava,

1901 4081 2317 4140 reconciliantur
2346 4082 2370 4109 ο
2397 4085 2605 4127 aversa.
2633 4068 2783 4123 Hanc
2807 4082 2910 4121 non
2949 4065 3113 4119 habet
3138 4063 3239 4116 nisi
3268 4061 3430 4126 Deus,
3454 4070 3511 4113 et

1901 4177 1947 4231 is
1998 4174 2085 4228 cui
2133 4168 2341 4225 dederit
2392 4164 2550 4219 Deus.
2602 4161 2734 4229 Quae
2784 4160 2838 4213 in
2894 4157 3077 4212 animo
3130 4155 3356 4221 habitat,
3409 4154 3503 4208 sed

1900 4278 1929 4317 ιτ
1958 4264 2196 4319 animum
2227 4268 2531 4327 corpusque
2556 4250 2887 4315 sanctificat;
2912 4248 2978 4303 ad
3004 4261 3165 4318 quam
3196 4245 3374 4301 nullus
3414 4260 3506 4299 ac-

1898 4359 2044 4417 cedit
2065 4355 2454 4420 invitus,quam
2482 4346 2659 4402 nullus
2687 4344 2905 4412 amittit,
2924 4342 3023 4395 nisi
3060 4340 3275 4410 prepria
3306 4340 3503 4394 volun-

1900 4461 2009 4507 tate
2034 4450 2309 4515 deceptns.
2345 4442 2516 4497 Nemo
2555 4453 2673 4495 eam
2704 4437 2805 4491 sibi
2850 4434 3097 4490 conferre
3126 4442 3318 4498 potest,
3376 4447 3500 4486 cum

1898 4543 2068 4614 possit
2096 4539 2345 4599 auferre;
2393 4533 2548 4588 alteri
2579 4540 2759 4586 autem
2815 4538 2842 4578 τι
2868 4542 2968 4582 nec
2990 4524 3238 4581 conferre
3288 4539 3493 4594 praeva-

191 4642 289 4698 Scd
335 4639 495 4696 etiam
523 4640 746 4694 libenter
775 4640 1072 4707 excipiunt,
1123 4638 1425 4693 ambientes
1470 4652 1497 4689 a
1544 4640 1789 4709 corporis
1818 4636 1869 4695 D
1897 4636 1986 4698 let,
2013 4645 2113 4687 nec
2138 4628 2371 4684 auferre.

189 4732 277 4788 sui
305 4730 413 4786 vita
442 4730 614 4800 magis
661 4744 821 4799 quam
864 4744 891 4781 a
936 4729 1067 4793 Deo,
1111 4738 1137 4776 ε
1166 4729 1272 4782 vita
1316 4728 1440 4781 vitae
1488 4741 1621 4793 sum,
1678 4730 1789 4785 dis-

189 4824 409 4879 cedere.

262 4914 318 4967 4.
352 4914 456 4968 Iste
486 4912 645 4983 igitur
666 4914 823 4969 nobis
848 4910 1151 4967 dilectionis
1178 4910 1311 4965 ordo
1352 4910 1652 4966 servandus
1683 4920 1786 4976 est,

262 5085 287 5112 ι
323 5074 421 5129 Ms.
447 5089 603 5139 unus,
629 5076 910 5129 ordinanti.

261 5148 283 5185 ⁵
322 5147 448 5201 Mss.
478 5156 606 5205 tres,
638 5162 743 5198 sua:
770 5144 1077 5196 dilectionis.

262 5228 285 5255 ε
314 5217 443 5270 Mss.
474 5231 589 5278 sex,
614 5216 728 5269 ideo
750 5232 803 5267 se
832 5214 999 5285 diligit
1036 5212 1267 5282 quisque,
1312 5211 1434 5278 quia
1482 5210 1578 5262 sibi
1621 5211 1781 5279 frater

184 5298 275 5345 snt
304 5302 474 5350 soror,
500 5293 606 5339 etc.

256 5357 284 5397 ἀ
314 5355 440 5410 Mss.
464 5365 593 5419 tres,
619 5364 932 5421 aptarentus.

259 5438 283 5467 ε
317 5426 374 5479 In
398 5441 505 5480 uno
533 5420 660 5489 ins.,
686 5440 777 5492 pro
836 5423 1023 5475 tiribus
1080 5422 1287 5476 nostris.
1322 5420 1375 5474 In
1436 5420 1540 5474 alio
1585 5420 1779 5475 desunt

183 5501 303 5554 Iure
334 5496 573 5550 omnino.

268 5568 290 5607 ί
322 5566 449 5620 llaec
475 5564 632 5642 verba
670 5563 766 5642 {Et
787 5563 977 5642 malum
991 5563 1127 5642 quod
1145 5562 1236 5615 tibi
1257 5561 1655 5623 nolisaccidere,
1681 5578 1777 5614 no-

180 5640 245 5693 Iis
266 5646 317 5694 et
354 5636 609 5705 proximo,
656 5633 925 5705 desuntin
950 5631 1119 5685 uibus
1148 5648 1279 5688 mss.

253 5719 279 5756 ε
306 5703 429 5762 Mss.
453 5707 576 5770 duo,
613 5720 647 5756 a
678 5703 783 5757 Deo
816 5704 929 5756 vita:
947 5718 1073 5755 stur.

250 5777 276 5815 ιι
310 5779 571 5842 Mss.sex,
608 5774 860 5828 Ordinate
888 5774 939 5825 in
958 5787 1054 5824 me.

257 5850 275 5887 ι
311 5849 432 5905 Mss.
454 5848 711 5917 quinque,
740 5844 997 5913 prorupit.
1031 5844 1120 5898 Sic
1154 5854 1209 5899 et
1238 5855 1351 5917 post
1379 5856 1563 5913 pauca.

1960 4725 2018 4778 9..
2039 4723 2220 4792 Itaque
2246 4734 2367 4774 cum
2398 4715 2519 4769 talis
2548 4728 2612 4768 ac
2640 4722 2784 4766 tanta
2809 4712 2979 4765 virtus
2997 4708 3217 4764 cuilibet
3243 4708 3382 4763 inter
3405 4722 3498 4763 vo-

1893 4818 2123 4885 luptates
2152 4826 2279 4867 suas
2309 4809 2485 4863 adhuc
2506 4806 2860 4861 marcescenti
2888 4805 3179 4867 refulseri',
3210 4813 3229 4839 τ
3259 4810 3421 4871 atque
3443 4805 3491 4857 ei

1894 4909 1961 4965 ad
1993 4924 2054 4964 se
2074 4902 2559 4976 concupiscendam
2581 4900 2906 4954 desiderium
2940 4896 3155 4951 salubre
3179 4911 3489 4951 commove-

1937 5070 1977 5115 .i
2020 5066 2119 5120 Ms.
2151 5076 2309 5126 unus,
2338 5060 2602 5129 proximos
2630 5058 2758 5109 sicut
2786 5068 2828 5107 et
2852 5056 3018 5122 ipsum
3043 5054 3158 5121 plus
3189 5069 3341 5119 quam
3375 5068 3487 5117 nos,

1890 5138 2069 5191 minus
2096 5135 2251 5188 bene.

1964 5205 1989 5243 ιε
2022 5207 2148 5259 Mss.
2173 5206 2298 5267 dtto,
2318 5200 2450 5253 male
2470 5198 2839 5251 commiserint.

1975 5275 1989 5313 ι
2029 5277 2153 5329 Mss.
2186 5274 2445 5339 quinque,
2466 5270 2721 5336 conferre.

1959 5356 1995 5383 ω
2030 5348 2153 5400 Mss.
2180 5355 2308 5404 tri-s,
2334 5343 2605 5410 firmantur
2624 5339 2855 5401 inﬁrma.

1959 5424 1985 5453 '
2015 5418 2112 5472 Ms.
2147 5428 2304 5475 unus,
2338 5423 2585 5466 sanantur
2613 5418 2825 5477 ﬂ'gt‘Oltl.

1960 5498 1985 5523 υ
2019 5488 2145 5541 Mss.
2174 5496 2425 5552 quatuor,
2460 5484 2709 5541 adt-crsu;
2740 5494 2896 5543 unus,
2931 5493 3123 5530 et'ersa.

1958 5568 1984 5606 ι)
2013 5558 2118 5611 Mss
2172 5564 2421 5623 quatuor,
2467 5567 2714 5605 animant.

1955 5639 1981 5678 (ι
2011 5628 2110 5683 Ms.
2138 5619 2293 5681 Colb.
2327 5638 2500 5689 unus,
2544 5640 2633 5675 nec
2661 5620 2885 5690 conferri
2918 5619 3158 5686 priet-alet
3182 5658 3195 5680 ,
3254 5633 3340 5669 nec
3387 5633 3480 5667 att-

1902 5716 2024 5755 errr.

1902 5716 2024 5755 errr.

1880 5702 1907 5771 ί
1954 5782 1974 5809 τ
2009 5770 2114 5823 Mss
2160 5780 2287 5831 tres,
2313 5777 2461 5832 atque
2489 5781 2602 5818 eum
2626 5764 2692 5818 ad
2712 5779 2765 5816 se
2786 5758 3243 5831 concupiscendam
3284 5756 3453 5809 deside

1873 5844 1950 5896 rio
1979 5838 2530 5895 salubricommovcrit.
