4516 6458
747 451 851 506 6⁸33

2017 445 2278 504 JULIAM
2318 445 2596 504 POMERII

3915 458 4027 516 500

743 569 814 622 rit
848 587 861 623 :
894 565 1138 637 protinus
1173 568 1226 622 in
1268 566 1444 620 animo
1493 565 1607 634 ejus
1638 564 1862 618 duarum
1908 562 2317 617 delectatiouutn
2351 565 2397 625 Α
2429 567 2694 633 promittit
2717 567 2974 622 auxilium
3005 583 3021 622 ε
3051 568 3297 626 hortatur
3320 577 3372 626 et
3411 581 3686 642 provocat,
3714 583 3773 629 ut
3825 575 4022 630 delini-

742 660 1132 715 c0ntrariarum
1190 660 1303 715 rixa
1347 659 1651 728 consurgit;
1694 667 1748 712 et
1797 667 2034 714 mentem
2083 657 2326 713 voluntas

743 749 1027 806 adversum
1060 766 1120 806 se
1141 749 1356 815 ancipiti
1407 747 1764 805 delectatione
1803 757 1829 788 ι
1875 742 2099 805 divisam
2147 750 2200 804 in
2249 749 2326 802 di-

744 858 901 900 versa
951 845 1175 899 ducitac
1200 843 1445 908 reducit;
1501 842 1661 897 modo
1697 842 2142 913 reprehendendo
2184 841 2323 912 quod

745 939 1000 1009 elegerat,
1022 937 1180 992 modo
1233 936 1373 1006 quod
1400 934 1814 1005 reprehenderat
1855 935 2134 1007 eligendo;
2166 942 2325 1004 atque

744 1031 816 1084 ita
855 1029 910 1082 in
958 1029 1274 1083 alterutrum
1310 1028 1449 1082 latus
1507 1025 1535 1066 δ
1563 1043 1624 1083 se
1649 1027 2028 1097 cogitationum
2065 1027 2324 1081 varietate

742 1121 1044 1174 versantem
1071 1161 1086 1187 ,
1119 1118 1234 1188 ipsa
1263 1119 1406 1173 velut
1444 1119 1658 1173 virtutis
1700 1134 1762 1174 ac
1783 1118 1898 1173 vitii
1928 1132 1950 1158 ο
2000 1118 2172 1186 tepida
2207 1131 2317 1169 me-

741 1209 935 1274 dietas,
959 1216 1116 1265 vexat
1134 1222 1198 1264 ac
1225 1208 1446 1264 lacerat.
1475 1208 1735 1275 Quoniam
1774 1207 2002 1277 quidem
2031 1206 2323 1275 quemlibet

742 1301 1036 1368 hominem,
1055 1300 1230 1357 donec
1254 1315 1313 1356 se
1343 1302 1395 1356 in
1417 1315 1482 1356 eo
1509 1302 1648 1370 quod
1676 1297 1701 1338 ἀ
1729 1301 1948 1368 elegerit
1992 1310 2138 1356 certa
2189 1300 2324 1354 deli-

747 1393 953 1448 nitione
1003 1391 1317 1457 conﬁrmet;
1375 1391 1608 1460 quandiu
1658 1389 1818 1444 modo
1858 1405 1965 1446 non
2022 1390 2132 1446 vult
2178 1390 2320 1460 quod

743 1483 975 1542 volebat,
1001 1483 1158 1537 modo
1220 1481 1357 1536 velle
1409 1480 1596 1549 incipit
1647 1481 1792 1550 quod
1867 1481 2125 1547 nolebat;
2177 1481 2321 1536 velut

743 1572 797 1626 in
819 1572 1047 1641 quodam
1065 1571 1464 1626 deliberationis
1496 1584 1520 1608 υ
1543 1571 1761 1627 incertae
1785 1568 1927 1626 bivio
1948 1572 2316 1641 constitutum,

741 1662 996 1731 tliscerpit
1036 1663 1151 1732 ipsa
1206 1661 1487 1718 diversitas
1530 1661 1549 1700 ί
1611 1662 1963 1718 voluntatum.
2020 1664 2156 1720 Hinc
2198 1679 2318 1721 eum

739 1753 907 1808 virtus
937 1752 1187 1808 admonet
1202 1767 1313 1808 suae
1343 1753 1550 1817 salutis,
1583 1763 1636 1808 et
1659 1762 1684 1802 ε
1714 1762 1906 1820 vocat;
1939 1754 2064 1810 inde
2092 1769 2321 1810 consue-

737 1844 864 1897 ludu
889 1843 1078 1899 vitiosa
1097 1843 1415 1926 discederea
1449 1859 1508 1900 se
1544 1844 1815 1902 volentem
1845 1843 1875 1884 ιι
1923 1855 2245 1912 remoratur,
2263 1857 2319 1903 et

2432 650 2592 710 tionis
2645 657 2990 728 ambiguitate
3035 659 3303 730 deposita,
3352 661 3681 730 pr0positum
3740 665 4022 734 spirituale

2426 747 2722 814 suscipiat;
2787 757 3255 816 perseveraturum
3309 765 3370 806 se
3425 753 3478 806 in
3529 763 3780 818 suscepto
3832 754 4021 812 labore

2429 838 2686 906 propositi
2717 839 2820 905 sui,
2847 853 2953 892 non
2984 853 3079 892 sua
3112 840 3496 906 possibilitate,
3519 843 3612 898 sed
3649 844 3860 898 Domini
3912 845 4016 899 mi-

2425 933 2694 985 seratione
2715 928 2972 996 c0nﬂtlat,
2998 944 3098 985 nec
3125 930 3238 1005 suis
3288 931 3513 995 viribus.
3537 933 3631 990 sed
3671 931 3858 1004 gratias
3898 949 4017 988 om-

2427 1022 2716 1093 nipntentis
2744 1021 2913 1077 fretus
2939 1023 3158 1088 auxilio,
3181 1031 3366 1079 contra
3398 1023 3690 1081 diabolicas
3735 1026 4017 1097 impugna-

2425 1114 2598 1169 tiones
2629 1113 2862 1168 victricia
2894 1129 3042 1168 arma
3075 1125 3102 1163 P
3140 1114 3426 1183 corripiat;
3470 1117 3670 1186 cogitet
3726 1117 3912 1186 quanti
3961 1129 4014 1173 et

2424 1214 2638 1276 quantae
2663 1214 2953 1274 potuerunt
2999 1216 3053 1261 et
3103 1217 3327 1276 possunt
3373 1206 3519 1277 quod
3547 1222 3610 1263 se
3638 1222 3794 1277 posse
3820 1206 4017 1273 despe-

2423 1309 2546 1355 rat:
2575 1297 2716 1354 unde
2747 1298 2824 1354 illi
2851 1299 2933 1354 vel
2980 1294 3088 1354 illa:
3118 1309 3424 1370 potuerunt,
3457 1300 3584 1357 inde
3629 1314 3693 1356 se
3718 1315 3882 1371 posse
3925 1301 4015 1356 lir-

2424 1390 2580 1444 miter
2633 1389 2849 1454 credat;
2894 1398 3042 1444 certa
3101 1403 3200 1459 spe
3255 1389 3515 1458 spiritalia
3570 1389 3908 1455 carnalibus,
3959 1397 4014 1443 et

2420 1479 2652 1535 terrenis
2677 1479 2938 1544 coelestia,
2971 1489 3024 1533 et
3071 1478 3246 1535 futura
3295 1481 3654 1554 praesentibus
3692 1488 4008 1551 anteponat.

2992 1633 3222 1692 CAPUT
3261 1634 3421 1692 XVII.

2424 1746 2615 1813 Quibit}
2644 1747 2887 1818 gradibus
2908 1749 3219 1872 concustdin
3238 1749 3444 1874 [culmen
3475 1751 3802 1821 perfectionis
3827 1765 4008 1805 ascen-

3170 1835 3240 1872 an
3265 1859 3281 1874 .

3170 1835 3281 1874 ant.

735 1945 971 1998 revocat,
1000 1945 1052 1989 et
1085 1924 1351 2005 paulisper
1381 1950 1412 1990 a
1462 1949 1522 1991 se
1559 1951 1773 2009 averso,
1806 1952 1904 1993 nec
1950 1939 2018 1993 ad
2069 1939 2317 1995 virtutem
2352 1924 2396 1983 Β
2496 1930 2517 1982 ί

2226 1955 2317 1995 ,ειη
2352 1924 2396 1983 Β
2496 1930 2547 1983 l.
2579 1930 2712 1984 Cum
2736 1941 2763 1979 «ι
2785 1945 2917 1985 vero
2938 1932 3059 2002 quis
3092 1933 3440 2002 persuasione
3468 1944 3491 1972 τ
3517 1948 3582 1989 ac
3613 1934 4009 2005 pulchritudine

737 2025 895 2093 plene
915 2039 1199 2089 converso,
1222 2026 1429 2080 usitatae
1449 2025 1736 2094 voluptatis
1763 2027 2130 2083 admonitione
2159 2028 2314 2084 blan-

736 2114 899 2182 ditur,
922 2124 971 2168 ct
992 2129 1180 2170 omnes
1212 2115 1492 2170 illecebras
1521 2116 1716 2185 quibus
1739 2117 1869 2171 olim
1915 2119 2121 2186 perdite
2171 2118 2315 2175 frue-

735 2205 894 2260 batur
949 2205 1199 2260 ostendit.
1263 2205 1458 2273 Turpia
1525 2221 1736 2276 quoque
1790 2206 2053 2262 desideria
2117 2209 2313 2277 quibus

742 2291 758 2330 ί
793 2294 1049 2348 vinciatur
1071 2294 1326 2360 immittit,
1355 2310 1418 2350 ac
1435 2294 1544 2365 jam
1574 2310 1711 2366 pene
1736 2295 2025 2353 fastidienti
2058 2298 2310 2354 blandum

735 2384 919 2439 nescio
941 2384 1066 2454 quid
1096 2385 1330 2440 molliter
1350 2385 1678 2453 insusurrat;
1707 2396 1760 2442 et
1777 2388 2039 2458 supplicat
2065 2404 2133 2445 ne
2175 2405 2310 2460 pra:-

731 2483 896 2541 pouat
943 2475 1191 2530 mollibus
1254 2476 1408 2542 dura,
1465 2477 1600 2533 laetis
1649 2478 1850 2546 tristia;
1898 2480 2060 2538 certis
2106 2482 2307 2550 dubia,

733 2567 751 2615 t
790 2569 1038 2636 praesenti
1076 2567 1334 2638 voluptati
1359 2567 1565 2635 futura;
1597 2569 1794 2641 cogitet
1821 2587 1981 2641 quam
2009 2574 2218 2644 pmnale
2243 2575 2315 2630 sit

731 2667 891 2734 atque
956 2657 1169 2715 difficile
1212 2659 1456 2716 dulcibus
1507 2676 1691 2718 carere
1743 2661 1770 2701 ι
1838 2663 2078 2732 deliciis,
2132 2666 2311 2723 illece-

728 2741 841 2804 bris
888 2751 1193 2807 rcnuntiare
1233 2753 1555 2819 carnalibus,
1605 2755 1940 2811 abstinentia:
1994 2756 2138 2827 jugis
2188 2773 2312 2828 gra-

728 2841 840 2894 vari
890 2841 1530 2911 laboribus,jejuniorum
1571 2859 1635 2900 ac
1690 2845 1986 2916 vigiliarum
2031 2849 2311 2904 continua-

728 2933 870 2987 tione
898 2933 1153 3003 torqueri,
1182 2945 1324 2989 certa
1371 2935 1546 2991 carnis
1568 2937 1861 2992 alﬂictione
1887 2938 2163 3006 praemium
2211 2939 2310 2996 du-

728 3025 830 3082 bite
867 3027 1314 3080 remunerationis
1363 3027 1588 3092 ambire,
1613 3038 1796 3082 contra
1854 3029 2124 3085 diabolum
2156 3031 2304 3087 deci-

726 3115 906 3184 piendi
946 3116 1175 3186 peritum
1208 3114 1224 3154 ι
1261 3117 1557 3172 resistendo
1595 3133 1743 3173 arma
1772 3120 2064 3189 corripere,
2090 3122 2308 3178 insidias

725 3208 843 3278 ejus
893 3223 956 3263 ac
1000 3208 1215 3265 fraudes
1283 3209 1551 3278 vigilantis
1597 3211 1760 3265 animi
1813 3214 2059 3267 cautione
2106 3214 2304 3278 vitare;

2419 2021 2634 2076 virtutis
2665 2021 2899 2087 illectus,
2922 2023 3313 2092 aliquantulum
3341 2039 3371 2078 a
3397 2025 3576 2093 priore
3602 2025 4011 2080 conversatione

2418 2112 2722 2176 recesserit,
2755 2114 2935 2168 statim
2965 2114 3014 2169 ei
3041 2113 3144 2169 alia
3178 2123 3200 2151 ⁸
3233 2115 3481 2179 tentatio,
3527 2127 3715 2171 contra
3740 2132 3900 2186 quam
3931 2118 4010 2171 lu-

2415 2207 2606 2268 ctetur,
2649 2205 2907 2258 occurrit.
2957 2203 3089 2258 Nam
3119 2218 3278 2274 quem
3317 2204 3552 2260 carnalis
3571 2205 3820 2275 voluptas
3851 2220 4008 2275 supe-

2415 2303 2528 2348 rata
2555 2292 2844 2360 dimiserit,
2875 2294 3058 2349 mundi
3088 2295 3298 2351 vanitas
3327 2295 3604 2365 occupabit
3642 2314 3655 2349 :
3684 2297 3822 2350 sicut
3853 2294 4006 2352 nobis

2414 2383 2492 2439 illi
2521 2384 2768 2454 exemplo
2797 2394 2920 2444 sunt
2940 2386 3030 2456 qui
3052 2387 3071 2423 ί
3098 2384 3513 2442 delectationem
3537 2387 3638 2442 sibi
3665 2388 3852 2443 sativa:
3873 2389 4004 2444 libi-

2413 2473 2555 2528 dinis
2597 2474 2943 2541 interdicunt,
2993 2483 3050 2530 et
3089 2483 3331 2531 ventosa:
3383 2476 3643 2531 vanitatis
3670 2484 3700 2513 ιι
3735 2477 4003 2532 licentiam

2415 2575 2531 2619 suae
2573 2565 2830 2636 voluptati
2858 2565 3014 2639 [forte
3036 2564 3329 2639 voluntati]
3373 2568 3707 2638 permittunt.
3751 2567 4006 2638 Turpitu-

2420 2656 2533 2711 dini
2559 2667 2587 2696 τ
2614 2657 2929 2712 concubitus
2977 2658 3376 2726 contradicunt,
3425 2667 3482 2714 et
3508 2668 3537 2698 ι
3574 2659 3850 2714 ambitioni
3883 2675 4006 2715 suc-

2413 2748 2701 2815 cumbunt;
2754 2757 2977 2804 utuntur
3021 2748 3230 2806 deliciis
3257 2765 3322 2806 ac
3365 2750 3605 2807 vestibus
3642 2753 3908 2807 accuratis
3937 2753 4003 2808 ad

2412 2837 2701 2903 luxuriam,
2748 2839 3030 2894 comatulis
3059 2841 3336 2909 Y‘pueris,
3383 2857 3448 2896 ac
3497 2842 3808 2912 potentibus
3851 2845 4006 2915 cquis

2412 2930 2476 2986 ad
2505 2945 2773 3001 pompam,
2822 2931 3168 3001 accipitribus
3197 2946 3262 2989 ac
3286 2933 3546 3003 saginatis
3571 2936 3794 2990 canibus
3816 2934 3885 2989 ad
3911 2950 4004 2990 ve-

2412 3031 2616 3090 natum,
2668 3022 3045 3079 venationibus
3091 3024 3296 3078 crebris
3318 3023 3384 3079 ad
3413 3024 3621 3095 luxum,
3666 3036 3690 3063 ι
3731 3028 4002 3084 ambition

2411 3127 2702 3185 apparatus
2743 3115 3055 3185 iactantiam
3106 3117 3474 3173 necessarium
3523 3120 3858 3177 mentiuntur
3907 3139 4003 3179 or-

2414 3217 2617 3263 natum.

726 3313 884 3368 quam
916 3309 954 3337 ω
984 3300 1215 3370 denique
1248 3302 1498 3356 miserum
1523 3301 1592 3357 sit
1619 3305 1939 3358 enormitate
1967 3313 2034 3357 tat
2059 3313 2126 3360 tce
2148 3321 2303 3376 aspe-
2329 3287 2376 3350 C
2475 3301 2530 3354 2.
2572 3301 2689 3356 Jam
2721 3300 2898 3362 ridere
2919 3310 2976 3340 ⁸³
2999 3301 3190 3372 eﬂ'use,
3223 3318 3411 3360 vocem
3442 3306 3755 3373 procacibus
3784 3307 4002 3364 cachin-

724 3390 896 3444 ritatis
912 3391 1162 3456 evictum,
1186 3408 1248 3448 ac
1273 3393 1533 3448 diabolica
1563 3393 1748 3450 fraude
1776 3395 2082 3465 deceptum,
2113 3398 2179 3452 ad
2221 3413 2306 3454 re-

727 3481 938 3551 pudiata
986 3483 1568 3552 rcdire,vo'uptat;bus
1604 3500 1733 3555 quas
1778 3485 2050 3555 abiecerat
2099 3487 2226 3553 frui,
2255 3502 2308 3544 et

727 3572 975 3626 omnibus
1000 3587 1118 3642 quac
1150 3573 1362 3628 inca'tte
1391 3574 1711 3631 laboriosum
1737 3577 2076 3646 suscipiendo
2112 3594 2306 3650 propo-

727 3664 886 3716 situm
917 3674 1335 3731 contempserat,
1367 3665 1642 3721 delectari.

795 3753 846 3805 ὅ.
882 3752 972 3808 llis
992 3763 1045 3808 et
1068 3754 1262 3809 talibus
1293 3755 1484 3809 vitiosa
1512 3757 2104 3824 consuetudo,duhium
2134 3770 2162 3798 η
2184 3776 2302 3816 βοτη-

722 3859 822 3912 ctae
873 3844 1196 3908 definitionis
1251 3846 1456 3916 afﬂigit.
1499 3847 1676 3902 Virtus
1731 3860 1913 3905 contra
1965 3867 2085 3921 quas
2129 3854 2301 3908 conti-

724 3944 904 4000 nentia
924 3945 1247 4008 nominatur,
1281 3946 1305 3979 °
1334 3954 1384 3996 m
1408 3947 1626 3994 trantem
1656 3941 1991 3996 confidenter
2019 3943 2298 4014 obiurgat,

725 4036 791 4090 ad
836 4035 1218 4091 delectationes
1295 4045 1452 4103 purts
1518 4039 1798 4100 castaeque
1846 4032 2064 4088 delicias
2111 4036 2304 4102 quibus

725 4126 974 4180 fruuntur
998 4139 1185 4179 omnes
1213 4125 1293 4178 sui
1348 4133 1639 4191 amatores,
1692 4121 1913 4187 invitat;
1965 4123 2121 4178 oilert
2163 4125 2306 4179 nuda

723 4214 944 4282 iustitia:
974 4213 1389 4278 vestimentum;
1422 4213 1719 4268 illuminato
1764 4211 1845 4267 sui
1888 4221 2174 4281 apparatus
2221 4215 2309 4268 dc-

725 4313 986 4360 tnanstrat
1011 4312 1292 4369 ornatum;
1322 4304 1584 4360 dil'lidenti
1607 4305 1675 4360 de
1703 4318 1762 4360 se
1804 4305 2149 4374 protectionis
2192 4320 2307 4361 sua:

800 4488 826 4552 ξ
856 4480 1118 4552 Mss.sex,
1142 4479 1320 4534 divisa.
1355 4479 1493 4534 Editi
1527 4482 1685 4549 paulo
1713 4490 1832 4552 post
1857 4499 1962 4537 non
1995 4483 2184 4537 habent
2207 4485 2302 4539 ita.

800 4548 828 4587 δ
852 4553 953 4603 Ms.
982 4549 1131 4603 Coll).
1155 4565 1310 4613 unus,
1328 4560 1507 4603 mutua
1531 4548 1611 4604 se.

803 4620 1103 4673 °I|8.ttuu.~'
1130 4621 1310 4674 abalia
1343 4635 1499 4673 manu
1549 4623 1770 4688 trepida.
1817 4623 1916 4677 Ms.
1976 4623 2129 4681 alter.
2174 4623 2305 4679 relut

729 4691 861 4759 inter
882 4690 1090 4742 rirtutes
1116 4707 1175 4743 ac
1191 4690 1309 4744 vitia
1328 4691 1498 4759 tepida
1515 4691 1777 4746 medietas.

802 4757 828 4797 ἀ
843 4758 945 4831 Ms.
967 4772 1105 4814 unus
1127 4800 1142 4826 ,
1176 4757 1410 4831 elegerat.

804 4837 830 4866 ⁸
855 4827 955 4883 Ms.
971 4843 1128 4897 unus,
1168 4827 1359 4884 incerto
1377 4830 1527 4885 bivio.

807 4897 828 4937 ί
859 4897 987 4954 Mss.
1014 4899 1138 4966 duo,
1163 4902 1497 4968 voluptatum.
1519 4900 1735 4967 Culon.,
1762 4902 2091 4956 voluntatem.

808 4978 832 5016 s
861 4968 960 5022 Ms.
992 4984 1151 5034 unus,
1183 4980 1226 5022 et
1245 4973 1476 5024 advocat.

804 5036 833 5075 ἢ
859 5038 982 5091 Mss.
1008 5039 1134 5104 duo,
1167 5051 1412 5092 moratur.

809 5107 827 5146 ί
852 5107 951 5163 Ms.
982 5105 1133 5163 Colb.
1158 5123 1311 5170 unus,
1331 5110 1580 5162 vincatur.
1614 5110 1786 5175 Alter,
1813 5113 2122 5166 vincebatur.

810 5181 823 5228 Ι
859 5179 987 5252 Mss.
1021 5194 1136 5252 sex,
1169 5182 1493 5252 prtasentium
1515 5181 1781 5250 voluptati,
1818 5187 2011 5252 futura.

804 5254 827 5317 ξ
858 5247 985 5303 Mss.
1006 5248 1131 5317 duo,
1157 5250 1359 5301 divitiis.

809 5315 826 5355 ι
860 5318 985 5392 Mss.
1013 5315 1143 5392 tres,
1167 5317 1317 5372 Colb.
1343 5319 1640 5384 resistendi;
1667 5329 1718 5374 et
1757 5333 1874 5392 post
1926 5339 2113 5392 pauca.
2175 5326 2302 5379 Mss.

729 5387 944 5449 Camb.,
973 5389 1218 5456 arripere.

801 5467 842 5494 ³³
866 5457 1009 5512 Edit.
1044 5457 1208 5527 Lugd.
1239 5473 1359 5511 cum
1383 5473 1510 5512 mss.
1544 5458 1732 5518 tribus.
1762 5464 1961 5517 deinde.

801 5535 830 5563 ¹³
859 5527 956 5581 Ms.
987 5527 1137 5582 Colb.
1179 5543 1334 5591 unus,
1363 5540 1551 5582 sancta:
1575 5535 1987 5586 conversatimais.

805 5607 829 5633 ο
874 5597 973 5650 Ms.
1007 5613 1166 5663 unus,
1191 5609 1547 5652 remorantem.

803 5676 830 5714 ρ
859 5666 982 5738 Mss.
1009 5667 1135 5734 dtto,
1168 5685 1311 5720 arma
1331 5670 1564 5738 arripiat.

806 5746 829 5783 (ι
863 5735 986 5816 Mss.
1014 5751 1140 5805 sex,
1192 5739 1292 5803 Qui
1337 5739 1382 5792 si
1425 5735 1770 5809 persuasione.
1823 5741 1992 5810 Unus,
2042 5743 2143 5810 Qui
2191 5762 2303 5814 per-

733 5824 792 5859 ω
805 5821 984 5858 ηειρηε.

813 5888 831 5912 τ
866 5876 959 5930 Ms.
990 5892 1142 5942 unus,
1175 5894 1204 5928 a
1231 5878 1628 5945 pulchritudine.

2411 3391 2495 3446 nis
2516 3391 2788 3459 attollere,
2829 3400 3015 3462 turpes
3050 3393 3208 3465 iocos
3254 3394 3483 3451 libenter
3529 3397 3737 3464 audire,
3766 3399 4000 3455 aliorum

2411 3496 2624 3553 pinnam
2675 3497 2827 3540 suam
2875 3483 3055 3540 facere
3108 3484 3380 3555 fatigando
3434 3485 3707 3552 laetitiam,
3765 3489 4003 3544 urbanos

2410 3591 2651 3646 quosque
2688 3576 2931 3644 quamvis
2974 3586 3187 3645 turpes,
3236 3576 3458 3645 explere
3487 3577 3715 3646 deliciis,
3745 3576 3807 3618 λδ
3827 3583 4002 3638 serios

2413 3667 2734 3722 necessariis
2777 3666 3081 3737 indigentes
3128 3667 3380 3736 abjieere,
3403 3668 3592 3724 domos
3639 3671 4002 3740 amplissimas

2415 3767 2471 3814 et
2504 3768 2720 3814 ornatas
2759 3767 3062 3824 exstruere,
3091 3757 3370 3815 facultates
3401 3769 3458 3797 πο
3485 3775 3610 3815 suas
3633 3760 4001 3819 indesinenter

2407 3862 2623 3919 augere,
2654 3847 2845 3903 alienis
2875 3848 3254 3918 pervadendis,
3308 3849 3353 3904 si
3387 3849 3718 3918 possibilitas
3743 3852 3996 3920 patiatur,

2408 3942 2646 4008 inhiare;
2674 3957 2781 3996 non
2809 3955 2924 3998 rem
2958 3941 3292 4012 cupiditatis,
3339 3943 3433 3998 sed
3466 3946 3652 4000 nescio
3677 3946 3833 4016 cujus
3859 3947 4000 4002 utili-

2408 4034 2536 4087 tatis
2556 4032 2868 4088 existimant
2903 4051 2917 4086 :
2952 4043 3011 4088 ut
3039 4032 3133 4088 illa
3167 4049 3289 4105 quae
3321 4034 3454 4102 disi,
3489 4036 3575 4092 vel
3605 4037 3705 4092 alia
3732 4039 3901 4092 multa
3929 4039 4001 4094 si-

2411 4123 2578 4190 milia,
2614 4137 2719 4177 non
2748 4121 2922 4178 so‘um
2951 4124 3182 4180 libenter
3211 4138 3530 4192 exerceant,
3561 4127 3655 4183 sed
3681 4130 3844 4184 etiam
3876 4129 4001 4185 hinc

2411 4229 2506 4270 ens
2531 4215 2874 4286 objurgantes
2903 4213 3186 4281 irrideant,
3214 4213 3275 4255 ἀεὶ
3297 4218 3530 4286 ineptire
3568 4221 3853 4276 credentes
3882 4221 4000 4276 illos

2413 4305 2501 4374 qui
2546 4304 2688 4360 licita
2719 4312 2775 4360 et
2797 4306 2990 4361 usitata
3019 4305 3290 4363 nobilibus
3316 4309 3546 4366 crimine
3573 4310 3885 4370 ambitionis
3919 4315 3998 4370 in-

2489 4493 2508 4520 ε
2547 4493 2643 4538 Ms.
2671 4499 2828 4551 unus,
2859 4485 3087 4540 luctatio.

2489 4555 2505 4590 ί
2541 4556 2635 4608 Ms.
2666 4555 2818 4609 Colb.
2849 4571 3008 4623 unus,
3039 4558 3363 4613 delectationi
3390 4560 3612 4617 sibisute
3638 4563 3890 4623 libidinis.

2489 4634 2513 4661 υ
2538 4627 2645 4701 llis.
2673 4625 2829 4701 gout.
2854 4642 3015 4692 unus,
3051 4629 3408 4701 delectationes
3424 4641 3763 4701 anteponunt.

2484 4706 2508 4731 '
2537 4696 2636 4750 Ms.
2667 4694 2878 4766 Qamb.,
2909 4699 3212 4766 concupita.

2485 4763 3014 4857 1:Ms:Aquilia-tius,
3061 4763 3107 4822 et
3132 4769 3389 4825 dcsidcrio
3422 4771 3690 4842 cupiditat'
3723 4810 3759 4857 τ
3840 4778 3995 4833 imbi-

2415 4835 2566 4890 tionis
2594 4837 2948 4890 succumbunt.

2482 4906 2840 4982 rhiss._duo,
2891 4909 3141 4982 puerulis.
3180 4908 3607 4982 Uutts,puellis.
3652 4915 3825 4982 Alter,
3879 4935 3995 4973 cum

2415 4978 2646 5041 maltrlis,
2671 4977 2804 5028 forte
2819 5016 2832 5038 ,
2849 4980 3168 5031 commatulis
3195 4977 3494 5044 puerilibus.

2486 5054 2508 5081 κ
2538 5047 2610 5100 Ita
2642 5061 2771 5127 mss.
2803 5048 3404 5127 qtl.alllt)l‘_.-Ed'l‘ll_yer0.
3438 5061 3486 5105 et
3513 5052 3582 5104 ad
3609 5056 3869 5111 ambitiosi
3902 5075 3995 5127 αρτ

2411 5125 2624 5181 paratus
2653 5116 2983 5197 iactantiam.
3021 5118 3120 5171 Ms.
3153 5117 3304 5172 Colb.
3348 5136 3504 5188 unus,
3540 5131 3586 5176 et
3620 5127 3878 5181 ambitiosi
3903 5116 3994 5197 a'p.

2412 5195 2620 5255 paratus
2646 5188 2918 5254 iactantia.

2485 5266 2540 5336 ⁸οτ
2573 5258 2670 5310 Ms.
2694 5255 3186 5336 C_olb..unus,_.1am
3211 5260 3396 5327 ridere,
3426 5261 3640 5329 effusam
3667 5280 3837 5320 vocem
3873 5284 3991 5336 pro-

2411 5327 2612 5380 cacibus
2633 5327 2895 5380 cachinnis
2921 5327 3174 5382 attollere.

2487 5394 2545 5433 ιιι)
2577 5395 2650 5472 ita
2685 5410 2963 5472 mss._se_s_.
2991 5397 3154 5472 Editi,
3186 5414 3376 5454 servos.
3401 5400 3506 5456 Sed
3532 5403 3723 5458 melior
3747 5405 3852 5472 jam
3883 5409 3990 5463 visa

2412 5476 2523 5539 erat
2553 5467 2697 5539 prior
2720 5466 2876 5520 lectio
2906 5465 2990 5520 his
3013 5468 3102 5539 qui
3131 5472 3369 5539 apposita
3398 5487 3551 5539 voce,
3575 5465 3818 5527 serias'in
3852 5494 3984 5532 mar-

2409 5537 2529 5615 giue
2557 5537 2965 5615 subiunxerant,
3013 5535 3085 5591 ita
3134 5535 3233 5607 legi
3281 5542 3331 5615 in
3374 5535 3562 5596 Camb.
3599 5559 3701 5598 ms.
3732 5547 3820 5615 qui
3854 5547 3988 5602 forte

2413 5607 2598 5658 unicus
2630 5607 2735 5659 illis
2763 5617 3089 5660 occurrerat.
3321 5613 3330 5622 '

2484 5686 2538 5744 ac
2569 5676 2666 5729 Ms.
2691 5691 2849 5742 unus,
2874 5678 3130 5744 proprias.

2481 5743 2537 5781 δά
2563 5746 2656 5798 Ms.
2687 5744 2837 5800 Colb.
2867 5743 3025 5820 unus,
3051 5747 3244 5812 ineptos
3270 5761 3580 5805 recensentes
3604 5752 3723 5807 illos
3745 5758 3831 5820 qui
3853 5759 3986 5810 lit-ita

2413 5825 2458 5868 et
2482 5831 2576 5868 usu
2599 5817 3046 5897 consuetudinario
3074 5821 3203 5897 data.
3229 5820 3500 5878 nobilibus.
3540 5823 3608 5879 Et
3646 5817 3805 5894 paulo
3849 5839 3980 5897 post,

2411 5903 2537 5940 mss.
2573 5886 2802 5955 quinque
2830 5897 2881 5943 ut
2904 5888 3094 5958 Lugd,
3123 5890 3384 5957 infumsut.
