4516 6412
236 420 335 477 SOI

1264 418 1351 473 DE
1393 414 1555 471 \‘ITA
1594 407 2172 468 CONTEMPLATIVA
2216 406 2343 464 LIB.
2386 406 2471 462 III.

3416 412 3522 467 502

236 535 459 589 famam.
511 533 619 589 sed
643 543 667 571 ιι
693 536 782 605 qui
815 536 914 590 hoc
964 547 1176 603 quoque
1204 533 1401 586 malum
1429 527 1693 584 divinitus
1723 523 1818 577 ad-
1853 525 1895 579 A
1928 521 2088 583 dcte;
2116 521 2209 576 sed
2233 536 2354 575 cum
2384 519 2766 590 proprietates,
2791 530 2847 576 et
2873 530 3024 576 actus
3047 537 3228 577 earum
3257 528 3521 591 cmperint

236 628 382 695 intus
405 627 645 693 evicerit,
669 635 725 682 et
752 625 1006 696 spiritalis
1033 625 1377 680 continentia:
1405 621 1608 675 viribus
1632 618 1818 680 fultus,

237 716 417 770 omnia
456 717 650 785 quibus
690 726 864 786 potest
894 733 921 769 a
954 716 1283 785 perfectione
1314 711 1608 771 retardari,
1650 708 1825 762 calca-

236 808 408 873 verit;
463 818 696 863 mentem
743 822 896 862 suam
945 817 1147 862 sancta:
1195 807 1408 869 virtuti,
1464 802 1640 857 studio
1670 801 1824 854 bona;

236 899 528 954 voluntatis
558 898 586 938 δ
616 898 838 953 inclinat
870 916 885 957 :
914 908 1041 954 tunc
1087 898 1479 954 delectabiliter
1522 911 1587 949 ac
1631 894 1824 947 devote

236 998 399 1042 nutus
426 1002 614 1044 omnes
644 990 843 1059 regina:
880 989 1092 1044 virtutis
1137 990 1192 1042 in
1236 1002 1296 1041 se
1327 986 1603 1056 regnantis
1633 984 1821 1037 obser-

236 1086 322 1129 vat
353 1092 369 1131 :
395 1092 457 1132 ac
488 1078 568 1133 sic
592 1094 711 1133 cum
738 1078 849 1133 Deo
878 1094 977 1132 suo
1019 1092 1155 1131 unus
1181 1078 1404 1144 spiritus
1450 1075 1642 1137 factus,
1691 1072 1821 1124 nihil
1873 1141 1881 1147 _

235 1167 385 1222 aliud
415 1168 522 1238 agit
548 1183 763 1239 semper
788 1181 873 1222 aut
900 1172 1118 1238 cogitat,
1173 1170 1270 1222 nisi
1313 1167 1455 1222 unde
1483 1166 1680 1219 clarior
1714 1176 1734 1203 ο
1762 1178 1824 1218 ac

239 1260 473 1315 nobilior
502 1261 612 1328 fiat,
632 1269 685 1314 et
701 1259 1088 1315 oblectationes
1113 1260 1362 1314 vitiorum
1391 1256 1653 1319 omnium,
1679 1256 1825 1325 puris

237 1351 689 1407 delectationibus
718 1355 917 1407 vincat.

809 1443 1035 1499 CAPUT
1076 1442 1259 1497 XVIII.

219 1519 368 1601 Otia:
384 1534 450 1587 sit
474 1534 788 1604 quaternarii
810 1536 1008 1587 numeri
1035 1534 1289 1587 credenda
1312 1532 1589 1604 perfectio;
1618 1540 1664 1584 et
1687 1529 1823 1604 quod

306 1600 527 1671 quatuor
554 1606 784 1670 virtutes,
806 1621 922 1673 qua:
948 1606 1098 1657 dicta:
1124 1613 1241 1656 sunt
1264 1600 1597 1671 principales,
1635 1617 1696 1653 ex
1722 1600 1825 1665 ﬁde

311 1676 530 1728 viventes
554 1691 585 1727 a
616 1673 721 1728 Deo
746 1675 949 1729 collata:
959 1673 1267 1744 justi/irent.

311 1808 362 1860 i.
410 1806 695 1862 Videamus
727 1823 870 1862 nunc
898 1822 964 1862 an
993 1821 1120 1861 vera
1148 1806 1218 1859 sit
1248 1804 1685 1875 phil030phoruut
1732 1803 1821 1855 illa

236 1899 524 1963 sententia,
575 1914 676 1967 qua
706 1908 936 1967 quatuor
961 1900 1211 1963 virtutes,
1254 1897 1398 1950 velut
1426 1893 1687 1964 quosdam
1720 1895 1825 1945 vir-
1859 1876 1903 1934 Β

234 1998 410 2043 tutum
437 1988 673 2043 omnium
707 1988 902 2055 fontes,
955 1988 1084 2041 vitia
1128 2002 1343 2055 quoque
1384 1995 1636 2053 quatuor,
1683 1984 1826 2037 velut

233 2078 493 2147 quasdam
516 2078 751 2147 origines
780 2078 1041 2132 malorum
1084 2080 1324 2132 omnium
1353 2076 1636 2129 deﬁniunt.
1672 2075 1821 2127 l’rin-

232 2167 438 2234 cipales
466 2176 713 2235 quatuor,
764 2181 885 2220 esse
915 2168 1143 2220 virtutes
1183 2180 1288 2219 non
1318 2166 1491 2218 solum
1524 2163 1823 2232 philosophi

232 2258 492 2322 sentiunt,
543 2257 637 2312 sed
682 2260 843 2313 etiam
886 2257 1056 2313 nostri
1107 2258 1473 2311 consentiunt.
1516 2256 1621 2310 Sed
1661 2271 1825 2323 quare

232 2355 482 2415 quatuor,
527 2346 610 2401 vel
657 2362 775 2416 qua:
821 2348 930 2401 sint
981 2361 1145 2415 opera
1177 2347 1534 2415 singularum,
1565 2345 1687 2410 hoc,
1721 2346 1825 2399 Do-

232 2437 382 2490 ntiuo
418 2436 777 2503 illuminante,
828 2438 1090 2491 debemus
1138 2437 1378 2491 breviter
1422 2438 1819 2492 demonstrare.

232 2529 642 2593 Quaternarium
669 2525 695 2564 ἀ
727 2545 1011 2584 numerum
1046 2530 1361 2599 perfectioni
1386 2542 1655 2586 sacratum
1688 2546 1823 2599 pene

232 2617 411 2673 nullus
438 2619 663 2688 ignorat.
691 2619 967 2688 Siquidem
1002 2629 1146 2675 totus
1176 2624 1321 2677 orbis
1350 2624 1569 2677 Oriente
1600 2632 1622 2659 ο
1650 2632 1701 2677 et
1723 2624 1822 2677 Oc-

232 2707 469 2771 sidente,
500 2709 765 2777 Aquilone
793 2720 847 2764 et
874 2711 1115 2776 Meridie,
1149 2722 1381 2781 quatuor
1412 2711 1429 2749 ι
1470 2712 1820 2768 determinari

233 2798 474 2866 pirtibus
494 2802 609 2854 sive
639 2800 849 2869 angulis
881 2803 1184 2869 invenitur;
1230 2812 1286 2857 et
1326 2804 1442 2873 ipse
1491 2804 1683 2869 Adam,
1733 2805 1820 2873 qui

232 2900 316 2943 est
343 2889 561 2943 humani
588 2891 801 2960 generis
831 2900 1003 2959 pater,
1037 2893 1123 2947 vel
1152 2894 1405 2963 generale
1435 2908 1653 2959 nomen,
1679 2895 1817 2963 quod

233 2978 430 3033 dicitur
478 2978 675 3046 homo,
723 2996 950 3049 quatuor
1000 2982 1191 3037 litteris
1243 2983 1558 3051 explicatur.
1611 2984 1820 3053 Corpus

233 3084 449 3141 quoque
479 3081 707 3140 quatuor
735 3071 1019 3128 elementis
1052 3083 1077 3121 ε
1105 3084 1468 3140 exstructum,’
1494 3077 1819 3144 quaternarii

233 3162 440 3216 numeri
486 3163 538 3216 in
587 3176 645 3217 se
687 3163 927 3219 continet
969 3175 1385 3221 sacramentum.
1442 3168 1614 3236 Ipsius
1655 3169 1815 3222 etiam

234 3252 427 3307 animus
457 3261 687 3321 quatuor
731 3269 851 3309 esse
878 3255 1210 3321 allectiuncs,
1242 3260 1436 3326 quibus
1472 3259 1553 3313 vel
1585 3260 1650 3315 ad
1680 3261 1819 3315 bona
1848 3237 1894 3299 (ἶ

234 3345 461 3412 utimur,
490 3347 572 3399 vel
596 3346 660 3398 ad
689 3351 850 3411 mala,
876 3356 931 3402 et
960 3350 1165 3419 antiqui
1188 3350 1457 3407 subtiliter
1480 3352 1822 3421 invenerunt,

233 3445 292 3491 et
319 3450 503 3490 eorum
530 3438 743 3489 inventa
777 3437 1066 3505 probantes
1097 3441 1296 3510 posteri
1329 3455 1704 3515 susceperunt.

308 3527 361 3581 2.
406 3525 509 3583 Sed
537 3539 590 3583 ct
620 3540 847 3598 qwatttor
879 3529 1093 3585 flumina
1132 3548 1254 3602 qua“:
1298 3534 1366 3589 de
1407 3538 1637 3605 paradisi
1680 3538 1827 3593 fonte

236 3616 533 3687 procedunt
565 3617 718 3690 (Gen.
750 3635 809 3685 tt,
851 3621 958 3690 10),
1012 3622 1094 3675 vel
1142 3637 1369 3692 quatuor
1401 3626 1709 3697 Evangelia,
1741 3629 1824 3684 di-

235 3710 347 3764 vini
376 3725 563 3765 currus
610 3721 744 3765 rota:
783 3724 1032 3780 quatuor,
1079 3726 1135 3769 et
1158 3717 1439 3787 animalia,
1490 3719 1592 3774 alte
1635 3736 1825 3776 eorum

235 3813 463 3870 qua'uor
506 3815 571 3857 ac
616 3802 778 3857 facies
811 3802 1021 3873 (Ezech.
1062 3820 1098 3873 ι,
1150 3807 1182 3860 5
1212 3816 1260 3860 et
1301 3808 1458 3879 δαίμ),
1510 3812 1824 3880 dignitatem

237 3890 450 3945 numeri
480 3891 638 3959 hujus
666 3891 879 3948 abunde
905 3896 1288 3951 commendant
1312 3915 1323 3952 :
1358 3908 1414 3953 et
1443 3899 1564 3955 ideo
1602 3899 1629 3937 ιι
1656 3901 1824 3955 virtu-

236 3992 321 4037 tes
350 3982 468 4037 istae
497 3998 614 4051 qua!
642 3993 846 4038 tantum
878 3985 1160 4040 continent
1183 3988 1527 4056 perfectionis
1560 3992 1611 4046 in
1640 4008 1827 4047 nume-

236 4087 322 4137 ro,
350 4073 580 4129 sollicite
607 4075 952 4130 considerare
991 4076 1271 4145 debemus,
1325 4091 1579 4149 quantam
1628 4086 1825 4138 sancti-

238 4175 403 4220 tatem
452 4164 732 4221 conferant
782 4168 963 4222 animo
1000 4168 1331 4239 Christiano,
1384 4182 1437 4228 et
1484 4190 1646 4241 quam
1693 4175 1825 4230 nihil

238 4257 585 4328 pmfectionis
620 4260 635 4297 ί
674 4275 898 4331 usquam
946 4263 1039 4328 sit,
1079 4264 1222 4334 quod
1273 4265 1326 4319 in
1374 4265 1493 4321 istis
1540 4269 1827 4326 virtutibus

236 4365 344 4406 non
370 4351 459 4406 sit.
492 4351 622 4406 Nam
653 4353 696 4408 si
732 4354 857 4409 facit
889 4359 1237 4424 temperantia
1264 4367 1671 4429 temperantem,
1703 4381 1827 4432 pru-

236 4445 418 4498 dentia
447 4444 784 4514 prudentem,
816 4446 1018 4516 iustitia
1039 4448 1265 4517 justum,
1301 4452 1556 4507 fortitudo
1596 4456 1824 4524 fortem;

235 4550 305 4590 eo
334 4537 424 4606 qui
460 4546 839 4606 temperanter,
865 4537 1031 4609 juste,
1056 4548 1112 4595 et
1141 4544 1435 4609 prudenter
1466 4546 1594 4614 agit,
1627 4562 1690 4601 ac
1721 4548 1829 4603 for-

1927 611 2148 678 aperiri,
2184 628 2249 666 ex
2283 612 2412 681 Ipsis
2441 613 2456 663 i
2490 612 2866 667 affectionibus
2892 616 3245 681 singularum,
3270 633 3388 685 qua:
3417 622 3520 671 vir—

1928 710 2070 756 tutes
2101 718 2164 756 ex
2193 702 2389 771 quibus
2415 704 2705 767 exsistunt,
2739 703 2960 758 forsitan
2994 707 3293 772 apparebit.

1998 792 2050 845 5.
2096 791 2480 846 Verumtamen
2508 794 2609 847 hoc
2640 793 2905 863 imprimis
2937 811 3097 850 nosse
3126 807 3175 850 et
3216 808 3398 852 tenere
3426 798 3521 853 de-

1926 884 2139 949 bemus,
2178 885 2320 954 quod
2348 884 2467 940 ista:
2500 896 2729 955 quatuor
2757 889 3004 954 virtutes,
3049 893 3131 945 vel
3169 907 3358 949 omnes
3400 911 3521 965 qute

1926 989 1990 1029 ex
2016 975 2123 1028 illis
2148 977 2406 1041 existunt,
2460 975 2601 1031 dona
2632 979 2739 1033 sint
2775 980 2899 1043 Dei;
2951 991 3004 1033 et
3038 984 3175 1051 quod
3209 986 3386 1041 nullus
3426 1001 3523 1041 eas

1928 1062 2108 1126 habet,
2159 1066 2360 1130 habuit,
2409 1076 2502 1120 aut
2543 1068 2782 1132 habebit,
2833 1072 2932 1124 nisi
2975 1072 3059 1124 cui
3100 1073 3260 1136 Deus,
3310 1076 3401 1142 qui
3438 1085 3522 1130 est

1927 1156 2169 1209 omnium
2220 1157 2476 1210 virtutum
2524 1160 2824 1227 proprietas
2866 1173 2918 1214 et
2967 1162 3151 1231 origo,
3212 1169 3519 1220 contulerit.

1926 1246 2189 1313 Quoniam
2221 1250 2561 1318 quicunque,
2608 1266 2929 1319 quocunque
2983 1264 3243 1323 tempore,
3293 1258 3344 1309 in
3391 1274 3523 1325 qua-

1925 1353 2137 1407 cunque
2164 1352 2326 1407 geute
2366 1340 2419 1394 in
2456 1340 2625 1394 Deum
2656 1343 2942 1397 credentes
2972 1362 3037 1398 ex
3092 1346 3195 1400 title
3250 1348 3520 1415 vixerunt,

1926 1431 2071 1486 illius
2099 1432 2243 1486 dono
2274 1440 2638 1499 temperantes
2666 1450 2728 1488 ac
2755 1436 3069 1503 prudentes,
3101 1438 3250 1506 justi,
3284 1437 3308 1475 κ
3330 1455 3391 1493 ac
3420 1440 3525 1493 for-

1926 1529 2007 1575 tes
2059 1522 2173 1576 lieri
2230 1523 2417 1592 utique
2468 1533 2777 1591 potuerunt.
2840 1528 2939 1593 Qui
2991 1537 3170 1583 autem
3223 1532 3525 1586 nescientes

1926 1614 2116 1681 Deum,
2154 1615 2235 1669 vel
2264 1615 2426 1670 etiam
2462 1615 2920 1685 blaspltemantes,
2968 1622 3085 1677 sine
3121 1623 3225 1677 fide
3252 1625 3523 1690 vixerunt,

1926 1706 2059 1759 nihil
2086 1721 2271 1762 earum
2299 1708 2559 1762 virtutum
2592 1722 2623 1762 a
2652 1710 2762 1765 Deo
2792 1713 3056 1781 accipere,
3088 1715 3171 1770 vel
3202 1715 3400 1772 habere
3430 1732 3521 1789 po-

1928 1797 2095 1850 tuisse
2121 1797 2377 1852 credendi
2406 1810 2553 1853 sunt.

2519 1916 2749 1971 CAPUT
2792 1917 2930 1972 XIX.

2202 2022 2276 2078 De
2298 2028 2651 2095 temperanth
2670 2030 2942 2099 qualitate,
2974 2035 3049 2087 vel
3080 2051 3250 2105 opere.

2005 2175 2053 2227 l.
2097 2174 2201 2231 Sed
2229 2176 2339 2244 jam
2372 2179 2650 2234 videamus
2678 2198 2799 2251 qum
2830 2184 2898 2237 sit
2938 2188 3239 2255 proprietas
3285 2189 3524 2261 singula-

1928 2280 2072 2318 rum.
2103 2266 2483 2337 Temperantia
2512 2283 2900 2339 temperantem
2943 2276 3092 2342 facit,
3140 2280 3523 2348 abstinentem,

1930 2371 2169 2423 parcum,
2217 2360 2484 2429 sobrium,
2539 2361 2899 2433 moderat‘um,
2951 2370 3222 2436 pudicum,
3268 2376 3522 2435 tacitum.

1933 2444 2194 2514 1serium,
2229 2454 2613 2506 verecundum.
2645 2454 2769 2509 Ilzcc
2798 2457 2968 2511 virtus
2999 2468 3035 2494 ω
3066 2460 3109 2512 si
3135 2462 3185 2514 in
3215 2466 3395 2516 animo
3426 2465 3519 2519 ha-

1928 2540 2081 2607 bitat,
2118 2542 2368 2599 Iib'dines
2397 2544 2590 2612 frenat,
2639 2547 2865 2603 affectus
2916 2559 3204 2621 temperat,
3256 2555 3521 2612 desideria

1927 2643 2110 2686 sancta
2145 2634 2484 2701 multiplicat,
2518 2638 2709 2693 vitiosa
2738 2642 2988 2711 castigat,
3044 2645 3223 2699 omnia
3258 2647 3396 2702 intra
3426 2665 3523 2705 nos

1925 2722 2146 2777 confusa
2180 2725 2416 2793 ordinat,
2459 2735 2487 2763 η
2519 2729 2766 2785 ordinata
2800 2733 3140 2800 corroborat,
3170 2738 3524 2805 cogitationes

1928 2828 2119 2882 pravas
2149 2826 2430 2883 removet,
2479 2820 2669 2875 inserit
2713 2833 2951 2891 sanctas,
3001 2826 3180 2895 ignem
3224 2828 3523 2886 libidinose

1926 2908 2213 2974 voluptatis
2245 2909 2555 2980 exstinguit,
2596 2915 2760 2969 animi
2793 2925 3035 2985 teporem
3064 2920 3333 2975 desiderio
3378 2922 3522 2979 futu-

1925 3010 1999 3048 ra:
2031 3000 2481 3055 remunerationis
2518 3004 2788 3070 accendit,
2837 3018 3071 3063 mentem
3118 3010 3330 3079 placida
3376 3024 3523 3070 tran~

1924 3087 2184 3155 quillitate
2207 3091 2503 3159 componit,
2552 3102 2605 3146 et
2637 3102 2660 3128 °
2692 3103 2857 3150 totam
2887 3112 3103 3167 semper
3150 3101 3220 3155 ab
3264 3104 3411 3158 omni
3441 3104 3522 3159 vi-

1926 3177 2121 3231 tiorum
2158 3189 2476 3247 tempestate
2525 3181 2787 3239 defendit.
2839 3187 3221 3257 Temperantia
3268 3195 3523 3265 intempe-

1930 3270 2156 3322 rantiam
2195 3281 2433 3326 nostram
2480 3274 2544 3328 ad
2573 3284 2599 3323 ρ
2630 3278 2914 3332 honestum
2966 3281 3185 3336 modum
3236 3284 3429 3354 redigit
3470 3285 3523 3340 in

1928 3359 2051 3414 cibo
2081 3360 2199 3430 ipso
2231 3362 2315 3418 vel
2356 3372 2506 3433 potu,
2550 3375 2607 3419 ut
2645 3370 2881 3423 contenti
2913 3372 3084 3426 simus
3118 3374 3378 3441 appositis
3408 3392 3421 3426 :
3456 3390 3525 3431 ne

1930 3468 2215 3519 poscamus
2265 3456 2608 3525 impudenter
2655 3459 2799 3528 quod
2859 3470 2953 3515 aut
3007 3462 3099 3516 ille
3142 3465 3232 3531 qui
3284 3468 3523 3532 poscitur

1929 3540 2065 3596 forte
2094 3553 2121 3591 τι
2154 3557 2258 3597 non
2293 3545 2521 3611 habeat;
2567 3557 2656 3601 aut
2701 3549 2836 3604 alios
2865 3550 3005 3617 quod
3034 3550 3306 3607 desiderio
3337 3565 3524 3611 nostro

1931 3636 2107 3703 placet
2137 3636 2396 3704 oll‘endat,
2429 3651 2523 3695 aut
2556 3643 2695 3711 gulae
2728 3656 2929 3699 nostra}
2966 3649 3330 3717 intemperans
3360 3666 3524 3720 appe-

1932 3730 2059 3782 tLtus
2085 3740 2373 3797 appareat;
2403 3747 2504 3787 nec
2530 3733 2837 3801 iudicemus
2863 3751 2957 3791 eos
2980 3738 3071 3807 qui
3095 3741 3281 3795 volunt
3313 3752 3333 3779 ι’
3363 3744 3522 3812 cibis,

1930 3832 2067 3885 quos
2113 3819 2211 3886 ipsi
2258 3822 2610 3888 percipimus,
2657 3824 2965 3893 abstinere;
2998 3844 3098 3883 nec
3142 3832 3222 3885 eis
3264 3847 3526 3889 verecun-

1930 3908 2073 3960 diam
2105 3907 2365 3964 faciamus
2404 3913 2495 3977 qui
2527 3928 2587 3967 ea
2620 3915 2814 3984 quibus
2852 3918 2950 3985 ipsi
2983 3919 3338 3987 abstinemus,
3386 3923 3526 3981 forte

1934 3998 2260 4065 percipiunt,
2300 4010 2356 4055 et
2398 4002 2509 4057 Deo
2554 4005 2755 4073 gratias
2807 4012 3167 4077 agmitzcerti
3199 4012 3342 4079 quod
3392 4016 3525 4069 satis

1932 4088 2191 4143 miserum
2223 4089 2292 4144 sit
2337 4092 2548 4160 aliquos
2574 4094 2641 4149 de
2686 4096 2793 4150 cibi
2839 4098 2921 4151 Vel
2970 4111 3128 4167 potus
3176 4106 3525 4173 perceptione

1931 4178 2211 4246 damnare,
2250 4189 2344 4235 aut
2371 4183 2525 4239 nobis
2562 4199 2819 4258 arrogare
2868 4204 2964 4258 per
2993 4190 3376 4250 abstinentiam
3403 4212 3522 4251 sano

1931 4271 2199 4327 ctiratem.
3242 4354 3249 4362 .

2001 4365 2058 4418 2.
2091 4366 2482 4435 Temperantia:
2522 4380 2607 4425 est
2634 4373 2776 4441 quod
2823 4377 3187 4433 reverentiam
3221 4381 3526 4436 senioribus

1932 4457 2277 4525 exhibemus,
2309 4464 2545 4531 aequales
2579 4465 2911 4533 germanitus
2955 4467 3304 4536 Itonoramus,
3344 4473 3524 4539 junio‘

1935 4546 2083 4602 ribus
2132 4550 2357 4618 gratiam
2400 4561 2421 4587 ι
2471 4560 2710 4619 paternae
2764 4554 3073 4611 dilectionis
3130 4557 3523 4628 impendimus;

239 4628 387 4695 titer,
418 4628 603 4684 nescio
633 4629 759 4698 quid
790 4606 957 4699 possit
983 4606 1105 4686 esse
1130 4606 1439 4699 perfectius.
1474 4606 1659 4706 linque
1686 4639 1826 4693 difli-
1855 4606 1907 4666 D
1933 4640 2078 4708 quod
2127 4606 2443 4709 prmstamus
2490 4644 2731 4713 loquenti
2779 4648 2978 4701 seniori
3030 4606 3300 4705 silentiinn
3320 4693 3335 4719 ,
3384 4655 3523 4723 quod

236 4720 343 4777 cile
365 4720 581 4790 quidem
612 4730 694 4776 est
729 4722 883 4778 nobis
911 4725 1127 4778 nomina
1156 4728 1433 4795 virtutum,
1477 4746 1596 4797 quite
1625 4745 1690 4786 ex
1720 4732 1826 4786 illis

236 4822 488 4881 quatuor,
521 4828 651 4882 quas
680 4816 1005 4884 principales
1041 4816 1292 4879 diximus,
1332 4819 1602 4890 oriuntur,
1643 4834 1825 4878 osten-

313 4997 338 5025 ⁸
373 4989 539 5059 Alias,
574 4990 616 5041 si
644 4992 776 5059 φύε.

313 5058 338 5096 b
372 5057 446 5113 Ita
469 5073 606 5134 mss.
639 5057 887 5129 qua'uor.
930 5060 1027 5115 Ms.
1061 5063 1213 5127 :Itcr,
1267 5067 1499 5121 inclinet.
1552 5069 1713 5134 Editi,
1748 5076 1823 5121 in-

236 5129 520 5184 clinoverit.

316 5210 338 5237 ε
370 5199 499 5251 Mss.
530 5208 655 5261 tres,
687 5212 775 5251 aut
805 5200 1041 5254 nobilior.

312 5267 335 5303 ἀ
372 5269 470 5322 Ms.
506 5284 663 5341 unus,
697 5274 1032 5341 perfecrione.
1082 5275 1247 5331 Alter,
1298 5277 1696 5341 Quaternarium
1732 5298 1824 5333 ttu-

236 5355 380 5393 mero
409 5339 730 5408 perfectionis
758 5351 1035 5394 sacratum.

316 5410 495 5487 abitas.
529 5408 635 5461 duo
664 5409 749 5461 llic
774 5412 1029 5464 omittunt
1056 5425 1123 5481 et,
1172 5414 1315 5485 quod
1362 5417 1555 5487 legitur
1602 5419 1654 5473 in
1707 5422 1825 5475 aliis

234 5478 533 5535 codicibus.

317 5550 335 5588 ι
364 5549 487 5602 Mss.
519 5550 647 5611 duo,
677 5550 960 5603 terminari.

316 5629 341 5667 ε
367 5619 461 5671 Ms.
497 5634 603 5670 unu
638 5656 653 5680 ,
687 5622 987 5674 instructum

312 5687 336 5726 ιλ
370 5688 469 5741 Ms.
500 5704 660 5751 unus,
696 5690 899 5742 virtutes
927 5696 1067 5746 istas.

313 5760 328 5796 ί
367 5761 490 5811 Mss.
523 5768 771 5823 qttzttttur,
806 5776 1085 5827 nunquam.

312 5830 325 5880 i
368 5830 465 5884 lla.
502 5829 633 5896 Iteg.
670 5843 825 5894 unas,
866 5832 1148 5897 omnibus.
1200 5835 1349 5891 Alter
1392 5849 1445 5892 et
1483 5838 1636 5895 Colb.
1689 5857 1825 5895 unus

1935 4733 2102 4801 ipsius
2132 4734 2198 4788 ad
2242 4735 2566 4806 loquendum
2613 4738 2987 4806 praestolamur
3034 4740 3341 4808 imperium,
3382 4745 3522 4813 quod

1934 4843 2041 4882 non
2064 4828 2358 4883 attollimus
2399 4828 2812 4885 immoderatum
2846 4831 2898 4885 in
2946 4833 3392 4892 collocutionibus
3434 4852 3525 4892 so-

1935 5017 1999 5056 cu
2026 5021 2054 5051 u
2081 5003 2291 5064 Camln.
2326 5002 2606 5069 eﬂ'ectibns.

2006 5070 2031 5141 ξ
2065 5074 2192 5127 Mss.
2226 5074 2351 5135 duo,
2386 5076 2461 5127 vel
2488 5081 2665 5141 fortes.

2011 5140 2025 5178 ι
2064 5145 2115 5195 lu
2149 5158 2278 5196 mss.
2312 5145 2519 5197 duobus
2551 5145 2702 5197 Culb.
2734 5144 2885 5197 deest
2915 5162 3015 5198 vox
3048 5149 3257 5200 serium.

2006 5222 2043 5248 ω
2068 5214 2167 5291 _.\Is.
2195 5214 2347 5267 Colb.
2366 5231 2539 5291 'ttntts,
2571 5216 2622 5291 in
2646 5217 2825 5291 animo
2856 5215 2938 5267 ubi
2960 5217 3195 5291 llmbitat,
3228 5220 3429 5291 alisque
3457 5225 3520 5277 si.

2003 5291 2029 5317 η
2066 5284 2160 5336 Ms.
2199 5299 2334 5337 unus
2361 5284 2537 5349 Culb.,
2565 5285 2770 5352 in/irnta
2802 5286 3117 5340 corroborat.

2008 5362 2031 5387 ο
2061 5354 2159 5407 Ms.
2190 5354 2345 5407 Colb.
2375 5370 2553 5427 unus,
2597 5366 2641 5406 et
2680 5365 2843 5407 tutam
2882 5371 3079 5427 semper
3106 5358 3170 5411 ab
3211 5361 3347 5412 omni
3377 5362 3524 5415 vitio-

1934 5440 2048 5475 rum
2074 5433 2319 5488 potestate
2350 5425 2597 5491 defendit.

2006 5509 2035 5545 r
2062 5493 2159 5546 Ms.
2191 5499 2420 5555 unus,ad
2450 5511 2646 5547 omnem
2675 5495 2961 5547 honestum.

2006 5572 2033 5612 (ι
2065 5564 2159 5639 his.
2197 5580 2355 5639 unus,
2390 5582 2491 5639 non
2520 5564 2754 5617 habebat.
2800 5565 2906 5639 _Ms.
2944 5580 3098 5635 unus,
3146 5577 3231 5620 aut
3274 5585 3333 5622 ne
3373 5572 3523 5639 alios,

1934 5642 2039 5689 etc.
2076 5634 2277 5704 Desunt
2311 5634 2374 5686 h.t
2395 5649 2422 5689 c
2452 5637 2503 5687 in
2532 5650 2635 5687 ms.
2664 5651 2772 5688 uno
2797 5636 2928 5704 lteg.

2010 5714 2029 5741 τ
2067 5705 2191 5757 Mss.
2224 5702 2352 5769 duo,
2387 5721 2419 5756 a
2448 5706 2592 5757 cibis.

2010 5783 2031 5811 ³
2066 5774 2161 5830 Ms.
2195 5790 2353 5844 unus,
2380 5792 2525 5844 pura:
2543 5776 2850 5830 dilectionis.
