4516 6424
755 377 859 434 503

2026 373 2289 432 JULIANI
2328 373 2611 432 POMERII

3919 385 4024 444 504

753 509 900 558 num,
927 499 1067 562 quod
1097 502 1126 531 ι
1164 492 1296 548 risui
1343 503 1691 560 prorumpere
1729 504 1836 545 non
1882 492 2252 560 permittimus
2283 490 2336 545 in
2365 490 2419 550 Δ
2442 498 2709 565 augentia,
2738 496 2833 554 sed
2863 497 2916 552 in
2948 497 3028 554 eis
3058 507 3262 555 tantum
3291 513 3428 570 quos
3452 498 3664 557 fortiter
3703 500 3831 555 facit
3861 501 4025 556 susti-

749 585 1096 650 cacliinnum,
1117 584 1260 655 quod
1293 583 1416 643 nulli
1439 582 1793 642 detrahimus.
1845 596 1945 638 nec
1977 581 2006 622 δ
2043 582 2330 638 detrahen-

751 687 833 731 tes
864 677 1237 745 azquanimiter
1263 675 1621 730 sustinemus:
1651 676 1904 740 scientes,
1935 675 2080 743 quod
2119 687 2224 728 tam
2259 672 2332 727 illi

751 770 843 834 qui
884 768 1168 822 detrahunt
1209 780 1369 836 quam
1411 765 1486 818 illi
1538 765 1626 832 qui
1664 765 2076 819 detralientibus
2119 766 2331 832 acquie-

724 844 930 925 scant,
957 857 1202 910 vanitatis
1243 855 1430 910 morbo
1472 856 1708 924 corrupti
1749 863 1901 918 sunt;
1937 865 1960 894 ε
1991 855 2079 924 qui
2125 855 2188 909 ad
2231 854 2331 907 hoc

748 952 880 1004 alios
902 951 1037 1003 viles
1074 949 1242 1002 videri
1289 947 1499 1012 volunt,
1551 957 1608 1000 ut
1651 961 1712 1000 se
1738 948 2116 1002 commendent
2143 961 2328 1000 eorum

746 1041 1151 1110 comparatione
1177 1053 1309 1110 quos
1331 1048 1580 1109 carpunt,
1603 1049 1657 1094 et
1681 1039 1966 1094 videantur
1983 1056 2045 1094 ea
2064 1041 2192 1092 vitia
2221 1055 2327 1092 non

747 1132 966 1196 habere,
1002 1146 1122 1200 quae
1156 1131 1428 1185 malitiose
1464 1129 1518 1184 in
1559 1130 1679 1184 aliis
1724 1129 2142 1198 reprehendunt,
2184 1131 2328 1197 quod

744 1221 942 1275 malum
973 1222 1328 1289 temperantia
1362 1220 1531 1284 tollit;
1578 1219 1662 1273 cui
1709 1219 1801 1288 qui
1837 1221 2038 1274 servire
2076 1221 2326 1283 voluerit,

745 1324 849 1362 non
872 1309 1012 1378 quod
1044 1307 1401 1378 reprehendat
1437 1306 1489 1359 in
1537 1306 1814 1372 fratribus,
1849 1305 1942 1362 sed
1974 1305 2116 1362 unde
2160 1307 2325 1361 Deum

745 1399 921 1453 laudet
948 1399 1190 1452 attendit.
1238 1399 1314 1452 Ac
1348 1411 1442 1465 per
1484 1396 1586 1451 hoc
1615 1397 1784 1466 ipsius
1817 1399 2184 1466 temperantia:
2215 1407 2322 1464 est,

744 1491 882 1558 quod
913 1503 1016 1542 non
1043 1488 1215 1540 solum
1247 1496 1606 1553 temperantes
1628 1487 1679 1540 in
1703 1490 1941 1542 omnium
1963 1489 2324 1544 membrorum

743 1579 932 1632 ofﬁciis
974 1591 1180 1642 sumus,
1212 1577 1305 1631 sed
1331 1578 1492 1630 etiam
1523 1576 1664 1645 quod
1694 1577 1872 1630 omnia
1909 1577 2161 1644 libenter,
2203 1593 2324 1646 qua:

741 1686 840 1726 nos
865 1671 1173 1725 moderatos
1203 1686 1268 1725 ac
1305 1669 1514 1724 solrios
1542 1670 1760 1736 faciunt,
1794 1669 2164 1725 observamus.
2215 1671 2322 1726 Sed

741 1767 805 1821 de
832 1765 1178 1833 temperantia
1208 1763 1324 1819 haec
1357 1763 1493 1818 dicta
1526 1762 1810 1827 sufﬁciant,
1843 1762 1868 1800 ά
1905 1775 1960 1819 ut
1989 1773 2044 1819 et
2067 1765 2135 1820 de
2164 1765 2319 1819 forti-

741 1856 924 1913 tudine
949 1856 1300 1911 disseramus.

1340 1947 1562 2002 CAPUT
1604 1946 1722 2002 XX.

810 2036 1004 2102 Quales
1026 2056 1132 2094 esse
1151 2039 1362 2093 debeant
1387 2055 1514 2107 quos
1537 2039 1693 2092 animi
1717 2039 1968 2105 fortitudo
1989 2041 2242 2094 nobilitat.

817 2133 864 2188 l.
897 2132 1073 2186 Animi
1102 2131 1357 2185 fortitudo
1388 2145 1450 2182 ea
1490 2129 1648 2183 debet
1687 2129 1910 2198 intelligi
1947 2145 2068 2198 qua:
2092 2145 2196 2185 non
2223 2147 2317 2187 so-

739 2228 849 2281 lum
876 2225 1104 2280 diversis
1135 2224 1339 2291 pulsata
1366 2221 1628 2277 molestiis
1645 2222 1965 2277 inconcussa
1985 2235 2314 2291 permaneat,

738 2318 831 2374 sed
853 2317 1015 2371 etiam
1050 2317 1212 2370 nullis
1242 2316 1574 2381 vi-Iuptatum
1625 2314 1896 2369 illecebris
1932 2317 2164 2372 resoluta
2199 2331 2316 2372 suco

736 2408 972 2462 cumbat.
1017 2406 1265 2475 Alioquin
1307 2405 1351 2458 si
1392 2405 1624 2471 impetus
1651 2404 1866 2472 quidem
1915 2407 2176 2460 malorum
2218 2422 2318 2462 εω-

737 2501 992 2554 vientium
1035 2500 1275 2568 frangat,
1325 2498 1367 2550 si
1410 2496 1806 2551 calamitatibus
1853 2497 2178 2568 quibuslibet
2219 2500 2318 2554 im-

736 2593 910 2662 pactis
951 2602 976 2630 ε
1016 2591 1264 2655 obsistat,
1312 2590 1358 2644 si
1409 2590 1549 2644 inter
1600 2589 1914 2658 iniuriarum
1955 2604 2130 2656 steva,
2179 2593 2318 2646 inter

734 2682 1004 2750 procellas
1043 2680 1352 2750 augentium
1397 2693 1791 2747 pressurarum,
1832 2680 1971 2734 inter
2011 2681 2316 2739 inimicitias

733 2775 1013 2830 aedamna
1041 2773 1347 2843 praesentia,
1375 2780 1532 2840 atque
1549 2771 1889 2826 multimodas
1915 2773 2314 2840 persecutiones

732 2864 1008 2934 infatigata
1033 2863 1304 2932 persistat.
1342 2872 1397 2917 et
1442 2869 1621 2915 tamen
1649 2861 1717 2916 de
1743 2862 1853 2930 ipsa
1893 2877 1950 2914 se
1978 2863 2314 2918 adversario-

732 2973 849 3012 rum
879 2955 1195 3012 sustinentia
1219 2955 1404 3025 jactet,
1444 2969 1544 3009 nec
1574 2954 1641 3007 de
1679 2955 1822 3008 dono
1855 2955 1972 3019 Dei,
2010 2957 2028 2994 ί
2061 2972 2168 3026 quo
2197 2958 2314 3012 illu-

731 3057 954 3112 stratur,
993 3048 1244 3108 exsultet.
1285 3045 1378 3099 sed
1417 3046 1708 3100 carnaliter
1745 3060 1805 3100 se
1840 3047 1909 3101 de
1941 3048 2080 3118 vulgi
2113 3051 2311 3114 favore,

731 3154 835 3208 quo
858 3137 1193 3206 praedicatur,
1213 3136 1468 3199 oblectet;
1497 3137 1722 3204 plusque
1741 3137 1969 3204 gaudeat
1992 3153 2058 3192 ex
2080 3154 2147 3194 eo
2169 3141 2311 3208 quod

2439 603 2569 644 nere
2592 588 2819 657 iustitia.
2865 589 3103 660 Denique
3133 592 3395 649 Dominus
3435 607 3541 649 non
3571 591 3665 660 ait,
3697 591 3726 631 ιι
3756 592 3908 648 Beati
3935 595 4024 662 qui

2436 683 2836 749 persecutionem
2864 684 3131 753 patiuntur
3160 683 3379 755 (Matth.
3397 701 3452 752 ν,
3471 683 3582 756 10),
3615 693 3674 740 et
3695 686 3895 749 tacuit;
3925 684 4023 740 sed

2433 773 2649 840 adjecit,
2696 784 2901 845 propter
2937 777 3201 846 justitiam
3237 792 3258 830 :
3291 786 3352 831 ut
3394 777 3673 834 evidenter
3709 776 4024 852 ostenderet

2432 866 2574 933 Quod
2605 868 2915 935 patientiam
2947 884 3127 924 veram
3159 884 3267 923 non
3296 868 3427 926 facit
3475 886 3655 939 passa,
3696 871 3791 926 sed
3821 885 4016 934 una;

2431 963 2487 1010 et
2516 957 2634 1011 ideo
2661 957 3042 1014 beatitudinem
3072 975 3176 1014 non
3207 963 3636 1029 persecutionem
3669 963 4017 1031 patientibus,

2431 1046 2524 1099 sed
2555 1057 2773 1116 propter
2795 1049 3054 1117 justitiam
3111 1050 3439 1120 patientibus
3486 1055 3815 1122 repromisit.
3862 1052 4016 1119 Quod

2429 1140 2473 1193 si
2525 1141 2593 1195 ita
2651 1155 2753 1207 est,
2812 1143 3240 1211 superandorum
3284 1142 3302 1183 ι
3346 1146 3608 1201 malorum
3665 1148 4014 1212 sustinentia,

2431 1239 2556 1286 tunc
2585 1241 2669 1286 est
2696 1248 2820 1287 vera
2853 1233 3128 1301 patientia,
3177 1235 3222 1291 si
3253 1235 3408 1291 fuerit
3430 1237 3576 1305 justa
3602 1253 3616 1291 :
3645 1245 3701 1292 et
3731 1239 3782 1291 iu
3813 1237 3895 1292 eis
3921 1237 4013 1306 ju-

2429 1335 2508 1378 sta
2535 1332 2618 1378 est
2648 1324 2899 1392 patientia
2925 1340 3153 1395 quorum
3188 1341 3286 1382 nec
3316 1328 3613 1395 doloribus,
3643 1343 3744 1384 nec
3771 1329 4014 1397 volupta-

2428 1416 2570 1470 tibus
2605 1423 2646 1451 ω
2677 1415 2821 1470 cedit
2865 1417 3061 1471 mentis
3106 1416 3321 1471 invictas
3370 1421 3693 1474 constantia.
3741 1419 3846 1475 Sed
3898 1419 4014 1476 haec

2427 1505 2587 1560 animi
2617 1505 2871 1560 fortitudo
2913 1507 2980 1560 ab
3019 1507 3112 1563 illo
3149 1515 3234 1563 est
3264 1509 3419 1563 nobis
3462 1511 3548 1565 cui
3579 1525 3700 1565 cum
3744 1517 4006 1580 propheta

2424 1603 2451 1631 υ
2476 1606 2786 1649 cantamus:
2810 1595 3081 1650 Fortitudo
3109 1614 3238 1661 mea,
3258 1609 3305 1652 et
3329 1608 3355 1634 ο
3385 1599 3500 1653 laus
3521 1615 3634 1653 mea
3666 1599 3940 1664 Dominus,
3957 1611 4006 1655 et

2427 1687 2591 1754 facms
2620 1697 2690 1738 est
2720 1686 2843 1738 mihi
2865 1687 2916 1739 in
2945 1687 3163 1741 salutem
3194 1687 3365 1757 (Psal.
3396 1704 3561 1754 csvn,
3585 1689 3701 1758 ll).
3730 1691 4012 1746 Fortitudo

2427 1785 2604 1831 nostra
2637 1785 2720 1830 est
2741 1787 2789 1839 ρ,
2831 1778 2955 1846 quia
2997 1778 3067 1830 ita
3095 1787 3404 1834 noscontra
3433 1779 3613 1834 omnia
3641 1780 3767 1833 vitia
3813 1781 4009 1834 invicta

2357 1845 2404 1904 Β
2432 1867 2756 1930 protectione
2801 1845 3145 1933 corroborat,
3194 1875 3254 1922 ut
3295 1869 3532 1923 animum
3581 1879 3824 1924 nostrum
3853 1880 3880 1919 ει
3911 1885 4011 1925 nec

2424 1955 2610 2010 blanda
2653 1956 2978 2021 dissolvant,
3030 1971 3130 2011 nec
3174 1957 3402 2012 adversa
3447 1959 3733 2027 dejiciant;
3782 1967 3840 2014 et
3881 1967 4011 2014 tunc

2422 2047 2537 2102 laus
2567 2057 2748 2102 nostra
2782 2048 3035 2103 Dominus
3064 2049 3141 2114 fit,
3186 2050 3234 2104 si
3279 2065 3385 2105 non
3436 2065 3534 2105 nos
3585 2050 3654 2106 de
3697 2052 4012 2106 muneribus

2424 2136 2543 2198 Dei,
2573 2138 2664 2190 sed
2689 2138 2864 2192 divina
2891 2138 2943 2192 in
2974 2140 3126 2194 nobis
3150 2140 3430 2208 cupiamus
3454 2155 3674 2196 munera
3701 2141 4005 2210 praedicari.

2420 2227 2526 2282 Nec
2559 2229 2632 2282 illi
2659 2243 2810 2284 suam
2835 2239 3058 2298 possunt
3079 2231 3284 2299 jactare
3305 2231 3587 2296 virtutem,
3609 2232 3803 2302 quibus
3827 2231 4008 2290 Domi-

2420 2334 2520 2374 nus
2551 2318 2721 2374 lactus
2743 2329 2827 2375 est
2858 2320 2910 2372 in
2941 2321 3189 2375 salutem.

2491 2409 2543 2462 3.
2585 2409 2631 2462 Is
2664 2424 2792 2479 ergo
2818 2419 2839 2446 τ
2873 2410 2958 2464 cui
2989 2409 3243 2464 Dominus
3273 2419 3356 2465 est
3383 2410 3545 2464 animi
3570 2409 3850 2474 fortitudo,
3882 2409 4005 2464 nul-

2391 2500 2484 2552 .Iis
2525 2499 2828 2552 carnalibus
2875 2499 3158 2553 desideriis
3204 2500 3382 2564 cedat,
3431 2499 3592 2554 nullis
3641 2499 4007 2569 voluptatibus

2418 2594 2746 2662 acquiescat,
2795 2593 3139 2648 ambitionem
3188 2609 3252 2648 ac
3294 2593 3605 2662 popularem
3636 2593 3862 2664 gloriam
3887 2593 4007 2647 vin-

2416 2693 2521 2737 cat.
2575 2683 2689 2738 Non
2718 2699 2842 2737 eum
2867 2684 3106 2752 pecuniae
3147 2697 3299 2738 amor
3337 2683 3550 2738 addicat
3581 2693 3627 2746 ⁸,
3662 2698 3766 2737 non
3797 2683 4004 2738 acerbi-

2419 2784 2498 2829 tas
2526 2776 2542 2811 ί
2577 2776 2884 2844 passionum
2913 2774 3340 2842 damnorumque
3366 2775 3635 2843 subjiciat.
3665 2774 3746 2830 Sit
3764 2775 3838 2828 illi
3866 2774 4004 2828 Deus

2417 2867 2530 2921 laus
2573 2877 2702 2931 tota,
2758 2865 2988 2934 perfecta
3037 2866 3204 2936 gloria
3235 2875 3284 2925 υ.
3340 2864 3627 2920 delectatio
3678 2878 3832 2934 pura,
3877 2878 4003 2933 spes

2415 2968 2582 3026 cerua,
2616 2960 2876 3012 securitas
2907 2957 3080 3021 firma,
3133 2957 3460 3026 possibilitas
3486 2971 3639 3019 sana,
3690 2954 3893 3010 sanitas
3921 2955 4000 3008 in-

2414 3060 2704 3118 corrupta:
2733 3059 2790 3104 ut
2817 3050 2864 3105 ei
2910 3049 3168 3119 quidquid
3198 3048 3508 3103 carnalibus
3554 3048 3751 3116 placet,
3797 3047 3852 3100 in
3901 3046 4002 3102 hoc

2415 3141 2613 3196 mundo
2643 3139 2957 3208 displiceat;
2988 3139 3245 3210 quidquid
3279 3139 3571 3206 pretiosum
3601 3139 3813 3192 videtur
3853 3152 3997 3201 esse,

728 3197 992 3294 laudatur,
1024 3197 1274 3298 quamve:
1303 3243 1367 3281 eo
1393 3197 1533 3298 quod
1563 3197 1902 3281 habet'unde
1929 3197 2207 3295 laudetur;
2256 3240 2310 3286 et
2339 3197 2383 3260 C
2416 3233 2666 3298 vilescat;
2708 3197 2964 3302 quidquid
2993 3197 3242 3296 nitidi-mi,
3281 3197 3583 3285 futurorum
3608 3241 3638 3269 ν
3665 3197 4002 3299 contempla;

729 3335 826 3391 per
853 3321 956 3376 hoc
980 3321 1263 3374 humanam
1293 3318 1506 3373 laudem
1529 3317 1726 3373 divinis
1757 3328 1784 3366 ι
1817 3320 2132 3375 muneribus
2153 3333 2307 3378 ante-

729 3419 933 3482 ponat:
963 3411 1084 3480 quis
1111 3411 1314 3466 dubitet
1338 3410 1475 3464 hanc
1490 3411 1655 3464 animi
1682 3411 2034 3467 intentionem
2058 3413 2308 3468 virtutem

729 3502 832 3559 dici
859 3519 966 3558 non
996 3503 1191 3572 posse?
1235 3504 1364 3569 Qum
1395 3502 1438 3555 si
1482 3501 1652 3555 virtus
1693 3509 1860 3567 esset,
1903 3500 2111 3557 fortiter
2149 3505 2310 3558 etiam

727 3595 1109 3650 blandimentis
1145 3595 1338 3648 talibus
1375 3600 1730 3662 repugnaret;
1785 3607 1883 3646 nec
1937 3592 2309 3662 acquiesceret

725 3685 977 3741 mollibus
1004 3701 1142 3754 quae,
1181 3684 1464 3753 adiuvante
1499 3683 1742 3745 Domino,
1785 3684 1918 3736 dura
1949 3699 2174 3752 quaeque
2216 3685 2304 3740 vel

724 3792 916 3848 aspera
960 3784 1291 3844 superasset.
1336 3773 1606 3840 Quosdam
1649 3787 1878 3842 namque
1915 3773 2304 3843 insuperabiles

725 3869 930 3939 asperis
959 3867 1296 3937 passionibus
1321 3865 1447 3920 facit
1473 3865 1656 3920 mundi
1684 3866 1986 3934 cupiditas:
2029 3867 2081 3920 in
2109 3867 2302 3933 quibus

726 3974 830 4015 non
861 3958 1110 4028 patientia
1139 3957 1402 4011 laudanda
1435 3964 1536 4015 est.
1562 3956 1657 4010 sed
1685 3953 1710 3992 δ
1744 3955 1983 4010 miranda
2012 3957 2228 4012 duritia.

793 4050 849 4105 ‘2.
877 4051 984 4106 Eos
1006 4064 1135 4105 vero
1156 4063 1290 4117 quos
1319 4048 1383 4102 ad
1419 4049 1754 4102 tolerantiam
1783 4048 2094 4116 passionum
2132 4048 2305 4107 fortes

725 4143 821 4198 Dei
859 4143 1052 4197 caritas
1093 4141 1290 4206 reddit,
1340 4140 1484 4194 nulli
1533 4136 1821 4193 delectatio
1859 4137 2109 4201 carnis,‘
2155 4141 2300 4194 nulla

722 4235 965 4300 voluptas
1010 4233 1151 4288 male
1179 4231 1371 4286 blanda
1400 4232 1718 4294 corrumpit.
1748 4230 1764 4280 i
1814 4229 2075 4298 Quoniam
2113 4232 2156 4286 si
2193 4248 2299 4286 non

720 4325 870 4395 quid.
908 4324 1000 4380 sed
1025 4331 1241 4394 propter
1269 4321 1394 4393 quid
1431 4322 1714 4389 patiamur,
1759 4321 2044 4390 plurimum
2091 4323 2253 4377 refert
2284 4342 2296 4376 :

723 4432 830 4472 non
861 4418 914 4472 in
951 4417 1030 4471 eis
1069 4424 1152 4471 est
1182 4415 1433 4483 patientia
1476 4414 1564 4484 qui
1609 4413 1979 4483 aequanimiter
2026 4415 2302 4482 patiuntur

2415 3325 2558 3379 tione
2581 3321 2894 3388 sordescat;
2933 3335 3033 3376 nec
3059 3322 3126 3375 ab
3154 3321 3240 3376 his
3265 3336 3384 3392 qua:
3410 3321 3518 3390 iam
3550 3329 3577 3358 ι
3622 3335 3722 3390 per
3765 3322 3992 3386 gratiam

2413 3413 2508 3468 Dei
2539 3413 2701 3478 elisit,
2733 3427 2794 3467 se
2837 3411 3068 3481 patiatur
3103 3411 3231 3467 elidi
3264 3429 3278 3464 :
3316 3412 3437 3480 quia
3466 3419 3521 3465 et
3549 3410 3756 3480 turpius
3784 3409 4000 3465 videtur

2413 3513 2441 3552 γ
2467 3505 2704 3558 animum
2729 3502 2800 3556 ab
2829 3502 2913 3555 bis
2942 3501 3086 3556 vitiis
3111 3501 3254 3556 vinci
3285 3515 3405 3570 quae
3431 3501 3634 3556 vicerat
3663 3519 3676 3554 :
3704 3508 3762 3557 et
3789 3501 3922 3556 nihil
3947 3503 3997 3556 ei

2418 3603 2438 3629 ι
2475 3594 2690 3662 prodest
2725 3592 2903 3660 aliqua
2929 3605 3233 3660 superasse,
3259 3593 3302 3646 si
3334 3591 3496 3646 alicui
3526 3589 3668 3659 quod
3699 3591 3998 3662 negiezerit

2410 3697 2665 3752 superare
2691 3689 2750 3719 η
2777 3681 3052 3750 subjaceat
3073 3697 3088 3734 :
3110 3680 3326 3749 quando
3347 3694 3452 3735 non
3489 3680 3584 3736 ille
3611 3679 3766 3739 fortis
3807 3679 3996 3736 haberi

2408 3775 2577 3830 soleat
2605 3773 2697 3845 qui
2725 3774 2775 3828 in
2803 3772 3067 3828 adeundis
3097 3771 3367 3828 laboribus
3393 3771 3753 3850 periculisque
3782 3773 3994 3828 clarue-

2407 3868 2497 3931 rit,
2520 3874 2612 3920 aut
2641 3863 2698 3902 δι’
2723 3863 2995 3920 frenandis
3024 3863 3387 3933 voluptatibus
3428 3876 3494 3918 ac
3518 3863 3807 3918 domandis
3835 3862 3994 3919 insti-

2408 3958 2564 4023 terit;
2592 3955 2686 4010 sed
2713 3955 2804 4009 ille
2831 3969 3055 4024 magnus
3083 3964 3138 4010 et
3177 3955 3446 4023 sublimis,
3479 3953 3572 4009 ille
3611 3964 3806 4023 potem
3834 3965 3993 4024 atque

2407 4046 2600 4115 dignus
2647 4042 2976 4106 fortitudinis
3015 4044 3372 4115 appellatione
3399 4044 3703 4100 censendus
3742 4053 3846 4106 est,
3899 4046 3990 4112 qui

2409 4138 2538 4193 nihil
2566 4139 2665 4194 sibi
2714 4137 2828 4192 vitii
2876 4137 3160 4206 rebellare,
3193 4147 3286 4192 aut
3331 4137 3597 4193 dominari
3642 4138 3987 4208 permiserit:

2413 4242 2466 4271 τε
2491 4231 2650 4286 modo
2670 4230 2809 4285 absit
2837 4227 2895 4268 αα
2923 4229 3152 4298 ignavia,
3168 4245 3238 4284 ne
3266 4244 3362 4284 nos
3384 4229 3435 4284 id
3458 4229 3806 4300 desperemus
3832 4246 3990 4300 posse

2406 4322 2548 4393 quod
2580 4334 2894 4391 possumus;
2936 4320 3077 4376 absit
3102 4320 3449 4390 praesumptio
3490 4320 3702 4386 vitiosa,
3742 4336 3810 4376 ne
3836 4323 3990 4378 nobis

2409 4416 2511 4471 hoc
2557 4412 2699 4485 quod
2753 4427 2847 4480 per
2888 4411 2988 4469 Dei
3032 4411 3259 4484 gratiam
3301 4426 3584 4482 possumus
3634 4413 3985 4469 ascribamus.

792 4567 819 4595 ⁸
851 4555 975 4612 Mss.
1008 4565 1116 4608 tres
1145 4553 1473 4622 Colb.,quod
1500 4555 1656 4607 risum
1694 4567 2020 4620 prorumpere
2054 4567 2154 4603 non
2184 4569 2296 4622 per-
2327 4555 2377 4614 D
2476 4552 2630 4606 li~Ms.
2657 4551 2866 4613 Camb.,
2901 4548 3151 4622 (animus.

720 4628 988 4680 mittimus.
1019 4625 1181 4688 Alter,
1206 4626 1330 4678 risui
1352 4621 1682 4694 prorumpere
1697 4640 1800 4676 non
1817 4622 2170 4694 permittimus.
2197 4621 2293 4676 Ms.

721 4697 875 4752 Colb.
910 4710 1046 4749 unus
1069 4691 1364 4760 etCamb.,'
1400 4696 1507 4747 risu
1544 4708 1887 4764 prorumpere
1901 4706 2000 4764 non
2027 4691 2294 4764 audemus.

794 4767 820 4804 δ
855 4767 948 4820 Ms.
980 4765 1113 4835 Reg.
1152 4781 1313 4825 unus,
1342 4759 1430 4818 nec
1461 4759 1824 4835 detrahentem.
1845 4760 1940 4835 Ms.
1963 4759 2112 4835 Colb.
2140 4777 2297 4835 unus,

720 4845 768 4888 et
799 4831 1134 4889 dctrahentés.
1171 4836 1268 4890 Ms.
1298 4835 1433 4888 alter
1463 4849 1527 4888 ex
1561 4834 1759 4902 Regiis,
1788 4847 1878 4884 nec
1907 4831 2187 4884 detrahenti
2214 4849 2297 4895 ac-

719 4906 1044 4972 quiescimus,
1075 4921 1162 4958 nec
1191 4905 1538 4972 teqttanintiter
1568 4904 1869 4956 sustinemus

793 4985 816 5014 ¢
850 4977 978 5030 Mss.
1013 4984 1142 5036 tres,
1193 4977 1309 5042 quia
1333 4976 1398 5027 ad
1429 4974 1545 5026 hoc.

788 5042 814 5082 δ
849 5047 946 5100 Ms.
984 5059 1136 5105 unus,
1167 5062 1300 5097 nunc
1326 5049 1389 5097 de
1413 5044 1732 5111 fortitudine.

791 5125 815 5151 ⁸
843 5116 940 5169 Ms.
974 5131 1130 5182 unus,
1180 5115 1440 5168 subsistat.

790 5183 812 5222 ¹
841 5187 936 5240 Ms.
968 5201 1124 5248 unus,
1155 5187 1242 5253 qui
1262 5185 1568 5248 illustratur,

789 5263 816 5325 β
841 5257 970 5310 Mss.
1003 5255 1135 5325 Reg.
1166 5257 1270 5307 duo
1295 5262 1350 5308 et
1377 5254 1587 5325 Camb,
1611 5253 1866 5322 operibus.

788 5322 811 5359 ¹¹
841 5326 938 5379 Ms.
969 5322 1130 5391 unus,
1162 5324 1470 5376 miseranda.

792 5393 807 5430 ί
839 5396 963 5449 Mss.
1001 5406 1110 5449 tres
1137 5395 1341 5448 addunt
1371 5394 1527 5446 mala.
1563 5391 1729 5457 Unus,
1763 5410 1862 5445 non
1888 5391 2142 5461 uoluptas.

789 5474 802 5514 :
837 5465 936 5518 Ms.
963 5481 1122 5529 unus,
1160 5465 1415 5529 Quoniam
1442 5465 1574 5517 enim
1602 5481 1702 5516 non
1731 5463 1875 5531 quid.

791 5551 811 5572 ι
845 5535 970 5589 llmc
1011 5549 1117 5588 vos
1152 5533 1295 5587 Beati
1325 5535 1508 5588 aberat
1551 5535 1617 5588 ab
1644 5536 1838 5589 editis:
1882 5531 2179 5589 restituitur
2222 5546 2289 5586 ex

721 5622 850 5659 mss.
883 5607 1137 5674 quinque.

795 5674 970 5727 llhss.
1017 5673 1205 5729 Omnes
1253 5673 1339 5729 hic
1368 5676 1568 5731 addunt
1613 5673 1688 5730 uel
1733 5684 2100 5746 superatorum.
2150 5673 2287 5730 Editi

718 5753 984 5799 emittunt.

787 5827 825 5851 ευ
859 5813 954 5868 Ms.
989 5814 1195 5876 Cmub.
1229 5816 1383 5869 radit.

2476 4633 2500 4661 ο
2525 4624 2650 4677 Mss.
2681 4631 2928 4686 quatuor,
2959 4627 3005 4672 et
3034 4618 3258 4672 laudatio
3291 4636 3423 4673 mea.

2471 4705 2499 4744 Ρ
2526 4693 2651 4747 Mss.
2685 4691 3064 4761 tres,'qucegita.
3091 4689 3216 4761 Mss.
3249 4689 3375 4750 duo.
3402 4691 3492 4761 qui
3514 4691 3604 4746 ita.

2473 4775 2498 4815 (ι
2530 4765 2652 4818 Mss.
2677 4763 2804 4824 duo,
2837 4776 2927 4813 nec
2955 4759 3318 4814 blandimenta.

2474 4845 2496 4874 r
2525 4835 2649 4886 Mss,
2681 4831 2788 4886 duo
2814 4830 2989 4900 Colb.,
3017 4834 3098 4900 cui
3123 4831 3285 4898 factus
3314 4839 3388 4884 est
3410 4829 3657 4884 Dominus
3683 4831 3957 4900 fortitudo.

2474 4916 2494 4942 ⁸
2528 4905 2624 4958 Ms.
2658 4916 2794 4955 unus
2816 4899 2962 4951 addit
2991 4899 3194 4951 cliente.

2475 4977 2490 5009 ‘
2523 4977 2616 5027 Ms.
2645 4986 2802 5033 unus,
2827 4969 3076 5040 passionis
3091 4970 3494 5040 damnorumque
3516 4970 3748 5036 obiiciat.

2469 5053 2496 5080 υ
2525 5044 2647 5098 Mss.
2680 5042 2930 5108 quinque,
2965 5038 3166 5091 dilectio
3191 5055 3340 5108 pura.

2471 5125 2498 5150 ν
2527 5114 2626 5166 Ms,
2656 5124 2812 5174 unus,
2841 5110 3237 5176 comparatione.

2477 5194 2506 5220 ³
2529 5185 2629 5238 Ms.
2661 5195 2819 5244 unus,
2851 5180 3019 5248 gratia
3043 5177 3156 5232 Dei.

2471 5265 2498 5303 γ
2527 5254 2654 5308 Mss.
2677 5247 2924 5318 qualiter,
2959 5247 3181 5300 ursimus.

2475 5335 2496 5360 ι
2531 5327 2625 5377 Ms.
2652 5319 2804 5376 Colb.
2834 5334 2989 5380 unus,
3012 5318 3245 5385 prodest;
3270 5317 3474 5385 caueri,
3501 5332 3684 5388 prosit.

2472 5403 2528 5432 ιι
2553 5394 2649 5447 Ms.
2682 5405 2841 5453 unus,
2867 5389 3185 5458 subjiciatur.

2466 5463 2526 5503 Mt
2554 5464 2650 5516 Ms.
2673 5477 2832 5524 unus,
2856 5459 3197 5528 refrenandis.

2470 5545 2524 5574 ce
2553 5534 2676 5587 Haec
2702 5546 2828 5594 vox,
2872 5529 3044 5592 modo,
3089 5529 3298 5582 inducta
3330 5537 3414 5581 cst
3460 5529 3510 5581 iu
3544 5544 3646 5583 IIIS.
3677 5529 3890 5596 Canib.,
3922 5536 3972 5589 in

2395 5605 2604 5677 quosic
2635 5619 2647 5656 :
2677 5603 2815 5677 Absit
2844 5601 3019 5677 igitur.

2465 5675 2523 5713 άά
2550 5675 2644 5744 Ms.
2677 5689 2740 5727 ex
2768 5671 2915 5728 Colb.
2941 5684 3096 5724 unus.
3123 5669 3338 5740 pigritia
3360 5669 3566 5739 misera,
3596 5670 3800 5743 inertia,
3829 5674 3972 5746 igua.

2394 5749 2492 5812 t'ia,
2524 5763 2583 5800 tte
2610 5762 2718 5796 nos.
