4516 6416
271 430 376 486 505

1318 418 1405 473 DE
1446 416 1609 474 VITA
1648 411 2232 473 CONTEMPLATIVA
2271 412 2399 470 LIB.
2445 413 2535 469 Ill.

3477 414 3583 470 505

268 543 402 609 Quia
430 540 544 595 sive
568 536 637 594 de
666 550 891 593 munere
922 534 1043 598 Dei,
1088 547 1195 603 quo
1237 530 1407 588 fortes
1448 529 1741 593 efﬁcimur,
1771 528 1866 583 de-
1894 528 1947 587 Δ
1974 526 2347 597 opprimendis
2385 534 2415 564 ιι
2440 525 2875 597 tie-decipiendis
2927 526 3241 584 hominibus
3277 490 3304 563 ά
3335 524 3583 582 homines

268 646 579 704 speremus;
610 631 725 685 sive
756 642 855 682 nos
883 625 952 682 de
980 635 1161 681 nostra
1190 622 1549 691 possibilitate
1575 621 1867 690 iaciemus,

270 722 449 778 idonei
491 722 558 775 ad
585 717 946 776 resistendum
994 716 1141 770 vitiis
1169 729 1293 769 esse
1322 728 1430 771 non
1462 725 1768 780 possumus.
1802 710 1871 766 Et

273 816 456 883 utique
482 812 645 866 animi
666 808 923 865 fortitudo
946 815 1052 862 tam
1072 802 1397 875 desperandi
1418 804 1686 873 ignaviam
1710 800 1873 858 debet

268 913 524 959 excutere
545 916 705 971 quam
734 899 1007 969 jactsntiaa
1034 896 1327 952 contraire.

864 989 1091 1046 CAPUT
1125 986 1271 1043 XXI.

448 1084 529 1141 De
546 1082 775 1156 iustitia,
797 1079 875 1135 uel
901 1080 1021 1147 ﬁde,
1054 1094 1169 1149 qua!
1204 1094 1267 1132 ea:
1292 1078 1407 1147 ipsa
1436 1077 1686 1147 procedit.

341 1179 615 1234 Baetes)“
641 1175 712 1231 de
729 1173 1039 1229 virtutecui
1068 1186 1266 1226 nomen
1296 1180 1385 1225 est
1413 1170 1669 1225 fortitudo
1694 1178 1721 1207 ι
1752 1168 1870 1224 dis-

268 1270 601 1343 putavimus.
638 1266 925 1325 Videamus
955 1264 1065 1333 iam
1094 1264 1223 1332 quid
1242 1262 1270 1300 ι»
1298 1263 1461 1316 etiam
1482 1262 1689 1331 iustitia
1718 1259 1873 1316 nobis

267 1362 461 1419 aderat
490 1362 545 1414 in
575 1359 676 1415 Itae
716 1358 823 1416 vita
871 1354 1109 1425 prasidii
1128 1395 1145 1420 ,
1174 1363 1229 1408 et
1251 1354 1485 1421 qualiter
1516 1355 1628 1423 ipsa
1656 1366 1871 1423 quoque

270 1456 325 1509 in
352 1468 539 1509 eorum
568 1449 881 1520 pectoribus
913 1448 1005 1517 qui
1034 1462 1095 1503 se
1133 1446 1206 1501 illi
1254 1455 1280 1486 ο
1332 1446 1673 1511 tradiderint,
1711 1445 1874 1499 nullis

268 1546 526 1600 vitiorum
595 1544 775 1597 valeat
828 1539 1320 1609 impugnatiunibus
1372 1538 1642 1607 superari.
1714 1537 1873 1592 Fides

267 1642 439 1701 enim,
469 1652 588 1707 quas
619 1647 704 1691 est
749 1635 973 1703 iustitia:
1026 1632 1461 1695 fundamentum,
1510 1646 1674 1699 quam
1730 1630 1877 1683 nulla

270 1732 409 1786 bona
440 1745 604 1798 opera
637 1726 949 1797 praecedunt
975 1722 1025 1789 ά,
1059 1734 1113 1779 et
1137 1739 1203 1779 ex
1236 1738 1340 1792 qua
1376 1724 1557 1775 omnia
1589 1724 1723 1775 bona
1753 1736 1878 1788 pro-

271 1822 497 1885 cedunt,
528 1820 641 1887 ipsa
669 1832 769 1872 nos
797 1832 828 1871 a
861 1816 1099 1885 peccatis
1132 1814 1388 1867 omnibus
1412 1821 1625 1881 purgat,
1666 1820 1875 1866 mentes

1975 621 2085 674 nati
2114 621 2434 691 persistent,
2468 620 2521 674 in
2552 634 2735 674 mores
2765 620 3037 688 l'crinos,p
3066 634 3175 676 non
3213 628 3458 683 natum,
3484 618 3579 674 scd

1974 712 2097 767 vitae
2120 710 2420 767 mutatione
2451 710 2803 781 degenerem.

2548 802 2780 858 CAPUT
2811 803 3002 859 XXIII.

2323 892 2475 959 Quod
2497 894 2602 947 duo
2624 895 2726 948 sint
2750 895 3025 966 injustitim
3052 910 3260 965 genera.

2052 987 2104 1043 ι.
2134 987 2255 1042 Duo
2284 996 2413 1042 sunt
2460 986 2740 1054 iniustitia:
2778 1001 2982 1056 genera
3010 1004 3023 1040 :
3047 1002 3213 1041 unum
3246 996 3273 1036 ει
3297 999 3405 1055 quo
3447 984 3589 1052 inju-

1976 1081 2089 1137 rias
2111 1080 2435 1149 irrogamus,
2456 1078 2686 1135 alterum
2711 1094 2822 1149 quo
2854 1088 2875 1118 τ
2902 1080 2972 1135 ab
2999 1079 3121 1134 aliis
3144 1080 3431 1149 irrogatas,
3462 1092 3587 1132 cum

1978 1184 2288 1239 possumus,
2349 1167 2671 1237 prapulsare
2725 1168 3065 1239 negligimus.
3122 1168 3371 1236 Quodam
3425 1168 3589 1222 modo

1978 1261 2122 1315 enim
2148 1274 2251 1315 nos
2282 1259 2641 1327 opprimimus
2670 1259 2889 1327 quando
2918 1272 3213 1327 oppressos
3234 1272 3355 1314 cum
3386 1258 3582 1313 delen-

1979 1352 2110 1407 dere
2137 1360 2485 1420 'possutnus,
2508 1351 2576 1405 ab
2620 1352 2976 1419 oppressione
3013 1353 3435 1406 contemnimus.
3475 1351 3589 1405 Nec

1979 1442 2115 1501 mihi
2142 1441 2342 1512 aliquid
2364 1442 2605 1510 prodest,
2635 1442 2781 1511 quod
2804 1458 2912 1497 non
2932 1443 3301 1499 circumvento
3325 1443 3589 1511 aliquem,

1984 1550 2161 1605 neque
2178 1534 2475 1603 decipio,si
2511 1539 2526 1572 ι
2559 1535 2761 1603 decipi,
2794 1537 3288 1594 atthircumveniri
3307 1537 3584 1605 permitto.

1981 1626 2095 1683 Hoc
2116 1626 2257 1680 idem
2282 1626 2351 1681 de
2376 1626 2619 1695 peccatis
2642 1635 2670 1662 ιι
2688 1626 2814 1682 licet
2836 1627 3061 1697 intelligi
3086 1646 3099 1679 :
3127 1629 3252 1697 quia
3281 1628 3327 1682 si
3355 1642 3589 1696 peccan-

1984 1730 2091 1775 tem
2116 1718 2295 1787 video,
2347 1726 2402 1772 et
2446 1734 2553 1773 non
2598 1720 2773 1773 solum
2804 1735 2908 1773 non
2954 1735 3145 1789 arguo,
3171 1719 3264 1773 sed
3288 1721 3452 1775 etiam
3484 1729 3510 1757 ν
3538 1719 3590 1772 ei

1985 1816 2232 1885 percanti
2261 1818 2564 1880 consentio,
2594 1816 2911 1884 participem
2962 1834 2991 1869 n
3016 1830 3049 1869 e
3080 1814 3447 1869 damnationis
3472 1813 3593 1880 ejus

271 1919 496 1966 nostras
525 1909 813 1973 illuminat,
848 1907 957 1961 Deo
991 1915 1015 1943 ο
1042 1905 1320 1968 conciliat,
1362 1913 1418 1959 et
1458 1904 1668 1957 cunctis
1711 1903 1873 1971 partio
1908 1901 1952 1960 Β
1982 1908 2164 1962 ellicio
2193 1923 2206 1970 ;
2239 1917 2291 1961 et
2336 1908 2389 1960 in
2445 1908 2698 1960 omnibus
2742 1906 3095 1975 peccantibus
3132 1920 3319 1975 pecco,
3373 1905 3594 1975 quando

273 2002 487 2070 cipibus
518 2009 723 2053 natura:
756 2008 954 2052 nostra:
976 1997 1281 2060 consociat;
1312 2009 1465 2064 spem
1498 1994 1655 2048 nobis
1683 1995 1875 2047 futuras

269 2090 726 2147 remunerationis
750 2089 996 2157 inspirat,
1021 2097 1183 2156 auget
1214 2086 1266 2140 in
1300 2086 1456 2139 nobis
1493 2086 1720 2139 virtutes
1748 2099 1877 2139 san-

268 2193 407 2249 ctas,
434 2198 499 2238 ac
527 2198 624 2237 nos
657 2182 708 2236 in
743 2194 928 2235 earum
961 2181 1307 2248 possessione
1348 2177 1657 2233 conﬁrmat.

844 2292 1073 2349 CAPUT
1128 2291 1299 2348 XXII.

344 2388 423 2441 De
452 2388 691 2457 mquilate
710 2402 728 2449 ;
750 2386 888 2453 quod
907 2383 974 2436 ad
1018 2385 1252 2457 eamdem
1273 2382 1524 2451 pertineat
1565 2382 1807 2434 humana:

807 2457 1063 2508 societatis
1109 2454 1330 2505 utilitas.

349 2550 430 2603 Es
460 2548 665 2617 iustitia
708 2555 893 2599 manat
936 2553 992 2598 et
1038 2544 1286 2612 aequitas,
1335 2556 1454 2610 quae
1500 2555 1599 2595 nos
1650 2540 1771 2595 facit
1821 2549 1879 2594 ut

271 2641 514 2694 omnium
538 2637 892 2691 necessitates
917 2634 1196 2687 hominum
1221 2645 1439 2688 noetras
1460 2647 1581 2686 esse
1607 2631 1875 2693 dicamus,

271 2745 375 2786 nec
403 2730 559 2785 nobis
587 2738 815 2792 tantum,
838 2727 933 2782 sed
950 2729 1112 2781 etiam
1144 2726 1333 2796 generi
1355 2728 1591 2779 humano
1620 2723 1637 2761 ί
1658 2739 1756 2779 nos
1780 2742 1881 2779 ηει-

271 2834 357 2877 tos
386 2834 507 2875 esse
534 2818 858 2881 credamus;
890 2826 944 2871 et
982 2816 1241 2887 quidquid
1282 2816 1502 2869 cuilibet
1540 2814 1744 2869 homini
1787 2831 1879 2868 no-

270 2929 398 2971 cere
426 2920 619 2980 pateat,
654 2921 681 2960 s
717 2920 971 2979 tanquam
1019 2911 1063 2963 si
1115 2909 1270 2963 nobis
1325 2916 1535 2972 noceat,
1568 2911 1873 2962 evitemus:

271 3008 394 3075 quia
428 3002 457 3042 h
486 3005 573 3076 qui
630 3004 879 3058 homines
928 3016 1145 3066 sumus,
1194 2999 1325 3053 nihil
1368 3000 1588 3053 humani
1637 3015 1664 3049 a
1718 2998 1877 3052 nobis

271 3100 509 3152 ahenum
567 3107 755 3165 putare
808 3094 1091 3148 debemus.
1147 3091 1424 3159 Siquidem
1483 3091 1746 3145 bellatum
1790 3101 1872 3145 est

279 3194 295 3230 ί
318 3192 419 3246 sibi
437 3190 639 3256 vivere,
657 3203 756 3243 nec
778 3200 905 3241 suas
932 3185 1191 3239 utilitates
1209 3182 1259 3238 in
1276 3198 1564 3237 commune
1591 3182 1869 3238 conferre.

1982 2016 2080 2056 eos
2105 2015 2240 2070 quos
2261 2000 2374 2055 scin
2403 2016 2656 2069 peccasse
2682 2000 2795 2054 sive
2825 2014 3071 2068 peccare,
3094 2000 3325 2069 quadam
3354 1999 3593 2053 crudelis

1980 2094 2147 2149 animi
2174 2094 2508 2161 malignitate
2529 2108 2634 2145 non
2660 2091 2881 2161 increpo

2051 2184 2107 2237 ‘2.
2136 2182 2246 2237 Nec
2274 2196 2405 2237 vero
2437 2182 2690 2236 audiendi
2722 2191 2850 2236 sunt
2888 2182 2963 2236 illi
2997 2182 3087 2249 qui
3133 2196 3193 2235 se
3234 2180 3421 2234 dicunt
3471 2195 3593 2249 pro-

1982 2282 2167 2342 pterea
2211 2272 2591 2340 delinquentes
2621 2280 2649 2308 ι
2678 2273 2967 2342 objurgare
3025 2287 3130 2326 non
3173 2286 3355 2341 posse,
3389 2287 3457 2325 ne
3491 2286 3587 2324 eos

1981 2365 2072 2433 qui
2104 2374 2132 2412 γ
2162 2379 2221 2417 se
2262 2363 2556 2418 emendare
2608 2363 3022 2427 noluerint,sibi
3071 2362 3272 2417 iaciant
3321 2362 3591 2415 inimicos.

1981 2455 2081 2519 Qui
2111 2454 2235 2507 dum
2270 2461 2497 2521 parcunt
2544 2466 2733 2506 eorum
2780 2452 3070 2515 voluntati,-
3118 2452 3280 2507 saluti
3324 2466 3429 2504 non
3466 2466 3591 2525 par-

1981 2554 2130 2598 cunt.
2168 2553 2190 2579 ι
2217 2547 2284 2597 At
2316 2544 2359 2597 si
2390 2560 2497 2597 non
2530 2559 2594 2597 ex
2622 2544 2905 2611 jactantia,
2945 2542 3041 2597 sed
3092 2558 3159 2596 ex
3196 2544 3593 2604 misericordia,

1983 2645 2183 2689 etcum
2215 2632 2446 2704 quadam
2483 2634 2681 2702 pietate
2734 2634 3119 2703 compatientis
3168 2634 3334 2688 animi
3364 2635 3595 2703 castige-

1983 2744 2123 2794 mus,
2158 2736 2214 2764 ⁸⁸
2246 2736 2299 2781 et
2322 2727 2397 2781 illi
2437 2742 2539 2781 nos
2572 2727 2813 2782 sentiant
2842 2742 2950 2781 non
2983 2728 3161 2781 minus
3207 2728 3443 2795 peccatis
3483 2729 3596 2782 suis

1983 2821 2188 2875 moveri
2221 2836 2378 2887 quam
2412 2820 2645 2881 nostris;
2688 2821 2867 2874 autin
2920 2820 3120 2875 bonum
3166 2830 3371 2875 statum
3415 2819 3593 2875 retur-

1983 2913 2129 2976 mali,
2158 2912 2443 2966 nobiscum
2473 2910 2585 2966 Deo
2608 2909 2668 2949 δι’
2699 2913 2902 2981 gratias
2946 2922 3143 2981 agunt;
3193 2920 3288 2967 aut
3317 2912 3359 2966 si
3401 2927 3499 2969 eos
3542 2913 3595 2966 in

1981 3016 2203 3073 peccato
2230 3012 2375 3057 tenet
2394 3002 2573 3057 adhuc
2600 3004 2856 3072 peccandi
2896 3006 3149 3069 dulcedo,
3186 3014 3247 3060 et
3273 3014 3329 3045 σε
3363 2992 3592 3059 salutem

1981 3108 2131 3147 suam
2173 3094 2328 3147 nobis
2349 3108 2492 3148 curae
2515 3108 2637 3149 esse
2665 3105 2979 3163 cernentes,
3002 3096 3204 3151 malum
3233 3097 3469 3151 reddere
3498 3114 3596 3165 pro

1981 3187 2124 3241 bono
2158 3186 2461 3252 voluerint;
2485 3182 2543 3223 δά
2572 3187 2735 3242 malle
2757 3187 3021 3242 debemus
3042 3203 3229 3243 eorum
3260 3189 3593 3253 inimicitias,

273 3285 317 3338 Δ
350 3282 545 3351 quibus
570 3294 679 3334 non
725 3278 902 3333 solum
935 3276 1130 3331 mentis
1170 3276 1549 3344 praerogativa,
1586 3276 1681 3329 sed
1713 3276 1874 3330 etiam
1907 3272 1953 3335 Ο
1984 3278 2075 3347 qui
2100 3278 2369 3332 noluerint
2395 3277 2696 3343 emendari,
2726 3278 3073 3347 contrahere,
3110 3294 3269 3349 quam
3297 3278 3393 3333 Dei
3425 3279 3594 3333 offen-

273 3382 485 3440 servata
495 3369 633 3439 juris
654 3371 668 3418 Ι
693 3369 998 3437 aequalitate
1016 3366 1301 3431 distamus,
1329 3366 1374 3419 si
1394 3380 1492 3420 nos
1513 3363 1605 3418 inIK
1630 3366 1871 3420 omnium

269 3461 574 3518 commodis
605 3459 691 3514 vel
719 3457 1079 3513 incommodis
1108 3457 1438 3526 cogitantes,
1489 3457 1631 3510 sicut
1672 3457 1874 3512 n03tris

275 3552 615 3614 utilitatibus,
658 3550 731 3605 ita
768 3547 1010 3603 omnium
1059 3548 1330 3601 sociorum
1370 3545 1387 3584 ι
1422 3556 1630 3601 natura:
1672 3558 1873 3602 uestra:

272 3645 543 3698 viVamus.
573 3649 616 3677 ω
648 3639 852 3695 Deinde
875 3638 920 3692 si
944 3637 1172 3693 invicem
1202 3638 1477 3705 persequi,
1504 3638 1762 3717 lacerare,
1789 3639 1873 3691 vel

276 3736 525 3805 perdere,
561 3734 794 3789 ferarum
827 3741 910 3788 est
954 3733 1253 3802 proprium,
1286 3731 1406 3801 quis
1431 3732 1641 3788 dubitet
1676 3716 1870 3787 excel-

273 3827 457 3882 lentiaa
480 3825 731 3880 humanae
758 3834 1094 3892 competere,
1124 3834 1182 3877 nt
1210 3838 1271 3879 se
1297 3823 1617 3880 alterutrum
1654 3826 1867 3893 iuvent,

274 3922 566 3981 instruant,
600 3914 885 3981 adiﬁcent,
930 3925 985 3970 et
1027 3916 1311 3970 utilitatem
1362 3930 1706 3971 communem
1754 3928 1870 3973 tan-

276 4026 429 4083 quam
462 4008 733 4079 propriam
758 4008 983 4062 curent?
1008 4008 1161 4064 Unde
1185 4008 1343 4061 datur
1364 4008 1589 4080 intelligi
1614 4012 1754 4080 quod
1780 4012 1867 4081 qui

341 4196 521 4271 {Haec
550 4210 682 4271 vos,
727 4197 1123 4268 disputavimus,
1150 4200 1305 4256 abest
1353 4215 1382 4253 a
1432 4216 1563 4256 mss.
1606 4210 1864 4271 quatuor;

269 4268 324 4328 in
352 4267 522 4327 altero
548 4266 774 4324 habetur
802 4266 1149 4324 tractavimus.

345 4341 371 4379 δ
406 4342 532 4397 Mss.
576 4340 786 4396 duobus
807 4340 956 4395 deest
986 4342 1161 4393 etiam.
1190 4340 1287 4396 Ms.
1312 4338 1503 4395 Camb.
1529 4341 1658 4410 post
1673 4356 1863 4410 pauca.

269 4412 567 4549 0ῆὲΐὲἆίίῇ
600 4480 942 4533 tradiderunt.
979 4480 1108 4534 Mss.
1137 4482 1393 4551 quinque.
1429 4482 1753 4536 tradiderint.

343 4552 370 4647 ς
400 4551 491 4605 Sic
522 4566 653 4605 mss.
687 4550 949 4647 Reg.'dtto
993 4562 1048 4605 et
1091 4551 1248 4647 Colb.
1297 4567 1457 4647 ιιημξἶ
1487 4553 1677 4632 Camb.
1710 4569 1859 4619 vero,
1897 4588 1947 4647 Β

266 4622 359 4677 sed
389 4638 454 4675 e1:
480 4637 582 4690 qua
622 4623 791 4693 omnia
816 4622 961 4693 bona
1006 4625 1306 4693 procedunt.
1363 4624 1526 4685 Editi,
1580 4635 1626 4675 et
1676 4641 1736 4677 ea
1765 4642 1865 4693 quo

267 4693 443 4816 Emme
472 4690 776 4762 procedunt.
803 4690 933 4756 Quae
957 4692 1135 4745 omnia
1162 4692 1359 4747 absunt
1400 4709 1429 4746 a
1480 4693 1688 4748 duobus
1728 4690 1862 4751 mss.

312 4778 344 4816 ο
406 4802 421 4815 .

266 4763 421 4819 Colb.

346 4841 369 4870 ⁸
398 4832 527 4888 Mss.
560 4830 739 4891 Colb.,
774 4842 903 4898 tres,
935 4832 1251 4886 reconciliet.

348 4900 369 4939 ί
414 4906 511 4956 Ms.
539 4916 674 4955 unus
691 4901 867 4961 Colb.,
895 4913 1038 4955 natas
1064 4903 1214 4956 utiles
1235 4919 1360 4957 esse.

344 4982 370 5020 ι
401 4974 497 5027 Ms.
529 4986 689 5035 unus,
720 4973 772 5024 id
796 4975 963 5033 quasi.

338 5041 369 5079 ¹ι
399 5042 501 5097 Ms.
529 5056 669 5096 unus
698 5056 763 5096 ex
790 5042 969 5099 Culb..
1001 5044 1121 5111 quia
1145 5042 1373 5097 homines
1404 5059 1603 5107 sumus,
1645 5044 1785 5099 unde
1814 5055 1865 5100 et

268 5115 563 5167 humanitas
589 5114 747 5176 dicta,
771 5129 873 5181 qua
896 5128 987 5166 nos
1015 5114 1227 5167 invicem
1255 5123 1477 5179 tuemur,
1505 5115 1639 5168 sicut
1664 5125 1865 5169 morta-

270 5189 345 5237 les
370 5201 388 5248 ;
419 5182 546 5235 nihil
575 5187 784 5235 humani
807 5200 839 5235 a
864 5184 1028 5250 nobis,
1056 5193 1160 5236 etc.

347 5257 361 5291 ι
393 5254 558 5307 Deest
578 5268 681 5305 vos
708 5254 806 5307 sibi
834 5254 887 5307 itt
920 5269 1020 5307 ms.
1054 5270 1180 5307 uno.

342 5328 357 5373 ι
396 5324 495 5378 Ms.
519 5320 676 5398 ῼοιι).
702 5337 859 5398 unus,
894 5339 925 5376 a
954 5324 1136 5398 quibus
1168 5326 1463 5398 non_solum
1494 5326 1715 5392 meritis,
1744 5344 1865 5398 gra-

265 5398 340 5448 tia
368 5393 652 5464 pramtissa,
678 5395 761 5467 uel
785 5409 1009 5467 propria:
1050 5395 1317 5467 dignitatis
1373 5393 1864 5467 pra'rogativa,'sed

263 5467 518 5538 etiam....
545 5463 887 5538 (equabilitate
939 5465 1259 5519 distabimus.
1288 5466 1412 5519 Mss.
1452 5463 1561 5521 tres
1591 5478 1643 5521 et
1664 5466 1860 5538 Lugd.,

264 5536 505 5606 (equitate
532 5534 802 5606 distamus.

342 5605 365 5642 ι
403 5603 499 5658 Ms.
526 5618 687 5661 unus.
716 5605 771 5655 in
801 5603 1025 5656 omnium
1059 5606 1234 5669 lucris,
1270 5608 1568 5672 commodis,
1602 5617 1709 5663 etc.

346 5674 364 5713 ι
402 5674 455 5727 In
483 5672 641 5746 editis
680 5673 1017 5727 interseritur
1046 5691 1149 5730 vos
1195 5678 1434 5735 utilitate.
1466 5694 1586 5746 qua:
1628 5681 1783 5734 abest
1831 5696 1860 5734 :t

266 5760 397 5799 mss.
432 5742 714 5808 omnibus;
746 5758 865 5811 qua:
887 5746 1110 5799 omissio
1151 5755 1300 5801 recto
1341 5742 1524 5803 sensui
1569 5750 1667 5805 loci
1700 5750 1862 5806 liuius

266 5817 497 5886 prolicit.

342 5898 378 5923 ιη
413 5888 507 5941 Ms.
542 5899 701 5952 unus,
740 5882 991 5955 Denique.

1986 3384 2125 3436 sam,
2158 3370 2284 3423 dum
2332 3378 2620 3437 peccantes
2664 3370 2985 3440 palpamus,
3039 3372 3341 3427 incurrere.
3386 3372 3493 3427 Sed
3528 3373 3595 3427 de

1986 3462 2070 3515 his
2108 3462 2361 3530 quoniam
2393 3464 2444 3516 in
2474 3462 2615 3516 libro
2646 3463 2887 3518 secundo
2911 3462 3068 3535 (Cap.
3096 3466 3120 3519 1
3144 3474 3190 3519 et
3217 3464 3277 3533 2)
3300 3465 3449 3534 plura
3477 3466 3589 3535 jam

1984 3553 2244 3618 diximus,
2274 3553 2509 3624 reliquas
2536 3554 2764 3623 justitize
2795 3568 3002 3623 partes,
3031 3566 3089 3611 ut
3112 3557 3401 3627 cmpimus,
3436 3572 3594 3613 exse-

1984 3660 2229 3714 quamur.

2556 3736 2788 3795 CAPUT
2834 3740 3027 3795 XXIV.

2027 3832 2105 3885 De
2135 3830 2477 3898 liberalitate;
2507 3842 2553 3886 et
2582 3833 3187 3915 qualiterqbeneﬁcentim
3208 3850 3343 3908 opus
3379 3837 3557 3893 debeat

2656 3920 2887 3958 exerceri
2896 3943 2911 3958 ο

2055 4014 2106 4067 1.
2143 4012 2217 4068 De
2236 4013 2459 4082 justitiaa
2484 4024 2539 4051 ευ
2562 4016 2742 4070 adhuc
2766 4016 2917 4071 fonte
2938 4020 3238 4088 procedunt
3269 4021 3588 4092 liberalitas,

2050 4210 2077 4237 υ
2116 4201 2243 4257 Mss.
2288 4210 2418 4265 tres,
2450 4212 2561 4255 aut.

1976 4272 2393 4396 onfnilgusLugd.
2433 4274 2588 4328 deest
2633 4289 2737 4330 vox
2790 4274 3044 4333 homines.
3091 4280 3314 4351 Legitur
3362 4280 3415 4336 in
3463 4282 3587 4337 aliis

2049 4424 2075 4461 P
2111 4414 2205 4467 Ms.
2239 4430 2397 4489 unus,
2432 4431 2534 4469 non
2580 4424 2799 4483 natura,
2844 4420 2936 4473 sed
2963 4422 3093 4477 uitii.
3124 4422 3224 4477 Ms.
3268 4424 3425 4489 alter,
3480 4440 3583 4478 non

1974 4494 2181 4549 natura,
2205 4486 2296 4537 sed
2322 4486 2456 4538 sine.

2047 4565 2074 4604 «ι
2102 4556 2225 4632 Mss.
2259 4556 2386 4621 duo,
2418 4572 2589 4632 unum
2602 4558 2811 4624 quod...
2842 4562 3064 4617 alterum
3092 4564 3253 4632 quod.

2051 4634 2074 4663 ι’
2108 4625 2206 4677 Ms.
2238 4641 2396 4691 unus,
2423 4628 2544 4678 aliis
2574 4629 2852 4696 irrogatas.

2050 4704 2069 4730 ο
2103 4696 2203 4749 Ms.
2237 4712 2390 4759 nnUs,
2428 4700 2707 4761 pessimus.

2049 4766 2068 4801 ί
2096 4765 2222 4819 Mss.
2253 4774 2382 4843 tres,
2412 4770 2455 4818 si
2479 4767 2755 4834 decipienti
2776 4771 3143 4843 circumvenire
3178 4776 3436 4843 permitto.
3478 4776 3577 4829 Ms.

1973 4835 2139 4917 alter,
2190 4836 2341 4903 quod.
2380 4853 2481 4889 non
2516 4842 2861 4896 circunwenio
2908 4860 3069 4911 neque
3118 4835 3341 4915 decipio,
3369 4848 3457 4900 sed
3493 4850 3577 4901 de-

1974 4923 2095 4973 t‘tpt,
2123 4917 2231 4961 etc.

2046 4986 2067 5010 υ
2099 4981 2226 5031 Mss.
2261 4987 2513 5043 quatuor,
2547 4979 2712 5035 debet.

2042 5056 2070 5084 ν
2096 5047 2191 5119 με,
2227 5063 2386 5119 unus,
2418 5052 2529 5119 ejus
2560 5052 2799 5116 peccatis.

2045 5126 2075 5199 ξ
2101 5118 2197 5199 Ms.
2229 5117 2383 5199 Coll).
2419 5117 2579 5183 unus,
2602 5122 2885 5199 increpare
2906 5124 2998 5199 fuel
3028 5125 3321 5199 objurgare.

2047 5188 2396 5264 YAISSﬂIth,
2430 5193 2692 5243 emendari
2712 5188 2991 5248 nolurri..t.
3083 5188 3102 5199 ’
3180 5188 3201 5196 ”
3416 5259 3429 5264 ,

2047 5267 2067 5293 ²
2103 5258 2203 5335 Ms.
2233 5259 2649 5335 Colb.unns,_.ic
2669 5265 2732 5316 si.
2756 5264 2929 5329 Alter,
2960 5266 3166 5323 Sinon.
3189 5270 3361 5335 Alius,
3396 5259 3569 5325 dutsi.

2044 5336 2105 5364 "
2132 5330 2255 5383 Mss.
2292 5332 2418 5395 duo,
2450 5342 2506 5384 ut
2533 5332 2630 5385 illi.
3238 5342 3239 5345 ‘

2041 5395 2099 5435 ινδ
2138 5401 2263 5473 Mss.
2300 5402 2431 5464 duo,
2461 5408 2659 5472 gratias
2683 5415 2861 5470 agant.
2891 5406 2988 5459 Ms.
3023 5407 3181 5461 Coll».
3216 5426 3377 5473 unus,
3402 5420 3493 5461 aut
3521 5411 3571 5461 in

1970 5470 2099 5521 bono
2124 5472 2389 5524 nobiscum
2416 5470 2613 5526 statim.
2642 5476 2813 5540 Alter,
2847 5486 2932 5530 aut
2963 5478 3016 5531 in
3047 5478 3236 5533 bonum
3257 5470 3432 5535 statim
3462 5477 3571 5535 Deo

1966 5543 2160 5612 gratius
2182 5552 2360 5612 agunt.

2042 5621 2097 5648 επ
2129 5611 2227 5665 Ms.
2266 5627 2423 5675 unus,
2449 5613 2633 5667 salutis
2654 5632 2763 5669 sum
2788 5617 2932 5670 nobis
2954 5635 3129 5670 curam
3154 5636 3278 5673 esse.

2043 5680 2102 5717 (Μ
2132 5683 2220 5736 Sic
2236 5682 2403 5758 editio
2418 5682 2597 5758 Lugd.
2618 5686 2775 5750 Alia',
2790 5690 2954 5758 magis
2971 5690 3147 5743 malle.
3171 5692 3242 5745 Ex
3260 5689 3417 5745 Colit.
3434 5706 3563 5745 mss.

1970 5754 2319 5830 nnns,_magis
2344 5754 2583 5830 debemus
2625 5772 2801 5812 eorum
2827 5754 3149 5827 irtiiiticitias,
3179 5763 3267 5830 qui
3308 5762 3564 5815 noluerint

1965 5824 2223 5875 emendari
2245 5825 2563 5877 contrahere.

2044 5899 2098 5929 νο
2135 5892 2230 5946 iis.
2256 5910 2413 5961 unus,
2455 5896 2527 5948 De
2550 5898 2770 5967 justitia:
2797 5911 2970 5953 autem
2994 5901 3166 5955 adhuc
