4322 6462
852 427 953 480 507

2185 410 2448 470 .IULIANI
2490 410 2766 466 POSIERII

4022 407 4124 462 508

851 537 1224 602 beuellcentia,
1256 536 1451 592 caritas
1473 543 1526 589 et
1552 540 1746 587 caetera
1767 528 2109 602 ~ejusmodi,q
2136 530 2270 583 titius
2290 528 2425 582 mul-
2456 529 2505 584 Α
2534 525 2938 594 incomparabili
2992 523 3306 578 diversitate
3355 525 3700 593 prmstautior
3727 564 3741 587 ,
3795 538 3903 592 quo
3956 525 4117 578 Deum

853 629 1105 699 tipliciter
1126 629 1302 699 juvari
1334 623 1578 681 homines
1623 630 1869 693 possunt.
1919 620 2238 676 Liberalitas
2286 626 2312 656 ⁸
2357 622 2439 674 est

851 735 974 788 qua!
998 721 1160 775 etiam
1192 721 1242 774 in
1291 734 1384 775 eos
1407 717 1496 787 qui
1529 716 1662 771 nihil
1704 716 1941 785 indigere
1991 714 2262 778 videnlur,
2298 726 2438 766 exu-

855 811 1042 871 berat:
1077 814 1130 867 in
1159 825 1260 880 qua
1288 808 1611 863 liberalitate
1640 805 1719 861 rei
1743 805 2021 860 familiaris
2073 805 2284 874 ponitur
2322 819 2440 857 ληιδ

857 903 1080 974 plitudo.
1114 899 1489 956 Beneﬂceutiaa
1532 898 1698 952 multa
1727 904 1856 953 sunt
1900 911 2087 966 opera,
2119 895 2310 963 quibus
2343 907 2436 948 ne-

854 993 1094 1050 cessitati
1137 993 1492 1046 laborantium
1550 991 1974 1044 misericorditer
2017 987 2352 1050 subvenitur,
2382 993 2439 1040 et

853 1082 923 1138 de
953 1092 1170 1137 terreno
1196 1097 1358 1136 censu
1385 1081 1536 1152 regni
1562 1080 1797 1137 ccclesiis
1830 1079 2118 1134 hatreditas
2158 1090 2439 1144 compara-

855 1180 963 1236 tur,
987 1171 1032 1226 si
1062 1171 1223 1226 modo
1246 1171 1452 1241 absque
1500 1171 1606 1226 ulla
1650 1171 2007 1226 ostentatione
2048 1182 2184 1236 opus
2233 1169 2435 1222 beneli-

853 1265 1046 1318 ccutiat
1078 1263 1190 1330 flat,
1250 1277 1372 1318 nec.
1408 1277 1506 1316 nos
1550 1261 1615 1315 ad
1659 1260 2083 1315 misericordiam
2139 1258 2434 1314 faciendam

856 1355 1029 1424 turpis
1058 1369 1211 1407 amor
1237 1354 1421 1424 gloriae
1447 1351 1715 1422 popularis
1755 1351 2015 1420 impellat.
2070 1350 2275 1405 Inventi
2311 1358 2437 1404 sunt

856 1444 1076 1512 quidam
1104 1443 1194 1513 qui
1233 1442 1456 1497 diversis
1483 1441 1696 1512 quidem
1729 1441 2065 1497 diversorum
2098 1442 2437 1497 necessitati-

863 1534 966 1587 bus
989 1533 1371 1596 subvenirent;
1395 1531 1489 1586 sed
1514 1541 1604 1584 aut
1625 1532 1865 1601 appetitu
1911 1531 2289 1602 comparanda:
2319 1532 2436 1601 opi-

858 1623 1034 1675 nionis
1099 1621 1332 1690 impulsi,
1387 1631 1478 1675 aut
1522 1623 1726 1676 carnali
1776 1623 1974 1690 pietate
2025 1622 2300 1686 commoti,
2342 1629 2434 1676 aut

861 1727 957 1781 spe
981 1711 1274 1782 recipiendi
1304 1711 1444 1780 quod
1477 1712 1686 1779 darent,
1711 1722 1804 1768 aut
1825 1712 2084 1768 reddendi
2114 1712 2255 1783 quod
2282 1727 2435 1768 acce-

855 1807 1060 1873 pissent
1087 1806 1406 1860 necessitate
1441 1804 1468 1844 b
1500 1807 1799 1860 constricti.

2541 615 2710 684 gratis
2731 615 3024 685 diligimus,
3075 622 3133 669 et
3177 614 3431 668 amicum.
3461 613 3727 668 Caeterum
3772 615 3859 683 qui
3886 613 4113 668 amicum

2542 719 2762 775 propter
2804 704 3150 760 commodum
3202 704 3482 774 quodlibet
3531 712 3696 772 amat,
3753 719 3856 757 non
3887 704 4116 756 amicum

2539 797 2877 850 ceuviucitur
2912 809 3114 860 amare,
3138 795 3235 849 sed
3286 794 3653 850 commodum.
3705 793 3771 848 Et
3809 794 3992 863 utique
4029 797 4120 863 qui

2538 886 2770 955 aliquem
2803 893 3022 953 propter
3050 899 3162 938 rem
3195 885 3548 952 temporalem
3592 883 3884 953 quamlibet
3909 899 4123 940 amave-

2544 980 2636 1041 rit,
2669 993 2786 1031 cuut
2818 991 2906 1030 res
2930 976 3046 1045 ipsa
3088 975 3102 1024 l
3160 982 3346 1042 utpote
3379 975 3690 1042 temporalis
3727 974 3947 1030 desierit
3979 990 4119 1041 esse,

2539 1083 2721 1122 amare
2748 1067 3001 1123 cessabit.
3031 1067 3134 1135 Qui
3165 1078 3344 1123 autem
3374 1065 3545 1136 diligit
3572 1076 3792 1136 propter
3831 1067 4020 1130 Deum,
4050 1069 4117 1120 si-

2543 1168 2634 1214 cut
2662 1158 2800 1214 Deus
2828 1165 3064 1213 :eternus
3095 1157 3123 1196 ι
3167 1166 3273 1225 est,
3327 1159 3398 1211 ita
3435 1159 3487 1211 in
3537 1165 3795 1212 aeternum
3820 1157 3932 1225 ipsa
3959 1157 4118 1211 amici

2538 1251 2753 1310 dilectio
2801 1251 3156 1320 permanebit.
3207 1251 3273 1305 Et
3312 1251 3432 1306 ideo
3474 1251 3635 1315 Deus,
3671 1249 3689 1288 ι
3721 1265 3829 1320 quo
3871 1251 4003 1305 nihil
4033 1261 4118 1305 est

2539 1344 2711 1410 majus
2760 1353 2854 1397 aut
2909 1343 3098 1398 melius
3148 1351 3370 1411 prepter
3406 1343 3548 1412 quod
3592 1342 3864 1412 diligatur,
3895 1354 4115 1411 propter

2539 1434 2774 1501 seipsum
2807 1435 3044 1504 perfecte
3093 1435 3350 1504 diligitur.
3409 1435 3465 1491 Si
3517 1450 3648 1491 vero
3685 1436 3874 1491 saltem
3906 1443 4126 1504 propter

2539 1533 2579 1561 ω
2603 1525 2692 1580 illa
2721 1542 2840 1595 quae
2862 1534 3079 1595 praestat
3099 1535 3330 1592 amatur,
3355 1541 3460 1580 non
3484 1526 3663 1594 utique
3691 1527 3854 1597 gratis
3879 1537 4119 1581 amatur:

2537 1617 2659 1686 quia
2681 1617 2792 1685 jam
2825 1617 2949 1670 illud
2976 1627 3194 1686 propter
3225 1617 3368 1686 quod
3403 1617 3664 1686 diligitur,
3705 1620 3776 1685 ei,
3807 1619 3947 1687 quod
3978 1617 4123 1672 dictu

2539 1721 2645 1775 quo
2665 1722 2750 1774 ,ue
2780 1705 2930 1762 nefas
2955 1717 3059 1770 est,
3087 1707 3406 1762 antefertur.
3441 1708 3559 1776 Ipse
3605 1708 3800 1778 quippe
3840 1716 3923 1762 est
3951 1707 4122 1763 omni-

2539 1799 2638 1852 bus
2664 1799 2993 1852 amatoribus
3023 1799 3134 1852 suis
3166 1799 3270 1853 vita
3295 1799 3471 1866 beata,
3515 1813 3578 1853 ac
3616 1801 3761 1854 salus
3807 1811 4028 1864 interna,
4070 1807 4127 1854 et

922 1899 978 1952 2.
1008 1898 1144 1953 Sunt
1172 1899 1264 1953 alii
1288 1914 1422 1968 quos
1451 1899 1516 1953 ad
1543 1899 1878 1969 largiendum
1906 1901 2100 1970 aliquid
2145 1903 2195 1955 iu
2241 1915 2433 1970 pattpe-
2464 1891 2510 1952 B
2539 1904 2784 1957 regnum.
2814 1889 3174 1958 gaudiumque
3200 1901 3542 1957 perpetuum.
3574 1888 3701 1944 "me
3741 1889 4006 1957 accipient
4033 1889 4124 1958 qui

853 2010 942 2049 res
973 1995 1085 2048 sola
1111 1985 1293 2049 movet
1321 2003 1531 2049 versuta
1559 1996 1854 2063 cupiditas;
1887 1997 1978 2064 qui
1997 2006 2018 2034 ε
2043 1996 2107 2049 ad
2139 1996 2238 2050 ltuc
2260 1997 2436 2065 aliqua

853 2093 1099 2155 erogant,
1128 2094 1186 2138 ut
1215 2085 1301 2140 hic
1325 2086 1523 2154 majora
1556 2086 1845 2154 recipiant;
1873 2095 1927 2139 et
1952 2085 2206 2155 quidquid
2239 2088 2316 2140 eis
2345 2103 2437 2140 ve-

855 2186 934 2238 lut
964 2199 1254 2252 pauperum
1292 2181 1318 2220 ἀ
1364 2183 1666 2252 pastoribus
1721 2181 1906 2236 datum
1948 2181 2107 2236 fuerit
2137 2191 2160 2218 ⁸
2201 2197 2434 2250 erogan-

854 2273 1005 2339 dum,
1039 2273 1400 2328 esurientibus
1441 2273 1543 2327 illis
1575 2287 1669 2341 pro
1700 2273 1892 2340 quibus
1943 2273 2308 2326 sustentaudis
2346 2287 2433 2326 ac-

852 2364 1078 2431 cipiunt,
1121 2373 1312 2425 totum,
1345 2373 1436 2416 aut
1461 2378 1628 2431 prope
1661 2371 1827 2417 totum
1853 2363 1994 2432 quod
2019 2364 2347 2432 acceperint,
2381 2364 2433 2417 in

853 2468 977 2507 suas
1008 2452 1307 2520 Voluptates
1348 2453 1690 2522 expendunt:
1739 2463 1827 2519 et,
1861 2454 2003 2523 quod
2049 2462 2134 2508 est
2175 2454 2433 2518 deterius,

855 2546 994 2599 inter
1025 2543 1306 2598 muniiicos
1349 2559 1411 2597 ac
1460 2545 1841 2601 misericordes
1888 2546 2092 2611 haberi,
2147 2545 2234 2600 vel
2276 2546 2435 2600 etiam

856 2651 969 2706 pra:
1005 2635 1110 2690 illis
1157 2635 1433 2704 praedicari
1480 2637 1705 2705 turpiter
1754 2639 2156 2706 concupiscunt.
2213 2639 2294 2691 Ab
2353 2637 2439 2692 liis

853 2729 1125 2795 omnibus,
1156 2738 1209 2784 et
1231 2729 1423 2783 borum
1446 2729 1731 2794 similibus,
1756 2729 1911 2798 longe
1939 2729 2134 2784 diversi
2157 2738 2282 2783 sunt
2309 2726 2330 2766 ί
2362 2729 2434 2782 illi

853 2819 943 2888 qui
972 2832 1076 2873 non
1105 2832 1164 2874 se
1192 2817 1244 2872 in
1272 2818 1527 2886 aperibus
1561 2820 1695 2885 suis,
1725 2819 1818 2873 sed
1851 2821 2014 2874 Deum
2052 2819 2275 2884 cupiunt
2301 2833 2438 2886 prie-

853 2909 1054 2975 dicari;
1083 2924 1221 2978 quos
1247 2909 1314 2964 ad
1341 2923 1473 2979 opus
1508 2909 1709 2964 bonum
1740 2925 1864 2981 spes
1908 2910 2099 2965 futura:
2129 2922 2436 2964 remunera-

857 2984 1037 3054 tionis.
1062 2999 1315 3066 adducit;
1363 3008 1419 3054 et
1463 3001 1638 3070 ipsum
1691 3002 1863 3054 solum
1895 3002 2079 3055 volunt
2126 3002 2326 3058 habere
2351 3004 2434 3057 sui

855 3091 1036 3162 operis
1064 3100 1275 3158 testem,
1303 3107 1333 3145 a
1367 3105 1475 3162 quo
1505 3107 1566 3147 se
1586 3101 1899 3162 recepturos
1918 3092 2145 3148 credunt
2174 3102 2281 3147 tota
2313 3093 2435 3148 lidei

858 3185 1110 3242 firmitate
1143 3184 1470 3240 mercedem.

1441 3295 1666 3351 CAPUT
1698 3295 1863 3350 XXV.

896 3408 973 3465 De
1000 3409 1292 3475 differentia
1330 3425 1588 3472 amorum,
1634 3419 1682 3463 et
1714 3420 1962 3477 quantum
1997 3410 2060 3464 ab
2089 3411 2159 3464 eis
2194 3409 2400 3475 differat

1398 3481 1626 3549 perfecta
1672 3481 1898 3535 dilectio.

931 3614 1112 3683 Itaque
1131 3615 1243 3684 jam
1270 3615 1339 3671 de
1366 3619 1610 3680 caritate,
1643 3615 1782 3669 unde
1804 3615 1952 3683 plura
1978 3614 2030 3669 in
2063 3615 2163 3671 lioc
2189 3615 2323 3671 libro
2349 3630 2440 3670 su-

859 3723 954 3778 pra
1004 3707 1256 3776 disserui,
1289 3708 1412 3777 quia
1458 3709 1605 3762 locus
1655 3709 1840 3777 exigit,
1895 3707 1982 3763 bic
2029 3723 2241 3779 quoque
2271 3725 2435 3776 pauca

860 3799 1238 3870 perstringam.
1271 3800 1449 3855 Taceo
1477 3801 1544 3854 de
1571 3802 1770 3856 carnali
1801 3816 1984 3857 amore
2008 3803 2096 3872 qui
2126 3803 2385 3872 incipiens
2407 3819 2436 3855 a

858 3891 1107 3960 coujugio
1147 3901 1335 3946 manat
1385 3892 1438 3945 in
1471 3891 1628 3957 ﬁlios,
1659 3895 1780 3962 quia
1821 3894 1978 3948 talem
2028 3909 2270 3949 amorem
2316 3907 2435 3947 cum

860 3982 1144 4052 pecoribus
1169 3982 1448 4051 habemus,
1475 3983 1768 4054 bestiisque
1804 3998 2167 4039 communem.
2215 3983 2438 4051 Pr0pin-

860 4088 1088 4142 quorum
1123 4082 1147 4119 Β
1175 4074 1337 4127 etiam
1391 4085 1692 4141 praetereo,
1743 4075 1864 4142 quia
1905 4083 1961 4128 et
2010 4073 2125 4142 ipse
2167 4074 2341 4128 adhuc
2374 4073 2439 4127 ad

861 4179 1073 4221 carnem
1099 4166 1367 4234 pertinere
1400 4165 1614 4220 videtur
1639 4175 1694 4220 et
1731 4167 2068 4234 sanguinem.
2116 4165 2226 4222 Nec
2256 4167 2322 4221 de
2351 4167 2442 4219 illo

860 4249 1057 4324 aliquid
1088 4256 1230 4320 dico,
1256 4270 1362 4324 quo
1389 4255 1490 4310 etsi
1539 4257 1745 4310 amicos
1774 4270 2039 4322 amamus,
2075 4267 2250 4311 tamen
2279 4258 2441 4312 etiam

861 4347 889 4388 δ
929 4351 1042 4418 ipse
1090 4349 1321 4406 refertur
1373 4349 1438 4403 ad
1497 4349 1712 4418 aliquod
1746 4349 2088 4404 commodum
2126 4353 2438 4420 temporale.

862 4440 977 4494 [\‘on
1033 4440 1168 4509 quod
1221 4440 1275 4494 bi
1325 4455 1536 4494 amores
1594 4441 1804 4494 honesti
1864 4455 1967 4495 non
2005 4441 2140 4506 sint,
2170 4457 2290 4497 cum
2335 4443 2443 4498 sint

865 4531 1113 4585 omnibus
1143 4531 1440 4594 naturales;
1469 4531 1560 4585 sed
1592 4531 1734 4600 quod
1778 4531 1860 4585 bis
1900 4532 2149 4586 omnibus
2183 4531 2198 4569 ί
2247 4535 2314 4588 sit
2351 4535 2443 4591 ille

940 4736 968 4800 ξι
998 4727 1248 4800 Additur,
1277 4739 1371 4795 est,
1404 4745 1469 4782 ex
1506 4742 1636 4782 mss.
1671 4737 1927 4798 quatuor:
1959 4732 2142 4785 aberat
2171 4735 2237 4787 ab
2264 4736 2443 4790 editis.
2481 4741 2528 4800 D

940 4795 967 4834 ι’
1000 4798 1124 4851 Mss.
1154 4799 1282 4863 duo,
1340 4800 1601 4852 constricti
1649 4795 1783 4852 sunt.
1844 4802 2074 4868 Aliquos,
2134 4815 2238 4868 etc.
2286 4806 2357 4858 Ita
2390 4819 2443 4860 et

873 4868 1043 4935 Lugd.
1091 4869 1262 4940 Alter,
1314 4871 1573 4921 cons'ricti
1619 4879 1756 4922 sunt.
1809 4865 1910 4923 Alii
1941 4865 2096 4939 quos.
2148 4865 2246 4927 Ms.
2287 4875 2441 4940 alius,

871 4939 1126 4990 constricti
1149 4940 1418 4991 sunl.‘Alii
1443 4950 1557 4991 sunt
1590 4956 1735 5005 quos.

945 5019 964 5082 ς
1003 5008 1101 5060 Ms.
1131 5007 1266 5082 Reg.
1294 5024 1452 5070 unus,
1507 5021 1710 5077 propter
1740 5011 1951 5062 ltoc.....
1985 5021 2036 5062 ut
2080 5013 2198 5064 hinc
2229 5018 2444 5082 majora.

874 5076 1042 5149 Alitis,
1077 5087 1129 5129 et
1154 5079 1307 5130 (iolb.
1339 5076 1593 5141 ttuus,'ad
1620 5082 1780 5134 hoc...
1814 5093 1863 5133 ut
1897 5085 2115 5149 majora.
2147 5086 2260 5138 Duo
2293 5076 2445 5141 Colb.

875 5150 938 5197 al
970 5147 1130 5200 hoc...
1165 5159 1216 5199 ut
1247 5149 1364 5199 hinc
1391 5151 1606 5216 majora.
1978 5147 1984 5149 ⁷
2429 5165 2444 5173 ’

948 5217 971 5251 ο
1005 5217 1096 5269 Ms.
1132 5216 1342 5281 Canib.,
1367 5222 1608 5286 patribus.

953 5296 975 5356 ᾗ
1014 5288 1107 5338 Ms.
1139 5302 1296 5353 unus,
1331 5292 1400 5338 ad
1425 5290 1754 5356 erogandum.

952 5353 970 5391 ί
1003 5356 1098 5408 .‘lls.
1135 5373 1291 5422 unus,
1314 5359 1402 5408 alii
1423 5353 1526 5423 qui.

953 5433 977 5494 β
1013 5426 1136 5477 Mss.
1169 5439 1394 5491 septem,
1422 5444 1635 5494 quoque.

957 5492 977 5527 ιι
1009 5495 1099 5546 Ms.
1131 5513 1282 5559 unus,
1313 5492 1462 5549 etimit
1491 5492 1584 5566 ipsi
1612 5501 1920 5566 referuntur.

964 5573 974 5596 ι
1013 5567 1131 5615 Mss.
1160 5567 1310 5645 (Iulli.
1363 5569 1493 5645 duo,
1535 5569 1918 5645 ittrotttpurabili
1962 5576 2272 5629 necessitate.
2307 5579 2447 5645 Quo-

887 5649 1184 5707 rum_i_ituis,
1222 5638 1336 5685 dum
1363 5641 1518 5703 gratis
1550 5639 1805 5706 diligimus
1829 5655 1872 5694 et
1905 5646 2118 5707 amicos,
2149 5659 2192 5698 et
2218 5638 2441 5701 εωιῖτοε.

963 5703 1130 5787 tilias.
1159 5721 1268 5764 sex,
1305 5715 1474 5787 utpote
1501 5703 1812 5774 temporalis.
1846 5713 1987 5767 Unus
2009 5729 2071 5769 cx
2102 5703 2201 5783 Itis,
2231 5730 2279 5770 ιιι
2309 5730 2449 5787 puta.

891 5773 1023 5824 Etltli
1053 5773 1132 5824 hic
1164 5786 1342 5827 t-utoiit
1375 5789 1562 5834 utpote.

962 5840 978 5877 ὲ
1017 5841 1109 5894 δικ
1147 5862 1274 5899 unus
1303 5864 1444 5900 cure.
1468 5849 1798 5906 substantive
1831 5866 1899 5905 cst

2541 1977 2709 2032 Deum
2741 1979 2993 2049 diligunt,
3025 1981 3148 2046 quia
3181 1980 3330 2032 solus
3369 1981 3470 2034 erit
3512 1980 3619 2035 illis
3660 1981 3864 2045 omnia,
3910 1981 4125 2050 quando

2537 2071 2654 2141 ipse
2685 2073 2842 2127 fuerit
2866 2073 2916 2125 in
2944 2073 3192 2125 omnibus
3220 2072 3424 2126 omnia.

3111 2207 3338 2263 CAPUT
3369 2207 3554 2262 XXVI.

2915 2321 3053 2386 Quid
3082 2322 3150 2375 sit
3171 2337 3267 2375 sua
3293 2322 3474 2386 cuique
3501 2319 3742 2375 tribuere.

2608 2432 2942 2502 Quapropter
2967 2431 3012 2486 si
3044 2433 3096 2485 in
3143 2436 3243 2486 hac
3281 2432 3388 2484 vita
3427 2430 3687 2498 justitiam
3726 2444 3985 2484 conamur
4026 2430 4124 2482 iut-

2539 2524 2712 2592 pli-re,
2742 2523 2896 2590 cujus
2932 2523 3151 2591 justitize
3194 2537 3327 2591 opus
3366 2533 3447 2576 est
3489 2525 3760 2590 proprium
3797 2536 3890 2574 sua
3937 2521 4127 2590 cuique

2541 2613 2796 2678 tribuere,
2823 2613 2934 2667 Deo
2956 2628 3074 2679 nes,
3107 2629 3136 2667 a
3167 2628 3274 2682 quo
3299 2627 3484 2666 Sumits
3506 2610 3654 2675 facti,
3679 2611 3962 2666 reddamus
3989 2629 4001 2662 :
4026 2625 4127 2665 nec

2537 2704 2801 2758 dominari
2831 2705 2983 2759 nobis
3017 2719 3076 2758 ea
3109 2704 3299 2773 quibus
3346 2718 3532 2759 sumus
3561 2703 3874 2757 naturaliter
3921 2717 4131 2772 pracpo-

2538 2797 2622 2850 siti
2659 2796 3049 2864 permittamus.
3093 2795 3408 2849 Dominetur
3447 2793 3588 2848 vitiis
3622 2793 3780 2857 ratio,
3815 2791 4130 2862 subjiciatur

2536 2903 2731 2957 corpus
2783 2888 2980 2955 animo,
3040 2888 3250 2940 animus
3309 2887 3439 2950 Deo,
3481 2895 3535 2940 et
3570 2884 3785 2954 impleta
3826 2895 3904 2938 est
3949 2893 3976 2919 υ
4028 2883 4128 2938 bo-

2540 2979 2698 3033 minis
2763 2986 2872 3033 tota
2913 2980 3187 3047 perfectio.
3256 2979 3334 3032 Ac
3396 2992 3492 3046 per
3534 2977 3654 3040 hoc,
3689 2984 3744 3031 et
3780 2990 3878 3031 nos
3909 2975 4129 3044 justitia

2539 3070 2663 3125 facti
2694 3070 3010 3138 participes,
3058 3085 3152 3123 sua
3201 3069 3393 3138 cuique
3437 3067 3737 3129 tribuimus,
3790 3067 3833 3120 si
3878 3065 4129 3122 inferiora

2539 3163 2869 3230 melioribus,
2902 3174 2952 3217 et
2987 3161 3278 3216 virtutibus
3314 3161 3545 3216 carnalia
3574 3161 3967 3215 oblectamenta
3999 3160 4128 3214 sub-

2465 3246 2513 3312 C
2542 3257 2763 3322 damus;
2789 3263 2814 3291 ο
2837 3265 2891 3310 et
2919 3257 3056 3310 sicut
3089 3255 3322 3309 virentia
3364 3255 3470 3308 vita
3499 3254 3825 3320 carentibus,
3858 3251 4130 3308 sensibili:

2541 3350 2844 3405 viventibus
2873 3390 2887 3413 ,
2942 3348 3320 3402 iutellectualia
3367 3341 3714 3401 sensibilibus
3744 3386 3760 3412 ,
3811 3344 4131 3399 immortalia

2540 3442 2875 3504 mortalibus,
2905 3438 3270 3492 ratiocinando
3322 3437 3680 3506 prmponimus
3707 3476 3722 3500 ,
3774 3437 3848 3491 ita
3895 3435 4030 3490 bene
4059 3434 4133 3489 \i-

2541 3531 2715 3584 vcndo
2743 3529 3074 3596 voluptuosis
3107 3529 3278 3590 utilia,
3320 3527 3538 3580 utilibus
3578 3526 3836 3590 honesta,
3891 3524 4133 3580 honestis

2541 3637 2595 3676 sa
2607 3633 2746 3689 nuta,
2772 3632 2799 3671 Ρ
2829 3623 3027 3674 sanctis
3056 3618 3287 3688 perfecta
3311 3620 3487 3672 omnia
3511 3619 3875 3687 prmferamus.
3899 3617 4129 3672 Verum-

2542 3721 2716 3765 tamen
2749 3726 2847 3764 nec
2876 3726 3070 3778 corpus
3110 3709 3343 3778 spiritui,
3392 3723 3486 3762 nec
3535 3710 3802 3776 appetitus
3846 3707 4128 3777 obtempe-

2540 3820 2659 3859 rare
2704 3803 2898 3873 poterit
2939 3804 3155 3865 rationi,
3201 3800 3298 3855 uisi
3349 3801 3506 3866 Deus,
3549 3801 3639 3869 qui
3681 3801 3850 3869 ipsum
3880 3800 4128 3869 spiritum

2540 3897 2740 3952 creavit
2768 3903 2822 3948 et
2845 3908 3060 3961 corpus,
3103 3893 3402 3947 delectatus
3451 3892 3859 3962 cogitationibus
3911 3891 4132 3956 nostris,

2543 3987 2903 4053 requiescatin
2933 3983 3108 4049 nobi-,
3136 3998 3200 4038 ac
3219 3993 3466 4052 tanquam
3491 3998 3646 4037 verus
3671 3983 3902 4052 agricola
3927 3984 3976 4036 in
4003 3997 4133 4053 agro

2542 4092 2662 4142 suo,
2690 4087 2717 4126 ς
2747 4076 2905 4130 card.-
2948 4084 3132 4128 nostro
3183 4075 3430 4143 proficiat
3460 4090 3474 4128 :
3510 4084 3532 4111 τ
3583 4085 3640 4128 ιιι
3688 4073 3943 4144 quidquid
3986 4074 4038 4128 in
4073 4090 4139 4130 eo

2547 4168 2678 4222 (idus
2722 4167 2946 4236 plantat,
3000 4167 3218 4220 devotio
3265 4165 3426 4234 rigat,
3471 4165 3584 4233 ipse
3626 4165 3689 4216 ad
3745 4165 4135 4218 incrementum

2544 4269 2927 4313 consummatae
2969 4256 3295 4310 maturitatis
3343 4254 3608 4315 adducat;
3648 4264 3807 4323 atque
3865 4253 3936 4308 ita
3982 4255 4137 4308 nobis

2548 4351 2841 4405 voluntarie
2871 4349 2971 4403 sibi
3004 4349 3261 4418 subjectis
3293 4347 3564 4403 desideria
3596 4347 3734 4401 mala
3772 4347 4044 4416 subjiciat,
4079 4356 4136 4400 ut

2545 4461 2612 4501 ex
2647 4445 2773 4513 ipsis
2795 4443 3001 4496 actibus
3028 4441 3248 4506 nostris,
3298 4440 3388 4508 qui
3425 4439 3497 4492 sit
3536 4439 3809 4493 habitator
3848 4451 4054 4505 noster,
4085 4450 4140 4495 et

2546 4540 2700 4605 cujus
2731 4535 2785 4588 in
2819 4535 2976 4588 nobis
3012 4542 3032 4568 ⁸
3079 4533 3171 4586 fiat
3195 4531 3463 4597 voluntas,
3491 4539 3771 4601 appareat.

2632 4734 2647 4772 ¹
2687 4735 2783 4789 Ms.
2805 4734 2955 4789 Colb.
2985 4749 3143 4797 unus,
3174 4735 3296 4804 quia
3314 4735 3600 4804 niltilesl...
3632 4734 3799 4803 majus
3827 4744 3910 4786 aut
3935 4735 4138 4804 melius,

2553 4818 2760 4876 propter
2815 4807 2937 4872 quid
2990 4803 3257 4874 diligatur.
3309 4803 3461 4876 Colb.
3511 4804 3666 4864 alter,
3700 4813 3778 4876 et,
3819 4803 3984 4870 Lugd.
4017 4819 4138 4859 eum

2554 4874 2781 4940 Lovan.,
2840 4891 2937 4942 quo
2987 4876 3115 4927 nihil
3151 4885 3296 4929 est...
3323 4875 3491 4942 majus
3533 4884 3620 4925 aut
3661 4874 3862 4933 melius,
3925 4885 4129 4944 propter

2553 4949 2688 5018 quod
2712 4947 2978 5013 diligatur.
3007 4949 3100 4998 Ms.
3125 4945 3230 5018 duo
3275 4944 3429 5018 Ilt'_g.,
3463 4955 3668 5018 prapter
3693 4945 3829 5018 quod
3878 4947 4135 5013 diligitur,

2557 5015 2762 5086 prapter
2783 5020 3009 5081 seipsum
3036 5016 3255 5086 perfecte
3269 5015 3531 5086 diligitur.
3575 5015 3746 5078 Etliti,
3776 5023 3981 5086 propttr
4015 5018 4138 5084 quid

2557 5083 2819 5156 diligitur;
2854 5089 2962 5148 alit',
2990 5085 3282 5153 diligatur?
3314 5083 3533 5152 Proptrt'
3560 5087 3778 5153 seipsum
3804 5083 4033 5153 perfecte
4053 5086 4137 5138 di-

2557 5157 2752 5210 linitur.

2633 5176 2752 5209 intr.

2597 5176 2669 5264 gm
2703 5228 2799 5281 Ms.
2835 5243 2992 5288 unus,
3024 5235 3232 5294 propter
3252 5224 3380 5291 ipsa.

2629 5306 2657 5333 ιι
2686 5297 2781 5351 Ms.
2807 5296 3044 5351 Colbcrt.
3083 5311 3240 5356 unus,
3271 5297 3433 5348 omnis
3468 5295 3730 5364 perfectio.
3763 5293 3930 5359 Alter,
3961 5304 4008 5348 et
4039 5294 4141 5347 im-

2562 5367 2818 5438 plelarerit
2851 5369 2900 5418 in
2934 5367 3076 5418 nobis
3100 5376 3205 5438 tota
3231 5366 3494 5434 perfectio.

2632 5447 2656 5473 0
2680 5437 2802 5490 Mss.
2837 5447 3061 5504 quatuor
3088 5436 3264 5497 Coll»,
3300 5448 3351 5487 nt
3375 5440 3526 5486 sicut.

2629 5518 2654 5556 P
2687 5509 2783 5560 Ms.
2825 5507 2972 5558 (Iolb.
3025 5522 3181 5571 unus,
3228 5508 3415 5559 sanctis
3463 5516 3508 5557 et
3556 5506 3790 5573 perfectis
3837 5505 4139 5573 perfectiora

2555 5580 2817 5648 prtrferan.
2829 5594 2906 5628 us.

2626 5659 2651 5696 τι
2684 5647 2807 5699 Mss".
2841 5655 3069 5710 septem,
3105 5647 3157 5698 in
3186 5662 3308 5714 agro
3337 5663 3424 5698 suo
3455 5645 3606 5699 corde
3631 5655 3824 5698 nostra.
3863 5645 4024 5711 Editi,
4066 5646 4137 5698 sic

2561 5719 2609 5771 in
2651 5721 2802 5769 Cttt‘tle
2840 5728 3030 5768 nostra.

2637 5799 2654 5824 τ
2693 5790 2815 5839 Ms
2844 5801 2954 5842 sex,
2985 5796 3027 5838 cl
3059 5786 3317 5854 quidquid.

2635 5867 2653 5892 ⁸
2689 5860 2792 5911 Mss
2847 5868 2972 5920 tros,
3008 5867 3067 5908 ιι
3096 5861 3345 5909 voluntas.
