4504 6454
542 408 648 484 δυο

1096 532 1320 592 CAPUT
1353 530 1569 588 XXVII.

545 649 697 717 Quod
727 648 980 703 aetatulam
1011 650 1167 703 vitam
1210 655 1311 702 tres
1340 648 1566 713 virtutes,
1591 646 1648 700 id
1670 622 1747 701 est
1778 641 2139 717 temperantia,

613 719 877 791 fortitudo,
896 719 1203 792 justitioqtte
1227 724 1572 792 consumnient
1595 733 1613 781 ;
1639 726 1687 770 et
1707 716 2003 792 prudentia,
2027 726 2144 792 qua

612 784 687 845 est
714 784 1094 860 quarta'oirtus,
1115 784 1279 844 'menti
1303 789 1647 860 cognitionem
1673 801 1848 841 rerum
1876 784 2140 837 latentium

612 870 841 932 prestat.

616 992 715 1048 llic
743 999 829 1047 est
856 990 991 1046 ordo
1012 998 1219 1046 naturae
1249 999 1409 1060 atque
1428 990 1674 1061 justitiai,
1705 1003 1867 1060 quem
1897 996 1923 1025 ι
1948 986 2037 1057 qui
2066 994 2141 1041 te-

541 1102 673 1143 nere
693 1087 927 1141 voluerit
953 1095 1008 1142 et
1035 1088 1346 1151 observare,
1373 1086 1763 1155 perfectionem
1795 1088 1922 1139 vitae
1959 1091 2142 1137 actua-

540 1182 606 1236 lis
653 1180 916 1251 implebit.
966 1179 1063 1236 Cui
1102 1180 1297 1237 actuali
1321 1180 1447 1235 vita:
1479 1190 1588 1236 tres
1636 1181 1739 1235 illa:
1770 1179 2000 1233 virtutes
2042 1176 2137 1249 (de

537 1271 733 1341 quibus
755 1286 876 1342 quae
903 1272 1129 1327 dicenda
1162 1271 1189 1312 δ
1209 1272 1359 1341 iussa
1388 1282 1537 1339 sunt,
1570 1272 1684 1328 Deo
1710 1274 1972 1335 donante,
1997 1267 2133 1341 dixi)

539 1363 841 1436 proﬁciunt.
867 1364 1142 1435 Siquidem
1166 1360 1544 1436 temperantia,
1573 1367 1815 1422 etanimi
1848 1365 2149 1428 fortitudo,

536 1467 701 1525 atque
725 1458 933 1526 Iustitia
957 1456 1215 1527 spiritalis
1243 1468 1327 1513 est
1346 1460 1511 1524 actio,
1537 1458 1665 1513 sine
1683 1474 1787 1530 qua
1814 1458 1945 1512 nihil
1968 1458 2143 1510 omni-

538 1561 610 1601 no
634 1546 772 1602 valet
800 1548 885 1600 illa
933 1562 1059 1618 quae
1104 1548 1171 1603 ad
1210 1548 1551 1619 prudentiam
1602 1550 1817 1605 videtur
1858 1549 2131 1618 pertinere

536 1639 797 1707 cognitio.
817 1637 950 1706 Quia
981 1638 1114 1694 nihil
1147 1640 1301 1695 nobis
1332 1640 1570 1708 proderit
1598 1640 1869 1710 implenda
1907 1639 2129 1694 didicis-

535 1744 617 1794 se,
646 1730 748 1784 nisi
778 1744 841 1784 ea
871 1745 991 1799 quae
1019 1729 1328 1791 didicimus.
1357 1730 1672 1787 studeamus
1703 1733 1952 1800 imp'ere.
1986 1730 2126 1801 Ergo

536 1820 621 1873 vis
654 1819 882 1885 °animi,
906 1834 1027 1889 qua:
1049 1820 1101 1874 in
1133 1822 1433 1890 appetitum
1467 1823 1843 1890 rationemque
1860 1820 2138 1887 dividitur,

1592 414 1684 476 DE
1726 415 1889 474 VITA
1928 410 2509 471 CONTEMPLATIVA
2548 410 2680 467 LIB.
2722 410 2811 466 III.

2167 529 2219 586 Α
2249 525 2484 595 operati,
2514 523 2734 591 socialis
2764 522 3015 594 quaedam
3047 524 3217 580 virtus
3264 523 3553 593 accipitur,
3594 537 3662 579 eo
3709 526 3850 595 quod

3751 415 3854 469 5h)

2247 618 2364 687 ipsa
2394 617 2669 672 beneﬁciis
2693 624 2719 650 θ
2746 630 2869 686 qua:
2897 615 3019 670 aliis
3044 626 3261 685 prmstat
3287 622 3534 686 augetur.
3552 614 3686 683 Quis
3706 616 3849 671 enim

2247 725 2355 765 non
2379 724 2445 763 eo
2476 710 2593 777 ipso
2624 707 2857 777 proficit,
2881 722 2988 775 quo
3020 708 3281 776 prolicere
3301 709 3467 763 alium
3496 707 3679 775 cupit?
3707 706 3840 773 Quis

2246 816 2354 856 non
2400 802 2806 856 misericordem
2836 800 2939 855 sibi
2984 800 3150 855 Deum
3203 801 3352 868 facit,
3402 800 3493 871 qui
3544 799 3853 855 misericors

2246 908 2369 962 erga
2400 893 2707 947 laborantes
2731 890 2814 947 vel
2837 901 3085 947 errantes
3112 892 3420 947 exstiterit?
3444 893 3553 946 Aut
3581 889 3854 971 quomodo

2246 1000 2352 1039 non
2379 984 2598 1053 augebit
2619 984 2671 1037 in
2699 998 2759 1039 se
2783 985 2965 1038 omnia
2994 984 3131 1039 bona
3152 993 3315 1050 sua,P
3336 983 3429 1053 qui
3452 997 3515 1038 ea
3544 996 3648 1036 non
3677 981 3851 1037 solum

2245 1091 2353 1130 non
2381 1075 2582 1130 invidet
2614 1073 2960 1143 habentibus,
3006 1074 3102 1130 sed
3135 1074 3299 1129 etiam
3351 1088 3457 1129 non
3506 1074 3851 1133 habentibus.

2244 1170 2299 1225 in
2331 1179 2589 1239 quantum
2637 1178 2813 1236 pctest
2841 1168 3101 1223 divinitus
3132 1167 3427 1237 inspiratus
3456 1166 3731 1235 impertit?
3772 1166 3851 1220 Ex

2244 1268 2351 1330 qui
2378 1261 2667 1315 videndum
2699 1272 2779 1313 εει
2811 1270 2988 1313 utrum
3009 1259 3155 1329 juste
3177 1259 3425 1314 faciantq
3456 1257 3534 1311 illi
3565 1258 3653 1326 qui
3678 1271 3738 1312 se
3764 1272 3853 1312 re-

2224 1352 2528 1407 .mo’ventes
2557 1351 2627 1405 ab
2650 1349 3097 1421 occupationibus
3128 1350 3358 1417 eunetis,
3384 1363 3446 1403 ac
3472 1347 3666 1402 studiis
3688 1348 3854 1416 spiri-

2247 1444 2480 1500 tualibus
2527 1443 2842 1508 offerentes,
2891 1441 3026 1497 nihil
3086 1442 3336 1495 humana:
3389 1439 3638 1494 societati
3689 1438 3850 1507 proli-

2244 1538 2422 1601 ciunt;
2455 1544 2511 1592 et
2550 1535 2819 1591 desideria
2854 1548 2953 1590 sua
2982 1533 3284 1589 commodis
3321 1543 3345 1570 τ
3378 1532 3619 1587 omnium
3664 1530 3855 1601 praefe-

2246 1639 2448 1691 rentes,
2482 1629 2766 1683 utilitatem
2817 1642 3159 1683 communem
3202 1625 3525 1680 desiderata:
3554 1624 3856 1679 vacationis

2244 1720 2515 1776 electione
2573 1725 2949 1773 contemnunt.
2999 1716 3133 1771 Cum
3186 1716 3426 1784 profecto
3486 1714 3856 1770 laborantibus

2246 1827 2403 1879 opem
2452 1811 2591 1866 ferre
2630 1811 2798 1877 nolle,
2846 1823 2970 1863 cum
3010 1816 3031 1844 ⁸
3060 1808 3256 1877 possis,
3290 1816 3345 1862 et
3388 1807 3663 1862 communi
3713 1807 3858 1860 bono

535 1910 604 1964 ad
633 1911 1017 1980 perfectionem
1052 1912 1207 1966 bona:
1228 1912 1457 1967 actionis
1490 1912 1839 1983 implendam,
1871 1915 2134 1983 cognitio.
2175 1899 2217 1959 Β
2248 1905 2572 1975 posthabito,
2624 1906 2801 1957 otiosa
2848 1904 3032 1972 quiete
3081 1902 3187 1956 frui
3224 1902 3242 1937 ι
3274 1900 3437 1969 velle,
3472 1899 3608 1954 nihil
3655 1900 3854 1954 habeat

536 2014 774 2069 nemque
822 2016 1003 2055 rerum
1058 2001 1340 2056 latentium
1389 2004 1860 2073 consequendam,
1896 2005 1979 2057 his
2010 2020 2135 2072 qua-

537 2101 663 2144 tuor
691 2091 999 2156 virtutibus,
1034 2088 1177 2147 unde
1215 2089 1241 2128 ά
1283 2094 1447 2147 etiam
1480 2094 1591 2161 jam
1638 2094 1727 2147 diu
1759 2094 2136 2163 dIrSBI'UIlnlIS,

533 2181 841 2248 adiuvatur.
877 2191 902 2218 ο
924 2183 1161 2249 Quarum
1195 2185 1388 2250 tribus,
1443 2186 1798 2254 temperantia
1822 2186 2051 2251 scilicet,
2086 2196 2141 2241 et

534 2271 702 2326 animi
750 2272 1083 2339 fortitudine,
1112 2283 1272 2343 atque
1303 2274 1509 2345 justitia
1551 2262 1875 2330 informatur
1908 2278 2022 2347 ipse
2046 2292 2132 2348 ap-

537 2364 742 2432 petitus
780 2371 839 2417 ut
867 2365 1012 2419 actio
1042 2365 1171 2430 fiat;
1205 2368 1488 2435 prudentia
1521 2382 1653 2423 vero
1694 2367 1983 2433 rationem,
2015 2384 2137 2438 qum

532 2460 619 2507 est
663 2453 811 2508 acies
854 2455 1076 2519 mentis,
1106 2455 1375 2510 illuminat
1414 2466 1517 2512 :ut
1548 2470 1603 2513 et
1651 2459 1788 2513 ratio
1844 2460 2139 2528 appetitum

536 2540 559 2581 ¹
583 2545 869 2614 gubernet,
888 2555 944 2601 et
974 2546 1167 2601 rationi
1190 2549 1458 2618 appetitus
1484 2550 1844 2619 obtemperet.
1874 2551 2004 2604 Nam
2028 2552 2137 2605 vir-

534 2645 623 2690 tus
656 2636 832 2691 omnis
882 2636 1045 2709 (sicut
1091 2642 1366 2695 veteribus
1412 2641 1608 2713 placet)
1641 2642 1812 2696 tribus
1865 2645 1915 2697 in
1977 2645 2140 2698 rebus

534 2741 565 2780 s
591 2729 703 2787 fere
727 2740 1244 2803 versaturzquarum
1269 2750 1374 2791 una
1400 2747 1483 2790 est
1506 2737 1557 2790 in
1597 2738 1990 2807 perspiciendo,
2011 2738 2139 2808 quid

534 2824 591 2877 in
621 2820 649 2859 ιι
678 2838 891 2893 quaque
920 2838 980 2878 re
1013 2840 1221 2891 verum,
1253 2826 1636 2897 sincerumque
1681 2829 1771 2891 sit,
1826 2829 1968 2898 quod
2014 2843 2139 2896 pru—

534 2915 736 2970 dentia:
763 2931 957 2971 munus
987 2928 1070 2972 est
1100 2918 1401 2988 proprium,
1436 2918 1453 2956 ί
1483 2920 1551 2974 de
1580 2934 1687 2987 quo
1718 2921 1837 2973 loco
1867 2935 1966 2973 suo
1991 2920 2140 2975 vide-

535 3006 741 3072 bimus;
777 3006 967 3073 altera,
993 3020 1113 3077 qua:
1146 3008 1314 3062 animi
1344 3011 1687 3077 perturbatos
1714 3009 1959 3077 aﬂ‘ectus,
2002 3024 2139 3080 quos

533 3095 707 3153 Graeci
738 3097 926 3155 dicunt
946 3102 1087 3159 πάθη
1122 3098 1136 3150 i
1178 3112 1394 3156 coercet
1446 3116 1511 3156 ac
1541 3112 1830 3172 temperat,
1857 3112 1915 3158 ut
1948 3118 2138 3160 omnes

533 3189 921 3256 appetitiones,
955 3205 1091 3259 quas
1130 3190 1208 3245 illi
1246 3190 1275 3229 ¹ι
1307 3192 1472 3268 ὁρμὰς
1516 3203 1735 3260 vocant,
1771 3196 1965 3251 rationi
2008 3196 2138 3252 obe-

2244 1997 2531 2067 tequitatis.
2562 1996 2659 2051 Cui
2688 1995 2929 2061 aequitati
2956 1996 3047 2073 qui
3088 1994 3357 2059 serviunt,
3384 2007 3579 2047 omnes
3608 1991 3852 2047 omnium

2244 2092 2389 2147 bono
2410 2092 2623 2157 vivunt,
2641 2098 2669 2127 ι
2692 2105 2755 2145 ac
2779 2090 2927 2145 velut
2951 2087 3055 2144 sibi
3079 2088 3307 2141 invicem
3328 2086 3463 2153 nati,
3488 2085 3717 2140 salutem
3741 2100 3859 2138 mu-

2246 2194 2390 2240 tuam
2415 2193 2635 2238 tuentur
2655 2198 2717 2237 ac
2740 2182 2994 2251 diligunt.
3018 2182 3209 2251 Ac'per
3233 2182 3357 2245 hoc,
3382 2188 3570 2235 contra
3589 2177 3855 2248 justitiam

2245 2275 2445 2331 faciunt
2485 2276 2537 2329 hi
2566 2276 2653 2343 qui
2690 2275 2886 2329 merito
2916 2288 3030 2327 sum
3071 2271 3505 2327 conversationis
3551 2270 3637 2327 vel
3664 2269 3853 2326 erudi-

2246 2368 2409 2422 tionis
2437 2366 2618 2427 electi,
2650 2365 2884 2419 otiosum
2914 2363 3152 2418 studium
3187 2363 3478 2417 fructuosa:
3517 2360 3733 2416 utilitati
3764 2376 3852 2414 re-

2244 2438 2435 2527 genda:
2481 2455 2844 2511 multitudinis
2888 2463 3260 2523 anteponunt;
3309 2460 3366 2507 et
3405 2467 3529 2506 cum
3560 2460 3591 2491 ν
3640 2450 3853 2519 possint

2246 2552 2515 2607 laboranti
2564 2549 2821 2606 Ecclesia
2857 2550 3173 2614 subvenire,
3204 2560 3452 2617 operosa
3498 2543 3855 2599 administra-

2246 2646 2406 2700 tionis
2434 2643 2697 2709 laborem,
2723 2642 2961 2698 fruendsc
2984 2642 3179 2712 quietis
3207 2637 3676 2709 contemplatione
3703 2634 3853 2691 refu-

2314 2829 2369 2882 2.
2417 2827 2524 2885 Sed
2556 2826 2811 2897 quoniam
2842 2834 2971 2882 sunt
2999 2825 3153 2881 multi
3200 2828 3290 2895 qui
3322 2839 3385 2881 se
3420 2824 3655 2893 impares
3689 2830 3855 2876 tanta:

2242 2919 2471 2973 sarcina:
2520 2926 2740 2983 norunt,
2789 2918 2922 2973 tales
2964 2917 3111 2988 juste
3139 2931 3220 2986 se,
3255 2915 3420 2971 etiam
3464 2914 3711 2985 qnesiti.
3744 2930 3853 2969 non

2243 3008 2479 3065 oﬂ'crunt
2522 3026 2533 3061 :
2576 3024 2644 3063 ne
2693 3008 2979 3063 videantur
3019 3022 3126 3062 non
3192 3006 3601 3063 ecclesiasticos
3641 3005 3855 3063 labores

2241 3100 2383 3155 velle
2412 3100 2711 3167 suscipere,
2744 3098 2839 3154 sed
2872 3098 3109 3153 honores
3144 3106 3172 3134 ι
3196 3097 3430 3165 ambire,
3462 3112 3585 3152 cum
3617 3095 3852 3166 dignitas

2243 3190 2606 3246 ecclesiastica
2642 3204 2739 3243 nec
2765 3190 3051 3244 ambienda
3079 3188 3150 3243 sit
3188 3203 3287 3245 nec
3315 3188 3554 3245 vitanda.
3588 3186 3692 3256 Qui
3724 3203 3855 3244 vero

534 3278 744 3333 dientes
771 3278 998 3345 efﬁciat;
1032 3282 1184 3334 tertia
1226 3290 1285 3335 ut
1318 3282 1404 3336 bis
1432 3284 1628 3352 quibus
1661 3283 1677 3322 ι
1713 3301 2128 3357 congregantur,
2166 3268 2214 3334 ο
2248 3294 2479 3349 praeesse
2507 3288 2562 3334 cl
2594 3280 2851 3347 prodesst:
2876 3279 3089 3349 populis
3118 3286 3372 3349 possunt,
3418 3280 3463 3333 si
3495 3280 3710 3348 quaesiti
3743 3294 3853 3334 non

535 3367 616 3422 uti
650 3367 881 3424 velimus
909 3376 949 3404 ω
981 3369 1048 3423 ad
1083 3384 1270 3425 eorum
1300 3372 1491 3426 salutis
1531 3385 1583 3427 et
1615 3384 1814 3430 nostra:
1840 3376 2122 3446 plenitudi-

532 3474 657 3514 nem
704 3459 1046 3529 capiendam.
1083 3460 1214 3529 Qute
1244 3466 1423 3519 omnia
1482 3465 1547 3519 ad
1592 3466 1923 3536 reliquarum
1963 3471 2123 3524 trium

534 3551 792 3606 virtutum
821 3552 1094 3622 pertinere
1122 3555 1373 3611 videntur
1392 3556 1668 3613 officium:
1700 3560 1895 3630 quibus
1924 3572 2128 3631 tempe-

535 3644 707 3697 rantia
755 3652 813 3698 et
859 3644 1121 3700 fortitudo
1171 3647 1459 3715 plurimum
1504 3651 1687 3706 valent
1730 3653 1784 3707 in
1818 3654 2138 3710 coercendis

534 3734 697 3787 animi
722 3736 1222 3803 perturbationibus
1251 3753 1314 3793 ac
1352 3740 1650 3807 frenandis,
1686 3750 1714 3778 ι’
1746 3758 1880 3811 quas
1928 3754 2139 3813 pertor-

538 3826 784 3883 bationes
814 3829 1059 3882 nonnulli
1103 3830 1403 3897 passiones,
1432 3832 1520 3885 alii
1546 3832 1895 3902 :rgritudines
1915 3847 2135 3891 vocant.

534 3917 744 3981 Quibus
774 3918 1112 3986 modificatis,
1145 3931 1201 3975 et
1238 3922 1469 3990 quadam
1499 3926 1869 3993 temperantiae
1898 3940 1963 3983 ac
1995 3926 2141 3982 forti.

536 4008 741 4062 tudinis
774 4008 891 4078 lege
937 4012 1275 4080 compositis,
1320 4028 1512 4068 omnes
1560 4016 1787 4071 virtutes
1819 4017 1874 4071 in
1921 4020 2140 4075 homine

535 4113 641 4151 suo
661 4099 897 4153 creatori
914 4100 1159 4171 subjecto
1182 4103 1300 4158 sine
1326 4104 1452 4159 ullis
1478 4106 1732 4160 vitiorum
1758 4108 2137 4166 contradictio-

536 4190 697 4246 nibus
718 4198 975 4261 .regnant.
1088 4192 1105 4223 ί

1077 4283 1304 4339 CAPUT
1363 4285 1602 4341 XXVIII.

540 4371 619 4427 De
654 4372 1094 4452 sociali‘virtute;
1125 4375 1339 4452 etquod
1365 4393 1469 4429 non
1486 4387 1632 4452 recte
1654 4379 1848 4452 faciant
1869 4384 1978 4452 qui,
2024 4400 2141 4437 cum

718 4445 934 4513 possint,
961 4444 1092 4497 nihil
1116 4446 1354 4499 humana:
1388 4450 1618 4502 societati
1654 4444 1956 4519 proﬁciunt.

614 4554 908 4613 LJustit'a
956 4572 1085 4612 vero
1124 4573 1223 4627 qua
1261 4558 1395 4613 fiunt
1432 4560 1587 4628 justi,
1636 4563 1727 4632 qui
1778 4579 1895 4618 eam
1943 4567 2142 4624 fuerint

613 4746 638 4773 "
669 4736 768 4790 Ms.
801 4750 962 4803 unus,
990 4736 1034 4789 si
1059 4738 1192 4803 quis.

610 4805 640 4844 δ
674 4807 799 4861 Mss.
836 4822 1046 4868 omnes.
1077 4808 1187 4859 visa
1231 4815 1370 4859 sunt.
1422 4805 1571 4860 Unus
1600 4822 1664 4859 ex
1698 4807 1779 4861 bis
1837 4818 2007 4864 totum
2057 4811 2138 4866 sic

536 4877 781 4951 exhibet.
813 4876 942 4929 Cum
971 4878 1224 4930 carnalem
1250 4879 1403 4930 vitam
1427 4886 1527 4930 tres
1553 4876 1658 4929 illa:
1676 4880 1956 4933 virtutes...
1980 4884 2133 4951 perﬁ-

537 4950 705 5001 ciunt.

619 5028 640 5051 σε
672 5017 797 5069 Mss.
824 5016 953 5077 duo,
985 5017 1056 5068 vis
1088 5019 1291 5068 animm.

616 5086 641 5122 α
681 5089 806 5139 Mss.
850 5101 1057 5142 omnes.
1091 5092 1223 5139 unde
1247 5103 1362 5139 ecce
1384 5088 1497 5155 jam
1528 5088 1636 5141 diu.

620 5167 643 5194 ο
674 5157 798 5208 Mss.
830 5166 956 5207 tres.
996 5155 1186 5219 Quibus
1221 5158 1399 5209 tribus.

623 5225 640 5263 τ
678 5226 771 5279 Ms.
801 5240 960 5289 unus,
981 5226 1146 5294 juvet.
1175 5227 1298 5280 Haec
1328 5229 1511 5294 verba,
1541 5238 1593 5280 ut
1622 5244 1668 5281 et
1694 5230 1848 5295 ratio,
1883 5239 2014 5296 etc.,
2046 5232 2135 5287 de-

545 5305 671 5351 sunt
689 5297 754 5349 in
782 5311 884 5349 ms.
919 5310 1046 5347 uno.

622 5377 647 5436 β
682 5366 842 5428 Editi,
876 5380 1009 5436 vere.
1029 5364 1154 5417 Mss.
1187 5379 1303 5430 sex,
1334 5369 1457 5436 fere.

621 5435 646 5510 If
681 5436 808 5510 Mss.
837 5449 965 5497 tres,
996 5434 1046 5486 in
1069 5451 1266 5503 quoque
1293 5434 1364 5490 re.
1413 5438 1579 5506 Unus,
1611 5441 1661 5491 in
1701 5456 2015 5510 eamqueque
2061 5459 2135 5494 re.

548 5507 717 5568 Editi,
746 5508 800 5559 in
821 5522 921 5573 qua
956 5520 1029 5558 re.

626 5576 639 5647 ξ
678 5578 778 5631 Ms.
813 5590 949 5628 unus
970 5585 1023 5629 et
1052 5575 1216 5643 Lugd.
1251 5592 1369 5627 cum
1402 5578 1627 5641 Lovan.,
1659 5581 1719 5632 de
1736 5597 1852 5647 qua.

624 5646 639 5718 ᾖ
678 5648 774 5718 Ms.
801 5660 959 5706 unus,
1008 5656 1185 5698 vorant
1212 5649 1347 5703 «non
1412 5652 1578 5711 Ater,
1616 5646 1791 5702 dicunt
1827 5647 2026 5718 pot/tos.

623 5716 645 5754 κ
679 5716 774 5769 Ms.
811 5729 966 5778 unus,
998 5732 1165 5768 armas
1192 5720 1383 5770 dicunt.

626 5786 637 5822 ¹
676 5788 771 5838 Ms.
802 5801 962 5853 unus,
993 5790 1367 5855 congredimur.

623 5867 655 5892 ³⁵
684 5857 781 5911 Ms.
816 5871 971 5923 unus,
1007 5858 1071 5907 nd
1113 5874 1283 5909 eorum
1329 5862 1541 5913 salutem
1586 5874 1757 5914 nostra
1794 5862 2005 5929 piutita.
2121 5900 2131 5911 .

2240 3371 2462 3436 iuerint,
2492 3371 2637 3439 juste
2682 3370 2892 3438 seipsos
2925 3370 3291 3440 percipiendae
3328 3371 3611 3440 sapientia
3658 3372 3853 3425 studiis

2242 3465 2481 3520 tradunt.
2513 3464 2894 3520 Verumtamen
2923 3462 2969 3518 si
2996 3473 3051 3518 et
3087 3464 3161 3518 illi
3188 3463 3279 3535 qui
3308 3464 3475 3519 lucris
3507 3478 3604 3532 per
3631 3478 3693 3519 se
3722 3478 3849 3533 pro-

2241 3557 2533 3612 ﬁeientium
2559 3563 2843 3619 crescunt,
2878 3565 2933 3610 et
2979 3554 3067 3610 isti
3113 3557 3202 3625 qni
3247 3555 3301 3610 in
3329 3570 3388 3610 se
3419 3554 3550 3624 ipsis
3593 3556 3691 3609 sub
3737 3555 3850 3610 Deo

2240 3661 2342 3701 suo
2391 3646 2672 3713 sapientia:
2720 3644 2982 3711 sitiritalis
3029 3646 3381 3713 perceptione
3429 3646 3759 3715 proficiunt,
3798 3646 3852 3705 in

2244 3738 2524 3807 proposito
2548 3751 2648 3791 suo
2680 3747 3060 3803 permaneant;
3096 3737 3381 3793 itineribus
3423 3733 3647 3807 quidem
3671 3738 3848 3794 diver-

2242 3830 2317 3884 sis
2342 3827 2619 3894 incedunt,
2648 3827 2743 3881 sed
2792 3814 2858 3881 ad
2895 3843 3054 3881 unam
3105 3830 3334 3896 patriam
3389 3829 3637 3895 tendunt,
3681 3839 3736 3884 et
3783 3829 3853 3883 ad

2245 3936 2410 3974 unum
2440 3933 2663 3988 regnum
2690 3917 2996 3985 disparibus
3023 3927 3053 3967 γ
3082 3919 3375 3974 militantes
3401 3917 3615 3989 officiis,
3639 3919 3856 3976 Christo

2244 4011 2390 4078 Rege
2419 4009 2658 4064 omnium
2688 4018 2937 4076 vocante,
2968 4008 3310 4077 perveniunt.
3343 4007 3472 4078 Quis
3500 4010 3645 4064 enim
3677 4010 3856 4065 nescit

2245 4102 2385 4172 quod
2416 4101 2554 4155 sicut
2586 4109 2608 4136 ι
2636 4098 2806 4153 otium
2839 4098 3140 4153 studiosum
3170 4100 3503 4155 ineﬂ‘ubilem
3533 4102 3853 4155 suavitatem

2246 4197 2525 4267 sapientia:
2555 4194 2798 4249 caelestis
2853 4192 3085 4247 infundit
3124 4208 3153 4247 a
3185 4194 3493 4248 carnalibus
3536 4195 3748 4260 otioso;
3779 4195 3854 4249 ita

2244 4289 2505 4361 Spiritalis
2545 4287 2828 4357 occupatio
2865 4282 3121 4341 laborum
3172 4296 3482 4342 sanctorum
3530 4287 3853 4356 multiplices

2248 4397 2303 4423 η
2328 4385 2518 4439 afferat
2542 4384 2745 4437 fructus
2772 4380 3023 4434 humanae
3045 4380 3319 4434 societatis
3347 4380 3671 4435 utilitatibus
3696 4394 3853 4434 occu-

2247 4476 2409 4548 pato?
2442 4473 2497 4527 In
2539 4474 2669 4542 ipsis
2715 4485 2928 4541 quoque
2986 4471 3179 4525 studiis
3224 4472 3554 4541 spiritalibus
3590 4482 3850 4540 quantum

2250 4569 2459 4639 possint
2504 4564 2857 4620 ecclesiastici
2891 4563 2987 4618 viri
3037 4563 3323 4633 prolicere,
3371 4564 3490 4633 quis
3525 4563 3855 4629 sufﬁcienter

2166 4743 2215 4801 D
2243 4740 2413 4801 Alius,
2442 4734 2512 4791 ad
2535 4752 2707 4789 eorum
2732 4735 2942 4797 salutes,
2969 4742 3015 4788 et
3048 4745 3279 4788 nostram
3311 4734 3703 4799 plenitudinem.

2316 4819 2345 4846 τι
2382 4809 2479 4863 Ms.
2511 4806 2665 4865 Coll».
2699 4821 2857 4867 unus,
2886 4821 3013 4873 quas
3044 4806 3287 4857 nonnulli
3316 4806 3605 4871 passiones,
3649 4804 3849 4858 omissa

2245 4895 2379 4936 voce
2412 4882 2531 4941 hac,
2564 4878 2990 4946 perturbationes,
3019 4890 3139 4943 qnze
3169 4875 3363 4943 legitur
3389 4875 3441 4928 in
3466 4875 3608 4928 aliis.

2318 4961 2341 4986 ο
2388 4952 2486 5003 Ms.
2526 4945 2685 5009 unus,
2721 4955 2991 5014 augeatur.
3042 4947 3167 4999 Mss.
3210 4951 3339 5013 duo,
3385 4962 3498 5016 qua:
3547 4946 3697 4999 modo
3735 4945 3853 4998 otiis

2252 5030 2461 5085 pra’stat
2489 5020 2818 5089 adjnngitur.

2320 5102 2345 5139 ρ
2388 5091 2486 5143 Ms.
2518 5106 2676 5149 unus,
2701 5104 2815 5155 qum
2842 5104 2943 5139 non
2970 5089 3160 5143 solum.

2322 5174 2347 5212 tt
2390 5162 2513 5213 Mss.
2550 5164 2672 5223 duo,
2708 5159 2869 5226 aliqui
2900 5176 2953 5210 se
2981 5168 3315 5214 removentes.

2324 5242 2345 5268 ι’
2382 5231 2477 5285 MS.
2514 5246 2672 5289 unus,
2708 5230 2985 5281 commodis
3016 5230 3269 5281 omnibus.

2321 5309 2341 5336 ⁸
2373 5301 2466 5353 Ms.
2499 5316 2655 5360 unus,
2691 5301 2868 5364 possit.
2903 5301 3066 5363 Alias,
3103 5301 3319 5366 possint.

2320 5373 2340 5407 ί
2373 5371 2533 5423 DeCSt
2558 5386 2650 5421 vos
2683 5371 2807 5421 velle
2828 5386 2853 5420 a
2891 5369 3057 5431 Lugd.

2320 5450 2348 5477 υ
2382 5441 2485 5494 Ms.
2514 5454 2668 5499 unus,
2704 5442 2755 5490 in
2787 5442 2882 5491 hac
2914 5439 3063 5492 t'clttl.

2322 5522 2347 5549 ν
2380 5511 2476 5563 Ms.
2511 5524 2664 5566 lllllIS,
2698 5526 2809 5559 cum
2834 5521 3057 5579 possent.

2324 5591 2348 5617 ³
2384 5581 2477 5633 Ms.
2514 5596 2649 5631 unus
2704 5581 2792 5632 sed
2818 5582 2883 5630 od
2908 5582 3144 5633 honores.

2321 5662 2347 5699 Υ
2382 5652 2481 5704 MS.
2514 5666 2667 5709 unus,
2706 5651 3052 5701 militantium.
3167 5656 3177 5663 ’

2324 5732 2342 5756 ⁷
2391 5723 2462 5774 lla
2485 5736 2613 5770 mss.
2643 5737 2861 5778 omnes;
2894 5730 2947 5773 at
2978 5720 3127 5781 editi,
3164 5722 3381 5772 otiosum
3409 5722 3657 5774 studium.

2322 5801 2376 5827 ⁸η
2413 5796 2533 5845 λῖγπλ
2570 5792 2672 5839 dm
2727 5791 2910 5855 n/ft-i't;
2942 5802 3185 5860 quatuor,
3217 5792 3413 5857 tt/J‘ei'ct.
