4504 6436
651 425 746 482 5H

1992 397 2256 460 ιυιιΑΝι
2297 396 2580 454 POMERII

3837 399 3944 455 5.9.

650 543 926 594 enunieret
959 551 973 590 :
1004 548 1129 589 cum
1159 541 1214 588 et
1243 529 1522 586 inferiores
1554 519 1822 587 docendo,
1848 519 2057 588 scipsos
2083 529 2236 571 excr-
2267 512 2319 569 A
2348 513 2545 582 ignaris
2572 527 2780 575 earum,
2826 511 3108 569 modestia,-
3137 513 3363 584 aliquid,
3406 525 3498 568 aut
3543 515 3943 585 tratujuillitatis
3988 511 3994 516 ’

652 637 832 692 ceant,
879 635 934 681 et
973 623 1302 679 conferendo
1346 633 1466 675 cum
1508 614 1786 686 aequaliter
1823 597 2072 672 eruditis,
2113 621 2240 663 cau-

655 721 821 776 tiores
853 720 900 772 in
929 719 1167 788 pluribus
1195 715 1353 777 fiant;
1376 709 1520 766 etab
1537 707 1923 763 ernditioribus
1945 701 2234 765 audiendo,

658 811 803 865 male
832 811 934 863 sibi
963 819 1215 877 persuasa
1245 804 1539 871 deponant,
1570 806 1716 855 recta
1764 797 1971 852 firmius
2003 803 2238 856 teneant,

658 902 867 958 occulta
913 906 1256 967 cognoscant,
1310 905 1365 951 et
1397 893 1791 950 confirmentur
1820 890 1873 943 in
1905 889 1984 943 eis
2013 901 2240 955 quorum

658 1001 684 1029 ι
711 989 888 1045 dubiis
910 987 1270 1043 fluctuabant?
1292 986 1397 1042 Sed
1429 984 1682 1054 quoniam
1709 978 2084 1048 disputationis
2109 975 2243 1031 ordo

657 1080 900 1151 deposcit
925 1088 986 1135 ut
1012 1081 1171 1136 etiam
1194 1079 1263 1134 de
1287 1076 1591 1148 prudentia,
1609 1087 1724 1143 qum
1746 1069 2055 1140 principalis
2077 1068 2244 1122 virtus

657 1183 846 1242 quarta
876 1173 1119 1241 ponitur,
1155 1184 1320 1240 pauca
1348 1169 1608 1231 dicamus,
1649 1163 1717 1218 de
1745 1162 1949 1233 justitia
1979 1159 2246 1215 sufficiant

661 1264 761 1317 ista
791 1276 912 1332 qua!
943 1261 1192 1317 diximus.

1227 1345 1456 1403 CAPUT
1493 1343 1682 1398 XXIX.

665 1463 818 1529 Quod
868 1463 933 1516 de
979 1460 1260 1528 prudentia:
1305 1474 1368 1511 ac
1413 1457 1867 1529 sapientiazjronte
1908 1457 2246 1529 cognitionem

736 1535 960 1587 omnium
981 1527 1159 1584 rerum
1180 1529 1370 1595 bibant,
1401 1531 1488 1597 qui
1515 1527 1857 1597 percipienda
1884 1527 2110 1581 scientia
2142 1527 2248 1593 fere

736 1610 910 1657 center
933 1598 1225 1671 invigilant.

737 1711 786 1766 l.
828 1710 1175 1767 Prudentiam
1220 1718 1276 1765 et
1321 1709 1637 1779 sapientiam
1667 1708 1910 1778 plerique
1936 1708 1990 1761 in
2029 1705 2246 1775 indaga-

670 1806 814 1858 tione
845 1801 978 1867 veri,
1000 1812 1056 1857 et
1083 1802 1390 1856 inventione
1412 1799 1764 1854 constituunt.
1796 1797 1972 1852 Credo
1996 1804 2247 1866 pr0pter-

665 1908 726 1949 ea
779 1891 921 1962 quod
956 1898 1058 1947 nec
1084 1893 1298 1961 sapiens
1323 1890 1352 1929 ι)
1384 1891 1485 1945 rite
1513 1889 1616 1943 dici
1645 1891 1832 1958 possit,
1867 1889 1949 1943 cui
1980 1899 2002 1926 α
2028 1887 2256 1957 pruden-
2284 1867 2334 1930 Β

667 1987 771 2047 tia;
804 1998 902 2038 nec
927 1983 1183 2052 prudens,
1215 1983 1299 2037 cui
1339 1981 1603 2051 sapientia
1646 1981 1803 2034 desut.
1836 1981 2178 2047 Quapropter
2208 1979 2254 2033 si

669 2072 801 2128 nihil
830 2071 969 2127 aliud
1003 2071 1296 2141 prudentiae
1324 2085 1385 2124 ac
1431 2068 1707 2136 sapientia:
1741 2082 1930 2122 munus
1973 2069 2251 2137 accipitur,

672 2164 775 2217 nisi
805 2163 1074 2231 inquisitio
1115 2170 1172 2216 et
1195 2158 1606 2228 comprehensio
1632 2158 1901 2222 veritatis;
1947 2159 2036 2228 qui
2063 2161 2256 2214 verita-

671 2261 776 2306 tem
809 2252 1098 2319 prudenter
1123 2265 1387 2318 qumrere,
1418 2258 1473 2302 ct
1522 2249 1794 2316 sapienter
1840 2249 2078 2304 invenire
2107 2247 2134 2287 (ι
2163 2267 2256 2318 po-

671 2342 850 2404 tuerit,
899 2341 944 2396 is
984 2341 1239 2411 prudens,
1291 2342 1335 2394 is
1376 2340 1593 2408 sapiens
1633 2340 1754 2408 jure
1801 2340 2096 2395 vocabitur.
2144 2342 2256 2397 llnc

672 2431 870 2502 idcirco
897 2431 1268 2498 praemiserim,
1302 2441 1359 2484 ut
1390 2429 1645 2499 quidquid
1687 2429 1753 2482 tle
1785 2431 2064 2495 prudentia
2101 2430 2259 2486 fuerit

672 2524 1016 2592 disputatum.
1041 2522 1094 2576 id
1118 2531 1285 2576 totum
1315 2522 1474 2575 ctiam
1498 2521 1564 2575 de
1589 2520 1846 2590 sapientia
1869 2519 2066 2574 dictmn
2091 2522 2261 2589 possit

675 2616 918 2684 intelligi.
949 2616 1084 2684 Quia
1105 2616 1174 2668 ita
1203 2616 1302 2670 sibi
1332 2616 1412 2669 ha:
1434 2614 1552 2668 dua:
1581 2615 1808 2669 virtutes
1833 2616 2112 2683 implicatae
2134 2623 2261 2684 sunt

675 2715 726 2759 rt
752 2707 931 2770 unitaz,
959 2715 982 2742 θ
1011 2715 1066 2759 et
1094 2708 1159 2758 ita
1188 2706 1439 2774 quaelibet
1468 2720 1651 2759 earum
1679 2706 1799 2758 sine
1831 2706 2000 2759 altera
2035 2721 2143 2759 non
2166 2721 2259 2774 po-

673 2806 776 2852 test
806 2813 954 2862 esse;
977 2806 1034 2850 ut
1057 2812 1156 2852 nec
1177 2797 1486 2866 imprudens
1513 2795 1531 2834 ί
1557 2797 1850 2867 sapientia,
1872 2812 1972 2852 nec
1999 2799 2257 2867 insipiens

677 2888 843 2956 possit
869 2889 974 2942 dici
1004 2890 1305 2958 prudentia.
1328 2889 1383 2942 Si
1411 2902 1539 2956 ergo
1573 2896 1678 2941 tota
1711 2889 1956 2942 humanm
1988 2891 2110 2941 vitae
2138 2903 2258 2955 per-

675 2979 834 3033 fectio
865 2979 916 3033 in
946 2979 1156 3033 actione
1186 2986 1240 3033 et
1283 2978 1585 3048 cognitione
1611 2978 1858 3033 consistit
1891 2995 1904 3031 :
1936 2979 2073 3032 sicut
2097 2988 2121 3024 ϐ
2154 2979 2258 3032 im-

677 3070 809 3137 pleri
838 3071 1100 3125 actionem
1149 3071 1535 3137 temperantia,
1562 3083 1625 3122 ac
1654 3066 2001 3135 fortitudinis,
2039 3070 2262 3138 justitite

677 3159 1133 3216 consummatione
1162 3160 1534 3229 probavimus;
1569 3161 1638 3213 ita
1685 3162 2043 3228 cognitionem
2079 3177 2253 3216 rerum

676 3259 955 3329 proi'enire
982 3259 1366 3311 consecutione
1397 3255 1689 3326 prudentia:
1711 3259 2145 3324 comprobemus.

745 3346 803 3401 2.
841 3347 1089 3418 Cognitio
1117 3363 1298 3402 rerum
1328 3361 1446 3415 qua
1476 3346 1545 3401 de
1573 3347 1873 3416 prudentiae
1896 3345 1923 3384 δ
1953 3363 2017 3402 ac
2042 3351 2256 3417 sapien-

609 3505 612 3510 _
678 3437 767 3489 tiae
797 3438 1036 3506 procedit
1078 3436 1246 3506 fonte,
1285 3434 1603 3505 ispiritales
1643 3451 1834 3491 omnes
1878 3454 1906 3489 tt
1953 3440 2257 3495 carnalibus

680 3525 822 3578 vitiis
846 3524 1117 3580 defeeatos
1147 3524 1406 3590 illustrat;
1438 3525 1584 3579 etab
1611 3526 1757 3580 omni
1782 3527 2139 3584 delectatione
2161 3547 2259 3587 no-

681 3616 782 3672 xia:
832 3616 1156 3671 curiositatis
1200 3630 1458 3683 aversos,
1514 3615 1780 3672 desiderio
1833 3622 2260 3690 contemp'andai

683 3708 698 3757 i
735 3707 943 3762 virtutis
968 3706 1306 3760 inﬂammat:
1339 3713 1396 3760 ut
1441 3707 1788 3762 humanarum
1839 3725 2016 3765 rerum
2058 3713 2263 3768 divina-

681 3811 906 3866 rumque
927 3798 1204 3853 scientiam
1234 3797 1533 3861 conset-nti,
1572 3798 1862 3863 prudentes
1901 3816 1964 3856 ac
1991 3804 2262 3872 sapientes

681 3886 940 3941 veraciter
972 3887 1118 3953 fiant,
1149 3887 1472 3957 prospiciant
1493 3888 1825 3944 imminentia
1850 3892 1988 3947 mala
2020 3895 2177 3948 simul
2207 3903 2263 3951 et

683 3987 925 4044 caveant,
959 3991 1057 4032 nec
1087 3985 1273 4044 putent
1308 3976 1417 4031 ulla
1441 3991 1562 4032 esse
1591 3980 1748 4042 mala,
1784 3965 1889 4034 nisi
1916 3996 1978 4034 ea
2003 3999 2120 4050 qua:
2151 4000 2264 4037 ma-

683 4066 764 4120 los
790 4065 815 4102 ι
846 4067 1110 4132 efficiant;
1155 4079 1254 4121 nec
1301 4068 1381 4121 eis
1446 4067 1570 4126 ullze
1619 4070 2072 4138 perturbationes,
2121 4075 2269 4135 velut.

755 4355 782 4417 ξι
810 4347 938 4403 Mss.
965 4356 1217 4417 quatuor.
1252 4349 1414 4409 dubii.

755 4415 782 4455 ι’
813 4417 936 4472 Μ-ε.
969 4415 1095 4483 tros,
1126 4429 1280 4474 recte.

687 4487 946 4614 “eorum.
987 4498 1235 4558 quatuor,
1283 4490 1453 4556 deest,
1505 4506 1596 4544 nec
1639 4490 1860 4562 prudens
1905 4492 1987 4545 cui
2014 4494 2265 4564 sapientia

687 4707 705 4751 ‘
755 4625 941 4747 illisa.
971 4637 1216 4696 quatuor,
1245 4629 1488 4698 potuerit.
1521 4628 1664 4686 Editi
1702 4646 1821 4686 cuin
1863 4631 1979 4684 aliis
2012 4648 2141 4687 mss.
2173 4648 2262 4702 p0-

709 4715 780 4750 eri
809 4735 822 4750 .

709 4715 822 4750 ενα.

761 4775 785 4803 ⁸
816 4768 1109 4840 Mss.4tres.
1139 4778 1194 4822 ut
1222 4770 1294 4821 ita
1319 4768 1622 4839 qualibet...
1653 4785 1756 4822 non
1798 4771 1974 4837 possit.
2014 4771 2175 4840 Editi,
2209 4783 2262 4824 ut
2296 4759 2345 4818 Ι)

690 4852 793 4904 una
821 4838 1050 4898 qna'libet
1070 4851 1246 4891 earum
1274 4838 1384 4893 sine
1402 4839 1568 4892 altera
1598 4855 1697 4892 non
1722 4842 1877 4904 possit
1903 4856 2027 4893 esse.

693 4976 729 5026 Α
768 4903 787 4943 ί
822 4907 951 4961 Mss.
981 4917 1108 4972 tres,
1148 4909 1370 4978 sapiens,
1409 4924 1500 4963 nec
1532 4910 1776 4977 insipiens
1811 4910 1968 4978 possit
2004 4910 2106 4963 dici
2145 4928 2264 4980 pru-

735 4991 839 5026 ens.

735 4991 839 5028 ειη.

764 5053 790 5091 8
833 5045 1063 5117 ltamss.
1087 5044 1272 5100 Camb.
1310 5048 1438 5117 Reg.
1462 5048 1589 5113 duo,
1620 5057 1673 5102 et
1711 5049 1864 5102 Colb.
1913 5066 2069 5103 unus.
2110 5048 2264 5104 Colb.

692 5115 842 5176 alter,
871 5115 1024 5190 sicut
1044 5115 1245 5180 impleri
1273 5115 1517 5190 actionem
1546 5120 1913 5190 temperantiae,
1949 5121 2267 5190 fortitudinis

691 5194 840 5258 atque
853 5185 1070 5258 justitia:
1095 5187 1539 5258 consummatione.
1562 5185 1661 5241 Ms.
1689 5188 1822 5243 alter
1847 5205 1911 5244 ex
1939 5185 2114 5258 Colb.,
2138 5192 2266 5245 sicut

690 5254 745 5328 in
769 5253 1019 5328 plerisque
1037 5256 1284 5308 actionem
1312 5259 1654 5326 temperantia:
1678 5274 1739 5311 ac
1765 5253 2266 5328 fortitudinis-atque

688 5325 903 5395 iustitia!
928 5325 1416 5379 consummationem
1441 5325 1782 5395 probavimus.
1828 5329 1997 5394 Editi,
2040 5325 2189 5383 sicuti
2214 5332 2266 5383 in

690 5391 943 5469 plerisque
969 5395 1219 5448 actionem
1249 5391 1611 5469 temperantia!
1639 5414 1700 5450 ac
1730 5391 2070 5469 fortitudinis,
2117 5412 2268 5469 atque

691 5464 900 5530 justitite
925 5466 1356 5518 consummatione
1381 5469 1714 5528 probavimus.

763 5528 788 5566 ¹³
817 5532 905 5588 Sic
953 5548 1081 5607 mss.
1131 5543 1362 5607 septem,
1407 5535 1460 5588 in
1495 5551 1716 5606 quorum
1745 5539 1900 5592 unici
1930 5539 2121 5607 legitur
2147 5540 2261 5595 haec

694 5613 820 5736 vos;
852 5605 1108 5721 procedit;
1139 5601 1336 5659 ἱιίειιὶίε
1361 5601 1558 5669 autem,
1590 5623 1703 5676 qua:
1729 5611 1790 5661 de
1813 5601 2114 5678 prudentia!
2124 5611 2262 5680 fonte

694 5685 787 5721 con
816 5687 868 5721 er
892 5689 969 5724 ur.

693 5685 969 5724 εοηιεηωσ.

773 5739 912 5812 lbls.
944 5742 1092 5796 Colb.
1130 5758 1287 5804 unus,
1327 5744 1618 5809 spirituales
1650 5763 1680 5798 a
1727 5748 2034 5803 carnalibus.
2089 5749 2261 5812 Alius,

686 5807 944 5876 spiritales
970 5813 1199 5868 omnibus
1225 5807 1516 5869 carnalibus
1546 5816 1698 5880 ritiis,
1726 5825 1828 5872 etc.
1862 5817 2014 5872 Colh.
2046 5819 2178 5874 alter
2213 5807 2266 5874 et

2344 608 2650 672 excutiant;
2681 607 2818 661 inter
2849 605 3087 662 fallentia
3127 615 3181 663 et
3209 607 3380 663 solida
3427 609 3564 663 bona
3597 609 3942 677 discernant;

2345 698 2478 753 nihil
2524 701 2575 753 in
2601 699 2702 755 hoc
2729 699 2931 753 mundo
2960 713 3090 754 casu
3121 709 3212 753 aut
3232 700 3448 770 injuste,
3471 701 3566 754 sed
3596 703 3800 769 omnia,
3833 700 3944 756 Deo

2345 790 2602 847 volente1
2634 807 2696 848 ac
2721 794 3086 861 permittente,
3139 793 3253 849 ﬁeri
3301 794 3597 864 prudenter
3638 793 3940 863 accipiant;

2345 883 2501 938 aliter
2524 883 2880 954 intelligentes
2900 893 2993 938 aut
3014 884 3236 940 doceant
3260 885 3555 955 sapienter,
3569 896 3661 940 aut
3680 895 3942 956 arguant;

2345 972 2560 1029 dolores
2584 974 2762 1030 varios
2783 989 2846 1028 ac
2868 974 3110 1031 diversas
3134 975 3477 1038 infirmitates
3497 990 3618 1044 quae
3640 976 3947 1030 mortaliter

2344 1062 2589 1119 viventes
2633 1062 2895 1134 affligunt,
2931 1079 3035 1120 non
3075 1078 3291 1133 semper
3323 1064 3557 1134 peccatis
3588 1064 3947 1133 praecedenti-

2347 1155 2446 1210 bus
2476 1157 2663 1226 sequi;
2694 1157 2787 1212 sed
2821 1158 3135 1228 plerumque
3164 1173 3230 1213 ex
3262 1157 3378 1227 ipsa
3407 1155 3717 1212 conditione
3743 1167 3946 1211 morta-

2350 1249 2516 1303 litatis
2558 1258 2598 1287 ω
2647 1250 2890 1306 accidere
2934 1251 3360 1322 corruptibiliter
3405 1251 3548 1305 natis
3603 1249 3944 1318 intelligant;

2347 1351 2402 1396 et
2428 1349 2458 1378 ιι
2488 1344 2718 1398 scientes
2742 1358 2802 1399 se
2831 1359 2940 1399 non
2965 1343 3212 1398 damnari
3240 1344 3483 1398 adversis
3505 1351 3532 1380 ο
3567 1342 3946 1412 ρτερςθηιίὺιιε.

2348 1433 2441 1486 sed
2476 1434 2711 1504 probari;
2734 1449 2800 1490 ex
2829 1436 2943 1503 ipsa
2967 1436 3248 1490 tolerantia
3272 1435 3581 1505 passionum
3608 1435 3948 1489 occasionem

2347 1525 2722 1591 comparanda:
2744 1525 2842 1581 sibi
2874 1527 3145 1594 patientia
3163 1525 3388 1579 viriliter
3413 1535 3635 1595 agentes
3657 1523 3917 1591 arripiant
3932 1542 3956 1599 ;Δ

2348 1629 2448 1670 nec
2476 1618 2575 1682 ipsi
2605 1617 2726 1671 aliis
2773 1624 3022 1683 noceant,
3055 1631 3154 1673 nec
3179 1617 3279 1672 sibi
3315 1627 3344 1667 ι»
3373 1630 3573 1672 nocere
3616 1616 3948 1685 permittant.

2422 1707 2477 1762 5.
2518 1706 2678 1762 Tales
2725 1709 2980 1762 Dominus
3027 1709 3082 1762 in
3133 1707 3426 1778 Evangelio
3469 1708 3585 1762 fieri
3612 1718 3640 1757 ιι
3673 1709 3948 1776 j-rteeepit,

2354 1796 2541 1852 dicens
2573 1815 2586 1848 :
2625 1797 2803 1852 Estote
2833 1800 3108 1865 prudentes
3147 1800 3279 1853 sicut
3305 1807 3587 1867 serpentes,
3618 1805 3667 1851 et
3696 1799 3951 1868 simplices

2360 1888 2491 1942 sicut
2517 1889 2766 1943 columba
2793 1888 3011 1960 (Matth.
3040 1906 3094 1954 x,
3126 1891 3217 1959 16)
3238 1907 3256 1945 :
3279 1891 3402 1960 quia
3435 1904 3534 1944 nec
3551 1890 3826 1958 simplices
3847 1890 3952 1944 cir-

2355 1980 2667 2033 cumvenire
2696 1979 2902 2048 aliquos
2927 1991 3172 2050 possunt,
3199 1995 3298 2035 nec
3323 1979 3618 2050 prudentes
3641 1994 3703 2035 se
3722 1981 3954 2034 cireum-

2359 2071 2532 2124 veniri
2564 2072 2901 2139 permittunt.
2931 2072 3196 2127 Cmterum
3227 2074 3271 2126 si
3302 2071 3357 2125 in
3383 2081 3664 2126 contractu
3691 2072 3952 2140 quolibet,

2356 2169 2470 2224 sive
2499 2167 2554 2221 in
2583 2163 2880 2232 colloquio,
2926 2163 3012 2218 vel
3063 2164 3117 2218 in
3146 2162 3250 2217 alia
3292 2177 3508 2232 quaque
3557 2177 3636 2229 re,
3669 2176 3731 2216 se
3777 2161 3953 2229 decipi

2357 2260 2582 2332 quisque
2611 2272 2719 2313 non
2748 2255 2909 2321 sinat,
2936 2263 2992 2308 et
3016 2255 3176 2310 alium
3211 2265 3389 2308 tamen
3416 2254 3532 2324 ipse
3560 2253 3824 2322 decipiat;
3854 2253 3956 2307 iste

2359 2367 2463 2405 non
2495 2350 2658 2405 habet
2692 2343 3052 2418 prudentiam,
3083 2359 3201 2413 qute
3229 2344 3418 2399 salutis
3449 2343 3620 2412 magis
3647 2358 3805 2412 quam
3832 2357 3954 2410 per-

2359 2441 2577 2497 ditionis
2620 2448 2702 2492 est
2743 2452 2925 2501 causa,
2987 2435 3080 2490 sed
3129 2433 3370 2488 simulat.
3419 2433 3683 2499 Quoniam
3735 2431 3954 2502 quidem

2365 2544 2385 2571 τ
2410 2533 2514 2587 hoc
2541 2532 2713 2584 virtus
2740 2545 2770 2582 a
2792 2528 2921 2584 vitio
2941 2525 3126 2590 distat,
3147 2525 3289 2594 quod
3321 2523 3451 2579 illud
3478 2523 3776 2593 corrumpit
3799 2537 3953 2588 sana,

2363 2624 2478 2678 haec
2505 2629 2661 2674 sanat
2691 2617 2803 2672 vitii
2834 2617 3147 2672 accessione
3175 2626 3427 2684 corrupta
3458 2632 3472 2668 :
3507 2629 3569 2668 ac
3596 2615 3696 2677 sic,
3717 2623 3810 2667 aut
3840 2629 3956 2667 om-

2362 2717 2520 2770 nibus
2543 2724 2566 2751 ιι
2594 2714 2787 2783 quibus
2807 2719 3006 2781 potest,
3031 2710 3287 2780 prodesse
3309 2709 3528 2764 festinat
3545 2709 3809 2764 veraciter
3832 2723 3929 2776 pru

2360 2811 2513 2870 dens,
2539 2815 2595 2859 nt
2620 2805 2738 2874 ejus
2758 2803 2966 2858 meritis
2990 2803 3228 2856 omnium
3252 2801 3343 2872 qui
3370 2816 3466 2869 per
3491 2815 3614 2855 eum
3639 2799 3749 2854 Deo
3771 2800 3958 2868 acqui-

2361 2909 2568 2958 runtur,
2597 2899 2800 2950 fructus
2820 2904 3126 2959 accrescat;
3153 2903 3243 2948 aut
3266 2895 3311 2947 si
3337 2893 3538 2962 cogitat
3561 2891 3630 2948 de
3658 2891 3958 2962 perditione

2363 2993 2684 3062 cujospiam,
2718 2987 2802 3042 vel
2833 2987 2902 3042 de
2945 2989 3072 3040 cash
3123 2981 3396 3056 pereuntis
3425 2985 3684 3050 exsultat,
3733 2999 3957 3040 necesse

2364 3091 2448 3138 est
2493 3091 2552 3136 ut
2597 3080 2742 3148 prius
2775 3088 2958 3146 pereat
3006 3077 3122 3146 ipse
3167 3091 3326 3145 quam
3357 3077 3524 3130 alium
3567 3075 3777 3147 perdat,
3807 3085 3865 3130 et
3891 3075 3960 3130 ab

2366 3155 2483 3242 ipso
2510 3186 2571 3225 ea
2597 3169 2848 3237 perditio,
2878 3181 2980 3236 qua
3014 3167 3189 3235 perire
3218 3166 3379 3221 alium
3406 3169 3577 3235 cupit,
3609 3167 3847 3236 incipiat.

2946 3298 3170 3355 CAPUT
3210 3299 3384 3354 XXX.

2367 3392 2519 3460 Quod
2550 3391 2823 3461 prudentes
2854 3407 2944 3462 nec
2973 3391 3088 3462 aliis
3118 3401 3352 3456 noceant,
3385 3406 3478 3462 nec
3507 3391 3603 3444 sibi
3641 3394 3815 3446 noceri
3840 3411 3956 3462 per.

2435 3460 2639 3516 mittant
2655 3479 2673 3527 ;
2699 3471 2747 3516 et
2771 3461 2905 3529 quod
2930 3463 3001 3515 eis
3028 3460 3101 3513 ibi
3129 3462 3193 3534 sit
3242 3462 3351 3534 sine
3378 3461 3698 3534 admixtione
3736 3460 3960 3534 alicujus

2437 3534 2625 3586 erroris
2657 3541 3011 3585 consummata
3030 3532 3325 3601 prudentia,
3347 3531 3433 3584 ubi
3458 3531 3556 3584 erit
3575 3532 3686 3586 sine
3709 3534 3816 3587 ulla
3842 3531 3959 3601 pec-

2441 3613 2556 3657 cato
2575 3603 2680 3656 cita
2707 3606 2949 3671 perfecta.

2437 3714 2486 3766 t.
2531 3713 2592 3767 lli
2625 3713 2644 3748 ⁸
2679 3727 2808 3781 ergo
2851 3711 2941 3780 qui
2989 3709 3335 3781 prudentia:tl
3376 3712 3792 3782 participatione
3834 3729 3960 3782 prn-

2365 3805 2555 3860 dentes
2584 3803 2784 3868 effecti,
2819 3804 2928 3857 Deo
2957 3815 3056 3856 suo
3087 3818 3192 3858 non
3220 3802 3466 3872 pedibus,
3497 3803 3593 3859 sed
3619 3807 3820 3861 sanctis
3845 3821 3961 3862 mo-

2366 3897 2516 3952 ribus
2542 3895 3002 3965 appropinquant,
3032 3908 3096 3948 ex
3125 3907 3188 3949 ea
3219 3904 3373 3966 parte
3399 3909 3502 3964 qua
3538 3906 3666 3951 sunt
3694 3897 3786 3953 Dei
3817 3898 3960 3954 dono

2370 3987 2679 4056 prudentes,
2707 3995 2736 4023 ν
2767 3999 2865 4040 nec
2895 3999 2993 4038 suo
3015 3983 3192 4054 perire
3222 3995 3466 4054 possunt,
3500 4002 3598 4041 nec
3629 3988 3810 4043 alieno
3839 4003 3962 4058 pec-

2370 4085 2525 4142 cato;
2555 4090 2622 4131 ex
2659 4088 2727 4131 eo
2752 4084 2933 4129 autem
2961 4075 3105 4144 quod
3137 4074 3364 4130 necdum
3389 4076 3459 4130 ita
3487 4086 3572 4133 est
3598 4092 3784 4134 eorum
3834 4095 3959 4150 per-

2371 4351 2584 4428 gamb"
2630 4353 2873 4428 Carnutes
2909 4369 3083 4428 omnes
3115 4371 3149 4408 α
3193 4355 3486 4428 carnalibus
3521 4357 3668 4428 uitiis
3703 4358 3962 4428 defecatos

2372 4422 2617 4488 illustrat,
2645 4433 2692 4478 et
2719 4423 2978 4488 spiritales
3019 4440 3194 4480 omnes
3219 4426 3282 4478 ab
3311 4427 3450 4480 omni
3493 4422 3782 4482 dilectione
3799 4431 3964 4482 noxia:

2371 4495 2702 4566 curiositatis.
2722 4492 2870 4548 Unus
2896 4493 3244 4566 exfColberl.,
3267 4513 3410 4550 came
3430 4497 3768 4555 curiositates.
3794 4500 3962 4566 Alius,

2369 4563 2664 4629 dilectione,
2689 4572 2749 4617 ut
2779 4579 2902 4618 mox
2933 4565 3099 4618 citati.

2443 4635 2459 4682 l
2502 4634 2628 4689 Mss.
2665 4642 2794 4697 tres,
2822 4634 3068 4688 ueritatis.

2446 4701 2468 4776 ξ
2501 4703 2639 4776 Editi
2670 4703 2833 4776 Duae.
2863 4713 2917 4776 et
2944 4703 3156 4772 Colon.,
3183 4706 3424 4776 efﬁciunt.

2447 4769 2465 4809 ι
2499 4774 2628 4828 Mss.
2653 4774 2780 4837 duo,
2805 4774 2881 4828 vel
2912 4769 3248 4843 permittente.

2442 4851 2480 4878 ω
2515 4843 2644 4897 Mss.
2678 4843 2807 4909 duo,
2835 4846 3092 4898 accedere.

2442 4919 2469 4947 ιι
2501 4912 2597 4965 Ms.
2630 4911 2839 4967 Camh..
2871 4915 3056 4968 sciant.

2441 4990 2471 5017 ο
2494 4981 2657 5038 Deest
2683 4998 2780 5038 vox
2813 4985 3147 5052 pratentibus
3172 4986 3225 5041 in
3249 5001 3354 5042 ms.
3386 5001 3495 5043 uno
3521 4986 3675 5046 Colb.

2443 5061 2470 5100 ι’
2501 5053 2634 5110 Mss.
2665 5053 2794 5118 duo,
2819 5055 3011 5108 noceri.

2444 5131 2471 5170 (ι
2513 5123 2608 5176 Ms.
2628 5138 2796 5192 unus,
2821 5125 3074 5192 prtecipit.

2445 5200 2467 5228 ι’
2501 5192 2600 5247 Ms.
2626 5191 2758 5262 Reg.
2784 5191 2953 5259 unus,
2985 5197 3096 5249 nec
3115 5196 3293 5251 virtus.

2446 5265 2469 5293 ⁹
2500 5263 2600 5343 bis.
2630 5261 2785 5343 Colb.
2821 5281 2980 5330 unus,
3001 5266 3190 5343 quibus
3220 5277 3380 5343 potest
3406 5271 3666 5343 prodesse.
3698 5274 3880 5343 festiue
3909 5294 3967 5331 ac

2374 5333 2614 5412 ueraciter
2636 5334 2860 5411 pr’odest,
2887 5338 3010 5412 ut‘ei
3022 5333 3095 5388 ea:
3118 5338 3305 5390 meritis
3327 5333 3576 5410 omnium,
3605 5333 3720 5412 qua:
3740 5361 3829 5412 per
3853 5363 3966 5400 eum

2378 5399 2490 5480 _Deo-
2520 5399 2869 5480 acquiruntur,
2926 5407 3120 5480 fructus
3157 5422 3432 5463 accrescat.
3474 5399 3575 5466 bis:
3613 5399 3751 5468 alter
3784 5399 3964 5480 Colb.,

2375 5471 2580 5539 [estinat
2612 5484 2662 5525 nt
2684 5471 2934 5529 veraciter
2954 5477 3196 5542 prudens.

2457 5547 2472 5576 '
2500 5542 2604 5619 b_ls_._
2629 5544 2759 5619 tte-3.
2793 5561 2951 5619 unus,
2982 5547 3027 5600 si
3053 5562 3171 5616 ergo
3189 5551 3298 5619 qui.

2456 5629 2474 5646 ι
2510 5613 2670 5675 Editi.
2700 5615 2995 5679 participes.

2447 5688 2474 5718 ν
2506 5681 2605 5766 bis.
2635 5699 2773 5738 unus
2800 5684 2954 5766 colli.
2979 5686 3067 5744 hic
3094 5687 3260 5758 addit,
3286 5705 3376 5744 nec
3394 5706 3488 5745 sua
3511 5695 3711 5762 perpeti
3727 5711 3964 5766 possunt.

2374 5763 2465 5804 nec
2490 5751 2657 5806 aliena
2683 5765 2907 5822 peccata.
3223 5789 3226 5794 -
