4504 6404
690 398 795 455 ωε

2020 379 2279 437 JULIANI
2326 379 2607 435 POMERII

3863 381 3965 436 516

686 507 773 577 qui
801 515 825 543 ι
850 501 1000 558 simul
1049 514 1240 556 mecum
1271 497 1672 563 contristantur,
1703 501 1751 546 et
1793 507 1896 546 non
1947 492 2043 563 fuit
2090 491 2264 561 (Psal.
2297 497 2344 551 Α
2375 493 2513 556 quod
2561 505 2685 545 vere
2735 489 3010 545 fatendum
3042 499 3143 554 cst,
3177 490 3243 545 ab
3276 489 3368 544 illo
3407 491 3512 545 alio
3545 493 3736 548 timore
3769 496 3965 562 pcenail

688 612 868 661 uvm,
893 593 1009 664 2|),
1043 592 1200 646 talem
1233 588 1468 643 laetitiam
1499 583 1881 652 tristitiamque
1905 583 2266 651 commendat.

685 690 830 744 Cum.
853 702 979 743 vero
1005 686 1143 740 alius
1171 683 1321 744 dicit,
1352 679 1526 733 Timor
1573 676 1782 730 Domini
1831 676 2041 747 expellit
2087 691 2270 748 pecca—

690 791 795 831 tum
825 775 1013 848 (Eecli.
1057 791 1093 842 l,
1122 771 1242 841 27);
1273 779 1354 832 et,
1384 766 1806 834 Concupiseentia
1838 767 2104 832 sapientiae
2151 781 2266 833 per-

690 870 827 922 ducit
852 869 920 919 ad
947 878 1154 935 regnum
1178 861 1334 931 (Sap.
1364 875 1434 923 vi,
1466 857 1590 918 ἓως
1623 873 1727 911 non
1754 859 1928 912 solum
1961 873 2064 912 non
2091 871 2270 925 repre-

692 957 890 1019 hendit,
923 954 1014 1008 sed
1045 953 1207 1007 etiam
1258 949 1436 1003 laudat
1485 948 1747 1018 spiritalis
1795 947 2265 1018 concupiscentiae,

687 1045 715 1085 ι»
741 1056 794 1100 et
822 1045 988 1100 divini
1019 1042 1226 1098 timoris
1253 1041 1526 1096 alfectum.

756 1138 810 1190 2.
865 1137 980 1190 Non
1031 1148 1159 1203 ergo
1215 1133 1312 1187 bas
1368 1131 1678 1186 affectiones
1728 1132 2004 1195 habendo,
2052 1130 2144 1184 sed
2190 1131 2269 1185 eis

686 1231 822 1284 male
845 1227 1041 1282 utendo
1061 1224 1586 1294 delinquimus.Quia
1612 1224 1961 1277 humanorum
1983 1223 2266 1278 alfectuum

689 1321 985 1394 proprietas
1024 1318 1251 1373 hominis
1307 1317 1504 1370 indicat
1552 1325 1573 1352 ε
1614 1316 1954 1378 Creatorem;
2008 1316 2264 1383 qualitas,

688 1414 714 1450 α
746 1413 939 1468 bonam
973 1411 1055 1470 vel
1100 1409 1290 1463 malam
1339 1407 1602 1476 signiﬁcat
1652 1407 2020 1468 voluntatem;
2067 1420 2128 1459 ac
2167 1407 2266 1470 sic,

687 1513 863 1557 motus
895 1502 947 1556 bi
975 1502 1063 1566 qui
1110 1501 1161 1553 in
1197 1511 1220 1536 ο
1252 1498 1556 1551 hominibus
1593 1495 1904 1550 all'ectiones
1930 1503 2073 1559 sunt,
2105 1496 2266 1550 iidem

687 1597 786 1663 ipsi
819 1595 870 1649 in
901 1593 1037 1649 bene
1068 1591 1338 1647 utentibus
1363 1590 1606 1654 virtutes,
1632 1597 1686 1643 et
1716 1589 1768 1642 in
1799 1589 1939 1642 male
1965 1589 2267 1643 viventibus-

684 1687 982 1755 passiones,
1007 1685 1118 1738 sive
1139 1681 1588 1752 perturbationes,
1609 1690 1719 1744 aut,
1744 1688 1803 1734 ut
1823 1680 2034 1750 quidam
2057 1679 2264 1741 volunt,

682 1775 1024 1844 mgritudines
1053 1773 1204 1828 ﬁunt.
1240 1772 1347 1826 Nec
1389 1770 1641 1825 audiendi
1682 1781 1807 1824 sunt
1836 1768 2022 1835 Stoici,
2055 1770 2146 1839 qui
2174 1783 2266 1824 eas

2374 579 2716 647 distinguitur
2744 580 2810 633 de
2859 595 2965 649 quo
3003 580 3133 635 dicit
3181 581 3508 650 Apostolus:
3545 581 3718 636 Timor
3760 599 3865 638 non
3896 594 3967 636 ist

2375 669 2425 720 in
2447 671 2681 734 caritate,
2724 670 2812 723 sed
2856 674 3078 738 perfecta
3134 673 3319 726 caritas
3359 674 3500 741 foras
3530 673 3684 726 mittit
3735 675 3968 728 timorem

2375 756 2427 827 (I
2449 757 2604 814 Joan.
2635 773 2708 823 tv,
2739 758 2850 830 18).
2881 759 3016 826 Quia
3041 758 3131 814 ille
3155 775 3376 828 peccare
3401 762 3643 817 volentes
3664 762 3904 818 deterret
3935 782 3965 816 a

2375 850 2533 912 malo,
2556 858 2610 903 et
2634 849 2826 903 invitos
2850 860 2992 904 tenet
3017 850 3070 903 in
3100 850 3268 915 bono;
3302 853 3402 906 iste
3431 863 3606 907 autem
3624 853 3692 908 de
3713 869 3819 922 quo
3837 854 3968 908 dicit

2374 942 2654 1009 propheta,
2706 942 2807 1006 Qui
2845 943 2956 996 sine
3001 943 3183 996 timore
3230 954 3323 1007 est,
3348 961 3451 998 non
3491 956 3655 1013 potest
3681 947 3966 1018 justi/irati

2373 1029 2572 1101 (Eccli.
2606 1048 2642 1099 ι,
2675 1031 2803 1102 28),
2836 1032 3002 1102 magis
3025 1033 3358 1088 incremento
3387 1031 3402 1070 ι
3433 1036 3672 1089 caritatis
3701 1045 3961 1103 augetur;

2371 1132 2424 1175 et
2453 1123 2608 1177 aliter
2635 1126 2752 1194 quis
2778 1126 2945 1189 timet,
2977 1140 3041 1180 ne
3066 1126 3259 1180 malum
3284 1142 3391 1197 quo
3414 1129 3664 1197 puniatur
3685 1129 3960 1189 incurrat;

2370 1214 2543 1274 aliter.
2583 1232 2645 1267 ne
2697 1217 2894 1270 bonum
2923 1232 3029 1284 quo
3053 1217 3348 1271 delectatur
3377 1220 3606 1273 amittat.
3638 1219 3751 1273 Non
3801 1220 3964 1289 igitur

2370 1307 2540 1360 omnis
2570 1307 2728 1359 timor
2757 1307 2940 1361 haberi
2969 1308 3128 1361 debet
3156 1308 3206 1359 in
3238 1309 3388 1373 vitio,
3419 1309 3513 1363 sed
3544 1309 3635 1364 ille
3663 1319 3865 1362 tantum
3895 1311 3963 1363 de

2371 1412 2477 1465 quo
2506 1396 2761 1463 sciiptum
2789 1406 2871 1450 est
2904 1414 2916 1449 :
2951 1396 3084 1462 Quia
3129 1399 3280 1451 timor
3309 1415 3510 1465 pinnam
3533 1399 3682 1454 habet
3713 1398 3777 1470 (I
3801 1399 3959 1454 Joan.

2373 1502 2439 1546 tv,
2484 1489 2546 1540 l8
2582 1487 2620 1556 ).
2652 1486 2916 1541 Caeterum
2945 1489 3044 1541 iste
3068 1488 3136 1542 de
3160 1503 3266 1558 quo
3288 1489 3506 1556 dicitur,
3546 1490 3716 1544 Timor
3750 1491 3961 1544 Domini

2368 1579 2576 1648 expellit
2606 1590 2900 1644 peccatum;
2931 1590 3005 1648 et,
3033 1580 3132 1644 Qui
3171 1585 3283 1634 sine
3310 1567 3493 1635 timore
3524 1592 3616 1646 est,
3649 1600 3752 1637 non
3797 1594 3960 1653 potest

2357 1670 2673 1739 justiﬁcari;
2721 1683 2795 1736 et,
2831 1670 3008 1724 Timor
3054 1672 3260 1727 Domini
3301 1684 3529 1738 sanctus,
3565 1693 3868 1746 permanens
3906 1676 3960 1729 in

2366 1763 2611 1816 sarculum
2640 1763 2819 1814 seaculi
2841 1780 2860 1816 :
2889 1781 2995 1817 non
3025 1773 3106 1819 est
3138 1767 3275 1820 inter
3298 1767 3423 1821 vitia
3452 1771 3834 1834 numetandus,
3864 1767 3959 1824 sed

682 1867 901 1935 penitus
933 1865 947 1902 ῐ
985 1864 1250 1917 eradicari
1304 1877 1459 1929 posse
1482 1905 1497 1927 ,
1535 1869 1589 1916 et
1629 1860 1827 1914 debere
1878 1860 2209 1915 contendunt
2247 1878 2260 1914 :
2295 1852 2338 1911 Β
2368 1858 2540 1924 potius
2570 1853 2944 1923 intelligendus
2973 1866 3054 1910 est
3082 1857 3227 1912 vitiis
3254 1861 3517 1914 inimicus.

682 1955 934 2025 quoniam
964 1954 1182 2008 omnino
1217 1953 1396 2006 nullus
1423 1961 1507 2007 est
1541 1965 1754 2017 sensus,
1784 1951 1873 2004 ubi
1904 1951 2148 2016 timendi,
2185 1951 2268 2004 vel

683 2046 937 2109 dolendi,
998 2043 1279 2113 cupiendi,
1323 2044 1434 2097 sive
1463 2042 1726 2110 gaudendi
1767 2041 1946 2095 nullus
1995 2042 2269 2094 invenitur

685 2138 928 2193 aﬂectus.
963 2137 1196 2202 Denique
1221 2135 1370 2204 quasi
1401 2132 1631 2199 etipsos
1663 2133 1952 2200 pwniteret
2000 2146 2112 2185 sua:
2141 2147 2266 2185 scn-

687 2233 887 2292 tentiae,
921 2236 1141 2294 excepta
1193 2225 1432 2293 tristitia,
1461 2238 1620 2293 quam
1675 2221 1868 2276 cadere
1921 2223 1973 2277 in
2008 2222 2267 2290 sapientis

681 2321 915 2374 animum
943 2325 1160 2386 negant,
1185 2324 1210 2362 ε
1241 2317 1475 2383 reliquos
1501 2313 1729 2368 allectus
1752 2310 1805 2378 δ,
1834 2311 2141 2369 nominibus
2167 2312 2267 2366 im-

683 2410 920 2470 mutatis,
973 2409 1149 2461 inesse
1196 2404 1529 2474 sapientibus
1566 2405 1752 2458 dicunt
1782 2419 1795 2454 :
1824 2402 2268 2471 cautionem-pro

685 2505 895 2562 timore,
925 2515 1020 2567 pro
1050 2499 1230 2552 laetitia
1263 2495 1536 2566 gaudium,
1569 2504 1622 2549 et
1651 2493 1974 2548 voluntatem
1999 2507 2096 2562 pro
2121 2493 2269 2560 cupi—

686 2595 855 2645 ditate
887 2600 1167 2660 ponentes.
1200 2588 1358 2653 Quasi
1402 2587 1616 2654 sapiens
1645 2600 1747 2638 non
1789 2585 1994 2651 timeat,
2041 2583 2135 2638 sed
2181 2599 2271 2638 ca-

683 2694 809 2739 veat
835 2700 846 2747 ;
877 2692 931 2736 et
957 2682 1103 2746 velit,
1146 2695 1250 2735 non
1281 2679 1492 2749 cupiat;
1525 2692 1628 2732 nec
1677 2678 1886 2731 laetetur
1909 2676 1962 2730 in
1996 2677 2094 2730 hac
2135 2676 2265 2739 vita,

681 2775 775 2829 sed
806 2773 1050 2842 gaudeat.
1084 2771 1192 2824 Non
1224 2777 1398 2823 autem
1432 2767 1654 2823 credunt
1683 2767 1799 2834 ejus
1825 2764 2265 2820 contristariani-

686 2882 854 2930 tuum,
900 2863 1042 2932 quod
1093 2861 1324 2927 tristitia,
1358 2876 1475 2929 qua:
1507 2859 1750 2912 accidere
1791 2858 1930 2912 solet
1970 2873 2033 2910 ex
2068 2853 2086 2894 ί
2120 2871 2268 2911 tom-

690 2957 857 3011 misso
885 2963 1127 3025 peccato,
1159 2953 1479 3022 sapientem,
1510 2963 1667 3018 quem
1707 2957 1893 3016 putant
1932 2947 2136 3000 nullum
2170 2946 2264 2998 ha-

684 3047 812 3101 bere
841 3055 1138 3116 peccatum,
1179 3043 1454 3097 stimulare
1484 3056 1588 3094 non
1621 3040 1787 3108 possit
1817 3037 1988 3106 aliqua
2019 3037 2270 3091 recorda-

687 3142 832 3194 tione
855 3137 1080 3208 peccati.
1105 3135 1256 3202 Qnod
1281 3148 1399 3188 esse
1428 3131 1776 3185 vanissimnm
1801 3129 2059 3182 Dominus
2088 3141 2270 3180 noszcr

2437 1946 2491 1998 4.
2523 1953 2560 1979 π’
2593 1943 2708 1998 Jam
2753 1946 2879 2000 illud
2921 1948 3062 2016 quod
3096 1949 3298 2015 dicunt,
3337 1951 3467 2004 Boni
3493 1951 3696 2018 volunt,
3722 1953 3844 2006 mali
3869 1967 3961 2008 cu-

2369 2034 2548 2104 piunt;
2579 2035 2681 2098 vel,
2715 2035 2844 2089 Boni
2889 2038 3142 2105 gaudent,
3172 2041 3296 2092 mali
3345 2043 3592 2094 limantur
3619 2058 3634 2094 :
3665 2044 3785 2111 quis
3817 2057 3966 2097 sana}

2370 2125 2563 2180 mentis
2592 2134 2618 2162 η
2649 2127 2927 2181 admittat?
2959 2129 3066 2182 imo
3105 2129 3225 2198 quis
3254 2144 3380 2182 sana
3413 2139 3593 2185 mente
3643 2147 3747 2185 non
3779 2131 3964 2186 redar-

2367 2219 2533 2286 guat‘l
2562 2219 2695 2272 Cum
2727 2230 2780 2274 et
2825 2219 3098 2288 Scriptura
3129 2234 3308 2276 nostra
3358 2223 3630 2278 hominem
3683 2225 3839 2281 mala:
3867 2241 3959 2280 vo-

2368 2307 2585 2363 luntatis
2612 2312 2857 2378 increpet
2881 2311 3096 2372 dicens;
3129 2310 3253 2365 Noli
3283 2313 3408 2366 velle
3428 2314 3631 2368 mentiri
3649 2330 3798 2369 omne
3816 2333 3960 2369 men-

2368 2397 2571 2451 dacium
2600 2399 2801 2465 (Eceli.
2855 2416 2950 2466 vn,
2985 2399 3122 2466 M);
3155 2410 3212 2457 et
3253 2403 3458 2457 Tullius
3486 2413 3668 2458 orator
3695 2405 3958 2475 amplissi-

2370 2503 2489 2545 mus
2519 2490 2861 2558 cupiditatem
2903 2503 3067 2560 pOnat
3098 2502 3122 2528 ο
3172 2495 3222 2547 in
3258 2495 3421 2559 bono,
3455 2496 3541 2551 ubi
3569 2497 3735 2550 dicit:
3767 2497 3964 2566 Cupio,

2371 2591 2551 2649 patres
2580 2583 2893 2652 conscripti,
2942 2600 3026 2639 me
3069 2600 3189 2640 esse
3219 2586 3537 2642 clementem
3586 2586 3764 2659 (Tull.
3798 2588 3888 2641 lib.
3922 2603 3964 2656 ι,

2368 2671 2564 2725 lnvect.
2611 2673 2665 2726 in
2709 2672 2933 2744 Catil.);
2979 2685 3031 2731 et
3077 2677 3214 2745 apud
3263 2677 3384 2732 illos
3417 2678 3665 2748 Virgilius
3719 2679 3870 2750 (Lib.
3907 2695 3957 2733 vn

2371 2761 2616 2827 xEneid.,
2650 2781 2776 2818 vers.
2813 2765 2947 2829 732)
2980 2769 3229 2837 gaudium
3261 2771 3547 2837 vituperet,
3573 2771 3757 2825 dieens
3784 2789 3797 2823 :

2460 2854 2600 2907 Hinc
2627 2868 2850 2912 metuunt
2869 2900 2885 2924 ,
2914 2861 3225 2931 cupiuntque
3249 2905 3264 2932 ,
3301 2863 3493 2926 dolent,
3525 2864 3868 2936 gaudentque.

2441 2944 2570 2998 ltem
2594 2961 2713 3000 cum
2745 2948 2798 3001 in
2821 2950 3018 3004 malum
3048 2952 3201 3005 malae
3227 2963 3255 3001 Ρ
3279 2955 3472 3008 mentis
3498 2954 3711 3022 gaudia,
3741 2964 3797 3009 et
3819 2957 3967 3023 apud

2372 3051 2469 3089 nos
2514 3037 2698 3091 laetitia
2726 3047 2952 3107 ponatur
2980 3050 3007 3089 q
3052 3042 3104 3093 in
3152 3042 3370 3110 bonum,
3423 3045 3682 3113 propheta
3710 3044 3960 3102 dicente:

2372 3127 2642 3182 Ltetamini
2660 3130 2712 3182 in
2736 3129 2978 3200 Domino,
3001 3143 3050 3186 et
3071 3135 3318 3189 exsultate
3330 3136 3463 3203 justi
3486 3135 3654 3206 (Psal.
3680 3154 3826 3205 nsi,
3857 3138 3964 3207 11).

685 3235 974 3290 secundum
1006 3245 1224 3285 carnem
1255 3237 1408 3280 natus
1439 3223 1693 3287 ostendit,
1724 3222 1814 3291 qui
1855 3229 1908 3275 et
1938 3218 2110 3273 tristis
2151 3217 2267 3280 fuit,
2299 3209 2347 3272 C
2371 3277 2389 3294 ο
2448 3220 2502 3274 5.
2545 3219 2776 3274 Proinde
2814 3236 3001 3276 omnes
3035 3223 3168 3291 justi
3197 3234 3250 3280 et
3288 3235 3396 3279 tota
3438 3240 3646 3281 morum
3684 3229 3966 3284 sanctitate

685 3334 740 3378 et
764 3324 907 3378 ﬂevit
930 3320 1144 3390 (Matth.
1168 3316 1429 3382 uvt,3‘l;
1461 3313 1587 3366 Luc.
1610 3328 1722 3374 ιιι,
1750 3311 1813 3365 Μ
1834 3328 1848 3375 ;
1872 3310 2027 3363 Joan.
2047 3326 2121 3374 ιι,
2141 3311 2265 3376 55);

688 3428 786 3467 nec
810 3423 985 3466 tamen
1018 3425 1081 3464 ea
1111 3407 1322 3461 tristitia
1352 3421 1454 3474 qua
1480 3403 1646 3457 tristis
1672 3401 1790 3464 fuit,
1813 3401 1860 3454 ei
1890 3415 1954 3453 ex
1987 3398 2000 3448 i
2038 3401 2269 3467 peccatis

688 3507 799 3562 suis
838 3504 1084 3567 accessit,
1118 3501 1207 3570 qui
1253 3502 1371 3553 sine
1417 3507 1635 3565 peccato
1679 3503 1969 3560 conceptus
2013 3505 2065 3546 et
2095 3501 2269 3552 natus,

691 3615 797 3654 non
845 3597 1017 3651 solum
1062 3609 1164 3648 non
1197 3591 1456 3662 peccavit,
1483 3587 1577 3642 sed
1607 3587 1766 3641 etiam
1795 3599 2016 3654 peccare
2043 3599 2146 3639 non
2180 3598 2272 3653 po-

689 3700 807 3744 tutt.

761 3780 813 3832 5.
851 3777 916 3833 Ut
945 3785 1118 3829 autem
1149 3773 1214 3826 de
1243 3770 1352 3825 suis
1382 3783 1589 3838 quoque
1621 3765 1811 3820 litteris
1840 3765 2060 3818 istorum
2094 3762 2270 3818 revin-

689 3881 876 3926 cantur
907 3868 1118 3937 ineptire
1167 3863 1256 3929 qui
1287 3868 1473 3930 putant.
1516 3858 1805 3927 sapientem
1835 3852 2158 3916 contristari,
2192 3855 2270 3907 vel

688 3963 876 4018 dolore
904 3975 1008 4013 non
1051 3971 1228 4024 posse,
1276 3955 1449 4020 legant
1494 3950 1617 4003 illud
1648 3948 1782 4016 quod
1814 3959 1996 4001 comm
2029 3946 2272 3998 doctissi-

692 4068 809 4107 mus
840 4051 911 4104 ait
937 4068 948 4100 :
983 4068 1000 4099 ‹
1038 4047 1170 4100 Nam
1201 4043 1418 4099 omnino
1449 4056 1552 4095 non
1581 4042 1782 4102 dolere,
1813 4055 1915 4090 non
1944 4039 2058 4092 sine
2085 4053 2272 4106 magna

692 4142 946 4199 mercede
965 4139 1222 4206 contingit
1267 4133 1611 4188 immanitatis
1652 4134 1702 4183 in
1736 4132 1932 4190 animo,
1964 4130 2195 4196 stuporis
2224 4129 2274 4180 in

690 4250 912 4304 corpore
942 4233 1134 4304 (Cicer.
1167 4229 1254 4282 lib.
1286 4243 1341 4280 ιιι
1369 4227 1579 4279 Tuscul.
1617 4225 1808 4290 Qnazst.
1847 4226 1908 4275 de
1937 4221 2272 4290 indolentia

691 4326 764 4379 De
793 4324 984 4378 timore
1014 4330 1189 4374 autem
1213 4332 1370 4387 quem
1403 4316 1475 4368 illi
1510 4325 1712 4384 ponunt
1739 4318 1788 4366 in
1814 4314 1972 4374 malo,
2003 4313 2272 4380 Seriptura

693 4426 869 4470 nostra
899 4413 1151 4481 loquitur,
1177 4410 1360 4464 dicens
1384 4425 1396 4461 :
1429 4407 1604 4461 Timor
1631 4406 1834 4459 Domini
1858 4416 2081 4470 sanctus,
2107 4403 2131 4441 ιι
2157 4421 2274 4476 per-

693 4524 903 4561 manens
947 4508 999 4559 in
1045 4503 1286 4558 secutum
1335 4503 1507 4556 sa’culi
1559 4501 1751 4571 (Psal.
1799 4516 1946 4565 xvm,
1999 4499 2117 4570 l0).
2167 4498 2272 4553 Sed

769 4767 790 4793 ο
827 4757 922 4808 Ms.
951 4767 1107 4817 unus,
1131 4752 1216 4820 qui
1241 4751 1394 4806 simul
1417 4751 1819 4804 contristantur.
1857 4749 2021 4809 Alius,
2054 4748 2140 4818 qui
2169 4763 2271 4800 me—
2299 4749 2349 4808 D

697 4845 806 4880 rttm
831 4826 1226 4877 contristaretur.

769 4898 792 4934 ι)
827 4897 949 4948 Mss.
979 4895 1105 4954 duo,
1136 4894 1209 4944 vel
1239 4891 1414 4944 divini.

771 4978 792 5003 ε
824 4966 988 5028 Alias,
1020 4973 1302 5016 creaturam
1330 4977 1345 5013 :
1381 4960 1591 5022 melius,
1622 4970 1879 5012 naturam.

769 5042 792 5071 α
821 5036 948 5088 Mss.
973 5044 1219 5100 quatuor,
1246 5031 1372 5083 bona
1397 5032 1473 5083 vel
1514 5033 1669 5082 mala.

772 5116 794 5142 ε
823 5106 919 5157 Ms.
949 5117 1104 5164 unus,
1133 5103 1185 5152 in
1213 5101 1439 5154 omnibus
1464 5117 1479 5158 ;
1514 5115 1609 5154 nec
1638 5100 1794 5152 male.

777 5175 794 5212 τ
827 5174 951 5227 Mss.
985 5184 1116 5233 tres,
1147 5173 1402 5223 eradicare
1426 5187 1568 5236 po.-se
1595 5180 1638 5222 et
1661 5170 1853 5222 debere.

772 5256 796 5292 ι
828 5245 952 5297 Mss.
986 5244 1108 5303 duo,
1142 5241 1360 5306 reliquiis
1390 5251 1488 5292 tres
1513 5238 1746 5305 σπείρω.

771 5312 798 5351 ιι
833 5316 928 5367 Ms.
959 5328 1116 5376 unus,
1151 5311 1380 5362 omnibus
1407 5311 1568 5363 inesse
1594 5309 1922 5377 sapientibus.

779 5384 791 5420 ί
822 5384 916 5437 Ms.
946 5382 1098 5435 Colb.
1125 5395 1281 5444 unus,
1306 5395 1366 5431 ea:
1388 5380 1610 5431 admisso
1635 5388 1905 5444 peccato...
1931 5378 2086 5446 possit
2108 5377 2281 5438 aliqua

703 5453 984 5508 recordatio
1014 5450 1223 5522 peccati.
1259 5449 1429 5513 Alius,
1473 5465 1571 5501 non
1602 5464 1748 5518 posse
1776 5449 2000 5517 aliquam
2041 5449 2280 5500 τερον-Διι-

706 5526 888 5576 tionem
920 5522 1131 5592 pecrt’tti.

779 5597 793 5644 l
831 5591 924 5644 Ms.
958 5605 1112 5654 unus,
1136 5607 1198 5643 ex
1227 5601 1430 5657 pecrafo
1453 5603 1564 5640 suo.

778 5661 800 5699 ι
842 5663 936 5716 Ms.
961 5676 1116 5722 unus,
1144 5669 1416 5725 permanet.

785 5730 796 5768 '
835 5730 993 5791 Eoliti,
1023 5731 1264 5783 ueritatis.
1300 5727 1422 5782 Mss.
1456 5727 1710 5796 quinque,
1738 5728 1986 5780 carila'is.

779 5811 815 5838 ⁸η
851 5802 943 5853 Ms.
971 5816 1124 5863 unus,
1164 5799 1294 5851 Nam
1323 5799 1472 5851 illud.
1506 5801 1670 5860 Alter,
1700 5796 1816 5850 Jum
1844 5800 2004 5850 aliud.

2373 3310 2611 3378 perfecti,
2644 3309 2760 3364 sine
2787 3311 2963 3380 aliqua
2989 3314 3290 3368 Stoicorum
3317 3315 3656 3372 distinctione
3671 3318 3966 3386 superﬂua,

2375 3400 2564 3455 timent
2592 3408 2648 3454 et
2671 3410 2881 3466 cavent,
2913 3403 3099 3478 volunt
3125 3413 3180 3458 et
3209 3406 3451 3475 cupiunt,
3487 3409 3733 3462 laetantur
3760 3420 3813 3463 et
3840 3424 3967 3478 gau-

2375 3491 2524 3555 dent,
2557 3494 2946 3548 contristantur
2977 3504 3029 3548 et
3059 3467 3266 3560 dolent,
3300 3500 3392 3552 sed
3426 3500 3647 3556 interest
3672 3508 3699 3540 ι’
3733 3505 3957 3556 multum

2376 3583 2500 3651 quid
2534 3584 2758 3641 timeant
2799 3593 2893 3639 aut
2934 3596 3178 3652 caveant,
3216 3589 3381 3643 velint
3424 3600 3516 3644 aut
3557 3595 3798 3660 cupiant,
3828 3595 3968 3648 unde

2379 3677 2627 3730 laetentur
2656 3688 2748 3731 aut
2773 3679 3057 3745 gaudeant,
3083 3680 3468 3736 contristentur
3487 3690 3578 3736 aut
3600 3683 3838 3739 doleant.
3863 3685 3969 3739 Me-

2376 3775 2531 3819 tuunt
2583 3766 2950 3822 hereditatem
3000 3769 3146 3838 regni
3179 3770 3414 3825 caelestis
3442 3773 3716 3839 amittere;
3747 3777 3968 3842 cupiunt

2375 3863 2440 3915 ad
2498 3863 2770 3918 caelestem
2837 3867 3057 3932 patriam
3120 3867 3447 3933 pervenire;
3507 3867 3693 3921 dolent
3743 3870 3965 3933 tentati,

2377 3956 2609 4021 gaudent
2638 3954 2705 4007 de
2739 3964 2758 3990 ³
2801 3957 3181 4010 tentationibus
3236 3957 3443 4012 liberati
3475 3975 3488 4010 :
3519 3973 3581 4013 ac
3617 3975 3711 4028 per
3742 3961 3865 4022 hoc.
3897 3977 3971 4016 te

2378 4053 2464 4096 cta
2494 4058 2645 4096 mens
2678 4044 2693 4078 ί
2732 4053 2906 4097 rectos
2939 4046 3096 4099 habet
3120 4048 3363 4107 allectus.
3395 4063 3639 4118 perversa
3667 4065 3966 4119 perversos.

2456 4136 2509 4189 6.
2533 4135 2762 4189 Sanctus
2785 4136 3106 4205 Augustinus
3125 4140 3428 4208 episcopus,
3446 4157 3572 4195 acer
3594 4144 3826 4212 ingenio,
3846 4159 3970 4198 sua-

2379 4227 2458 4279 vis
2500 4225 2746 4295 eloquio,
2778 4228 3052 4282 surcularis
3099 4229 3410 4286 litteratura:
3443 4234 3664 4298 peritus,
3700 4238 3750 4288 iu
3798 4236 3970 4291 eccle-

2377 4315 2605 4369 siasticis
2657 4317 2925 4371 laboribus
2956 4335 3238 4388 operosus,
3272 4323 3325 4376 in
3358 4324 3681 4392 quotidianis
3723 4327 3968 4396 disputa-

2377 4405 2609 4462 tionibus
2637 4407 2838 4473 clarus,
2868 4411 2918 4463 in
2947 4413 3090 4465 omni
3125 4427 3218 4466 sua
3246 4415 3458 4468 actione
3479 4423 3508 4451 ιι
3535 4418 3884 4485 compositus,
3917 4419 3968 4473 in

2377 4501 2713 4569 expositione
2738 4510 2765 4538 ν
2801 4501 2919 4556 tidei
2954 4515 3152 4557 nostrae
3199 4504 3497 4562 catholicus
3524 4548 3539 4572 ,
3574 4509 3628 4562 in
3657 4511 3968 4579 questioni-

2446 4756 2472 4782 η
2503 4747 2648 4804 Edit.
2678 4746 2870 4816 Lugd.,
2893 4747 3116 4800 admittit
3145 4749 3336 4814 animo,
3368 4749 3504 4818 quis,
3531 4760 3638 4805 etc.

2455 4826 2478 4853 ο
2510 4819 2632 4874 Mss.
2669 4825 2795 4881 tres,
2831 4817 2884 4870 in
2914 4820 3117 4871 bonum.

2456 4897 2482 4935 ι)
2513 4887 2654 4941 Edit.
2694 4887 2920 4951 l.ovan.,
2977 4889 3126 4940 mala:
3155 4890 3334 4955 gentis.
3368 4887 3562 4956 Lngd.,
3595 4886 3726 4944 Item
3767 4907 3882 4945 cum
3918 4897 3968 4947 in

2385 4958 2574 5011 malum
2605 4957 2758 5010 mala:
2777 4959 2958 5009 utentis
2980 4958 3168 5026 gaudia
3199 4959 3338 5024 apud
3381 4975 3495 5023 nos,
3521 4969 3566 5012 et
3597 4959 3740 5015 boote
3773 4962 3968 5016 lmitiw

2386 5038 2606 5097 ponatur
2633 5030 2684 5080 in
2704 5030 2911 5097 bonum.
2945 5028 2999 5080 lu
3040 5042 3138 5079 ms.
3175 5027 3337 5097 Regio
3367 5028 3560 5082 desunt
3589 5031 3720 5095 lucc,
3753 5045 3868 5085 cum
3921 5035 3971 5086 in

2388 5098 2597 5172 malum:
2633 5096 2936 5172 ΔΜῄ-(Ζοη).
2969 5112 3126 5162 unus,
3175 5096 3307 5172 Item
3339 5099 3490 5172 multa
3535 5102 3716 5172 mentis
3755 5106 3968 5172 gaudia.

2385 5169 2534 5222 Alter
2553 5167 2732 5232 Colb.,
2757 5165 2888 5220 Item
2909 5176 3026 5220 sunt
3051 5175 3095 5219 et
3127 5169 3264 5220 mala
3301 5166 3480 5223 mentis
3505 5171 3721 5240 gaudia,
3749 5165 3795 5224 Et
3831 5191 3883 5239 αι
3904 5176 3972 5226 ad

2386 5253 2497 5299 nos,
2522 5249 2626 5292 CIC.

2464 5318 2490 5356 τι
2524 5309 2647 5360 Mss.
2681 5305 2808 5374 duo,
2839 5306 3073 5378 in‘bono.
3103 5306 3250 5362 Unus
3275 5323 3339 5363 ex
3369 5307 3470 5370 liis,
3503 5311 3711 5378 ponitur
3739 5313 3791 5364 in
3815 5313 3969 5365 bone.

2460 5386 2481 5413 τ
2503 5378 2600 5451 Ms.
2619 5391 2776 5440 unus,
2809 5376 3002 5451 malum
3024 5379 3158 5451 quod
3179 5379 3407 5446 timeant,
3431 5376 3618 5434 bonum
3638 5382 3774 5451 quod
3794 5386 3971 5440 ve'int.

2459 5454 2479 5479 ⁸
2511 5449 2604 5500 Ms.
2636 5461 2795 5509 unus,
2829 5447 2891 5500 de
2916 5449 3208 5502 tentatione.

2465 5521 2480 5554 ι
2518 5517 2639 5586 Mss.
2665 5528 2914 5584 quatuor,
2943 5529 2996 5570 et
3029 5517 3220 5583 Lugd.,
3243 5527 3404 5573 rectos
3431 5521 3522 5574 Iros
3548 5519 3697 5575 habet
3734 5522 3970 5586 affectus.

2452 5595 2479 5622 ιι
2510 5587 2605 5640 Ms.
2635 5602 2793 5653 unus,
2817 5597 3069 5658 comptus.
3106 5589 3237 5654 Duo,
3266 5601 3618 5658 compunctus.
3655 5591 3820 5659 Unus,
3848 5611 3972 5650 con-

2334 5663 2363 5680 ‘
2383 5657 2563 5709 uirtus.

2455 5737 2480 5762 ν
2513 5718 2674 5804 lit-liti,
2700 5727 2753 5779 in
2777 5727 3090 5804 expositione
3116 5743 3229 5804 sua.
3262 5729 3423 5804 Deeft-
3446 5732 3628 5804 sua-in
3675 5748 3804 5788 mss.
3837 5750 3972 5804 qut-

2384 5807 2525 5860 tuor,
2563 5798 2614 5849 in
2645 5811 2867 5865 quorum
2906 5798 3110 5854 duobus
3143 5799 3304 5854 babes
3351 5801 3472 5866 fidei
3506 5813 3714 5856 sanita'.
