4504 6464
512 409 614 466 ΕΠ

1564 398 1652 453 DE
1694 396 1853 453 VITA
1896 390 2481 450 CONTEMPLATIVA
2524 390 2651 444 LIB.
2699 388 2783 444 Ill.

3730 389 3834 444 5l8

512 531 612 580 bus
643 520 984 578 absolvendis
1015 528 1228 584 acutas,
1258 517 1307 570 in
1339 512 1689 568 revincendis
1719 508 1987 563 IIII‘CIICIS
2018 506 2123 560 cir—
2153 512 2199 568 Α
2232 504 2489 567 manebit,
2524 503 2648 573 quia
2674 502 2726 555 in
2752 499 3007 554 saeculum
3033 500 3215 554 smculi
3242 498 3639 568 permanebunt
3657 500 3743 557 illa
3767 504 3833 557 ad

513 621 879 683 cumspectus,
915 620 969 666 et
1001 619 1025 647 ει
1065 610 1115 663 in
1144 605 1477 675 explicandis
1510 602 1807 668 Scripturis
1847 597 2129 653 canonicis

513 717 736 770 cautus;
767 707 882 774 ipse
908 717 1038 773 ergo
1063 743 1080 767 ,
1109 715 1269 771 quem
1301 699 1351 752 in
1385 696 1467 752 his
1498 694 1694 751 libellis
1724 710 1821 764 pro
1850 691 2125 762 possibili-

516 808 627 853 tate
652 806 873 852 secutus
903 810 1019 849 sum
1040 838 1055 863 ,
1091 793 1230 847 hanc
1253 791 1609 860 quaestionem
1639 826 1655 852 ,
1684 786 1750 840 de
1780 799 1880 853 qua
1912 784 2085 852 agitur
2110 825 2124 851 ,

516 889 620 941 hoc
644 886 807 940 modo
830 885 1179 949 determinat,
1207 882 1393 935 dicens
1418 898 1430 932 :
1460 897 1479 928 ι
1512 878 1574 932 Ili
1600 888 1802 942 motus,
1831 875 1882 928 lti
1906 874 2129 928 aﬂ'ectus

519 979 583 1033 tle
612 992 796 1032 amore
822 976 848 1014 ι’
882 975 1029 1039 boni,
1055 985 1112 1029 et
1134 975 1201 1028 de
1248 981 1431 1027 sancta
1478 968 1702 1024 caritate
1734 966 2010 1020 venientes
2034 1005 2049 1031 ,
2083 966 2131 1018 si

518 1068 647 1121 vitia
682 1066 923 1120 vocanda
953 1075 1099 1129 sunt,
1144 1063 1385 1117 sinamus
1414 1068 1470 1113 ut
1520 1075 1581 1113 ea
1625 1073 1743 1127 qua:
1780 1067 1800 1095 ο
1831 1072 1959 1111 vere
2002 1055 2128 1107 vitia

518 1169 645 1213 sunt
691 1157 919 1211 virtutes
962 1165 1243 1210 vocentur.
1290 1151 1397 1206 Sed
1442 1166 1563 1205 cum
1617 1161 1821 1204 rectam
1866 1150 2129 1201 rationem

519 1249 547 1288 ἀ
579 1260 876 1319 sequantur
905 1249 1019 1301 ista:
1046 1247 1377 1309 affectiones,
1405 1242 1619 1311 quando
1649 1250 1707 1295 ut
1733 1247 1945 1309 oportet
1974 1238 2128 1293 adhi-

520 1344 737 1407 bentur,
768 1341 889 1410 quis
919 1353 1012 1395 eas
1044 1348 1171 1393 tunc
1205 1346 1228 1374 ο
1261 1338 1481 1390 morbos
1511 1344 1565 1389 et
1594 1332 1817 1387 vitiosas
1852 1332 2130 1398 passiones

519 1432 714 1487 audeat
745 1432 925 1485 dicere
958 1429 1128 1501 (Aug.
1162 1430 1253 1481 lib.
1292 1443 1379 1480 xtv
1412 1428 1475 1479 de
1505 1425 1657 1478 Cirit.
1691 1422 1789 1477 Dei
1814 1440 1929 1489 cap.
1962 1422 2066 1491 9)?
2108 1441 2125 1473 ι

521 1524 671 1590 Quas
696 1522 1009 1576 afl‘eetiOnes
1042 1532 1099 1575 ut.
1124 1536 1193 1574 ex
1247 1518 1589 1572 mortalitatis
1615 1515 1925 1570 conditione
1978 1515 2133 1567 nobis

522 1616 704 1669 inesse
737 1621 1084 1676 monstraret,
1116 1622 1170 1664 et
1208 1610 1334 1664 huic
1372 1609 1492 1661 vitae
1526 1606 1877 1668 tteCCSSnriaS,
1914 1622 2019 1660 non
2053 1604 2135 1657 fu-

524 1714 693 1766 turae,
726 1712 847 1772 post
874 1702 1146 1771 aliquanta
1173 1701 1311 1754 idem
1346 1698 1536 1753 doctor
1585 1696 1848 1766 adjungit,
1881 1707 1930 1751 et
1964 1696 2130 1749 dicit:

528 1813 548 1847 ι
590 1796 765 1849 Etiam
818 1810 938 1849 cum
968 1804 1145 1849 rectas
1175 1802 1228 1846 et
1276 1792 1568 1847 secundum
1604 1792 1773 1845 Deum
1824 1789 1842 1827 ί
1877 1790 2134 1844 habemus

2235 611 2355 664 quae
2380 598 2541 650 timor
2565 597 2678 665 ipse
2700 596 3034 664 perduxerit.

2776 684 3005 740 CAPUT
3048 684 3289 739 XXXIII.

2241 804 2476 870 Qualiter
2498 804 2706 857 virtutes
2724 815 3074 873 quatuorque:
3094 802 3248 855 dicta:
3263 810 3380 855 sunt
3400 801 3731 870 principales,
3752 814 3844 856 aut

2307 877 2359 927 in
2382 876 2620 942 praesenti
2641 890 2730 928 nos
2752 891 2783 926 a
2808 889 3013 938 peccato
3036 874 3337 942 defendant,
3370 883 3461 924 aut
3496 874 3550 925 in
3595 882 3844 927 aeternum

2310 948 2571 999 nobiscum
2602 946 2712 998 sine
2738 945 2845 998 ullo
2873 954 3079 1015 peccato
3110 952 3469 1013 permaneant.

2311 1059 2361 1112 1.
2396 1057 2567 1111 Porro
2622 1057 2730 1111 illae
2775 1058 3004 1111 virtutes
3050 1064 3279 1124 quatuor
3327 1055 3393 1109 de
3436 1055 3627 1125 quibus
3675 1071 3844 1127 pauca

2237 1152 2525 1221 perstrinxi
2553 1190 2568 1213 ,
2604 1158 2628 1185 ο
2660 1150 2760 1204 etsi
2808 1150 2876 1203 ibi
2923 1158 3084 1205 erunt
3107 1188 3125 1217 ,
3158 1150 3315 1217 longe
3346 1157 3524 1203 tamen
3552 1150 3656 1203 alio
3687 1150 3847 1204 modo

2235 1258 2394 1313 quam
2442 1242 2494 1295 in
2529 1241 2627 1294 hac
2658 1242 2763 1295 vita
2818 1252 2965 1307 sunt,
3000 1242 3086 1294 ubi
3118 1250 3305 1295 contra
3333 1242 3461 1295 vitia
3510 1242 3628 1297 sine
3676 1245 3843 1297 inter-

2237 1334 2495 1387 missione
2551 1332 2875 1400 conﬂigunt,
2930 1343 2983 1385 et
3054 1348 3150 1399 pro
3198 1333 3317 1402 ipso
3382 1331 3604 1401 ancipiti
3668 1333 3847 1387 dubize

2238 1434 2265 1472 ι)
2298 1418 2715 1477 concertationis
2754 1432 2972 1486 eventu,
2998 1424 3160 1477 modo
3215 1424 3572 1493 negligentes,
3598 1424 3688 1491 qui
3743 1426 3844 1478 sibi

2240 1514 2427 1568 nolunt
2450 1516 2693 1579 obedire,
2709 1515 3039 1580 destituunt;
3072 1516 3232 1569 modo
3252 1518 3316 1568 ad
3342 1518 3497 1578 alios,
3518 1515 3713 1585 quibus
3735 1516 3847 1569 dis-

2240 1607 2439 1676 plicent
2482 1622 2577 1661 sua
2608 1615 2844 1674 peccata,
2876 1608 2959 1660 vel
2992 1607 3276 1672 accedunt,
3313 1618 3340 1656 (ι
3378 1614 3485 1661 Uco
3529 1608 3843 1669 miserante,

2238 1699 2323 1752 vel
2350 1698 2593 1752 redeunt.
2620 1697 2753 1751 Nam
2779 1698 2849 1750 ibi
2872 1698 2973 1751 etsi
3001 1700 3103 1752 erit
3129 1699 3505 1767 temperantia,
3534 1715 3637 1753 non
3670 1708 3725 1753 ut
3754 1700 3851 1755 de-

2240 1792 2436 1846 sidit-ria
2486 1792 2623 1845 mala
2656 1793 2739 1845 vel
2787 1792 2909 1845 vitia
2963 1791 3200 1845 refrenet
3234 1801 3255 1828 ι
3289 1798 3383 1845 aut
3412 1791 3617 1857 vincat;
3658 1791 3750 1845 sed
3797 1802 3854 1845 ιιι

526 1887 625 1941 has
654 1885 989 1951 aﬂ‘ectiones,
1021 1885 1177 1955 hujus
1210 1886 1333 1938 vita:
1364 1893 1508 1948 sunt,
1543 1899 1650 1938 non
1683 1882 1825 1937 illius
1854 1898 2012 1953 quam
2048 1881 2131 1935 fu-
2167 1892 2209 1950 Β
2241 1899 2355 1946 eos.
2389 1898 2521 1953 quos
2568 1884 2655 1935 hic
2687 1882 2755 1935 ab
2787 1891 2807 1915 ³
2853 1882 3280 1950 intemperantia:
3310 1882 3710 1951 impugnatione
3757 1882 3855 1935 de-

526 1989 700 2033 turam
732 1992 1014 2047 speramus
1046 1975 1271 2048 (Ibid.).
1305 1994 1323 2026 ι

1087 2066 1314 2124 CAPUT
1355 2066 1572 2121 XXXII.

527 2181 679 2248 Quod
730 2183 781 2233 lti
823 2180 1058 2247 a/I'ectus,
1108 2182 1217 2235 sine
1269 2184 1453 2251 quibus
1495 2200 1548 2235 tn
1582 2183 1678 2233 hac
1724 2183 1824 2233 vita
1857 2190 1989 2233 recte
2034 2197 2137 2233 non

599 2253 785 2305 vivitur
811 2269 865 2303 tn
901 2254 991 2304 illa
1019 2256 1196 2318 futura
1236 2255 1549 2304 beatitudne
1597 2268 1699 2306 non
1750 2255 1875 2317 sint,
1903 2268 2016 2320 qua:
2047 2268 2137 2304 nec

598 2323 830 2375 timorem
856 2323 1100 2375 habitura
1130 2332 1225 2388 est,
1256 2340 1347 2375 nec
1371 2323 1623 2377 dolorem.

600 2435 679 2489 Ac
708 2436 787 2489 sic
820 2434 921 2488 nisi
956 2450 1019 2489 ex
1054 2435 1366 2489 Conditione
1395 2443 1591 2489 "03th
1617 2434 1946 2489 infirmitatis
1978 2435 2135 2487 nobis

528 2527 773 2580 inrssent
801 2527 1024 2581 ntTectus
1059 2528 1185 2592 isti,
1224 2544 1496 2597 nunquam
1530 2530 1845 2598 plerumque
1886 2529 2137 2594 dolendo,

530 2618 615 2672 vel
666 2618 843 2672 flendo
886 2618 968 2673 eis
998 2629 1023 2665 κ
1052 2621 1373 2674 cederemus
1428 2621 1601 2674 inviti.
1636 2622 1741 2675 Sed
1795 2622 1997 2675 idcirco
2046 2636 2143 2675 eos

530 2707 658 2763 huic
687 2708 1023 2763 necessarios
1052 2710 1174 2762 vitae
1200 2710 1480 2774 sentimus,
1508 2712 1633 2778 quia
1671 2710 1721 2762 in
1758 2709 1858 2763 hac
1903 2712 2143 2763 mortali-

531 2810 641 2854 tate
671 2802 790 2856 sine
831 2801 911 2857 eis
947 2802 1170 2856 omnino
1203 2811 1351 2857 recte
1396 2818 1502 2857 non
1540 2804 1791 2856 vivimus.
1840 2803 2067 2869 Quando
2097 2804 2141 2855 si

532 2907 641 2946 non
685 2894 872 2948 timeat
901 2894 1130 2966 quisque
1164 2895 1247 2949 vel
1288 2906 1494 2959 caveat,
1531 2912 1599 2951 ne
1627 2906 1718 2949 aut
1750 2896 1864 2962 ipse
1908 2898 2143 2964 quandiu

536 2984 841 3038 mortaliter
865 2981 890 3019 ιι
919 2988 1064 3052 vivit,
1093 2997 1183 3039 aut
1222 2985 1359 3039 alius
1396 3002 1554 3056 quem
1610 2987 1663 3040 in
1707 2986 1924 3040 Christo
1951 2988 2141 3055 diligit,

539 3073 558 3110 ί
586 3088 614 3126 a
642 3073 746 3129 fide
769 3090 865 3128 sua
889 3075 1132 3138 deficiat;
1160 3077 1203 3129 si
1230 3092 1327 3131 nec
1356 3077 1423 3131 de
1449 3092 1567 3142 suo,
1587 3091 1688 3131 nec
1715 3076 1781 3131 de
1813 3077 2039 3145 proximi
2061 3078 2143 3129 sui

535 3174 758 3232 peccato
783 3165 1156 3232 contristezur,
1191 3183 1289 3221 nec
1318 3168 1518 3234 doleat,
1552 3166 1622 3221 de
1662 3167 1905 3236 profectu
1935 3169 2145 3221 laetetur

2244 1973 2430 2037 tendit,
2468 1973 2535 2026 ibi
2567 1972 2807 2041 perﬁciat
2834 1990 2843 2024 :
2883 1981 2938 2025 ut
2968 1987 3037 2027 ex
3068 1974 3211 2026 omni
3246 1983 3397 2042 parte
3430 1974 3681 2042 perlectis
3710 1988 3851 2042 pra:-

2243 2067 2335 2122 mii
2368 2068 2447 2119 sui
2486 2066 2639 2119 beata
2677 2068 2693 2101 ι
2735 2064 3008 2133 perceptio
3042 2063 3279 2133 perfecte
3310 2064 3566 2119 sufficiat.

2314 2157 2368 2209 2.
2404 2164 2431 2190 υ
2466 2155 2540 2208 lbi
2571 2155 2674 2208 erit
2704 2164 2759 2207 et
2788 2156 2951 2208 animi
2985 2154 3283 2219 fortitudo;
3316 2170 3422 2208 non
3456 2164 3513 2209 ut
3536 2154 3713 2223 aliqua
3746 2170 3858 2209 ma-

2243 2248 2290 2302 la
2322 2249 2614 2317 propulset,
2649 2256 2739 2300 aut
2770 2248 3144 2316 aequanimiter
3174 2248 3329 2312 ferat,
3365 2248 3460 2302 sed
3486 2256 3543 2302 ut
3570 2249 3687 2302 sine
3736 2248 3858 2301 ullis

2246 2342 2399 2395 malis
2428 2342 2611 2395 beatos
2642 2340 2851 2393 fortiter
2880 2343 2929 2394 in
2961 2352 3168 2396 azterno
3199 2342 3343 2395 bono
3372 2341 3665 2395 contineat.
3700 2340 3775 2393 Ibi
3805 2341 3857 2393 in

2246 2434 2493 2488 omnibus
2525 2434 2776 2502 perfectis
2806 2436 2909 2488 erit
2940 2435 3172 2501 perfecta
3202 2435 3410 2503 justitia
3434 2475 3447 2497 ,
3482 2450 3588 2488 non
3619 2444 3678 2487 ut
3720 2436 3860 2487 inter

2248 2525 2474 2579 virtutes
2506 2525 2779 2579 discernat
2808 2534 2861 2578 et
2893 2524 3041 2587 vitia,
3074 2526 3163 2579 ubi
3212 2540 3313 2580 nec
3366 2524 3479 2593 ipsa
3511 2534 3670 2580 erunt
3696 2534 3724 2561 τ
3752 2525 3861 2591 jam

2250 2631 2475 2685 corpora
2502 2618 2727 2681 vitiosa;
2758 2616 2854 2671 sed
2885 2626 2939 2669 ut
2963 2616 3218 2686 perfectis
3248 2618 3468 2686 praemia
3500 2618 3699 2671 tribuat
3721 2632 3862 2670 sem-

2252 2712 2479 2777 piterna.
2510 2709 2663 2776 Quod
2694 2720 2821 2763 tunc
2856 2712 2964 2773 fiet,
2999 2711 3216 2779 quando
3247 2709 3393 2763 omni
3424 2712 3861 2778 concupiscentia

2250 2805 2449 2857 carnali
2473 2812 2812 2871 consumpta,
2840 2818 2937 2856 nec
2958 2802 3219 2856 adversus
3242 2818 3461 2857 carnem
3489 2803 3731 2871 spiritus,
3764 2820 3863 2856 uec

2250 2910 2376 2948 caro
2405 2896 2664 2949 adversus
2692 2895 2938 2961 Spiritum
2969 2896 3314 2961 concupiscet
3338 2900 3354 2962 (
3378 2891 3496 2947 Gal.
3526 2909 3580 2954 ν.
3608 2895 3703 2960 17)
3728 2912 3741 2954 ;
3769 2895 3860 2946 sed

2250 2988 2461 3038 animus
2518 2986 2624 3039 Deo
2654 2985 2947 3053 subjectus,
2981 2998 3105 3039 cum
3154 2999 3319 3040 carne
3365 2982 3468 3037 s‘ibi
3519 2982 3764 3051 subjema
3813 2985 3861 3036 in

2254 3093 2384 3146 pace
2432 3078 2764 3145 sempiterna
2819 3080 3083 3147 regnabit,
3121 3086 3175 3132 et
3204 3076 3445 3130 Creatori
3493 3089 3591 3131 suo
3624 3077 3674 3129 in
3708 3087 3865 3129 mter-

2255 3186 2378 3222 num
2427 3169 2653 3223 feliciter
2689 3170 3008 3224 adhaerebit.
3067 3169 3187 3224 Jam
3239 3169 3519 3235 prudentia
3549 3210 3563 3233 ,
3609 3184 3729 3237 qutc
3781 3169 3865 3223 hic

536 3268 630 3311 aut
655 3258 904 3327 gaudeat,
932 3259 979 3311 si
1006 3260 1137 3312 nihil
1171 3259 1293 3312 boni
1321 3260 1454 3314 velit
1477 3268 1569 3313 aut
1589 3259 1768 3327 cupiat
1792 3275 1807 3323 ;
1835 3274 1941 3311 non
1969 3260 2142 3312 solum
2174 3265 2218 3325 C
2252 3275 2464 3328 quoque
2494 3261 2723 3315 habetur
2750 3262 2915 3321 clara.
2951 3262 3039 3315 tibi
3074 3262 3126 3314 in
3156 3262 3443 3329 aenigmate
3470 3263 3703 3330 quodam
3738 3278 3865 3328 pru-

536 3358 686 3403 recte
709 3364 812 3402 non
846 3349 1002 3417 vivit,
1035 3353 1127 3403 sed
1148 3352 1314 3404 "etiam
1343 3365 1562 3403 sensum
1594 3349 1765 3418 ipsius
1796 3350 2145 3404 humanitatis

542 3440 758 3492 amittit.
787 3438 844 3492 In
873 3439 957 3491 illa
990 3449 1169 3494 autem
1199 3441 1307 3493 vita
1338 3442 1491 3494 beata
1516 3442 1580 3492 ad
1614 3450 1794 3509 Quam,
1825 3450 2145 3508 consumpta

543 3534 688 3584 omni
718 3531 1175 3598 cormptibilitate
1206 3534 1219 3580 i
1252 3547 1314 3584 ac
1358 3533 1709 3595 mortalitate,
1742 3530 1766 3567 ⁸
1793 3530 2146 3600 pervenient,

540 3626 846 3692 quicunque
875 3624 945 3678 ibi
980 3626 1142 3677 futuri
1170 3634 1315 3689 sunt,
1350 3622 1363 3660 1
1395 3626 1482 3677 ubi
1512 3640 1609 3679 nec
1632 3626 1788 3681 ﬂetus
1807 3626 1947 3679 ullus
1971 3635 2150 3695 potest

543 3730 686 3782 esse,
730 3731 829 3769 nec
851 3716 1124 3785 gemitus:
1167 3717 1443 3771 habebunt
1482 3733 1673 3771 omnes
1710 3718 1881 3773 sancti
1908 3733 2147 3773 amorem

542 3808 880 3877 perfectum,
917 3809 1165 3863 timorem
1204 3809 1440 3877 nullum,
1474 3820 1529 3864 et
1572 3812 1826 3879 gaudium
1865 3813 2150 3879 sempiter-

544 3916 697 3955 num.
738 3900 975 3955 Ibimeis
1015 3902 1118 3955 erit
1149 3902 1395 3955 voluntas
1438 3910 1606 3967 recta,
1656 3903 1923 3970 cupiditas
1970 3903 2146 3969 nulla,

544 3998 797 4066 quoniam
833 3996 1057 4049 fruendo
1086 3996 1402 4050 ccelestibtts
1428 3996 1603 4066 bonis,
1630 3997 1692 4050 ad
1722 4013 1843 4065 quae
1870 3999 2151 4064 pervenire

545 4088 859 4156 cupiebant,
882 4088 1011 4139 nihil
1027 4088 1104 4141 eis
1127 4088 1299 4142 deerit
1324 4092 1464 4159 quod
1491 4091 1718 4163 ulterius
1740 4092 2151 4159 concupiscant,

544 4188 601 4232 et
624 4179 675 4231 in
700 4178 785 4231 illa
807 4181 1028 4247 regione
1051 4191 1324 4249 perpetua:
1346 4184 1654 4236 securitatis
1671 4196 1733 4236 ac
1755 4184 1898 4251 pacis
1918 4182 2155 4250 perfecte

546 4272 715 4335 beati,
736 4286 833 4326 nec
859 4273 1066 4327 timoris
1086 4274 1332 4327 stimulos
1350 4277 1558 4344 passuri
1578 4288 1725 4341 sunt,
1756 4284 1782 4312 υ
1806 4290 1905 4330 nec
1926 4277 2152 4330 doloris.

544 4361 653 4418 Sed
672 4364 835 4417 timor
858 4362 967 4429 ille,
994 4380 1101 4419 non
1118 4381 1281 4433 quem
1297 4365 1493 4421 caritas
1510 4366 1653 4421 foras
1676 4367 1859 4431 mittit,
1878 4366 1972 4421 sed
1994 4382 2153 4436 quem

547 4457 747 4512 caritas
781 4458 967 4526 nutrit,
995 4458 1118 4514 ideo
1156 4457 1404 4515 fortassis
1445 4460 1501 4515 in
1531 4461 1787 4516 saeculum
1831 4460 2011 4515 sarculi
2038 4475 2159 4529 per-

629 4707 655 4777 f
689 4700 816 4777 Mss.
851 4709 981 4767 tres,
1013 4717 1066 4777 in
1095 4701 1456 4777 explanandis.
1486 4703 1654 4765 Unus.
1690 4706 1743 4757 in
1772 4705 2127 4773 explorandis.
2197 4719 2249 4777 ι)

628 4770 654 4807 δ
689 4771 783 4824 Ms.
813 4786 972 4836 unus,
1005 4774 1067 4824 de
1094 4788 1267 4824 amore
1290 4775 1439 4825 bono.

632 4850 653 4913 εξ
688 4841 855 4913 Editi,
886 4858 1004 4894 vera
1034 4846 1177 4895 vitia.
1215 4843 1311 4895 Ms.
1338 4842 1470 4913 Reg.
1496 4860 1657 4906 unus.
1693 4862 1806 4898 vere
1828 4848 1950 4899 vitia
1982 4858 2122 4899 sunt.

627 4909 650 4945 ά
680 4912 809 4988 Mss.
822 4922 1049 4988 quatuor
1066 4924 1118 4967 et
1138 4913 1330 4982 Lugd,
1351 4909 1630 4984 sequuntur
1654 4932 1669 4969 :
1696 4918 1895 4986 inquo,
1914 4918 1995 4971 tibi
2014 4936 2164 4988 apor-

554 4989 657 5033 teat
689 4982 1012 5035 adhibentur.

697 5051 785 5106 Sic
827 5068 926 5105 ms.
960 5067 1097 5127 unus
1127 5052 1280 5127 Colb.
1315 5062 1369 5127 et
1418 5056 1586 5125 Lugd.
1623 5056 1811 5123 editio,
1841 5066 1999 5127 atque
2024 5075 2158 5113 nova

557 5121 726 5175 editio
761 5137 982 5191 operum
1031 5124 1089 5179 S.
1152 5125 1466 5189 Augustini,
1502 5121 1640 5181 tom.
1687 5127 1753 5181 Χ.
1799 5121 2160 5183 Άιίἴςυάᾱιυε

558 5192 752 5268 nostri,
785 5193 1042 5247 morbidus
1071 5211 1159 5268 seu
1191 5196 1413 5250 riliosas.
1450 5199 1525 5251 Ex
1554 5200 1707 5253 Colb.
1740 5213 1900 5268 unus,
1934 5202 2047 5265 quis
2073 5218 2159 5255 eas

562 5263 737 5314 morbo
767 5273 883 5315 tunc
912 5280 1006 5316 suo
1036 5267 1262 5318 vitiosas.

639 5330 659 5369 ί
693 5332 817 5386 Mss.
855 5344 984 5399 tres,
1012 5334 1303 5391 habeamus.

635 5403 795 5477 {Sic
828 5419 956 5477 uss.
996 5405 1252 5473 quinque.
1300 5408 1468 5472 Unus,
1518 5408 1932 5461 concederemus.
1993 5410 2154 5477 Editi,

560 5472 901 5545 crederemus.
932 5474 1089 5527 Deest
1118 5472 1193 5526 vel
1220 5478 1392 5545 ﬂendo
1424 5479 1474 5531 itt
1508 5495 1608 5534 tus.
1641 5478 1792 5533 Colb.
1830 5485 2011 5534 unico.

634 5541 664 5578 ³³
690 5544 813 5598 Mss.
840 5544 969 5607 duo,
1003 5561 1101 5597 non
1133 5541 1337 5599 vivitur.

638 5610 656 5695 ξ
698 5613 964 5668 Particula
1010 5631 1042 5666 a
1082 5615 1269 5671 aberat
1316 5618 1384 5671 ab
1421 5618 1617 5684 editis;
1662 5619 1891 5675 habetur
1921 5636 1985 5675 ex
2020 5638 2151 5678 mss.

558 5697 815 5755 qutnqoe.

636 5766 653 5830 _t
698 5756 867 5830 istud,
895 5771 957 5809 ac
978 5756 1309 5822 mortalitate,
1342 5758 1495 5830 abest
1524 5771 1555 5813 a
1581 5773 1713 5815 mss.
1745 5760 2003 5830 quinque.

636 5822 662 5862 κ
694 5825 789 5881 Ms.
822 5840 981 5890 unus,
1014 5830 1323 5895 pert-enicat.
1350 5829 1457 5883 Alii
1480 5844 1689 5893 omnes,
1714 5822 2029 5904 pirveniunt.

2254 3351 2442 3405 dentes
2475 3352 2759 3410 illuminat.
2790 3353 2963 3419 qualis
2992 3353 3059 3406 ibi
3092 3352 3216 3417 erit,
3252 3353 3338 3405 ubi
3373 3362 3397 3388 ι
3426 3355 3707 3407 veritatem
3742 3368 3865 3422 per-

2258 3443 2408 3497 fectis
2440 3458 2576 3513 quos
2621 3442 2709 3499 hic
2736 3444 2853 3513 ejus
2899 3444 3177 3514 inquisitio
3204 3445 3550 3511 delectabat,
3581 3448 3699 3499 sine
3744 3445 3867 3497 ullis

2257 3537 2441 3607 ﬁguris
2474 3538 2789 3593 fallentibus
2821 3540 3255 3594 demonstrabit:
3284 3551 3339 3592 ut
3371 3540 3668 3608 prudentia:
3696 3555 3757 3591 ac
3782 3557 3868 3592 sa-

2258 3631 2474 3700 pientia:
2526 3632 2765 3700 plenaria
2809 3640 2838 3679 δ’
2882 3631 3230 3700 perceptione
3278 3633 3529 3685 divinitus
3581 3632 3862 3695 illustrati,

2258 3722 2439 3776 omnia
2463 3721 2552 3775 illa
2579 3738 2699 3791 qure
2732 3722 2816 3776 hic
2845 3723 3081 3789 perfecte
3112 3724 3399 3792 cupiebant
3430 3739 3607 3790 nosse,
3645 3738 3742 3778 nec
3772 3738 3866 3792 po-

2259 3821 2454 3873 terant,
2486 3813 2604 3867 sine
2635 3815 2741 3867 ullo
2773 3814 3159 3881 impedimento
3182 3816 3546 3883 corruptionis
3573 3830 3637 3869 ac
3668 3824 3867 3868 morta-

2258 3904 2422 3958 litatis
2446 3914 2780 3973 agnoscant;
2814 3915 2869 3959 ct
2898 3922 3001 3959 non
3026 3908 3197 3960 solum
3227 3918 3598 3961 creaturarum
3626 3909 3865 3960 omnium

2263 4007 2283 4033 τ
2320 3998 2578 4066 rationes,
2605 4000 2698 4053 sed
2726 4000 2885 4053 etiam
2918 4001 3088 4067 ipsam
3112 4001 3192 4053 sui
3219 3999 3492 4054 Creatoris
3518 4002 3865 4055 eminentiam

2262 4090 2397 4144 l'acie
2426 4091 2659 4144 revelata
2689 4091 3063 4159 conspiciant?
3136 4140 3139 4141 ν

2818 4183 3045 4237 CAPUT
3078 4182 3323 4237 XXXIV.

2521 4271 2619 4326 Ubi
2649 4288 2701 4326 se
2730 4273 2793 4325 de
2833 4282 2936 4326 toto
2968 4290 3119 4344 opere
3144 4273 3347 4327 locutor
3378 4282 3609 4328 excusat.

2340 4368 2388 4420 l.
2424 4364 2606 4434 Itaque
2630 4406 2643 4430 ,
2674 4367 2718 4418 si
2753 4366 2951 4434 placet,
2984 4366 3141 4435 hujus
3174 4382 3390 4436 quoque
3437 4365 3601 4420 libelli
3624 4365 3734 4435 jam
3764 4374 3873 4420 lcr-

2264 4458 2443 4513 minus
2476 4457 2568 4511 ftat
2598 4473 2611 4509 :
2660 4473 2725 4511 ne
2752 4458 2983 4527 amplius
3010 4458 3157 4527 juSto
3182 4460 3476 4528 productus
3497 4499 3510 4520 ,
3554 4472 3659 4511 non
3697 4458 3871 4511 solum

2349 4706 2367 4746 ι
2404 4707 2501 4762 Ms.
2526 4721 2687 4771 unus,
2715 4708 2783 4761 ibi
2814 4724 2923 4761 nec.

2349 4786 2388 4815 ω
2423 4782 2549 4832 Mss.
2577 4788 2805 4848 quatuor
2829 4787 3012 4833 carent
3046 4778 3143 4831 hac
3173 4794 3213 4830 vi
3240 4793 3321 4841 ce,
3362 4780 3451 4835 eis.

2346 4856 2373 4883 ιι
2404 4850 2500 4904 Ms.
2529 4859 2684 4913 unus,
2720 4865 2812 4901 nec
2833 4850 3056 4903 dolores.

2348 4930 2371 4954 υ
2405 4920 2531 4973 MSS.
2558 4920 2686 4983 duo,
2718 4929 2765 4973 et
2788 4921 2857 4972 ibi
2885 4930 3052 4973 erunt.

2343 5000 2369 5037 P
2402 4989 2543 5043 Edit.
2574 4990 2767 5059 Lugd,
2799 4994 3218 5043 conversationis.

2345 5070 2369 5109 ft
2403 5065 2529 5114 Mss.
2555 5061 2684 5125 duo,
2712 5060 2935 5113 Domino
2961 5061 3252 5113 miserante.

2344 5140 2365 5167 τ
2403 5131 2499 5184 Ms.
2533 5148 2692 5197 unus,
2726 5147 2787 5183 ac
2812 5133 2994 5183 vincat.
3027 5133 3198 5197 Alter,
3228 5143 3277 5184 ut
3311 5132 3495 5185 vincat.

2345 5210 2365 5236 ¹⁵
2400 5198 2733 5275 Ms.Ctmb.,
2768 5204 2829 5275 ab
2865 5203 3273 5270 inunperantia:
3314 5202 3488 5275 morbo
3510 5206 3864 5275 impugnante.

2267 5272 2365 5347 Ms‘.
2390 5272 2545 5347 (Solii.
2572 5288 2732 5337 unus,
2750 5272 2812 5325 ab
2844 5276 3254 5345 intemperantia:
3278 5274 3456 5326 ntorbo
3480 5272 3872 5347 inip'ngnatioite

2264 5340 2515 5410 defendit.

2344 5414 2361 5448 ί
2398 5411 2527 5466 Mss.
2558 5411 2686 5475 duo,
2721 5412 3061 5480 perceptione.

2335 5491 2362 5519 ιι
2396 5480 2659 5554 Editini
2674 5486 2829 5536 enim.
2852 5483 2980 5537 Mss.
3001 5484 3256 5554 quinque,
3285 5483 3363 5535 Ibi
3382 5486 3488 5539 erit.
3520 5486 3683 5551 Unus,
3704 5484 3866 5538 Ibiet.

2338 5563 2363 5588 ν
2393 5553 2521 5607 Mss.
2551 5553 2678 5614 duo,
2713 5571 2803 5608 nec
2825 5557 2934 5621 ipszt
2962 5553 3109 5607 erunt
3134 5572 3374 5623 corpora.

2342 5632 2366 5659 κ
2400 5624 2498 5695 Ms.
2534 5627 2744 5695 Camln,
2770 5627 2980 5677 veritate
3002 5628 3267 5695 perfectos.

2338 5703 2366 5742 γ
2398 5693 2494 5765 Ms.
2524 5694 2735 5765 Camb,
2771 5693 3096 5765 perfectione.

2341 5773 2363 5799 ι
2396 5764 2557 5830 Editi,
2586 5764 2868 5819 rationem.
2897 5768 3022 5821 Mss.
3058 5782 3270 5833 omnes,
3303 5768 3555 5819 rat'ones.
