4322 6478
730 416 834 472 M9

1891 400 2030 458 DUO
2068 396 2370 456 ANONYMI
2408 395 2792 454 AUCTORES.

3904 398 4004 454 520

726 533 796 589 de
824 538 852 569 ι
895 529 979 583 sui
1025 525 1276 596 squalore
1300 563 1318 590 ,
1355 521 1449 578 scd
1477 520 1638 576 etiam
1683 516 1752 572 de
1797 516 1959 570 nimia
2007 514 2311 585 prolixitate
2340 512 2393 574 Α
2419 500 2472 567 id
2497 512 2757 567 exhibere
2786 507 3056 580 loquendo
3083 522 3187 561 non
3219 506 3388 578 potui.
3417 507 3482 562 Et
3508 515 3685 569 tamen
3723 521 3844 564 cum
3885 524 4007 567 sen-

726 621 1024 688 displiceat.
1060 617 1171 671 Hoc
1195 630 1325 670 sane
1351 612 1381 652 δ
1407 606 1712 678 omnes'qul
1753 606 1870 662 huc
1897 615 1920 644 °
1957 604 2096 679 loth
2123 603 2311 658 lecturi

727 717 890 775 sunt,
935 715 1246 769 contestor,
1277 709 1332 756 et
1356 698 1620 763 obsecro,
1652 705 1712 752 ut
1752 695 2011 775 quidquid
2051 695 2104 748 in
2152 697 2316 748 rebus

729 800 884 868 ipsis,
918 812 1041 868 quas
1069 805 1333 861 utcunque
1359 789 1582 859 digestae
1627 794 1754 843 sunt
1778 826 1792 850 ,
1834 781 1860 822 δ
1894 781 2316 853 reprehensione

730 884 1290 961 dignuminvoneriut,
1313 880 1440 934 vitio
1461 894 1594 934 mea:
1614 876 1926 933 rusticitatis
1945 875 2238 938 ascribunt,
2260 879 2314 926 et

731 979 860 1033 mihi
898 977 1178 1046 dignanter
1204 971 1513 1040 indulgeant
1561 986 1576 1024 :
1623 967 1715 1038 qui
1743 967 1869 1022 dum
1905 975 1930 1003 ⁸
1957 964 2152 1019 studeo
2177 973 2315 1032 prtu-

727 1076 942 1137 ccptnm
975 1063 1211 1134 iubentis
1237 1056 1462 1131 implere
1486 1101 1503 1125 ,
1527 1060 1690 1117 etiam
1718 1059 1920 1128 majora
1950 1056 2152 1111 viribus
2177 1053 2316 1110 meis

729 1157 1046 1228 prmsumpsi
1071 1157 1369 1225 suscipere.
1399 1153 1473 1209 Ea
1497 1161 1672 1207 autem
1691 1165 1811 1221 qua:
1831 1147 2121 1205 secundum
2154 1144 2314 1200 (idem

728 1251 1043 1306 catholicam
1065 1248 1210 1304 dicta
1252 1246 1616 1316 probaverim,
1645 1242 1905 1312 deputent
1927 1241 2040 1296 Deo
2061 1279 2077 1304 ,
2099 1239 2190 1309 qui
2224 1237 2319 1292 dat

729 1340 979 1396 omnibus
1003 1337 1306 1402 sinuentur,
1345 1344 1399 1389 et
1443 1349 1548 1388 non
1571 1333 1902 1399 imprOperat
1919 1327 2127 1403 (Jacobi
2162 1344 2200 1396 t,
2227 1327 2316 1397 5):

729 1441 783 1488 et
807 1446 906 1501 pro
931 1427 1034 1485 bis
1051 1428 1322 1496 omnibus,
1351 1424 1372 1465 ί
1404 1425 1493 1480 illi.
1506 1439 1712 1480 mecum
1739 1421 1938 1494 gratias
1956 1432 2135 1492 agant.

800 1523 857 1576 2.
903 1521 1168 1576 Caeterum
1199 1517 1268 1575 de
1310 1517 1655 1573 accusatione
1702 1503 1956 1571 dictionis
1992 1513 2317 1569 elucubratas

728 1627 840 1668 non
867 1622 1082 1681 satago;
1117 1622 1217 1666 nec
1251 1609 1382 1662 mihi
1411 1615 1439 1655 σ
1466 1605 1654 1675 pudori
1684 1596 1837 1661 estsi
1861 1603 2147 1674 disputatio
2173 1618 2314 1668 mea,

728 1718 849 1771 qua
874 1701 1016 1757 forte
1041 1699 1298 1770 probatur
1324 1697 1378 1755 iu
1402 1697 1597 1763 rebus,
1630 1696 1843 1766 aliquos
1871 1695 2156 1752 verborum
2196 1693 2318 1748 ina-

727 1795 878 1850 nium
899 1803 1196 1852 scctatoros
1215 1790 1441 1848 horrore
1463 1791 1750 1860 incompta
1767 1787 2027 1843 orationis
2046 1786 2317 1843 otiendat:

728 1887 853 1958 quia
879 1883 1024 1954 quod
1066 1885 1137 1941 ab
1164 1883 1382 1940 homine
1409 1882 1635 1939 ductore
1670 1879 1945 1937 stndendo
1979 1893 2088 1934 non
2132 1878 2318 1948 didici,

802 2032 830 2094 ξ·
857 2023 964 2080 bis.
989 2036 1150 2089 unus,
1178 2021 1358 2094 dnuo
1375 2019 1673 2094 squalore.-

800 2092 830 2132 δ
863 2094 991 2151 Mss.
1025 2104 1155 2160 tres,
1185 2091 1440 2151 omnibus.

806 2173 830 2201 α
861 2165 918 2218 ln
943 2179 1055 2219 uno
1083 2177 1187 2218 ms.
1213 2161 1371 2218 deest.
1395 2162 1550 2230 forte.

799 2231 830 2271 ιι
861 2235 937 2288 tta
964 2249 1066 2290 ms.
1099 2232 1252 2288 συιδ.
1295 2226 1455 2288 unus.
1496 2228 1603 2285 Alii
1641 2238 1822 2285 autem
1860 2226 2097 2290 codices,
2145 2241 2320 2296 repre-

730 2302 995 2358 hensionis
1015 2301 1322 2357 inuenerint.
1590 2297 1594 2302 ’

803 2383 831 2413 ⁸
860 2369 964 2427 Is.
989 2384 1148 2434 unus,
1171 2369 1297 2424 dum
1324 2368 1522 2425 studui.
1852 2372 1855 2374 ’

803 2439 826 2482 ί
859 2441 1020 2499 Deest
1039 2440 1123 2497 illi
1147 2442 1203 2496 in
1226 2440 1408 2496 editis.
1435 2439 1673 2495 “abutar
1698 2438 1752 2492 in
1775 2437 2025 2493 carnibus
2051 2452 2182 2493 mss.

2419 603 2710 658 tentiarum
2757 599 3098 656 vivacitatem
3149 611 3332 656 sermo
3371 611 3438 654 os
3504 598 3765 654 industria
3832 598 4006 656 cultus

2414 702 2645 748 enervet
2691 691 2746 760 λ,
2776 701 2832 747 et
2876 681 3042 746 totam
3071 690 3181 746 vim
3227 690 3491 746 dictorum
3538 690 3794 761 splendor
3829 691 4010 747 elabo-

2419 793 2566 838 ratus
2597 791 2843 850 evacuet,
2875 783 3000 852 Quis
3026 795 3133 838 non
3183 782 3388 851 iudicet
3429 797 3516 839 me
3566 781 3584 821 ί
3619 782 4008 838 allocutionem

2416 875 2822 944 contpositionis
2851 872 3104 929 debuisse
3131 883 3501 940 contemnere.
3520 869 3679 928 etiam
3703 875 3746 928 si
3775 887 3893 929 eam
3923 887 4012 942 po-

2418 965 2667 1038 tuissem,
2710 967 2856 1023 velut
2877 964 3090 1021 dicendi
3122 965 3349 1036 peritus,
3387 964 3649 1033 implere?
3676 965 4011 1033 Quapropter

2417 1071 2482 1114 ea
2512 1059 2641 1114 mihi
2668 1060 2778 1113 visa
2801 1068 2883 1115 est
2902 1057 3225 1127 compositio
3251 1057 3381 1111 satis
3405 1067 3619 1122 ornata,
3640 1073 3759 1127 qua!
3783 1040 4014 1126 concep-

2420 1152 2596 1205 tiones
2635 1149 2798 1204 animi
2839 1165 2962 1204 cum
3008 1146 3310 1204 necessarii
3360 1147 3590 1217 quadam
3640 1147 4014 1216 perspicuitate

2419 1239 2704 1312 proferret,
2726 1254 2833 1294 non
2849 1254 2969 1310 qua
2988 1237 3258 1296 illecebris
3274 1238 3481 1297 aurium
3494 1237 3814 1294 deserviret.
3830 1238 3903 1293 Ea
3925 1247 4015 1294 est

2418 1325 2586 1399 enim,
2612 1330 2715 1386 nisi
2747 1329 2920 1395 fallor,
2938 1329 3178 1400 iudicata
3217 1330 3503 1398 Latinitas,
3533 1345 3657 1399 quae
3697 1329 3934 1385 breviter
3962 1341 4018 1384 et

2419 1431 2627 1493 aperte,
2645 1422 2924 1480 observata
2949 1421 3209 1475 duntaxat
3238 1421 3553 1476 usitatorum
3581 1421 3864 1477 verborum
3901 1435 4021 1490 pro-

2423 1517 2671 1587 prietate,
2713 1530 2804 1572 res
2837 1515 3212 1585 intelligendas
3239 1517 3515 1580 enuntiat;
3543 1529 3650 1572 non
3679 1530 3799 1586 qua
3827 1517 3846 1567 l
3901 1529 4019 1568 ver-

2421 1607 2600 1660 nantis
2620 1604 2818 1676 eloquii
2845 1613 3126 1672 venustato
3144 1613 3307 1675 atque
3331 1603 3648 1661 urbanitate
3667 1603 3905 1660 luxuriat
3924 1619 3941 1668 ;
3965 1613 4021 1658 et

2422 1695 2780 1768 prudentibus
2803 1696 2932 1752 viris
2965 1710 3076 1751 nou
3106 1695 3318 1766 placeant
3346 1694 3646 1766 pbslorata.
3673 1694 3770 1751 scd
3813 1693 4016 1750 lurtla:

2423 1786 2640 1857 quando
2660 1800 2767 1841 non
2790 1801 2879 1841 res
2901 1800 3002 1855 pro
3025 1785 3228 1853 verbis,
3255 1785 3350 1843 sed
3377 1800 3476 1856 pro
3493 1784 3657 1842 rebus
3673 1783 4021 1841 enuntiandis

2424 1880 2592 1937 verba
2611 1889 2742 1936 sunt
2769 1878 3034 1936 instituta.

2349 2023 2400 2083 Β
2450 2087 2455 2088 γ
2501 2025 2535 2088 σν
2557 2015 2650 2073 Sic
2678 2031 2792 2088 ms.
2813 2015 3013 2088 Regius
3034 1965 3391 2083 unus.,Alius,
3412 2016 3585 2088 pudor
3605 2028 3702 2074 est.
3728 2015 3892 2084 Editi,
3919 2033 4020 2088 pu-

2422 2087 2566 2143 tlaris
2595 2095 2693 2152 est,
2723 2086 2903 2141 minus
2926 2086 3134 2141 latine.

2421 2153 2811 2296 “aggernt
2861 2157 2978 2213 tunc
3032 2157 3101 2211 ab
3156 2154 3290 2211 edit.
3342 2152 3536 2211 Colon.
3578 2163 3636 2213 et
3686 2169 3819 2212 mss.
3863 2154 4018 2212 Colb.

2507 2295 2523 2416 ἒ
2567 2295 2696 2420 ῗιέῗ
2719 2293 3345 2430 ἓξὲἓῖθὶῖὲίνἚἬΣ
3396 2361 3533 2436 Reg.
3573 2378 3735 2433 unus,
3781 2367 4018 2423 uersutis.

2344 2484 2347 2487 _
2433 2435 2606 2504 Alter,
2631 2437 2845 2491 uersutis
2875 2436 3100 2508 eloquio,
3127 2447 3234 2491 etc.

1883 2678 1888 2683 '
1923 2661 2224 2707 3380".
2269 2659 2529 2705 εισι]ιο
2572 2657 2835 2713 QUINTO.

759 2787 1251 2955 nuo
1381 2784 2476 2955 ANONYMI
2607 2779 3964 2950 AUCTORES.

2154 3115 2594 3186 BALUZII

1231 3276 1906 3363 ADMONITIO
1979 3277 2101 3359 IN
2171 3276 2718 3359 LIBELLOS
2795 3275 3520 3387 SEQUENTES.

808 3539 940 3607 Qua:
966 3537 1048 3592 hic
1073 3525 1304 3593 exhibeo
1323 3536 1576 3606 opuscula
1617 3532 1816 3603 sitiet-it
1851 3533 1977 3587 mihi
2016 3534 2177 3588 codex
2222 3549 2320 3587 ms.
2348 3536 2394 3599 (ζ
2428 3533 2778 3586 demonstrant
2798 3573 2813 3598 ,
2839 3548 2955 3587 cum
2974 3542 3129 3587 cttam
3158 3530 3430 3600 conﬁrmat
3455 3553 3639 3594 nomen
3668 3541 3804 3597 idem
3828 3549 4016 3618 sepius

737 3627 1049 3683 bibliotheca:
1077 3627 1342 3681 illustriss.
1381 3624 1594 3692 capituli
1616 3625 1831 3697 majoris
1861 3621 2107 3678 Ecclesia:
2119 3623 2322 3683 Lucen-

736 3724 806 3776 sis
824 3762 839 3786 ,
878 3720 1143 3790 quadratis
1167 3757 1184 3783 ,
1213 3734 1340 3786 quas
1379 3714 1800 3788 Longobardicas
1831 3725 2011 3772 vocant
2031 3757 2049 3785 ,
2080 3724 2322 3770 esaratus

738 3810 916 3866 litteris
936 3851 952 3877 ,
985 3807 1156 3863 Caroli
1188 3806 1369 3877 Magni
1393 3821 1497 3860 (evo
1527 3806 1839 3875 descriptus,
1861 3806 1939 3860 uti
1969 3803 2037 3860 P.
2075 3802 2322 3858 Mabillo-

737 3902 854 3956 nius
901 3899 1134 3954 oculatus
1181 3901 1322 3955 testis
1355 3900 1481 3953 olim
1519 3899 1645 3953 dum
1668 3898 1828 3953 Luca
1867 3909 1993 3953 esset
2019 3899 2244 3969 agnovit,
2275 3907 2323 3951 et

736 4009 828 4065 ego
855 3993 908 4046 in
960 3993 1322 4045 commentario
1370 3994 1433 4044 de
1459 3990 1552 4045 illo
1607 3992 1800 4061 scripto
1833 4002 1889 4044 er
1927 3993 2160 4059 etulgato
2191 3990 2323 4042 inter

738 4084 986 4154 apuscula
1017 4080 1084 4134 P.
1113 4080 1363 4153 Calogera
1386 4122 1403 4146 ,
1436 4092 1561 4135 tom.
1589 4080 1738 4138 XLV
1764 4124 1778 4147 ,
1808 4082 2170 4134 demonstraui.
2217 4079 2326 4133 Pu-

739 4177 870 4228 blica
889 4174 1011 4227 tlure
1039 4175 1194 4243 digna
1219 4173 1393 4226 censui
1423 4214 1439 4239 ,
1485 4181 1592 4225 tum
1631 4189 1694 4226 επ
1731 4172 2034 4240 antiquitate
2063 4187 2179 4236 sua,
2214 4187 2325 4224 cum

739 4266 927 4335 pariter
953 4265 1091 4335 quod
1124 4263 1322 4333 aliquid
1353 4265 1609 4317 continere
1624 4263 1964 4334 judicaverim
2006 4273 2178 4331 aptum
2224 4263 2328 4316 sive

738 4359 806 4410 ad
844 4373 1014 4410 rerum
1061 4357 1319 4410 veritatem
1368 4357 1672 4418 eruendam,
1731 4357 1832 4409 sive
1882 4357 1950 4409 ad
1994 4364 2190 4410 erutam
2210 4357 2326 4426 jam

738 4447 1098 4503 illustrandum
1126 4457 1276 4518 atque
1305 4447 1732 4518 conﬁrmandam.
1771 4451 1934 4513 Quam
1961 4463 2076 4501 vero
2101 4447 2153 4500 in
2176 4463 2325 4500 usum

740 4541 906 4594 valere
933 4540 1138 4610 singula
1167 4541 1452 4595 existiment
1478 4542 1528 4594 in
1569 4541 1666 4595 hac
1711 4541 2017 4609 prtefatione
2044 4555 2158 4595 mea
2188 4539 2326 4593 indi-

741 4631 958 4684 candum
986 4631 1136 4684 modo
1168 4632 1414 4700 suscipio.

817 4719 1108 4792 l’rincipem
1132 4721 1303 4775 locum
1331 4723 1450 4775 dedi
1478 4722 1727 4792 apusculo
1754 4723 1817 4776 de
1842 4720 2154 4793 Genealogia
2191 4731 2323 4776 vete-

742 4831 856 4867 rum
876 4813 1285 4884 patriarcharum
1305 4831 1366 4867 ac
1385 4824 1680 4869 ceterorum
1701 4830 1859 4884 usque
1879 4814 1947 4868 ad
1971 4811 2005 4866 J
2011 4831 2151 4868 esum
2176 4812 2323 4868 Chri-

2426 3637 2712 3690 recurrcns,
2747 3623 2834 3676 ubi
2859 3623 3069 3692 integris
3093 3622 3277 3678 litteris
3296 3637 3652 3685 conseruatur.
3678 3629 3818 3697 Quin
3846 3647 3893 3688 et
3921 3653 4010 3690 an-

2426 3727 2547 3764 num
2567 3715 2733 3782 ipsum
2759 3710 3042 3779 Genserici,
3059 3729 3158 3782 quo
3189 3716 3289 3769 ista
3300 3717 3547 3771 scribebat
3575 3730 3774 3788 auctor,
3797 3725 4017 3797 diligen.

2425 3813 2501 3857 ter
2518 3805 2712 3873 signat,
2738 3803 2930 3858 scilicet
2956 3804 3182 3873 ojusdem
3210 3808 3346 3877 regis
3379 3807 3472 3862 24.
3504 3809 3633 3876 Quis
3668 3813 3764 3866 iste
3781 3812 4018 3872 Conseri-

2426 3911 2514 3947 cus
2544 3898 2610 3948 sit
2638 3904 2687 3947 tt
2731 3910 2832 3962 quo
2860 3911 2998 3950 anno
3040 3911 3158 3951 (erat
3196 3899 3428 3969 uulgaris
3470 3900 3764 3971 inceperit,
3803 3909 4019 3976 inferius

2425 3986 2704 4057 indagabo.

2501 4078 2812 4132 Hebraicum
2841 4089 3048 4136 textum
3093 4099 3186 4137 nec
3232 4085 3552 4142 consuluisse
3591 4097 3864 4154 auctorem,
3927 4109 4019 4147 nec

2431 4169 2684 4225 Hebraicc
2717 4174 2932 4239 peritum
2957 4174 3313 4231 demonstrant
3341 4181 3603 4234 nominum
3638 4184 4018 4251 interpretatio-

2429 4279 2520 4317 nes
2552 4261 2812 4323 Hebraico
2839 4267 3056 4322 minime
3099 4272 3469 4338 respondentes
3494 4313 3510 4338 ,
3541 4275 3671 4328 sicut
3696 4278 4018 4344 potissimum

2429 4359 2590 4410 elucet
2619 4357 2672 4409 in
2701 4373 2820 4412 voce
2851 4357 3088 4415 Laminir
3115 4376 3149 4414 a
3187 4360 3649 4433 Vulgata‘reddita
3686 4382 3856 4435 aptas
3881 4369 4017 4424 cali-

2429 4446 2553 4512 das,
2585 4446 2667 4499 hic
2693 4463 2811 4500 vero
2834 4449 3119 4514 retinetur;
3145 4461 3197 4504 et
3236 4460 3310 4505 est
3340 4468 3439 4507 uox
3466 4454 3520 4507 in
3567 4455 3903 4527 Septuaginta
3929 4475 4020 4514 ex-

2426 4553 2621 4606 pressa,
2653 4538 2742 4590 ubi
2768 4548 2934 4593 tamen
2962 4549 3038 4600 est
3067 4556 3170 4595 non
3210 4541 3471 4610 Larninir,
3503 4555 3557 4598 ut
3577 4545 3662 4599 hic
3680 4586 3692 4610 ,
3719 4549 3810 4602 sed
3833 4553 4019 4622 ἰαμεὶν,

2427 4642 2490 4681 ea:
2527 4643 2626 4696 quo
2663 4628 2878 4683 resultat
2916 4629 3218 4686 historicum
3261 4645 3494 4690 nostrum
3526 4640 3808 4694 versionem
3849 4646 4021 4713 potius

2429 4719 2801 4790 Septuaginta,
2832 4721 3305 4793 quant’Hebra'um
3326 4735 3527 4782 textum
3570 4731 3887 4788 consuluisse
3916 4749 3938 4787 :
3967 4735 4020 4787 in

2428 4809 2648 4865 Hebrteo
2691 4813 2826 4866 enim
2860 4824 2934 4867 est
2976 4813 3301 4870 Haciemint.
3337 4817 3474 4885 Quin
3519 4829 3567 4873 et
3607 4836 3768 4891 neque
3795 4822 4022 4891 Supina-

744 4922 899 4971 s'um,
929 4917 974 4960 ct
996 4924 1027 4960 a
1046 4904 1170 4960 Iesu
1197 4905 1400 4962 Christo
1437 4923 1595 4976 usque
1620 4909 1689 4960 ad
1717 4906 1780 4962 S.
1816 4905 2157 4977 Cyprianum,
2187 4915 2234 4960 et
2261 4906 2325 4959 ab
2358 4921 2405 4979 υ
2427 4905 2574 4972 ginta
2599 4905 2840 4959 habuisse
2873 4921 2981 4975 prce
3005 4908 3167 4961 oculis
3187 4923 3363 4963 censeo
3381 4950 3398 4974 ,
3427 4926 3543 4964 cum
3569 4914 3849 4967 versionem
3875 4916 4020 4970 illam

744 4999 834 5052 illo
853 5001 922 5050 ad
951 5007 1177 5067 tempora
1205 4997 1486 5068 scriptoris.
1512 4996 1778 5053 Scribebat
1804 5013 1919 5050 vero
1945 4995 2036 5050 ille
2061 4997 2116 5049 in
2149 4996 2323 5066 Africa

743 5087 834 5142 rnb
852 5087 1140 5143 Genserico.
1165 5087 1277 5150 Quo
1299 5088 1351 5140 in
1365 5086 1569 5142 nomine
1593 5088 1941 5142 emendandus
1959 5088 2092 5141 venit
2117 5085 2183 5142 Ρ.
2209 5086 2322 5139 Ma-

742 5178 983 5236 l'illonius
1003 5182 1089 5251 qui
1112 5181 1163 5232 in
1193 5196 1288 5233 suo
1315 5177 1591 5234 ltinerario
1619 5179 1810 5235 Italico
1826 5182 1959 5235 (tunc
1983 5181 2153 5252 ipsum
2179 5181 2324 5234 codi-

743 5285 887 5338 cem,
913 5282 962 5324 et
989 5285 1055 5324 ea:
1095 5284 1156 5323 eo
1197 5270 1502 5338 opusculum
1541 5270 1800 5337 indicans,
1829 5281 2167 5342 apostrema
2213 5275 2324 5338 cjus

743 5361 971 5428 pagella,
999 5368 1242 5416 uetustate
1267 5369 1315 5415 et
1342 5360 1552 5429 σιγήσει
1587 5361 1800 5428 pessime
1835 5361 2009 5416 habita
2035 5371 2081 5416 et
2105 5363 2212 5433 fere
2233 5361 2325 5416 do-

744 5449 863 5515 lcta,
907 5451 1105 5521 aliquid
1141 5452 1412 5522 exculpere
1461 5453 1663 5519 nitens;
1687 5453 1987 5525 leg?th
2019 5470 2318 5526 expressum

745 5541 893 5603 erici.
917 5559 1005 5596 nec
1025 5542 1196 5598 calens
1224 5543 1566 5614 procedentes
1587 5545 1816 5616 syllaba
1836 5547 2037 5612 elicere,
2059 5547 2323 5603 substituit

745 5629 798 5680 in
824 5631 1050 5702 margins
1069 5672 1082 5692 .
1108 5648 1171 5686 es;
1195 5635 1508 5704 conjectura,
1546 5635 1886 5691 Theoderici.
1913 5635 2102 5692 Verum
2121 5635 2321 5693 Genu-

745 5719 838 5771 rici
863 5736 970 5785 scu,
993 5733 1048 5775 ut
1068 5722 1136 5774 ibi
1164 5723 1425 5790 scribitur,
1453 5722 1698 5782 Geiset'iol
1722 5725 2020 5798 légendum,
2051 5741 2160 5784 tum
2186 5725 2322 5784 litte-

745 5825 917 5865 rarum
942 5816 1147 5886 re'stigia
1173 5817 1466 5887 diligentius
1491 5820 1561 5873 att
1581 5818 1743 5875 lucem
1769 5822 2022 5878 solemne
2051 5823 2321 5893 explorata

2431 4994 2604 5048 minus
2632 5002 2807 5050 exacte
2834 4997 3122 5051 retinuerit.
3160 4995 3457 5053 Versionem
3479 5000 3638 5070 igitur
3655 5002 3881 5072 aliquam
3912 5003 4016 5059 La-

2431 5085 2592 5138 tinam
2620 5086 2852 5156 sequitur
2872 5127 2888 5150 ,
2913 5085 3205 5158 cujusmodi
3241 5090 3416 5158 plures
3440 5091 3689 5149 exstitisse
3705 5110 3771 5150 ex
3796 5095 4019 5162 Septua-

2430 5179 2572 5248 ginta
2599 5175 2897 5244 desumptas
2948 5178 3010 5234 S.
3061 5178 3410 5251 Hieronymus
3445 5183 3734 5238 admonuit.
3783 5183 4019 5256 Idipsuns

2429 5269 2582 5320 etiam
2608 5267 2949 5322 demonstrari
2968 5275 3131 5338 potest
3160 5284 3224 5322 ea:
3247 5276 3612 5343 supputatione
3645 5290 3928 5340 annorum,
3963 5277 4017 5330 in

2429 5374 2532 5431 qua
2564 5360 2899 5432 Septuaginta
2945 5363 3114 5429 potius
3143 5379 3294 5433 quam
3327 5363 3603 5421 Hebreum
3630 5377 3824 5423 textum
3850 5370 4020 5439 δειναὶ.

2428 5459 2556 5517 tur;
2600 5452 2717 5508 licet
2747 5468 2910 5523 neque
2946 5453 3074 5520 ipsis
3117 5451 3313 5511 Grecis
3341 5457 3704 5527 interpretibus
3726 5471 4020 5516 constanter

2427 5541 2684 5612 adliceret,
2718 5551 2772 5597 ut
2801 5560 2864 5598 ex
2900 5561 3151 5599 annorum
3173 5549 3536 5616 supputatione
3558 5552 3683 5605 satis
3709 5564 3943 5620 apparet.

2498 5639 2625 5696 Cum
2655 5643 2813 5712 igitur
2829 5659 2898 5697 ea:
2919 5643 2998 5696 Itis
3013 5653 3202 5698 constet
3229 5648 3504 5700 versionem
3522 5648 3753 5716 aliquam
3779 5647 4017 5706 Latinam

2425 5747 2739 5803 anongmum
2790 5733 2926 5788 hunc
2967 5733 3318 5800 consuluisse,
3360 5738 3475 5791 usui
3521 5753 3632 5792 esse
3679 5742 3864 5809 poterit
3909 5742 4019 5798 illis

2427 5825 2516 5892 qui
2543 5826 2606 5879 de
2639 5824 2862 5898 Vulgata
2893 5825 3079 5882 Latina
3107 5826 3260 5882 hodie
3289 5829 3500 5884 solliciti
3531 5841 3678 5890 sunt.
