4504 6450
216 480 329 545 Βὶι

603 479 978 545 ADMONITIO
1016 483 1085 541 IN
1124 475 1457 542 LIBELLOS
1494 481 1586 539 DE
1623 477 2087 538 GEHEALOGIIB
2126 474 2224 534 ΕΤ
2262 473 2354 533 DE
2392 473 2719 535 COMNJTO
2759 475 3119 535 PASCHALI.

3412 480 3519 541 522

300 600 532 673 Dignum
578 600 730 655 edam
776 596 1219 654 animadversione
1259 597 1467 669 judico,
1500 596 1693 670 afferri
1735 596 1819 649 hic
1850 595 1897 654 Α
1921 589 2055 643 enim
2100 603 2314 659 regnum
2355 588 2631 643 obtinuisse
2668 598 2901 643 statuunt
2948 605 3087 644 anno
3133 605 3252 645 certe
3291 592 3520 664 uulgaris

217 694 482 749 munulla
504 708 568 747 es:
592 693 741 747 tertio
764 692 895 746 libro
934 686 1136 759 Esdrc,
1163 706 1276 757 qua:
1306 688 1462 759 facile
1483 688 1643 755 digna
1670 696 1821 741 erunt

212 782 472 837 lectorum
521 782 852 836 meditatione
874 822 890 847 ,
930 789 1040 833 tum
1079 793 1144 832 es:
1176 777 1483 847 antiquitate
1528 776 1820 846 scriptoris,

223 886 345 927 am
370 871 523 925 etiam
553 870 690 939 quod
708 868 1030 938 intelligatur
1038 869 1157 938 join
1178 875 1300 920 tunc
1322 866 1487 921 rersio
1516 864 1690 934 aliqua
1721 864 1824 919 La-

225 962 337 1015 tina
364 962 479 1016 libri
508 959 668 1028 huius
688 960 959 1015 exstitisse.
993 958 1189 1013 Nescio
1239 958 1449 1029 insuper
1478 974 1546 1011 an
1572 957 1708 1012 alius
1755 956 1823 1012 sit

222 1051 472 1105 vetustior
501 1060 684 1105 auctor
726 1051 816 1123 qui
849 1051 967 1105 libri
1010 1049 1168 1117 hujus
1212 1049 1519 1104 meminerit.
1552 1047 1679 1102 Cum
1704 1064 1823 1103 vero

226 1138 267 1193 li
290 1148 411 1194 terte
432 1138 812 1194 Artaxersis'ex
832 1140 941 1193 alia
964 1138 1215 1203 versione,
1242 1153 1397 1207 quam
1423 1153 1560 1192 nunc
1580 1146 1739 1193 exstet
1768 1139 1823 1192 in

226 1230 415 1283 nostris
445 1226 631 1285 Dibliis
651 1270 668 1295 ,
698 1230 937 1301 legantur
956 1269 972 1295 ,
1004 1228 1196 1282 deduci
1225 1229 1345 1281 hinc
1366 1237 1500 1283 recte
1526 1236 1691 1300 potest
1717 1245 1825 1283 rer-

225 1321 419 1373 siouem
447 1336 626 1375 nouam
648 1319 804 1393 hujus
835 1319 954 1373 libri
977 1318 1412 1387 quemadmodum
1442 1333 1488 1372 et
1520 1319 1716 1389 factum
1752 1329 1823 1374 est

226 1412 292 1463 de
310 1409 428 1463 aliis
448 1410 508 1464 S.
536 1408 823 1478 Scriptura
850 1408 1023 1475 libris,
1048 1410 1357 1462 adornatam
1375 1408 1555 1477 fuisse.
1591 1407 1823 1462 Resultm

224 1501 382 1554 etiam
410 1516 474 1553 es:
515 1492 597 1554 his
635 1500 870 1555 omnibus
915 1499 1386 1566 interpretationem
1422 1500 1685 1553 nominum
1717 1498 1827 1555 He-

219 1590 514 1645 braicorunt
542 1591 701 1644 aliam
723 1601 845 1644 tunc
865 1590 1121 1645 exstitisse
1137 1628 1153 1654 ,
1170 1604 1328 1658 quam
1347 1604 1461 1657 qua:
1482 1605 1523 1643 a
1546 1587 1609 1644 S.
1628 1588 1818 1643 Hiero-

224 1697 382 1753 nymo
407 1681 639 1751 eottlgata
663 1692 761 1735 est.
794 1679 903 1734 Nec
933 1680 1086 1758 facile
1109 1674 1261 1733 credo
1299 1678 1434 1741 hanc
1474 1681 1640 1746 ipsam
1668 1680 1824 1733 inter-

224 1770 562 1842 pretationem
597 1768 663 1823 ab
707 1770 924 1838 ipsemet
970 1783 1229 1840 anonymo
1278 1768 1515 1839 primitus
1554 1769 1824 1825 inductam

221 1873 355 1927 esse,
377 1859 468 1914 sed
496 1859 752 1927 accepisse
779 1875 842 1913 ea:
868 1874 964 1913 sua
1007 1858 1198 1913 Latina
1221 1859 1448 1914 versione
1464 1900 1481 1926 ,
1510 1858 1589 1913 vel
1620 1860 1685 1913 ab
1710 1860 1820 1914 alio

1927 680 2054 735 ηρ.
2083 679 2292 734 Nodum
2322 681 2458 734 hunc
2486 698 2808 751 nequaquam
2837 683 3172 749 solvet-imus,
3198 683 3300 737 nisi
3325 683 3517 741 Cense-

1925 769 2089 823 ricum
2118 770 2255 824 hunc
2294 772 2623 825 statuerimus
2644 772 2831 843 prioris
2858 772 3001 827 illius
3025 770 3289 827 Genserici
3314 790 3521 831 succes-

1923 873 2109 928 sorem,
2134 872 2183 918 et
2203 864 2336 933 forte
2361 864 2593 918 eumdem
2617 880 2727 919 esse
2751 880 2866 918 cum
2894 880 2953 918 eo
2980 880 3129 935 quem
3153 877 3344 921 veteres
3372 866 3525 922 iiun-

1924 954 2149 1008 nericum
2178 956 2440 1026 appellant
2486 954 2748 1010 Geus‘erici
2786 955 2957 1021 ﬁlium
2989 964 3037 1011 et
3065 959 3213 1026 regni
3243 960 3518 1016 heredem.

1925 1040 2053 1097 Cum
2093 1045 2189 1098 hac
2238 1044 2573 1115 chronologia
2616 1046 2850 1099 conrenit
2895 1058 3076 1100 auctor
3123 1047 3401 1115 Africanus
3442 1068 3522 1107 se-

1925 1135 2126 1199 quentis
2149 1137 2383 1201 opusculi
2412 1139 2499 1203 qui
2521 1136 2727 1205 copulat
2747 1153 2938 1191 annum
2959 1136 3064 1193 49.6
3078 1154 3119 1191 π
3148 1140 3385 1205 passione
3404 1158 3520 1198 cum

1926 1239 2064 1289 anno
2092 1222 2353 1279 Genserici
2392 1225 2459 1280 16
2479 1266 2494 1289 ,
2524 1240 2639 1294 qua:
2678 1242 2801 1281 sane
2831 1225 2936 1280 duo
2964 1228 3103 1281 dicta
3132 1228 3229 1283 rite
3269 1243 3525 1299 supputa-

1925 1311 2059 1364 tione
2078 1310 2342 1368 Genseriei
2369 1314 2581 1368 exordia
2604 1316 2875 1369 retrahunt
2900 1317 2969 1369 ad
3000 1333 3192 1370 annuat
3223 1318 3349 1373 4'59.
3386 1318 3521 1375 Sunt

1924 1401 2097 1468 itaque
2124 1403 2397 1473 diligenter
2420 1402 2683 1458 Genserici
2708 1406 2807 1457 duo
2831 1445 2846 1471 ,
2878 1414 3021 1474 pater
3045 1407 3301 1475 ﬁliusque,
3337 1400 3526 1464 distin-

1923 1493 2116 1561 guendi
2135 1534 2151 1559 ,
2185 1507 2249 1548 ne
2288 1495 2335 1548 si
2358 1507 2493 1549 unus
2526 1494 2831 1549 admittatur
2866 1496 3104 1565 confusio
3133 1496 3408 1552 lectoribus
3438 1501 3522 1554 in-

1926 1585 2168 1639 ducatur.

2000 1674 2142 1729 lIinc
2188 1676 2252 1731 de
2291 1687 2501 1731 auctore
2525 1675 2734 1731 secundi
2758 1678 2897 1745 quod
2926 1677 3011 1731 hic
3038 1679 3254 1751 subjicio
3285 1684 3523 1753 opusculi

1926 1784 1990 1824 ac
2016 1768 2081 1822 de
2124 1779 2352 1839 tempore
2377 1785 2475 1834 quo
2506 1767 2760 1823 scribebat
2790 1771 3060 1824 edocemur
3096 1787 3115 1824 :
3158 1773 3350 1827 chartis
3376 1790 3523 1828 man-

1929 1857 2052 1911 dare
2076 1874 2173 1910 sua
2201 1858 2324 1911 dicit
2348 1866 2531 1919 auctor
2559 1860 2790 1928 ejusdem
2813 1860 2952 1912 anno
2986 1858 3051 1913 16
3079 1863 3211 1931 regis
3233 1860 3521 1932 Genserici,

222 1952 469 2023 quapiam
497 1952 709 2022 antiquo
731 1991 748 2018 ,
789 1952 879 2020 qui
910 1967 975 2005 ea:
1006 1950 1068 2007 S.
1107 1949 1423 2021 Hieroiymo
1454 1967 1557 2005 non
1580 1951 1817 2022 profecit.
1854 1946 2014 2016 Batti
2038 1956 2111 2000 est
2145 1961 2266 2001 m
2290 1948 2588 2001 communis
2609 1946 2736 2003 455.
2770 1946 2943 2017 Igitur
2971 1964 3030 2003 eo
3058 1962 3284 2020 tempore
3304 1968 3521 2025 compu-

226 2038 388 2096 Fsrte
428 2041 589 2112 igitur
623 2041 759 2096 idem
793 2040 857 2097 S.
889 2040 1245 2111 ﬂierongmns
1274 2056 1592 2111 nequaquam
1624 2042 1819 2111 primus

222 2132 486 2187 habendus
512 2142 595 2186 est
618 2148 682 2186 est
718 2148 821 2202 quo
848 2132 1287 2203 interpretationes
1315 2133 1425 2186 ista
1448 2130 1648 2187 Latinis
1672 2133 1822 2189 inno-

221 2206 435 2293 tucrint,
469 2223 585 2277 licet
619 2225 716 2278 hoc
740 2226 804 2278 de
837 2235 891 2279 se
910 2225 1046 2277 idem
1072 2224 1135 2279 S.
1159 2226 1339 2279 doctor
1367 2226 1530 2295 aﬁrm
1548 2236 1580 2278 -t
1611 2225 1663 2279 in
1687 2241 1821 2297 prte-

222 2315 418 2385 fatione
460 2316 700 2383 opusculi
744 2316 826 2369 sui
854 2314 918 2369 de
946 2312 1383 2385 lnterpretatione
1414 2315 1678 2371 nominum
1710 2315 1821 2371 ιιε.

222 2403 534 2458 braicarum.

304 2491 452 2549 Unde
472 2510 592 2548 vero
620 2492 841 2549 deducta
862 2494 929 2549 sit
949 2494 1295 2567 chronologia
1316 2495 1409 2550 illa
1423 2536 1435 2555 .
1466 2512 1621 2567 quam
1642 2507 1822 2552 auctor

223 2594 395 2640 noster
438 2598 663 2641 sectatur
687 2627 703 2653 ,
734 2588 976 2658 ignorare
1002 2602 1083 2641 me
1114 2589 1317 2657 penitus
1344 2588 1608 2657 proﬁteor.
1637 2588 1824 2660 Suspi-

223 2676 452 2731 cabarea:
476 2677 621 2731 Julia
646 2678 915 2748 Africana,
978 2688 1154 2748 utpote
1178 2679 1413 2747 eiusdem
1437 2681 1660 2750 regionis
1696 2681 1825 2734 scri-

226 2776 407 2838 ptore;
435 2766 526 2821 sed
556 2772 694 2838 facta
730 2785 907 2824 eorum
951 2785 1065 2839 qua:
1097 2768 1243 2825 nobis
1272 2781 1548 2838 supersunt
1578 2773 1643 2826 de
1680 2772 1824 2828 Julia

225 2857 473 2927 Africanae
511 2874 627 2912 cum
672 2861 770 2912 hoc
820 2869 995 2913 nostra
1024 2859 1320 2926 collatione,
1368 2861 1538 2928 reperi
1568 2878 1669 2916 non
1697 2864 1824 2918 satis

224 2952 360 3004 inter
390 2966 445 3005 se
478 2960 725 3021 utrosque
744 2951 1021 3016 coluerere,
1051 2952 1151 3006 nisi
1173 2951 1309 3021 forte
1337 2952 1613 3007 discrimen
1640 2956 1735 3007 hoc
1761 2971 1825 3012 ex

220 3043 502 3097 oscitantia
530 3042 799 3111 scriptoris
829 3042 986 3114 hujus
1009 3044 1207 3097 codicis
1235 3045 1539 3114 provenerit,
1565 3060 1683 3115 qua:
1702 3062 1825 3101 sane

225 3151 415 3207 magna
443 3145 520 3189 est
549 3151 609 3189 ac
640 3150 851 3204 prorsus
877 3134 1212 3189 incredibilis.

300 3226 383 3281 Ad
403 3229 607 3282 lectoris
622 3228 857 3297 pa.’atum
874 3228 1037 3300 magis
1060 3238 1185 3283 esset
1204 3238 1460 3300 postrema
1480 3232 1711 3302 apusculi
1730 3232 1825 3287 hu-

1910 2046 2004 2090 tus
2045 2036 2139 2091 iste
2176 2035 2435 2107 paschalis
2462 2038 2615 2091 datus
2640 2048 2747 2103 est,
2780 2056 2882 2109 qua
2921 2040 3011 2099 vis;
3035 2053 3355 2096 cessat'erant
3376 2042 3524 2115 Afri-

1920 2142 2074 2181 canos
2118 2127 2253 2181 inter
2298 2137 2347 2182 et
2400 2128 2657 2184 Romanos
2699 2128 2814 2183 lites
2845 2130 2915 2184 de
2959 2146 3096 2185 anno
3136 2134 3371 2202 paschali
3400 2136 3525 2189 anni

1922 2216 2047 2284 ιιι,
2079 2219 2496 2273 contendentibus
2530 2219 2779 2275 Romanis
2810 2222 3179 2292 assignandum
3211 2225 3369 2291 fuisse
3415 2223 3526 2281 Pa-

1922 2308 2047 2363 scha
2066 2310 2184 2379 «ejus
2207 2309 2330 2362 anni
2360 2310 2466 2363 diei
2492 2326 2618 2365 non.
2650 2310 2749 2363 cal.
2779 2309 2932 2377 Maii,
2966 2311 3166 2366 Latinis
3182 2328 3301 2367 vero
3318 2314 3427 2369 diei
3452 2332 3522 2372 vn

1922 2401 2024 2454 cal.
2058 2401 2271 2467 Aprilis.
2324 2400 2442 2467 Qua
2489 2400 2553 2455 de
2599 2417 2655 2454 re
2702 2400 2917 2471 legenda
2956 2402 3182 2469 epistola
3226 2402 3289 2458 S.
3334 2402 3523 2475 Cyrilli

1922 2486 2262 2548 Alexandrini
2308 2492 2375 2546 ad
2406 2491 2471 2549 S.
2505 2492 2747 2556 Leonem,
2796 2505 2845 2547 et
2886 2493 3154 2560 prwmissa
3181 2512 3214 2550 α
3240 2494 3524 2551 Ballerinis

1924 2584 2087 2638 eidem
2117 2583 2346 2654 epistola
2364 2626 2376 2650 ,
2403 2600 2494 2639 seu
2511 2586 2691 2656 potius
2718 2585 2953 2654 cpistola:
2980 2588 3264 2655 fragmento
3284 2590 3525 2642 admoni-

1926 2675 2019 2727 tio.
2052 2672 2190 2727 lluic
2231 2690 2352 2745 ergo
2387 2675 2679 2746 fragmento
2721 2668 3064 2731 dilucidando
3103 2678 3383 2745 plurimum
3414 2680 3526 2749 fore

1924 2764 2206 2818 valiturum
2228 2763 2365 2819 hunc
2404 2765 2695 2834 paschalem
2724 2778 3043 2837 computum,
3078 2786 3209 2823 nunc
3231 2773 3461 2843 primum
3490 2791 3523 2826 a

1927 2870 2035 2922 me,
2088 2866 2142 2909 ut
2197 2856 2460 2923 arbitr.r,
2508 2859 2820 2929 rutgandum
2878 2875 3077 2915 censeo.
3137 2860 3215 2915 Ea
3256 2863 3526 2918 Occasione

1926 2945 2120 3013 scripta
2150 2946 2393 3018 utrinque
2430 2947 2657 3018 plurima
2692 2949 2946 3017 prodiisse
2982 2950 3063 3003 iis:
3104 2949 3304 3003 dubito.
3344 2949 3524 3007 Disce-

1930 3046 2132 3105 ptatum
2154 3047 2226 3089 est
2254 3038 2403 3090 etiam
2428 3040 2492 3091 de
2520 3038 2697 3092 eodem
2731 3037 2877 3109 cycla
2904 3038 3140 3109 paschali
3161 3058 3414 3096 annorum
3430 3040 3523 3107 84.

1930 3127 1983 3179 in
2018 3143 2121 3195 quo
2150 3128 2244 3180 alii
2261 3143 2491 3183 errorem
2520 3129 2818 3184 subodarati
2846 3138 2964 3183 sunt
2986 3147 3009 3197 ;
3028 3132 3125 3186 alii
3154 3148 3268 3187 vero
3298 3134 3525 3190 rationes

1930 3218 2207 3272 nonnullas
2235 3220 2491 3274 iniverunt
2522 3230 2576 3275 ut
2598 3220 2746 3275 illum
2772 3236 2888 3275 cum
2909 3223 3117 3278 raritate
3136 3235 3518 3298 componerent.

226 3320 313 3391 jus
345 3318 548 3389 pagella
570 3320 622 3373 in
647 3336 749 3390 qua
771 3321 996 3389 propius
1017 3319 1085 3372 ad
1111 3330 1340 3392 tempora
1359 3338 1453 3375 sua
1478 3334 1659 3377 auctor
1686 3339 1822 3378 acee-
1860 3309 1905 3372 C
1939 3307 2001 3361 1η

1741 3339 1822 3378 τρε.
1860 3309 1905 3372 C
1939 3307 2081 3363 later
2129 3310 2253 3364 istos
2292 3313 2565 3380 scriptores
2612 3314 2711 3382 fuit
2741 3314 3014 3383 Agriustas
3038 3316 3128 3369 ille
3180 3316 3520 3376 Tltimidensis

226 3410 372 3472 dens,
399 3411 560 3479 magis
590 3411 746 3463 etiam
778 3409 1045 3464 credibilia
1083 3421 1131 3464 et
1158 3411 1426 3481 probanda
1450 3412 1746 3475 obtulisset;
1772 3423 1825 3467 (ιι

225 3500 503 3556 dolendum
523 3512 595 3556 est
614 3503 887 3571 protritum
903 3519 1012 3557 esse
1030 3503 1158 3557 adeo
1176 3506 1435 3575 pagellam
1452 3507 1596 3560 illam
1617 3508 1759 3561 senio
1774 3515 1823 3560 et

224 3592 429 3646 incuria
453 3592 782 3661 antiquarum
812 3608 1185 3664 possessorum,
1224 3606 1279 3649 ut
1303 3598 1381 3651 uel
1403 3597 1589 3653 liuent:
1610 3614 1822 3666 prorsus

227 3680 407 3735 deleta
434 3682 533 3734 sint
560 3726 575 3748 ,
607 3697 696 3734 nec
738 3698 921 3735 carum
948 3684 1175 3754 vestigiis
1206 3687 1607 3741 remanentibus.
1640 3687 1825 3743 Curari

224 3771 502 3851 diligenter
550 3772 728 3827 labore
783 3784 828 3827 et
870 3774 1127 3830 industria
1179 3778 1380 3847 aliquid
1411 3780 1706 3851 exculpere,
1762 3798 1824 3835 ac

226 3849 414 3931 persici
442 3862 692 3917 nonnulla
716 3903 731 3927 ,
768 3873 819 3917 ut
850 3880 1081 3918 eruerent
1106 3882 1166 3920 ea
1195 3883 1306 3935 quin
1330 3868 1413 3922 hic
1451 3887 1483 3923 a
1515 3887 1591 3925 me
1632 3887 1823 3939 reprcu-

225 3964 529 4020 sentantur;
562 3972 655 4009 nec
682 3956 791 4010 sine
804 3957 1003 4026 fructu,
1021 3972 1142 4010 nam
1164 3974 1226 4012 ex
1250 3961 1487 4027 frustulis
1509 3962 1646 4016 hisce
1674 3963 1822 4016 disci-

226 4062 341 4099 mus
370 4062 471 4114 qua
499 4048 821 4115 potissimum
848 4049 931 4102 tlie
955 4047 1345 4104 Donatistarum
1373 4055 1665 4119 persecutio
1693 4052 1821 4108 Car-

226 4138 434 4208 thagine
458 4138 743 4208 occeperit;
769 4139 1066 4194 emendatur
1090 4140 1244 4195 etiam
1272 4142 1393 4196 data
1422 4144 1548 4213 legis
1580 4142 1817 4211 Honorii,

224 4229 376 4298 cujus
434 4228 741 4297 subscriptio
808 4231 860 4281 in
931 4230 1107 4283 codice
1169 4230 1527 4286 Theodosiano
1585 4235 1821 4305 signatur

230 4334 252 4369 ι
290 4316 461 4386 pridie
487 4317 605 4371 idus
636 4315 944 4381 Februarii;
978 4338 996 4373 ι
1030 4321 1113 4373 hic
1153 4323 1288 4376 enim
1317 4322 1561 4377 habemus
1589 4326 1821 4395 publica-

227 4421 333 4463 tam
347 4426 455 4464 esse
475 4410 730 4465 Ravenme
756 4412 879 4476 ipsis
908 4410 1179 4468 Februarii
1197 4415 1448 4470 colendis.
1473 4415 1631 4471 Forte
1650 4428 1821 4472 tamen

225 4504 313 4557 lea:
339 4520 370 4557 a
414 4504 644 4573 principe
685 4506 953 4577 obsignata
992 4506 1220 4561 calendis
1269 4505 1577 4574 Februarii,
1621 4511 1822 4578 publice

223 4596 537 4649 annuntiata
555 4605 626 4651 est
655 4598 819 4665 pridie
850 4598 966 4651 idus
995 4600 1230 4668 ejusdem
1253 4601 1462 4655 mensis.
1489 4599 1554 4655 In
1582 4601 1678 4656 hac
1708 4602 1819 4673 ipsa

1926 3400 2051 3470 Afer
2078 3402 2210 3470 cycli
2237 3414 2609 3475 prapugnator.
2637 3404 2889 3459 Adversus
2918 3405 3069 3460 illum
3099 3409 3303 3478 scripsit
3324 3427 3521 3484 anony-

1927 3507 2039 3545 mus
2065 3502 2237 3547 noster
2280 3494 2370 3563 qui
2400 3494 2599 3563 cyclum
2629 3494 2703 3548 ita
2740 3494 2975 3563 defendit
2994 3537 3013 3566 ,
3039 3507 3095 3551 ut
3120 3502 3319 3569 aliquid
3350 3504 3403 3556 in
3428 3504 3522 3558 illo

1924 3585 2113 3636 erroris
2141 3598 2251 3637 esse
2279 3585 2416 3653 quod
2442 3586 2553 3657 ipse
2578 3587 2847 3653 emendat,
2884 3592 3166 3661 agnouerit.
3191 3592 3368 3649 Codex
3386 3599 3523 3651 unde

1924 3673 2020 3726 hoc
2041 3674 2298 3745 desumpsi
2326 3676 2744 3732 mendosissimus
2761 3682 2855 3745 est,
2877 3695 2941 3735 ea:
2970 3697 3074 3751 quo
3099 3683 3157 3750 fit
3185 3695 3239 3738 ut
3261 3685 3523 3741 interdum

1925 3778 2018 3817 nec
2045 3780 2221 3820 sensus
2265 3766 2370 3833 ipse
2407 3768 2703 3839 scriptionis
2724 3783 2995 3840 appareat.
3026 3774 3066 3826 Α
3098 3778 3415 3832 correctione
3443 3789 3523 3833 ta-

1924 3870 2037 3909 men
2060 3855 2307 3922 abstinui,
2332 3874 2393 3912 ne
2412 3861 2549 3929 forte
2562 3874 2744 3931 cegam
2770 3860 2985 3918 lectores
3010 3882 3122 3920 mea
3140 3867 3308 3939 legere
3330 3871 3520 3937 potius,

1923 3961 2079 4015 quam
2109 3962 2222 4015 quia
2252 3948 2478 4002 auctoris
2504 3960 2643 4003 sunt.
2678 3948 3043 4008 Grammatice:
3077 3960 3212 4028 leges
3241 3962 3419 4029 nulla,
3445 3964 3520 4017 vel

1926 4040 2033 4105 fere
2056 4038 2216 4091 nulla:
2253 4049 2538 4105 servantur,
2563 4040 2632 4093 ad
2653 4058 2781 4112 quas
2807 4052 2977 4098 tamen
3008 4057 3130 4101 tunc
3175 4050 3291 4104 illas
3324 4053 3521 4124 redegi,

1927 4145 2042 4183 cum
2066 4129 2267 4183 nullum
2286 4130 2515 4201 irrepere
2538 4132 2749 4187 dubium
2770 4145 2970 4205 poterat
3001 4140 3065 4191 de
3092 4152 3255 4194 meme
3274 4146 3520 4200 auctoris.

1928 4220 2142 4276 Demum
2177 4224 2585 4293 pratereundum
2626 4241 2728 4279 non
2764 4228 2950 4298 judico
2985 4231 3120 4299 cycli
3154 4248 3407 4288 annorum
3453 4236 3519 4293 84

1923 4321 2205 4379 auctorem,
2238 4313 2469 4379 aliunde,
2502 4327 2556 4369 ut
2586 4317 2789 4383 opinor,
2818 4319 3068 4391 ignotum,
3101 4338 3164 4375 ea;
3187 4324 3279 4377 hoc
3297 4328 3518 4393 primum

1923 4406 2170 4475 opusculo
2221 4408 2275 4460 in
2308 4407 2473 4461 lucem
2518 4410 2760 4477 prodire;
2809 4411 2968 4480 fuisse
3009 4414 3140 4466 enim
3187 4415 3518 4486 Augustalcm

1921 4498 2195 4566 quemdam
2224 4498 2304 4552 hic
2332 4501 2567 4571 legimus.
2605 4500 2743 4556 Usus
2764 4502 2920 4573 igitur
2956 4521 3006 4557 tn
3039 4521 3096 4559 eo
3119 4506 3176 4574 ﬁt
3200 4508 3329 4577 cycli
3357 4525 3520 4564 anno-

1924 4610 2041 4647 rum
2084 4592 2185 4662 84,
2226 4610 2375 4663 quem
2426 4596 2751 4664 po:issimum
2782 4605 2906 4651 tunc
2948 4600 3193 4669 temporis
3244 4600 3527 4659 inealuisse

225 4702 346 4740 vero
376 4686 581 4755 pagella
611 4686 957 4758 chronologia:
996 4690 1129 4743 ratio
1170 4700 1247 4753 est
1288 4692 1580 4746 accuratior
1600 4736 1617 4762 ,
1660 4710 1821 4763 eaque
1848 4674 1900 4735 θ
1924 4684 2066 4756 αρυά
2094 4683 2306 4740 Latinos
2332 4702 2432 4739 ηοη
2463 4686 2585 4739 (die!
2615 4685 2869 4741 Μάὶιοεο

225 4795 330 4832 non
357 4797 389 4832 a
412 4778 497 4833 die
520 4780 681 4832 natali
715 4778 943 4845 Domini,
972 4783 1060 4834 sed
1091 4781 1153 4834 ab
1182 4785 1294 4853 eius
1320 4786 1555 4853 passione
1581 4830 1595 4851 .,
1625 4794 1680 4839 ut
1706 4786 1819 4855 ple-

224 4885 440 4939 rumque
470 4880 656 4924 veteres
681 4881 800 4925 ante
832 4870 1136 4942 Dionysium
1167 4872 1449 4944 Exiguum,
1479 4876 1698 4930 deducta
1720 4887 1813 4931 est.

228 4959 402 5031 Igitur
434 4976 464 5011 a
510 4958 722 5015 Domini
748 4962 985 5031 passione
1006 5003 1020 5025 .
1054 4980 1207 5030 quam
1227 4967 1494 5037 scriptores
1517 4967 1601 5019 isti
1630 4976 1818 5023 veteres

223 5051 597 5103 constituerunt
626 5051 718 5104 sub
748 5052 946 5106 duobus
981 5051 1210 5108 Geminis
1234 5072 1364 5109 coss.
1398 5074 1534 5111 anno
1558 5075 1676 5113 απαξ
1703 5061 1818 5114 vul-

222 5142 362 5211 garis
386 5140 475 5207 29,
526 5152 575 5193 et
606 5142 660 5194 in
702 5144 881 5214 Af.ica
924 5145 1164 5208 idrmoris
1208 5157 1318 5200 erat
1364 5149 1611 5214 solemne,
1656 5160 1710 5204 ut
1750 5166 1813 5206 ex

220 5234 451 5302 sequenti
493 5238 738 5302 apusculo
770 5221 982 5301 planum
1009 5237 1117 5303 fiet,
1146 5254 1257 5290 cum
1285 5256 1316 5291 a
1340 5240 1576 5306 passione
1608 5239 1817 5295 Domini

222 5340 437 5389 annum,
463 5334 747 5392 quoauctor
767 5327 1035 5394 scribebat,
1063 5330 1221 5398 signet
1245 5326 1369 5395 654,
1397 5348 1562 5385 annus
1592 5350 1693 5403 quo
1722 5334 1818 5388 hoc

221 5420 528 5490 apuscnlnm
568 5419 967 5488 caneiguabatur
995 5422 1180 5475 litteris
1220 5422 1453 5475 currebat
1484 5440 1601 5476 om
1630 5438 1818 5479 nostra:

222 5530 311 5564 an.
343 5512 467 5563 i015.
501 5510 627 5562 Cum
660 5526 772 5562 uero
798 5512 933 5563 hunc
967 5514 1133 5579 ipsum
1163 5511 1323 5581 illiget
1356 5529 1471 5564 eum
1503 5530 1639 5564 anno
1672 5513 1817 5568 Ceno

222 5603 370 5655 serici
395 5602 482 5662 24,
510 5606 646 5669 facta
672 5603 766 5653 rite
796 5601 979 5655 deduci
1005 5620 1120 5665 one,
1138 5605 1463 5673 ag-iascimus
1486 5603 1817 5659 Censet‘icimt

221 5709 438 5763 regnare
462 5694 670 5761 cmpisse
693 5708 829 5743 anno
851 5709 967 5745 wrw
993 5695 1215 5764 vulgati.
1240 5694 1365 5748 439.
1400 5696 1553 5762 Atqui
1584 5698 1684 5749 ista
1716 5714 1818 5751 non

222 5790 478 5837 conterent
502 5782 709 5855 epochen
746 5798 1063 5837 consulamus
1104 5802 1133 5835 a
1165 5783 1490 5854 citrenologis
1515 5798 1725 5857 recepta:
1754 5791 1817 5840 de

226 5874 367 5928 initu
402 5873 664 5930 Genserici
713 5874 796 5939 qui
834 5876 1031 5941 primus
1070 5876 1301 5942 Africam
1348 5877 1646 5946 occuparit;
1682 5878 1816 5932 hunc

510 5970 783 6028 Ps'ruuL
838 5964 999 6024 LIX.

1995 4777 2192 4832 Mentia
2228 4778 2283 4831 in
2313 4793 2374 4830 eo
2401 4777 2459 4846 ﬁt
2495 4776 2762 4831 Hilariani
2789 4779 3061 4850 cujusdam
3088 4781 3158 4834 ad
3186 4799 3337 4849 quem
3381 4784 3519 4838 dire-

1919 4872 2060 4919 ctum
2080 4867 2241 4937 fuisse
2254 4876 2433 4921 auctor
2445 4868 2622 4921 scribit
2650 4877 2925 4922 tractatum
2951 4873 3014 4925 de
3039 4872 3258 4928 Ratione
3284 4878 3440 4946 pasch
3480 4878 3519 4930 li

1919 4960 2111 5013 editu'n
2139 4975 2172 5013 a
2199 4962 2424 5030 quodam
2469 4961 2729 5029 Agriustia
2771 4962 2877 5015 cive
2916 4964 3184 5032 municipii
3218 4965 3521 5022 Tltimiden-

1917 5050 2053 5104 siu.-n
2082 5050 2365 5121 regiorum.
2399 5049 2749 5119 Municipium
2792 5054 2931 5107 istud
2962 5056 3118 5109 situm
3146 5068 3251 5112 erat
3286 5062 3339 5113 in
3366 5060 3519 5114 Man-

1920 5142 2111 5194 ritania
2137 5139 2474 5211 Caesariensi,
2508 5160 2621 5196 cum
2650 5144 2784 5199 inter
2817 5146 3085 5217 episch
3108 5151 3217 5219 ejus
3246 5169 3278 5221 p
3309 5131 3517 5208 educite

1924 5234 1976 5287 in
2007 5234 2281 5289 collatione
2305 5234 2700 5309 Carthaginensi
2742 5236 2940 5307 legatur
2984 5239 3220 5295 Securus
3251 5246 3519 5313 episcopus

1924 5327 2343 5382 Timidaucnsis.
2369 5324 2441 5379 De
2465 5326 2725 5398 Agrinstia
2742 5326 2874 5380 nihil
2900 5328 3181 5399 quidquam
3210 5333 3331 5404 legi.
3362 5333 3517 5389 Hila-

1922 5421 2103 5474 rimus
2135 5420 2266 5473 idem
2291 5420 2440 5488 facile
2466 5428 2537 5473 est
2560 5435 2673 5472 cum
2705 5419 2770 5483 Ω.
2801 5416 2944 5471 Julia
2969 5420 3247 5476 llilariana
3276 5424 3382 5493 qui,
3408 5423 3515 5478 Ca:-

1926 5510 2065 5563 sario
2092 5520 2141 5561 et
2169 5511 2338 5563 Attico
2379 5525 2535 5575 coss.,
2565 5526 2741 5581 nempe
2766 5526 2901 5565 anno
2931 5510 3121 5567 Christi
3152 5515 3277 5580 597,
3312 5516 3516 5583 scripsit

1927 5605 1988 5654 tle
2012 5602 2253 5655 Pass/tuli
2285 5599 2491 5656 Circula
2518 5602 2768 5663 libellum,
2794 5619 2943 5672 quem
2967 5622 2990 5656 e
3013 5605 3199 5674 pluteis
3237 5605 3515 5661 Taurinen-

1926 5696 2063 5749 sibus
2112 5706 2397 5749 extractum
2447 5695 2666 5765 Pfufjius
2722 5696 3137 5750 bibiiotliecarius
3179 5696 3520 5770 Tubingensis

1932 5786 2148 5843 Parisiis
2172 5803 2310 5842 anno
2340 5787 2475 5843 ΠΗ
2500 5788 2722 5858 vulgavit
2748 5833 2761 5856 ,
2796 5804 2857 5844 ac
2887 5793 2950 5843 de
2976 5789 3069 5842 hoc
3091 5792 3337 5858 apusculo
3365 5791 3493 5844 satis

3029 5969 3098 6029 17
