  <div class='ocr_page' id='page_1' title='image "/cluster/home/n/w/nwhite01/storage/ocr_20150623/58-59/uc1.31175013991289/881.png"; bbox 0 0 4504 6472; ppageno 0'>
   <div class='ocr_carea' id='block_1_1' title="bbox 769 478 875 535">
    <p class='ocr_par' dir='ltr' id='par_1_1' title="bbox 769 478 875 535">
     <span class='ocr_line' id='line_1_1' title="bbox 769 478 875 535; baseline -0.019 0"><span class='ocrx_word' id='word_1_1' title='bbox 769 478 875 535; x_wconf 68' lang='grc' dir='ltr'><strong>ὅίδ</strong></span> 
     </span>
    </p>
   </div>
   <div class='ocr_carea' id='block_1_2' title="bbox 2056 448 4032 517">
    <p class='ocr_par' dir='ltr' id='par_1_2' title="bbox 2056 448 4032 517">
     <span class='ocr_line' id='line_1_2' title="bbox 2056 448 4032 517; baseline -0.005 -5"><span class='ocrx_word' id='word_1_2' title='bbox 2056 456 2354 514; x_wconf 69' lang='grc' dir='ltr'><strong>ΑΝΟΝΥΜΙ</strong></span> <span class='ocrx_word' id='word_1_3' title='bbox 2396 454 2733 517; x_wconf 71' lang='lat' dir='ltr'><strong>AUCTORIS</strong></span> <span class='ocrx_word' id='word_1_4' title='bbox 3936 448 4032 502; x_wconf 61' lang='grc' dir='ltr'>πει</span> 
     </span>
    </p>
   </div>
   <div class='ocr_carea' id='block_1_3' title="bbox 773 588 2751 630">
    <p class='ocr_par' dir='ltr' id='par_1_3' title="bbox 773 588 2751 630">
     <span class='ocr_line' id='line_1_3' title="bbox 773 588 2751 630; baseline -0.002 -25"><span class='ocrx_word' id='word_1_5' title='bbox 773 588 2751 630; x_wconf 61' lang='lat'><strong>__________________._____.____..__.____.___...</strong></span> 
     </span>
    </p>
   </div>
   <div class='ocr_carea' id='block_1_4' title="bbox 1967 703 2851 871">
    <p class='ocr_par' dir='ltr' id='par_1_4' title="bbox 1967 703 2851 871">
     <span class='ocr_line' id='line_1_4' title="bbox 1967 703 2851 871; baseline -0.009 -50"><span class='ocrx_word' id='word_1_6' title='bbox 1967 703 2851 871; x_wconf 68' lang='lat' dir='ltr'><strong>Auamma</strong></span> 
     </span>
    </p>
   </div>
   <div class='ocr_carea' id='block_1_5' title="bbox 2166 903 2655 981">
    <p class='ocr_par' dir='ltr' id='par_1_5' title="bbox 2166 903 2655 981">
     <span class='ocr_line' id='line_1_5' title="bbox 2166 903 2655 981; baseline -0.002 0"><span class='ocrx_word' id='word_1_7' title='bbox 2166 903 2655 981; x_wconf 88' lang='lat' dir='ltr'><strong>LIBELLUS</strong></span> 
     </span>
    </p>
   </div>
   <div class='ocr_carea' id='block_1_6' title="bbox 1177 1056 3651 1207">
    <p class='ocr_par' dir='ltr' id='par_1_6' title="bbox 1177 1056 3651 1207">
     <span class='ocr_line' id='line_1_6' title="bbox 1177 1056 3651 1207; baseline -0.008 0"><span class='ocrx_word' id='word_1_8' title='bbox 1177 1092 1355 1207; x_wconf 90' lang='lat' dir='ltr'><strong>DE</strong></span> <span class='ocrx_word' id='word_1_9' title='bbox 1442 1056 2381 1205; x_wconf 86' lang='lat' dir='ltr'><strong>GENEALOGIIS</strong></span> <span class='ocrx_word' id='word_1_10' title='bbox 2464 1074 3651 1192; x_wconf 82' lang='lat' dir='ltr'><strong>PATRIARCHARUM</strong></span> 
     </span>
    </p>
   </div>
   <div class='ocr_carea' id='block_1_7' title="bbox 1346 1268 3473 1385">
    <p class='ocr_par' dir='ltr' id='par_1_7' title="bbox 1346 1268 3473 1385">
     <span class='ocr_line' id='line_1_7' title="bbox 1346 1268 3473 1385; baseline -0.007 -1"><span class='ocrx_word' id='word_1_11' title='bbox 1346 1292 2126 1385; x_wconf 81' lang='lat' dir='ltr'><strong>GENEALOGI/E</strong></span> <span class='ocrx_word' id='word_1_12' title='bbox 2176 1287 2615 1373; x_wconf 89' lang='lat' dir='ltr'><strong>TOTIUS</strong></span> <span class='ocrx_word' id='word_1_13' title='bbox 2670 1268 3473 1375; x_wconf 73' lang='lat' dir='ltr'><strong>BIBLIOTHEC/E</strong></span> 
     </span>
    </p>
   </div>
   <div class='ocr_carea' id='block_1_8' title="bbox 788 1438 4043 1516">
    <p class='ocr_par' dir='ltr' id='par_1_8' title="bbox 788 1438 4043 1516">
     <span class='ocr_line' id='line_1_8' title="bbox 788 1438 4043 1516; baseline -0.007 -1"><span class='ocrx_word' id='word_1_14' title='bbox 788 1456 879 1515; x_wconf 80' lang='lat' dir='ltr'><strong>EX</strong></span> <span class='ocrx_word' id='word_1_15' title='bbox 915 1459 1209 1516; x_wconf 77' lang='lat' dir='ltr'><strong>OMNlBUS</strong></span> <span class='ocrx_word' id='word_1_16' title='bbox 1247 1456 1463 1511; x_wconf 83' lang='lat' dir='ltr'><strong>LlBRlS</strong></span> <span class='ocrx_word' id='word_1_17' title='bbox 1500 1450 1876 1509; x_wconf 68' lang='lat' dir='ltr'><strong>COLLECTAS</strong></span> <span class='ocrx_word' id='word_1_18' title='bbox 1908 1445 2201 1516; x_wconf 73' lang='lat' dir='ltr'><strong>VETERIS</strong></span> <span class='ocrx_word' id='word_1_19' title='bbox 2234 1438 4043 1516; x_wconf 40' lang='grc' dir='ltr'>,εει-ιι</span> 
     </span>
    </p>
   </div>
   <div class='ocr_carea' id='block_1_9' title="bbox 859 1504 2778 1584">
    <p class='ocr_par' dir='ltr' id='par_1_9' title="bbox 859 1504 2778 1584">
     <span class='ocr_line' id='line_1_9' title="bbox 859 1504 2778 1584; baseline -0.01 -3"><span class='ocrx_word' id='word_1_20' title='bbox 859 1504 1220 1584; x_wconf 44' lang='lat' dir='ltr'><strong>sestertius</strong></span> <span class='ocrx_word' id='word_1_21' title='bbox 1247 1504 1707 1579; x_wconf 57' lang='grc' dir='ltr'><strong>ἰηἷῗτιίίδῑιῐόεἱΑ</strong></span> <span class='ocrx_word' id='word_1_22' title='bbox 1735 1504 2011 1573; x_wconf 71' lang='lat' dir='ltr'><strong>OMNIUM</strong></span> <span class='ocrx_word' id='word_1_23' title='bbox 2050 1504 2778 1584; x_wconf 50' lang='lat' dir='ltr'><strong>enopuuraugstysm</strong></span> 
     </span>
    </p>
   </div>
   <div class='ocr_carea' id='block_1_10' title="bbox 2318 1576 4043 1637">
    <p class='ocr_par' dir='ltr' id='par_1_10' title="bbox 2318 1576 4043 1637">
     <span class='ocr_line' id='line_1_10' title="bbox 2318 1576 4043 1637; baseline -0.004 -1"><span class='ocrx_word' id='word_1_24' title='bbox 2318 1581 2433 1636; x_wconf 90' lang='lat' dir='ltr'><strong>UlD</strong></span> <span class='ocrx_word' id='word_1_25' title='bbox 2470 1576 2726 1635; x_wconf 83' lang='lat' dir='ltr'><strong>FUERIT</strong></span> <span class='ocrx_word' id='word_1_26' title='bbox 2759 1578 3038 1637; x_wconf 80' lang='lat' dir='ltr'><strong>GESTUM</strong></span> <span class='ocrx_word' id='word_1_27' title='bbox 3064 1576 3517 1634; x_wconf 77' lang='lat' dir='ltr'><strong>APERTISSIME</strong></span> <span class='ocrx_word' id='word_1_28' title='bbox 3543 1578 4043 1635; x_wconf 75' lang='lat' dir='ltr'><strong>MONSTRATUR:</strong></span> 
     </span>
    </p>
   </div>
   <div class='ocr_carea' id='block_1_11' title="bbox 856 1582 2314 1661">
    <p class='ocr_par' dir='ltr' id='par_1_11' title="bbox 856 1582 2314 1661">
     <span class='ocr_line' id='line_1_11' title="bbox 856 1582 2314 1661; baseline -0.003 -12"><span class='ocrx_word' id='word_1_29' title='bbox 856 1582 1273 1661; x_wconf 59' lang='lat' dir='ltr'><strong>St&#39;GN&#39;ANTUR;</strong></span> <span class='ocrx_word' id='word_1_30' title='bbox 1313 1595 1399 1648; x_wconf 89' lang='lat' dir='ltr'><strong>ET</strong></span> <span class='ocrx_word' id='word_1_31' title='bbox 1438 1594 1526 1646; x_wconf 91' lang='lat' dir='ltr'><strong>AD</strong></span> <span class='ocrx_word' id='word_1_32' title='bbox 1563 1588 1892 1661; x_wconf 47' lang='lat' dir='ltr'><strong>Resainan</strong></span> <span class='ocrx_word' id='word_1_33' title='bbox 1907 1584 2242 1661; x_wconf 44' lang='grc' dir='ltr'><strong>ῥεῖ-ἕψῃ</strong></span> <span class='ocrx_word' id='word_1_34' title='bbox 2264 1582 2314 1661; x_wconf 72' lang='grc' dir='ltr'>ρ</span> 
     </span>
    </p>
   </div>
   <div class='ocr_carea' id='block_1_12' title="bbox 2784 1507 4046 1565">
    <p class='ocr_par' dir='ltr' id='par_1_12' title="bbox 2784 1507 4046 1565">
     <span class='ocr_line' id='line_1_12' title="bbox 2784 1507 4046 1565; baseline -0.002 -1"><span class='ocrx_word' id='word_1_35' title='bbox 2784 1510 2823 1564; x_wconf 83' lang='grc' dir='ltr'>Ε</span> <span class='ocrx_word' id='word_1_36' title='bbox 2862 1510 2951 1565; x_wconf 77' lang='grc' dir='ltr'><strong>ΑΙ)</strong></span> <span class='ocrx_word' id='word_1_37' title='bbox 2988 1507 3453 1563; x_wconf 71' lang='lat' dir='ltr'><strong>BEATISSIMUM</strong></span> <span class='ocrx_word' id='word_1_38' title='bbox 3492 1508 3899 1563; x_wconf 67' lang='lat' dir='ltr'><strong>CYPRlANUM</strong></span> <span class='ocrx_word' id='word_1_39' title='bbox 3940 1509 4046 1562; x_wconf 81' lang='lat' dir='ltr'><strong>DE-</strong></span> 
     </span>
    </p>
   </div>
   <div class='ocr_carea' id='block_1_13' title="bbox 866 1649 2698 1723">
    <p class='ocr_par' dir='ltr' id='par_1_13' title="bbox 866 1649 2698 1723">
     <span class='ocr_line' id='line_1_13' title="bbox 866 1649 2698 1723; baseline -0.01 -2"><span class='ocrx_word' id='word_1_40' title='bbox 866 1649 1325 1723; x_wconf 67' lang='lat' dir='ltr'><strong>es’insronus</strong></span> <span class='ocrx_word' id='word_1_41' title='bbox 1363 1658 1771 1719; x_wconf 76' lang='lat' dir='ltr'><strong>COLLECTUM</strong></span> <span class='ocrx_word' id='word_1_42' title='bbox 1812 1652 2157 1713; x_wconf 79' lang='lat' dir='ltr'><strong>LEGALIUM</strong></span> <span class='ocrx_word' id='word_1_43' title='bbox 2196 1649 2698 1707; x_wconf 81' lang='lat' dir='ltr'><strong>MANDATORUM.</strong></span> 
     </span>
    </p>
   </div>
   <div class='ocr_carea' id='block_1_14' title="bbox 862 1931 4045 2024">
    <p class='ocr_par' dir='ltr' id='par_1_14' title="bbox 862 1931 4045 2024">
     <span class='ocr_line' id='line_1_14' title="bbox 862 1931 4045 2024; baseline -0.005 -17"><span class='ocrx_word' id='word_1_44' title='bbox 862 1956 921 2010; x_wconf 84' lang='lat' dir='ltr'><strong>In</strong></span> <span class='ocrx_word' id='word_1_45' title='bbox 950 1952 1205 2024; x_wconf 86' lang='lat' dir='ltr'><strong>principio</strong></span> <span class='ocrx_word' id='word_1_46' title='bbox 1247 1951 1404 2003; x_wconf 88' lang='lat' dir='ltr'><strong>homo</strong></span> <span class='ocrx_word' id='word_1_47' title='bbox 1443 1948 1644 2016; x_wconf 83' lang='lat' dir='ltr'><strong>primus</strong></span> <span class='ocrx_word' id='word_1_48' title='bbox 1680 1940 1823 1997; x_wconf 78' lang='lat' dir='ltr'><strong>unde</strong></span> <span class='ocrx_word' id='word_1_49' title='bbox 1851 1942 1904 1995; x_wconf 86' lang='lat' dir='ltr'><strong>in</strong></span> <span class='ocrx_word' id='word_1_50' title='bbox 1943 1934 2157 1993; x_wconf 83' lang='lat' dir='ltr'><strong>saeculo</strong></span> <span class='ocrx_word' id='word_1_51' title='bbox 2194 1944 2354 2001; x_wconf 82' lang='lat' dir='ltr'><strong>appa—</strong></span> <span class='ocrx_word' id='word_1_52' title='bbox 2383 1932 2435 1991; x_wconf 79' lang='grc' dir='ltr'>Α</span> <span class='ocrx_word' id='word_1_53' title='bbox 2462 1931 2735 2003; x_wconf 86' lang='lat' dir='ltr'><strong>renovatio</strong></span> <span class='ocrx_word' id='word_1_54' title='bbox 2764 1932 3164 2004; x_wconf 85' lang='lat' dir='ltr'><strong>interpretatur,</strong></span> <span class='ocrx_word' id='word_1_55' title='bbox 3218 1936 3341 2004; x_wconf 83' lang='lat' dir='ltr'><strong>quia</strong></span> <span class='ocrx_word' id='word_1_56' title='bbox 3376 1936 3513 1992; x_wconf 90' lang='lat' dir='ltr'><strong>Deus</strong></span> <span class='ocrx_word' id='word_1_57' title='bbox 3544 1952 3641 2007; x_wconf 87' lang='lat' dir='ltr'><strong>per</strong></span> <span class='ocrx_word' id='word_1_58' title='bbox 3676 1937 3849 2008; x_wconf 86' lang='lat' dir='ltr'><strong>ipsum</strong></span> <span class='ocrx_word' id='word_1_59' title='bbox 3890 1953 4045 1993; x_wconf 86' lang='lat' dir='ltr'><strong>reno-</strong></span> 
     </span>
    </p>
   </div>
   <div class='ocr_carea' id='block_1_15' title="bbox 800 2042 1681 2112">
    <p class='ocr_par' dir='ltr' id='par_1_15' title="bbox 800 2042 1681 2112">
     <span class='ocr_line' id='line_1_15' title="bbox 800 2042 1681 2112; baseline -0.014 -13"><span class='ocrx_word' id='word_1_60' title='bbox 800 2046 971 2099; x_wconf 88' lang='lat' dir='ltr'><strong>ruisse</strong></span> <span class='ocrx_word' id='word_1_61' title='bbox 996 2042 1352 2112; x_wconf 72' lang='lat' dir='ltr'><strong>cognoscitur.</strong></span> <span class='ocrx_word' id='word_1_62' title='bbox 1680 2100 1681 2103; x_wconf 19' lang='grc' dir='ltr'><strong>η</strong></span> 
     </span>
    </p>
   </div>
   <div class='ocr_carea' id='block_1_16' title="bbox 866 2110 2375 2190">
    <p class='ocr_par' dir='ltr' id='par_1_16' title="bbox 866 2110 2375 2190">
     <span class='ocr_line' id='line_1_16' title="bbox 866 2110 2375 2190; baseline -0.017 -4"><span class='ocrx_word' id='word_1_63' title='bbox 866 2110 1193 2186; x_wconf 80' lang='lat' dir='ltr'><strong>Audiamus:</strong></span> <span class='ocrx_word' id='word_1_64' title='bbox 1227 2130 1270 2183; x_wconf 97' lang='lat' dir='ltr'><strong>si</strong></span> <span class='ocrx_word' id='word_1_65' title='bbox 1306 2138 1457 2181; x_wconf 90' lang='lat' dir='ltr'><strong>natus</strong></span> <span class='ocrx_word' id='word_1_66' title='bbox 1484 2134 1587 2190; x_wconf 88' lang='lat' dir='ltr'><strong>est,</strong></span> <span class='ocrx_word' id='word_1_67' title='bbox 1620 2123 1779 2176; x_wconf 88' lang='lat' dir='ltr'><strong>habet</strong></span> <span class='ocrx_word' id='word_1_68' title='bbox 1808 2118 2095 2190; x_wconf 86' lang='lat' dir='ltr'><strong>genitores,</strong></span> <span class='ocrx_word' id='word_1_69' title='bbox 2122 2113 2167 2167; x_wconf 91' lang='lat' dir='ltr'><strong>si</strong></span> <span class='ocrx_word' id='word_1_70' title='bbox 2203 2110 2375 2164; x_wconf 82' lang='lat' dir='ltr'><strong>factus</strong></span> 
     </span>
    </p>
   </div>
   <div class='ocr_carea' id='block_1_17' title="bbox 798 2203 2370 2289">
    <p class='ocr_par' dir='ltr' id='par_1_17' title="bbox 798 2203 2370 2289">
     <span class='ocr_line' id='line_1_17' title="bbox 798 2203 2370 2289; baseline -0.018 -9"><span class='ocrx_word' id='word_1_71' title='bbox 798 2234 900 2289; x_wconf 82' lang='lat' dir='ltr'><strong>est,</strong></span> <span class='ocrx_word' id='word_1_72' title='bbox 933 2224 1090 2278; x_wconf 88' lang='lat' dir='ltr'><strong>habet</strong></span> <span class='ocrx_word' id='word_1_73' title='bbox 1113 2224 1409 2283; x_wconf 86' lang='lat' dir='ltr'><strong>materiam,</strong></span> <span class='ocrx_word' id='word_1_74' title='bbox 1435 2218 1475 2271; x_wconf 89' lang='lat' dir='ltr'><strong>si</strong></span> <span class='ocrx_word' id='word_1_75' title='bbox 1507 2216 1740 2286; x_wconf 83' lang='lat' dir='ltr'><strong>prolatus</strong></span> <span class='ocrx_word' id='word_1_76' title='bbox 1765 2223 1867 2277; x_wconf 81' lang='lat' dir='ltr'><strong>est,</strong></span> <span class='ocrx_word' id='word_1_77' title='bbox 1895 2210 2049 2262; x_wconf 88' lang='lat' dir='ltr'><strong>habet</strong></span> <span class='ocrx_word' id='word_1_78' title='bbox 2071 2203 2370 2258; x_wconf 86' lang='lat' dir='ltr'><strong>authorem.</strong></span> 
     </span>
    </p>
   </div>
   <div class='ocr_carea' id='block_1_18' title="bbox 801 2302 2377 2382">
    <p class='ocr_par' dir='ltr' id='par_1_18' title="bbox 801 2302 2377 2382">
     <span class='ocr_line' id='line_1_18' title="bbox 801 2302 2377 2382; baseline -0.017 -13"><span class='ocrx_word' id='word_1_79' title='bbox 801 2316 892 2369; x_wconf 72' lang='lat' dir='ltr'><strong>Dei</strong></span> <span class='ocrx_word' id='word_1_80' title='bbox 926 2312 1302 2382; x_wconf 76' lang='lat' dir='ltr'><strong>omnipotentis</strong></span> <span class='ocrx_word' id='word_1_81' title='bbox 1330 2310 1507 2377; x_wconf 93' lang='lat' dir='ltr'><strong>utique</strong></span> <span class='ocrx_word' id='word_1_82' title='bbox 1546 2302 1805 2373; x_wconf 80' lang='lat' dir='ltr'><strong>sapientia</strong></span> <span class='ocrx_word' id='word_1_83' title='bbox 1845 2302 2025 2354; x_wconf 82' lang='lat' dir='ltr'><strong>lituum</strong></span> <span class='ocrx_word' id='word_1_84' title='bbox 2055 2310 2083 2347; x_wconf 87' lang='lat' dir='ltr'><strong>a</strong></span> <span class='ocrx_word' id='word_1_85' title='bbox 2114 2302 2256 2347; x_wconf 87' lang='lat' dir='ltr'><strong>terra</strong></span> <span class='ocrx_word' id='word_1_86' title='bbox 2287 2303 2377 2343; x_wconf 88' lang='lat' dir='ltr'><strong>su-</strong></span> 
     </span>
    </p>
   </div>
   <div class='ocr_carea' id='block_1_19' title="bbox 799 2385 2377 2473">
    <p class='ocr_par' dir='ltr' id='par_1_19' title="bbox 799 2385 2377 2473">
     <span class='ocr_line' id='line_1_19' title="bbox 799 2385 2377 2473; baseline -0.016 -12"><span class='ocrx_word' id='word_1_87' title='bbox 799 2422 952 2461; x_wconf 90' lang='lat' dir='ltr'><strong>mens</strong></span> <span class='ocrx_word' id='word_1_88' title='bbox 979 2414 1201 2473; x_wconf 83' lang='lat' dir='ltr'><strong>paterno</strong></span> <span class='ocrx_word' id='word_1_89' title='bbox 1230 2402 1450 2470; x_wconf 69' lang='lat' dir='ltr'><strong>imperio</strong></span> <span class='ocrx_word' id='word_1_90' title='bbox 1483 2398 1748 2453; x_wconf 81' lang='lat' dir='ltr'><strong>hominem</strong></span> <span class='ocrx_word' id='word_1_91' title='bbox 1783 2394 1959 2449; x_wconf 87' lang='lat' dir='ltr'><strong>facere</strong></span> <span class='ocrx_word' id='word_1_92' title='bbox 1996 2385 2283 2457; x_wconf 75' lang='lat' dir='ltr'><strong>cogitavit;</strong></span> <span class='ocrx_word' id='word_1_93' title='bbox 2323 2389 2377 2436; x_wconf 86' lang='lat' dir='ltr'><strong>et</strong></span> 
     </span>
    </p>
   </div>
   <div class='ocr_carea' id='block_1_20' title="bbox 798 2473 2378 2559">
    <p class='ocr_par' dir='ltr' id='par_1_20' title="bbox 798 2473 2378 2559">
     <span class='ocr_line' id='line_1_20' title="bbox 798 2473 2378 2559; baseline -0.018 -6"><span class='ocrx_word' id='word_1_94' title='bbox 798 2513 918 2553; x_wconf 88' lang='lat' dir='ltr'><strong>cum</strong></span> <span class='ocrx_word' id='word_1_95' title='bbox 959 2495 1232 2552; x_wconf 71' lang='lat' dir='ltr'><strong>solitarius</strong></span> <span class='ocrx_word' id='word_1_96' title='bbox 1260 2508 1321 2547; x_wconf 87' lang='lat' dir='ltr'><strong>ac</strong></span> <span class='ocrx_word' id='word_1_97' title='bbox 1356 2488 1651 2559; x_wconf 74' lang='lat' dir='ltr'><strong>singularis</strong></span> <span class='ocrx_word' id='word_1_98' title='bbox 1660 2486 1743 2540; x_wconf 86' lang='lat' dir='ltr'><strong>ab</strong></span> <span class='ocrx_word' id='word_1_99' title='bbox 1770 2485 1886 2553; x_wconf 87' lang='lat' dir='ltr'><strong>ipso</strong></span> <span class='ocrx_word' id='word_1_100' title='bbox 1924 2480 2147 2534; x_wconf 89' lang='lat' dir='ltr'><strong>Domino</strong></span> <span class='ocrx_word' id='word_1_101' title='bbox 2178 2473 2378 2528; x_wconf 87' lang='lat' dir='ltr'><strong>factore</strong></span> 
     </span>
    </p>
   </div>
   <div class='ocr_carea' id='block_1_21' title="bbox 797 2568 2379 2644">
    <p class='ocr_par' dir='ltr' id='par_1_21' title="bbox 797 2568 2379 2644">
     <span class='ocr_line' id='line_1_21' title="bbox 797 2568 2379 2644; baseline -0.018 0"><span class='ocrx_word' id='word_1_102' title='bbox 797 2599 854 2644; x_wconf 91' lang='lat' dir='ltr'><strong>et</strong></span> <span class='ocrx_word' id='word_1_103' title='bbox 873 2587 1148 2643; x_wconf 89' lang='lat' dir='ltr'><strong>conditore</strong></span> <span class='ocrx_word' id='word_1_104' title='bbox 1175 2600 1273 2639; x_wconf 90' lang='lat' dir='ltr'><strong>suo</strong></span> <span class='ocrx_word' id='word_1_105' title='bbox 1296 2584 1437 2635; x_wconf 82' lang='lat' dir='ltr'><strong>visus</strong></span> <span class='ocrx_word' id='word_1_106' title='bbox 1470 2581 1688 2643; x_wconf 79' lang='lat' dir='ltr'><strong>fuisset,</strong></span> <span class='ocrx_word' id='word_1_107' title='bbox 1738 2590 1798 2631; x_wconf 87' lang='lat' dir='ltr'><strong>os</strong></span> <span class='ocrx_word' id='word_1_108' title='bbox 1839 2574 1906 2628; x_wconf 90' lang='lat' dir='ltr'><strong>de</strong></span> <span class='ocrx_word' id='word_1_109' title='bbox 1945 2583 2089 2626; x_wconf 77' lang='lat' dir='ltr'><strong>eoSta</strong></span> <span class='ocrx_word' id='word_1_110' title='bbox 2131 2568 2245 2637; x_wconf 84' lang='lat' dir='ltr'><strong>ejus</strong></span> <span class='ocrx_word' id='word_1_111' title='bbox 2290 2577 2379 2617; x_wconf 87' lang='lat' dir='ltr'><strong>su-</strong></span> 
     </span>
    </p>
   </div>
   <div class='ocr_carea' id='block_1_22' title="bbox 799 2660 2379 2744">
    <p class='ocr_par' dir='ltr' id='par_1_22' title="bbox 799 2660 2379 2744">
     <span class='ocr_line' id='line_1_22' title="bbox 799 2660 2379 2744; baseline -0.018 -11"><span class='ocrx_word' id='word_1_112' title='bbox 799 2692 973 2744; x_wconf 82' lang='lat' dir='ltr'><strong>mens,</strong></span> <span class='ocrx_word' id='word_1_113' title='bbox 998 2677 1274 2731; x_wconf 86' lang='lat' dir='ltr'><strong>mulierem</strong></span> <span class='ocrx_word' id='word_1_114' title='bbox 1300 2673 1372 2726; x_wconf 91' lang='lat' dir='ltr'><strong>illi</strong></span> <span class='ocrx_word' id='word_1_115' title='bbox 1406 2668 1725 2739; x_wconf 87' lang='lat' dir='ltr'><strong>adjutorium</strong></span> <span class='ocrx_word' id='word_1_116' title='bbox 1758 2666 1906 2731; x_wconf 89' lang='lat' dir='ltr'><strong>fecit,</strong></span> <span class='ocrx_word' id='word_1_117' title='bbox 1935 2660 2199 2731; x_wconf 90' lang='lat' dir='ltr'><strong>serpentis</strong></span> <span class='ocrx_word' id='word_1_118' title='bbox 2229 2670 2379 2709; x_wconf 85' lang='lat' dir='ltr'><strong>nam-</strong></span> 
     </span>
    </p>
   </div>
   <div class='ocr_carea' id='block_1_23' title="bbox 799 2747 2379 2842">
    <p class='ocr_par' dir='ltr' id='par_1_23' title="bbox 799 2747 2379 2842">
     <span class='ocr_line' id='line_1_23' title="bbox 799 2747 2379 2842; baseline -0.014 -20"><span class='ocrx_word' id='word_1_119' title='bbox 799 2785 902 2842; x_wconf 84' lang='lat' dir='ltr'><strong>que</strong></span> <span class='ocrx_word' id='word_1_120' title='bbox 924 2770 1164 2825; x_wconf 80' lang='lat' dir='ltr'><strong>confecta</strong></span> <span class='ocrx_word' id='word_1_121' title='bbox 1188 2763 1403 2822; x_wconf 87' lang='lat' dir='ltr'><strong>venenis</strong></span> <span class='ocrx_word' id='word_1_122' title='bbox 1423 2778 1515 2833; x_wconf 87' lang='lat' dir='ltr'><strong>per</strong></span> <span class='ocrx_word' id='word_1_123' title='bbox 1540 2761 1789 2816; x_wconf 87' lang='lat' dir='ltr'><strong>invidiam</strong></span> <span class='ocrx_word' id='word_1_124' title='bbox 1813 2755 2007 2810; x_wconf 83' lang='lat' dir='ltr'><strong>diaboli</strong></span> <span class='ocrx_word' id='word_1_125' title='bbox 2030 2764 2173 2806; x_wconf 89' lang='lat' dir='ltr'><strong>mors</strong></span> <span class='ocrx_word' id='word_1_126' title='bbox 2197 2747 2379 2842; x_wconf 60' lang='lat' dir='ltr'><strong>introi-</strong></span> 
     </span>
    </p>
   </div>
   <div class='ocr_carea' id='block_1_24' title="bbox 798 2839 2376 2920">
    <p class='ocr_par' dir='ltr' id='par_1_24' title="bbox 798 2839 2376 2920">
     <span class='ocr_line' id='line_1_24' title="bbox 798 2839 2376 2920; baseline -0.016 -4"><span class='ocrx_word' id='word_1_127' title='bbox 798 2839 873 2915; x_wconf 65' lang='lat' dir='ltr'><strong>vit</strong></span> <span class='ocrx_word' id='word_1_128' title='bbox 913 2861 967 2915; x_wconf 92' lang='lat' dir='ltr'><strong>in</strong></span> <span class='ocrx_word' id='word_1_129' title='bbox 1014 2860 1200 2913; x_wconf 89' lang='lat' dir='ltr'><strong>orbem</strong></span> <span class='ocrx_word' id='word_1_130' title='bbox 1256 2865 1553 2920; x_wconf 78' lang='lat' dir='ltr'><strong>terrarum,</strong></span> <span class='ocrx_word' id='word_1_131' title='bbox 1599 2862 1653 2905; x_wconf 87' lang='lat' dir='ltr'><strong>et</strong></span> <span class='ocrx_word' id='word_1_132' title='bbox 1696 2862 1921 2918; x_wconf 88' lang='lat' dir='ltr'><strong>regnare</strong></span> <span class='ocrx_word' id='word_1_133' title='bbox 1969 2846 2131 2912; x_wconf 64' lang='lat' dir='ltr'><strong>capit</strong></span> <span class='ocrx_word' id='word_1_134' title='bbox 2161 2842 2227 2895; x_wconf 86' lang='lat' dir='ltr'><strong>ab</strong></span> <span class='ocrx_word' id='word_1_135' title='bbox 2271 2839 2376 2893; x_wconf 82' lang='lat' dir='ltr'><strong>Eva</strong></span> 
     </span>
    </p>
   </div>
   <div class='ocr_carea' id='block_1_25' title="bbox 800 2936 2375 3021">
    <p class='ocr_par' dir='ltr' id='par_1_25' title="bbox 800 2936 2375 3021">
     <span class='ocr_line' id='line_1_25' title="bbox 800 2936 2375 3021; baseline -0.015 -14"><span class='ocrx_word' id='word_1_136' title='bbox 800 2966 965 3021; x_wconf 87' lang='lat' dir='ltr'><strong>usque</strong></span> <span class='ocrx_word' id='word_1_137' title='bbox 981 2950 1044 3003; x_wconf 83' lang='lat' dir='ltr'><strong>ad</strong></span> <span class='ocrx_word' id='word_1_138' title='bbox 1067 2949 1281 3003; x_wconf 71' lang='lat' dir='ltr'><strong>Mariam</strong></span> <span class='ocrx_word' id='word_1_139' title='bbox 1302 2946 1569 3015; x_wconf 74' lang='lat' dir='ltr'><strong>Virginem</strong></span> <span class='ocrx_word' id='word_1_140' title='bbox 1595 2943 1793 2997; x_wconf 88' lang='lat' dir='ltr'><strong>unitam</strong></span> <span class='ocrx_word' id='word_1_141' title='bbox 1821 2939 2027 2994; x_wconf 82' lang='lat' dir='ltr'><strong>Domini</strong></span> <span class='ocrx_word' id='word_1_142' title='bbox 2042 2936 2337 2990; x_wconf 73' lang='lat' dir='ltr'><strong>castitatem</strong></span> <span class='ocrx_word' id='word_1_143' title='bbox 2361 2946 2375 2995; x_wconf 91' lang='lat'>;</span> 
     </span>
    </p>
   </div>
   <div class='ocr_carea' id='block_1_26' title="bbox 801 3028 2378 3107">
    <p class='ocr_par' dir='ltr' id='par_1_26' title="bbox 801 3028 2378 3107">
     <span class='ocr_line' id='line_1_26' title="bbox 801 3028 2378 3107; baseline -0.015 -10"><span class='ocrx_word' id='word_1_144' title='bbox 801 3042 939 3097; x_wconf 85' lang='lat' dir='ltr'><strong>sicut</strong></span> <span class='ocrx_word' id='word_1_145' title='bbox 961 3041 1101 3095; x_wconf 87' lang='lat' dir='ltr'><strong>enim</strong></span> <span class='ocrx_word' id='word_1_146' title='bbox 1135 3054 1228 3107; x_wconf 86' lang='lat' dir='ltr'><strong>per</strong></span> <span class='ocrx_word' id='word_1_147' title='bbox 1258 3038 1535 3092; x_wconf 87' lang='lat' dir='ltr'><strong>mulierem</strong></span> <span class='ocrx_word' id='word_1_148' title='bbox 1562 3045 1678 3088; x_wconf 85' lang='lat' dir='ltr'><strong>nata</strong></span> <span class='ocrx_word' id='word_1_149' title='bbox 1702 3044 1782 3087; x_wconf 79' lang='grc' dir='ltr'><strong>εει</strong></span> <span class='ocrx_word' id='word_1_150' title='bbox 1806 3045 1971 3097; x_wconf 88' lang='lat' dir='ltr'><strong>mors,</strong></span> <span class='ocrx_word' id='word_1_151' title='bbox 1989 3028 2060 3080; x_wconf 85' lang='lat' dir='ltr'><strong>ita</strong></span> <span class='ocrx_word' id='word_1_152' title='bbox 2087 3035 2139 3081; x_wconf 87' lang='lat' dir='ltr'><strong>et</strong></span> <span class='ocrx_word' id='word_1_153' title='bbox 2158 3040 2251 3095; x_wconf 88' lang='lat' dir='ltr'><strong>per</strong></span> <span class='ocrx_word' id='word_1_154' title='bbox 2266 3039 2378 3077; x_wconf 84' lang='lat' dir='ltr'><strong>mu-</strong></span> 
     </span>
    </p>
   </div>
   <div class='ocr_carea' id='block_1_27' title="bbox 804 3113 2379 3186">
    <p class='ocr_par' dir='ltr' id='par_1_27' title="bbox 804 3113 2379 3186">
     <span class='ocr_line' id='line_1_27' title="bbox 804 3113 2379 3186; baseline -0.011 -3"><span class='ocrx_word' id='word_1_155' title='bbox 804 3130 987 3184; x_wconf 88' lang='lat' dir='ltr'><strong>lierem</strong></span> <span class='ocrx_word' id='word_1_156' title='bbox 1017 3139 1138 3182; x_wconf 85' lang='lat' dir='ltr'><strong>nata</strong></span> <span class='ocrx_word' id='word_1_157' title='bbox 1168 3138 1247 3181; x_wconf 87' lang='lat' dir='ltr'><strong>est</strong></span> <span class='ocrx_word' id='word_1_158' title='bbox 1276 3126 1590 3180; x_wconf 74' lang='lat' dir='ltr'><strong>resurremio</strong></span> <span class='ocrx_word' id='word_1_159' title='bbox 1620 3132 1971 3177; x_wconf 88' lang='lat' dir='ltr'><strong>mortuorum.</strong></span> <span class='ocrx_word' id='word_1_160' title='bbox 1997 3119 2112 3186; x_wconf 82' lang='lat' dir='ltr'><strong>Ipse</strong></span> <span class='ocrx_word' id='word_1_161' title='bbox 2136 3127 2212 3170; x_wconf 86' lang='lat' dir='ltr'><strong>est</strong></span> <span class='ocrx_word' id='word_1_162' title='bbox 2238 3113 2379 3168; x_wconf 90' lang='lat' dir='ltr'><strong>enim</strong></span> 
     </span>
    </p>
   </div>
   <div class='ocr_carea' id='block_1_28' title="bbox 802 3206 2378 3287">
    <p class='ocr_par' dir='ltr' id='par_1_28' title="bbox 802 3206 2378 3287">
     <span class='ocr_line' id='line_1_28' title="bbox 802 3206 2378 3287; baseline -0.011 -14"><span class='ocrx_word' id='word_1_163' title='bbox 802 3216 968 3273; x_wconf 81' lang='lat' dir='ltr'><strong>Adam</strong></span> <span class='ocrx_word' id='word_1_164' title='bbox 1014 3218 1101 3287; x_wconf 91' lang='lat' dir='ltr'><strong>qui</strong></span> <span class='ocrx_word' id='word_1_165' title='bbox 1144 3217 1389 3284; x_wconf 86' lang='lat' dir='ltr'><strong>cognovit</strong></span> <span class='ocrx_word' id='word_1_166' title='bbox 1432 3213 1708 3267; x_wconf 85' lang='lat' dir='ltr'><strong>mulierem</strong></span> <span class='ocrx_word' id='word_1_167' title='bbox 1754 3225 1905 3265; x_wconf 87' lang='lat' dir='ltr'><strong>suam</strong></span> <span class='ocrx_word' id='word_1_168' title='bbox 1938 3209 2099 3261; x_wconf 80' lang='lat' dir='ltr'><strong>Evam</strong></span> <span class='ocrx_word' id='word_1_169' title='bbox 2132 3206 2378 3260; x_wconf 76' lang='lat' dir='ltr'><strong>exclusus</strong></span> 
     </span>
    </p>
   </div>
   <div class='ocr_carea' id='block_1_29' title="bbox 799 3280 2451 3378">
    <p class='ocr_par' dir='ltr' id='par_1_29' title="bbox 799 3280 2451 3378">
     <span class='ocr_line' id='line_1_29' title="bbox 799 3280 2451 3378; baseline -0.013 -12"><span class='ocrx_word' id='word_1_170' title='bbox 799 3311 867 3366; x_wconf 89' lang='lat' dir='ltr'><strong>de</strong></span> <span class='ocrx_word' id='word_1_171' title='bbox 894 3280 1139 3378; x_wconf 80' lang='lat' dir='ltr'><strong>paradiso</strong></span> <span class='ocrx_word' id='word_1_172' title='bbox 1170 3280 1237 3361; x_wconf 29' lang='lat' dir='ltr'><strong>in“</strong></span> <span class='ocrx_word' id='word_1_173' title='bbox 1255 3319 1391 3360; x_wconf 86' lang='lat' dir='ltr'><strong>terra</strong></span> <span class='ocrx_word' id='word_1_174' title='bbox 1425 3306 1574 3370; x_wconf 85' lang='lat' dir='ltr'><strong>Naid,</strong></span> <span class='ocrx_word' id='word_1_175' title='bbox 1600 3316 1650 3358; x_wconf 88' lang='lat' dir='ltr'><strong>et</strong></span> <span class='ocrx_word' id='word_1_176' title='bbox 1680 3302 1922 3370; x_wconf 81' lang='lat' dir='ltr'><strong>concepit</strong></span> <span class='ocrx_word' id='word_1_177' title='bbox 1944 3308 1997 3354; x_wconf 87' lang='lat' dir='ltr'><strong>et</strong></span> <span class='ocrx_word' id='word_1_178' title='bbox 2022 3298 2227 3367; x_wconf 85' lang='lat' dir='ltr'><strong>peperit</strong></span> <span class='ocrx_word' id='word_1_179' title='bbox 2247 3294 2373 3349; x_wconf 87' lang='lat' dir='ltr'><strong>Cain</strong></span> <span class='ocrx_word' id='word_1_180' title='bbox 2409 3280 2451 3338; x_wconf 79' lang='grc' dir='ltr'><strong>Β</strong></span> 
     </span>
    </p>
   </div>
   <div class='ocr_carea' id='block_1_30' title="bbox 801 3385 2376 3463">
    <p class='ocr_par' dir='ltr' id='par_1_30' title="bbox 801 3385 2376 3463">
     <span class='ocr_line' id='line_1_30' title="bbox 801 3385 2376 3463; baseline -0.011 -8"><span class='ocrx_word' id='word_1_181' title='bbox 801 3416 867 3455; x_wconf 79' lang='lat' dir='ltr'><strong>ex</strong></span> <span class='ocrx_word' id='word_1_182' title='bbox 891 3400 1096 3455; x_wconf 85' lang='lat' dir='ltr'><strong>semine</strong></span> <span class='ocrx_word' id='word_1_183' title='bbox 1125 3397 1529 3463; x_wconf 87' lang='lat' dir='ltr'><strong>criminationis,</strong></span> <span class='ocrx_word' id='word_1_184' title='bbox 1561 3396 1734 3449; x_wconf 85' lang='lat' dir='ltr'><strong>luctus</strong></span> <span class='ocrx_word' id='word_1_185' title='bbox 1771 3402 1823 3447; x_wconf 85' lang='lat' dir='ltr'><strong>et</strong></span> <span class='ocrx_word' id='word_1_186' title='bbox 1852 3391 2082 3459; x_wconf 84' lang='lat' dir='ltr'><strong>vaporis,</strong></span> <span class='ocrx_word' id='word_1_187' title='bbox 2114 3396 2169 3441; x_wconf 83' lang='lat' dir='ltr'><strong>et</strong></span> <span class='ocrx_word' id='word_1_188' title='bbox 2203 3385 2376 3440; x_wconf 85' lang='lat' dir='ltr'><strong>adhuc</strong></span> 
     </span>
    </p>
   </div>
   <div class='ocr_carea' id='block_1_31' title="bbox 802 3477 2377 3560">
    <p class='ocr_par' dir='ltr' id='par_1_31' title="bbox 802 3477 2377 3560">
     <span class='ocr_line' id='line_1_31' title="bbox 802 3477 2377 3560; baseline -0.01 -16"><span class='ocrx_word' id='word_1_189' title='bbox 802 3493 995 3560; x_wconf 82' lang='lat' dir='ltr'><strong>adjecit</strong></span> <span class='ocrx_word' id='word_1_190' title='bbox 1024 3504 1235 3559; x_wconf 77' lang='lat' dir='ltr'><strong>parere,</strong></span> <span class='ocrx_word' id='word_1_191' title='bbox 1266 3500 1316 3543; x_wconf 91' lang='lat' dir='ltr'><strong>et</strong></span> <span class='ocrx_word' id='word_1_192' title='bbox 1350 3487 1555 3556; x_wconf 84' lang='lat' dir='ltr'><strong>peperit</strong></span> <span class='ocrx_word' id='word_1_193' title='bbox 1578 3486 1707 3539; x_wconf 82' lang='lat' dir='ltr'><strong>Abel</strong></span> <span class='ocrx_word' id='word_1_194' title='bbox 1744 3484 1957 3537; x_wconf 78' lang='lat' dir='ltr'><strong>fratrem</strong></span> <span class='ocrx_word' id='word_1_195' title='bbox 1981 3482 2115 3550; x_wconf 80' lang='lat' dir='ltr'><strong>ejus,</strong></span> <span class='ocrx_word' id='word_1_196' title='bbox 2136 3490 2188 3533; x_wconf 88' lang='lat' dir='ltr'><strong>et</strong></span> <span class='ocrx_word' id='word_1_197' title='bbox 2210 3477 2377 3532; x_wconf 86' lang='lat' dir='ltr'><strong>factus</strong></span> 
     </span>
    </p>
   </div>
   <div class='ocr_carea' id='block_1_32' title="bbox 803 3567 2378 3651">
    <p class='ocr_par' dir='ltr' id='par_1_32' title="bbox 803 3567 2378 3651">
     <span class='ocr_line' id='line_1_32' title="bbox 803 3567 2378 3651; baseline -0.011 -12"><span class='ocrx_word' id='word_1_198' title='bbox 803 3593 887 3639; x_wconf 89' lang='lat' dir='ltr'><strong>est</strong></span> <span class='ocrx_word' id='word_1_199' title='bbox 912 3592 1090 3651; x_wconf 80' lang='lat' dir='ltr'><strong>pastor</strong></span> <span class='ocrx_word' id='word_1_200' title='bbox 1118 3579 1330 3646; x_wconf 82' lang='lat' dir='ltr'><strong>ovium;</strong></span> <span class='ocrx_word' id='word_1_201' title='bbox 1363 3578 1492 3632; x_wconf 86' lang='lat' dir='ltr'><strong>Cain</strong></span> <span class='ocrx_word' id='word_1_202' title='bbox 1518 3587 1693 3631; x_wconf 88' lang='lat' dir='ltr'><strong>autem</strong></span> <span class='ocrx_word' id='word_1_203' title='bbox 1716 3567 1967 3644; x_wconf 78' lang='lat' dir='ltr'><strong>agricola.</strong></span> <span class='ocrx_word' id='word_1_204' title='bbox 1994 3572 2059 3627; x_wconf 87' lang='lat' dir='ltr'><strong>Et</strong></span> <span class='ocrx_word' id='word_1_205' title='bbox 2081 3569 2275 3624; x_wconf 85' lang='lat' dir='ltr'><strong>factum</strong></span> <span class='ocrx_word' id='word_1_206' title='bbox 2298 3579 2378 3622; x_wconf 90' lang='lat' dir='ltr'><strong>est</strong></span> 
     </span>
    </p>
   </div>
   <div class='ocr_carea' id='block_1_33' title="bbox 800 3659 2375 3741">
    <p class='ocr_par' dir='ltr' id='par_1_33' title="bbox 800 3659 2375 3741">
     <span class='ocr_line' id='line_1_33' title="bbox 800 3659 2375 3741; baseline -0.011 -15"><span class='ocrx_word' id='word_1_207' title='bbox 800 3683 921 3741; x_wconf 90' lang='lat' dir='ltr'><strong>post</strong></span> <span class='ocrx_word' id='word_1_208' title='bbox 951 3672 1088 3735; x_wconf 87' lang='lat' dir='ltr'><strong>dies,</strong></span> <span class='ocrx_word' id='word_1_209' title='bbox 1111 3671 1282 3723; x_wconf 86' lang='lat' dir='ltr'><strong>attulit</strong></span> <span class='ocrx_word' id='word_1_210' title='bbox 1305 3667 1430 3721; x_wconf 79' lang='lat' dir='ltr'><strong>Cain</strong></span> <span class='ocrx_word' id='word_1_211' title='bbox 1460 3682 1579 3721; x_wconf 89' lang='lat' dir='ltr'><strong>cum</strong></span> <span class='ocrx_word' id='word_1_212' title='bbox 1602 3665 1868 3732; x_wconf 82' lang='lat' dir='ltr'><strong>essetjam</strong></span> <span class='ocrx_word' id='word_1_213' title='bbox 1892 3668 2067 3716; x_wconf 68' lang='lat' dir='ltr'><strong>aetite</strong></span> <span class='ocrx_word' id='word_1_214' title='bbox 2089 3659 2375 3728; x_wconf 76' lang='lat' dir='ltr'><strong>legitimus,</strong></span> 
     </span>
    </p>
   </div>
   <div class='ocr_carea' id='block_1_34' title="bbox 799 3749 2375 3817">
    <p class='ocr_par' dir='ltr' id='par_1_34' title="bbox 799 3749 2375 3817">
     <span class='ocr_line' id='line_1_34' title="bbox 799 3749 2375 3817; baseline -0.01 -1"><span class='ocrx_word' id='word_1_215' title='bbox 799 3776 862 3816; x_wconf 80' lang='lat' dir='ltr'><strong>ex</strong></span> <span class='ocrx_word' id='word_1_216' title='bbox 908 3760 1164 3815; x_wconf 84' lang='lat' dir='ltr'><strong>fruetibus</strong></span> <span class='ocrx_word' id='word_1_217' title='bbox 1194 3769 1366 3813; x_wconf 79' lang='lat' dir='ltr'><strong>terrae</strong></span> <span class='ocrx_word' id='word_1_218' title='bbox 1413 3756 1637 3809; x_wconf 79' lang='lat' dir='ltr'><strong>hostiam</strong></span> <span class='ocrx_word' id='word_1_219' title='bbox 1687 3755 1831 3817; x_wconf 87' lang='lat' dir='ltr'><strong>Deo,</strong></span> <span class='ocrx_word' id='word_1_220' title='bbox 1867 3762 1924 3806; x_wconf 87' lang='lat' dir='ltr'><strong>et</strong></span> <span class='ocrx_word' id='word_1_221' title='bbox 1956 3750 2086 3806; x_wconf 85' lang='lat' dir='ltr'><strong>Abel</strong></span> <span class='ocrx_word' id='word_1_222' title='bbox 2114 3749 2289 3803; x_wconf 90' lang='lat' dir='ltr'><strong>attulit</strong></span> <span class='ocrx_word' id='word_1_223' title='bbox 2311 3762 2375 3801; x_wconf 80' lang='lat' dir='ltr'><strong>ex</strong></span> 
     </span>
    </p>
   </div>
   <div class='ocr_carea' id='block_1_35' title="bbox 798 3837 2378 3921">
    <p class='ocr_par' dir='ltr' id='par_1_35' title="bbox 798 3837 2378 3921">
     <span class='ocr_line' id='line_1_35' title="bbox 798 3837 2378 3921; baseline -0.01 -16"><span class='ocrx_word' id='word_1_224' title='bbox 798 3850 1154 3921; x_wconf 88' lang='lat' dir='ltr'><strong>primogenitu</strong></span> <span class='ocrx_word' id='word_1_225' title='bbox 1186 3850 1365 3902; x_wconf 84' lang='lat' dir='ltr'><strong>cviunt</strong></span> <span class='ocrx_word' id='word_1_226' title='bbox 1396 3861 1634 3909; x_wconf 44' lang='lat' dir='ltr'><strong>su&#39;irum,</strong></span> <span class='ocrx_word' id='word_1_227' title='bbox 1663 3855 1717 3898; x_wconf 90' lang='lat' dir='ltr'><strong>et</strong></span> <span class='ocrx_word' id='word_1_228' title='bbox 1746 3859 1813 3898; x_wconf 85' lang='lat' dir='ltr'><strong>ex</strong></span> <span class='ocrx_word' id='word_1_229' title='bbox 1845 3841 2000 3910; x_wconf 87' lang='lat' dir='ltr'><strong>adipe</strong></span> <span class='ocrx_word' id='word_1_230' title='bbox 2036 3841 2264 3895; x_wconf 87' lang='lat' dir='ltr'><strong>illarum.</strong></span> <span class='ocrx_word' id='word_1_231' title='bbox 2313 3837 2378 3889; x_wconf 83' lang='lat' dir='ltr'><strong>Et</strong></span> 
     </span>
    </p>
   </div>
   <div class='ocr_carea' id='block_1_36' title="bbox 784 3927 2375 4009">
    <p class='ocr_par' dir='ltr' id='par_1_36' title="bbox 784 3927 2375 4009">
     <span class='ocr_line' id='line_1_36' title="bbox 784 3927 2375 4009; baseline -0.011 -13"><span class='ocrx_word' id='word_1_232' title='bbox 784 3943 1036 4009; x_wconf 78' lang='lat' dir='ltr'><strong>&#39;reSpexit</strong></span> <span class='ocrx_word' id='word_1_233' title='bbox 1066 3940 1320 3993; x_wconf 81' lang='lat' dir='ltr'><strong>Dominus</strong></span> <span class='ocrx_word' id='word_1_234' title='bbox 1351 3939 1403 3991; x_wconf 92' lang='lat' dir='ltr'><strong>in</strong></span> <span class='ocrx_word' id='word_1_235' title='bbox 1438 3935 1570 3991; x_wconf 84' lang='lat' dir='ltr'><strong>Abel</strong></span> <span class='ocrx_word' id='word_1_236' title='bbox 1601 3944 1654 3989; x_wconf 89' lang='lat' dir='ltr'><strong>et</strong></span> <span class='ocrx_word' id='word_1_237' title='bbox 1698 3936 1748 3987; x_wconf 92' lang='lat' dir='ltr'><strong>in</strong></span> <span class='ocrx_word' id='word_1_238' title='bbox 1788 3931 2097 3987; x_wconf 85' lang='lat' dir='ltr'><strong>muneribus</strong></span> <span class='ocrx_word' id='word_1_239' title='bbox 2135 3929 2284 3997; x_wconf 82' lang='lat' dir='ltr'><strong>ejus;</strong></span> <span class='ocrx_word' id='word_1_240' title='bbox 2322 3927 2375 3981; x_wconf 88' lang='lat' dir='ltr'><strong>in</strong></span> 
     </span>
    </p>
   </div>
   <div class='ocr_carea' id='block_1_37' title="bbox 802 4023 2376 4106">
    <p class='ocr_par' dir='ltr' id='par_1_37' title="bbox 802 4023 2376 4106">
     <span class='ocr_line' id='line_1_37' title="bbox 802 4023 2376 4106; baseline -0.01 -20"><span class='ocrx_word' id='word_1_241' title='bbox 802 4033 930 4086; x_wconf 77' lang='lat' dir='ltr'><strong>Cain</strong></span> <span class='ocrx_word' id='word_1_242' title='bbox 956 4041 1135 4085; x_wconf 85' lang='lat' dir='ltr'><strong>autem</strong></span> <span class='ocrx_word' id='word_1_243' title='bbox 1166 4042 1219 4084; x_wconf 91' lang='lat' dir='ltr'><strong>et</strong></span> <span class='ocrx_word' id='word_1_244' title='bbox 1245 4032 1295 4083; x_wconf 89' lang='lat' dir='ltr'><strong>in</strong></span> <span class='ocrx_word' id='word_1_245' title='bbox 1314 4029 1545 4106; x_wconf 72' lang='lat' dir='ltr'><strong>hostiam</strong></span> <span class='ocrx_word' id='word_1_246' title='bbox 1577 4028 1690 4094; x_wconf 81' lang='lat' dir='ltr'><strong>ejus</strong></span> <span class='ocrx_word' id='word_1_247' title='bbox 1718 4040 1822 4078; x_wconf 91' lang='lat' dir='ltr'><strong>non</strong></span> <span class='ocrx_word' id='word_1_248' title='bbox 1848 4040 1905 4077; x_wconf 90' lang='lat' dir='ltr'><strong>re</strong></span> <span class='ocrx_word' id='word_1_249' title='bbox 1921 4023 2099 4091; x_wconf 16' lang='lat' dir='ltr'><strong>“pi-xit,</strong></span> <span class='ocrx_word' id='word_1_250' title='bbox 2123 4028 2181 4075; x_wconf 92' lang='lat' dir='ltr'><strong>ut</strong></span> <span class='ocrx_word' id='word_1_251' title='bbox 2213 4033 2376 4071; x_wconf 89' lang='lat' dir='ltr'><strong>unum</strong></span> 
     </span>
    </p>
   </div>
   <div class='ocr_carea' id='block_1_38' title="bbox 805 4112 2376 4195">
    <p class='ocr_par' dir='ltr' id='par_1_38' title="bbox 805 4112 2376 4195">
     <span class='ocr_line' id='line_1_38' title="bbox 805 4112 2376 4195; baseline -0.013 -12"><span class='ocrx_word' id='word_1_252' title='bbox 805 4126 1045 4195; x_wconf 60' lang='lat' dir='ltr'><strong>martyrii</strong></span> <span class='ocrx_word' id='word_1_253' title='bbox 1072 4124 1291 4194; x_wconf 80' lang='lat' dir='ltr'><strong>gloriam</strong></span> <span class='ocrx_word' id='word_1_254' title='bbox 1336 4123 1675 4186; x_wconf 84' lang='lat' dir='ltr'><strong>destinasset,</strong></span> <span class='ocrx_word' id='word_1_255' title='bbox 1709 4118 1872 4171; x_wconf 86' lang='lat' dir='ltr'><strong>alium</strong></span> <span class='ocrx_word' id='word_1_256' title='bbox 1920 4129 2049 4169; x_wconf 87' lang='lat' dir='ltr'><strong>vero</strong></span> <span class='ocrx_word' id='word_1_257' title='bbox 2083 4112 2376 4167; x_wconf 88' lang='lat' dir='ltr'><strong>homicida-</strong></span> 
     </span>
    </p>
   </div>
   <div class='ocr_carea' id='block_1_39' title="bbox 804 4204 2378 4285">
    <p class='ocr_par' dir='ltr' id='par_1_39' title="bbox 804 4204 2378 4285">
     <span class='ocr_line' id='line_1_39' title="bbox 804 4204 2378 4285; baseline -0.008 -13"><span class='ocrx_word' id='word_1_258' title='bbox 804 4233 925 4272; x_wconf 85' lang='lat' dir='ltr'><strong>rum</strong></span> <span class='ocrx_word' id='word_1_259' title='bbox 941 4216 1248 4285; x_wconf 73' lang='lat' dir='ltr'><strong>&#39;p‘rineipem</strong></span> <span class='ocrx_word' id='word_1_260' title='bbox 1276 4215 1614 4277; x_wconf 71' lang='lat' dir='ltr'><strong>cullei-asset,</strong></span> <span class='ocrx_word' id='word_1_261' title='bbox 1644 4226 1709 4265; x_wconf 89' lang='lat' dir='ltr'><strong>eo</strong></span> <span class='ocrx_word' id='word_1_262' title='bbox 1733 4210 1871 4279; x_wconf 88' lang='lat' dir='ltr'><strong>quod</strong></span> <span class='ocrx_word' id='word_1_263' title='bbox 1899 4208 1987 4263; x_wconf 89' lang='lat' dir='ltr'><strong>ille</strong></span> <span class='ocrx_word' id='word_1_264' title='bbox 2009 4204 2378 4273; x_wconf 89' lang='lat' dir='ltr'><strong>diabolus,qui</strong></span> 
     </span>
    </p>
   </div>
   <div class='ocr_carea' id='block_1_40' title="bbox 803 4299 2376 4377">
    <p class='ocr_par' dir='ltr' id='par_1_40' title="bbox 803 4299 2376 4377">
     <span class='ocr_line' id='line_1_40' title="bbox 803 4299 2376 4377; baseline -0.006 -16"><span class='ocrx_word' id='word_1_265' title='bbox 803 4318 984 4377; x_wconf 86' lang='lat' dir='ltr'><strong>patres</strong></span> <span class='ocrx_word' id='word_1_266' title='bbox 1009 4323 1194 4361; x_wconf 90' lang='lat' dir='ltr'><strong>eorum</strong></span> <span class='ocrx_word' id='word_1_267' title='bbox 1216 4307 1283 4361; x_wconf 86' lang='lat' dir='ltr'><strong>de</strong></span> <span class='ocrx_word' id='word_1_268' title='bbox 1319 4306 1566 4375; x_wconf 77' lang='lat' dir='ltr'><strong>paradiso</strong></span> <span class='ocrx_word' id='word_1_269' title='bbox 1600 4302 1928 4365; x_wconf 81' lang='lat' dir='ltr'><strong>ecluderat,</strong></span> <span class='ocrx_word' id='word_1_270' title='bbox 1962 4315 2179 4355; x_wconf 86' lang='lat' dir='ltr'><strong>necesse</strong></span> <span class='ocrx_word' id='word_1_271' title='bbox 2210 4299 2376 4353; x_wconf 61' lang='lat' dir='ltr'><strong>habeo</strong></span> 
     </span>
    </p>
   </div>
   <div class='ocr_carea' id='block_1_41' title="bbox 803 4390 2378 4464">
    <p class='ocr_par' dir='ltr' id='par_1_41' title="bbox 803 4390 2378 4464">
     <span class='ocr_line' id='line_1_41' title="bbox 803 4390 2378 4464; baseline -0.006 -10"><span class='ocrx_word' id='word_1_272' title='bbox 803 4411 909 4464; x_wconf 86' lang='lat' dir='ltr'><strong>ret,</strong></span> <span class='ocrx_word' id='word_1_273' title='bbox 949 4408 1007 4452; x_wconf 90' lang='lat' dir='ltr'><strong>ut</strong></span> <span class='ocrx_word' id='word_1_274' title='bbox 1035 4407 1089 4452; x_wconf 87' lang='lat' dir='ltr'><strong>et</strong></span> <span class='ocrx_word' id='word_1_275' title='bbox 1117 4399 1256 4451; x_wconf 89' lang='lat' dir='ltr'><strong>filios</strong></span> <span class='ocrx_word' id='word_1_276' title='bbox 1277 4412 1460 4450; x_wconf 85' lang='lat' dir='ltr'><strong>eorum</strong></span> <span class='ocrx_word' id='word_1_277' title='bbox 1493 4396 1556 4448; x_wconf 87' lang='lat' dir='ltr'><strong>ad</strong></span> <span class='ocrx_word' id='word_1_278' title='bbox 1588 4395 1775 4449; x_wconf 88' lang='lat' dir='ltr'><strong>mortis</strong></span> <span class='ocrx_word' id='word_1_279' title='bbox 1803 4393 2093 4463; x_wconf 75' lang='lat' dir='ltr'><strong>periculurn</strong></span> <span class='ocrx_word' id='word_1_280' title='bbox 2126 4390 2378 4444; x_wconf 83' lang='lat' dir='ltr'><strong>deduxis-</strong></span> 
     </span>
    </p>
   </div>
   <div class='ocr_carea' id='block_1_42' title="bbox 805 4481 2375 4559">
    <p class='ocr_par' dir='ltr' id='par_1_42' title="bbox 805 4481 2375 4559">
     <span class='ocr_line' id='line_1_42' title="bbox 805 4481 2375 4559; baseline -0.008 -13"><span class='ocrx_word' id='word_1_281' title='bbox 805 4499 909 4545; x_wconf 86' lang='lat' dir='ltr'><strong>set.</strong></span> <span class='ocrx_word' id='word_1_282' title='bbox 940 4490 1086 4544; x_wconf 83' lang='lat' dir='ltr'><strong>Tune</strong></span> <span class='ocrx_word' id='word_1_283' title='bbox 1111 4490 1380 4559; x_wconf 85' lang='lat' dir='ltr'><strong>ingressus</strong></span> <span class='ocrx_word' id='word_1_284' title='bbox 1402 4495 1484 4542; x_wconf 91' lang='lat' dir='ltr'><strong>est</strong></span> <span class='ocrx_word' id='word_1_285' title='bbox 1514 4488 1563 4541; x_wconf 91' lang='lat' dir='ltr'><strong>in</strong></span> <span class='ocrx_word' id='word_1_286' title='bbox 1596 4502 1690 4541; x_wconf 90' lang='lat' dir='ltr'><strong>cor</strong></span> <span class='ocrx_word' id='word_1_287' title='bbox 1720 4485 1869 4549; x_wconf 79' lang='lat' dir='ltr'><strong>Cain,</strong></span> <span class='ocrx_word' id='word_1_288' title='bbox 1912 4493 1966 4539; x_wconf 89' lang='lat' dir='ltr'><strong>et</strong></span> <span class='ocrx_word' id='word_1_289' title='bbox 1992 4484 2128 4537; x_wconf 82' lang='lat' dir='ltr'><strong>dixit</strong></span> <span class='ocrx_word' id='word_1_290' title='bbox 2156 4483 2282 4538; x_wconf 80' lang='lat' dir='ltr'><strong>Cain</strong></span> <span class='ocrx_word' id='word_1_291' title='bbox 2310 4481 2375 4535; x_wconf 91' lang='lat' dir='ltr'><strong>ad</strong></span> 
     </span>
    </p>
   </div>
   <div class='ocr_carea' id='block_1_43' title="bbox 802 4576 2378 4644">
    <p class='ocr_par' dir='ltr' id='par_1_43' title="bbox 802 4576 2378 4644">
     <span class='ocr_line' id='line_1_43' title="bbox 802 4576 2378 4644; baseline -0.006 -10"><span class='ocrx_word' id='word_1_292' title='bbox 802 4583 1021 4637; x_wconf 76' lang='lat' dir='ltr'><strong>fratrem</strong></span> <span class='ocrx_word' id='word_1_293' title='bbox 1048 4594 1200 4633; x_wconf 87' lang='lat' dir='ltr'><strong>suum</strong></span> <span class='ocrx_word' id='word_1_294' title='bbox 1230 4597 1243 4631; x_wconf 88' lang='lat'><strong>:</strong></span> <span class='ocrx_word' id='word_1_295' title='bbox 1275 4590 1586 4632; x_wconf 75' lang='lat' dir='ltr'><strong>transeamus</strong></span> <span class='ocrx_word' id='word_1_296' title='bbox 1606 4580 1657 4629; x_wconf 84' lang='lat' dir='ltr'><strong>in</strong></span> <span class='ocrx_word' id='word_1_297' title='bbox 1684 4592 1937 4644; x_wconf 76' lang='lat' dir='ltr'><strong>campum.</strong></span> <span class='ocrx_word' id='word_1_298' title='bbox 1964 4576 2026 4628; x_wconf 83' lang='lat' dir='ltr'><strong>Et</strong></span> <span class='ocrx_word' id='word_1_299' title='bbox 2047 4576 2172 4629; x_wconf 88' lang='lat' dir='ltr'><strong>dum</strong></span> <span class='ocrx_word' id='word_1_300' title='bbox 2196 4581 2378 4628; x_wconf 87' lang='lat' dir='ltr'><strong>essent</strong></span> 
     </span>
    </p>
   </div>
   <div class='ocr_carea' id='block_1_44' title="bbox 2475 2025 4051 2096">
    <p class='ocr_par' dir='ltr' id='par_1_44' title="bbox 2475 2025 4051 2096">
     <span class='ocr_line' id='line_1_44' title="bbox 2475 2025 4051 2096; baseline 0.006 -23"><span class='ocrx_word' id='word_1_301' title='bbox 2475 2030 2693 2077; x_wconf 81' lang='lat' dir='ltr'><strong>vaturus</strong></span> <span class='ocrx_word' id='word_1_302' title='bbox 2722 2033 2802 2078; x_wconf 87' lang='lat' dir='ltr'><strong>est</strong></span> <span class='ocrx_word' id='word_1_303' title='bbox 2830 2025 3083 2079; x_wconf 86' lang='lat' dir='ltr'><strong>mundum</strong></span> <span class='ocrx_word' id='word_1_304' title='bbox 3117 2025 3171 2079; x_wconf 90' lang='lat' dir='ltr'><strong>in</strong></span> <span class='ocrx_word' id='word_1_305' title='bbox 3198 2025 3304 2080; x_wconf 84' lang='lat' dir='ltr'><strong>il&#39;is</strong></span> <span class='ocrx_word' id='word_1_306' title='bbox 3330 2026 3517 2081; x_wconf 87' lang='lat' dir='ltr'><strong>diebus</strong></span> <span class='ocrx_word' id='word_1_307' title='bbox 3542 2028 3757 2096; x_wconf 88' lang='lat' dir='ltr'><strong>quando</strong></span> <span class='ocrx_word' id='word_1_308' title='bbox 3786 2028 4051 2083; x_wconf 83' lang='lat' dir='ltr'><strong>Antichri-</strong></span> 
     </span>
    </p>
   </div>
   <div class='ocr_carea' id='block_1_45' title="bbox 2476 2111 4052 2185">
    <p class='ocr_par' dir='ltr' id='par_1_45' title="bbox 2476 2111 4052 2185">
     <span class='ocr_line' id='line_1_45' title="bbox 2476 2111 4052 2185; baseline 0.004 -21"><span class='ocrx_word' id='word_1_309' title='bbox 2476 2118 2590 2165; x_wconf 90' lang='lat' dir='ltr'><strong>stus</strong></span> <span class='ocrx_word' id='word_1_310' title='bbox 2612 2113 2825 2167; x_wconf 88' lang='lat' dir='ltr'><strong>multam</strong></span> <span class='ocrx_word' id='word_1_311' title='bbox 2850 2111 3006 2168; x_wconf 88' lang='lat' dir='ltr'><strong>faciet</strong></span> <span class='ocrx_word' id='word_1_312' title='bbox 3037 2114 3417 2179; x_wconf 52' lang='lat' dir='ltr'><strong>“Stationem;</strong></span> <span class='ocrx_word' id='word_1_313' title='bbox 3446 2128 3571 2170; x_wconf 90' lang='lat' dir='ltr'><strong>tunc</strong></span> <span class='ocrx_word' id='word_1_314' title='bbox 3600 2115 3714 2185; x_wconf 89' lang='lat' dir='ltr'><strong>ipse</strong></span> <span class='ocrx_word' id='word_1_315' title='bbox 3734 2128 3788 2172; x_wconf 89' lang='lat' dir='ltr'><strong>et</strong></span> <span class='ocrx_word' id='word_1_316' title='bbox 3820 2118 3964 2172; x_wconf 78' lang='lat' dir='ltr'><strong>Elias</strong></span> <span class='ocrx_word' id='word_1_317' title='bbox 3985 2119 4052 2171; x_wconf 85' lang='lat' dir='ltr'><strong>si-</strong></span> 
     </span>
    </p>
   </div>
   <div class='ocr_carea' id='block_1_46' title="bbox 2476 2202 4052 2276">
    <p class='ocr_par' dir='ltr' id='par_1_46' title="bbox 2476 2202 4052 2276">
     <span class='ocr_line' id='line_1_46' title="bbox 2476 2202 4052 2276; baseline 0.005 -22"><span class='ocrx_word' id='word_1_318' title='bbox 2476 2202 2585 2255; x_wconf 88' lang='lat' dir='ltr'><strong>mul</strong></span> <span class='ocrx_word' id='word_1_319' title='bbox 2617 2202 3010 2271; x_wconf 84' lang='lat' dir='ltr'><strong>prophetabunt</strong></span> <span class='ocrx_word' id='word_1_320' title='bbox 3031 2205 3174 2258; x_wconf 87' lang='lat' dir='ltr'><strong>mille</strong></span> <span class='ocrx_word' id='word_1_321' title='bbox 3197 2204 3441 2260; x_wconf 88' lang='lat' dir='ltr'><strong>ducentis</strong></span> <span class='ocrx_word' id='word_1_322' title='bbox 3466 2208 3743 2276; x_wconf 76' lang='lat' dir='ltr'><strong>sexaginta</strong></span> <span class='ocrx_word' id='word_1_323' title='bbox 3770 2208 3980 2275; x_wconf 84' lang='lat' dir='ltr'><strong>diebus,</strong></span> <span class='ocrx_word' id='word_1_324' title='bbox 4004 2216 4052 2262; x_wconf 84' lang='lat' dir='ltr'><strong>et</strong></span> 
     </span>
    </p>
   </div>
   <div class='ocr_carea' id='block_1_47' title="bbox 2476 2289 4054 2352">
    <p class='ocr_par' dir='ltr' id='par_1_47' title="bbox 2476 2289 4054 2352">
     <span class='ocr_line' id='line_1_47' title="bbox 2476 2289 4054 2352; baseline 0.005 -8"><span class='ocrx_word' id='word_1_325' title='bbox 2476 2289 2759 2347; x_wconf 78' lang='lat' dir='ltr'><strong>interﬁciet</strong></span> <span class='ocrx_word' id='word_1_326' title='bbox 2779 2308 2870 2349; x_wconf 90' lang='lat' dir='ltr'><strong>eos</strong></span> <span class='ocrx_word' id='word_1_327' title='bbox 2886 2294 3243 2349; x_wconf 77' lang='lat' dir='ltr'><strong>Antichristus</strong></span> <span class='ocrx_word' id='word_1_328' title='bbox 3266 2297 3353 2350; x_wconf 90' lang='lat' dir='ltr'><strong>ubi</strong></span> <span class='ocrx_word' id='word_1_329' title='bbox 3376 2308 3425 2352; x_wconf 89' lang='lat' dir='ltr'><strong>et</strong></span> <span class='ocrx_word' id='word_1_330' title='bbox 3445 2295 3703 2351; x_wconf 90' lang='lat' dir='ltr'><strong>Dominus</strong></span> <span class='ocrx_word' id='word_1_331' title='bbox 3726 2313 3912 2351; x_wconf 90' lang='lat' dir='ltr'><strong>eorum</strong></span> <span class='ocrx_word' id='word_1_332' title='bbox 3935 2315 4054 2352; x_wconf 85' lang='lat' dir='ltr'><strong>cru-</strong></span> 
     </span>
    </p>
   </div>
   <div class='ocr_carea' id='block_1_48' title="bbox 2475 2383 4054 2461">
    <p class='ocr_par' dir='ltr' id='par_1_48' title="bbox 2475 2383 4054 2461">
     <span class='ocr_line' id='line_1_48' title="bbox 2475 2383 4054 2461; baseline 0.005 -24"><span class='ocrx_word' id='word_1_333' title='bbox 2475 2383 2668 2438; x_wconf 79' lang='lat' dir='ltr'><strong>ciﬁxus</strong></span> <span class='ocrx_word' id='word_1_334' title='bbox 2691 2395 2792 2439; x_wconf 89' lang='lat' dir='ltr'><strong>est.</strong></span> <span class='ocrx_word' id='word_1_335' title='bbox 2823 2387 2925 2441; x_wconf 81' lang='lat' dir='ltr'><strong>Sed</strong></span> <span class='ocrx_word' id='word_1_336' title='bbox 2960 2403 3025 2439; x_wconf 85' lang='lat' dir='ltr'><strong>tte</strong></span> <span class='ocrx_word' id='word_1_337' title='bbox 3055 2388 3177 2455; x_wconf 75' lang='lat' dir='ltr'><strong>quis</strong></span> <span class='ocrx_word' id='word_1_338' title='bbox 3220 2386 3362 2442; x_wconf 86' lang='lat' dir='ltr'><strong>dicat</strong></span> <span class='ocrx_word' id='word_1_339' title='bbox 3396 2388 3535 2457; x_wconf 88' lang='lat' dir='ltr'><strong>quod</strong></span> <span class='ocrx_word' id='word_1_340' title='bbox 3580 2390 3633 2443; x_wconf 90' lang='lat' dir='ltr'><strong>in</strong></span> <span class='ocrx_word' id='word_1_341' title='bbox 3675 2390 4054 2461; x_wconf 82' lang='lat' dir='ltr'><strong>Ilicrosolymis</strong></span> 
     </span>
    </p>
   </div>
   <div class='ocr_carea' id='block_1_49' title="bbox 2476 2475 4051 2547">
    <p class='ocr_par' dir='ltr' id='par_1_49' title="bbox 2476 2475 4051 2547">
     <span class='ocr_line' id='line_1_49' title="bbox 2476 2475 4051 2547; baseline 0.002 -17"><span class='ocrx_word' id='word_1_342' title='bbox 2476 2475 2880 2545; x_wconf 79' lang='lat' dir='ltr'><strong>cruciﬁgttntur,</strong></span> <span class='ocrx_word' id='word_1_343' title='bbox 2915 2478 3000 2531; x_wconf 91' lang='lat' dir='ltr'><strong>ubi</strong></span> <span class='ocrx_word' id='word_1_344' title='bbox 3019 2487 3073 2533; x_wconf 91' lang='lat' dir='ltr'><strong>et</strong></span> <span class='ocrx_word' id='word_1_345' title='bbox 3092 2478 3333 2534; x_wconf 84' lang='lat' dir='ltr'><strong>Christus</strong></span> <span class='ocrx_word' id='word_1_346' title='bbox 3360 2479 3614 2535; x_wconf 89' lang='lat' dir='ltr'><strong>Dominus</strong></span> <span class='ocrx_word' id='word_1_347' title='bbox 3636 2483 3925 2535; x_wconf 78' lang='lat' dir='ltr'><strong>cruciﬁxus</strong></span> <span class='ocrx_word' id='word_1_348' title='bbox 3950 2491 4051 2547; x_wconf 71' lang='lat' dir='ltr'><strong>est,</strong></span> 
     </span>
    </p>
   </div>
   <div class='ocr_carea' id='block_1_50' title="bbox 2480 2568 4052 2639">
    <p class='ocr_par' dir='ltr' id='par_1_50' title="bbox 2480 2568 4052 2639">
     <span class='ocr_line' id='line_1_50' title="bbox 2480 2568 4052 2639; baseline 0.003 -18"><span class='ocrx_word' id='word_1_349' title='bbox 2480 2568 2581 2627; x_wconf 88' lang='lat' dir='ltr'><strong>hoc</strong></span> <span class='ocrx_word' id='word_1_350' title='bbox 2608 2570 2788 2639; x_wconf 90' lang='lat' dir='ltr'><strong>utique</strong></span> <span class='ocrx_word' id='word_1_351' title='bbox 2809 2570 2936 2624; x_wconf 89' lang='lat' dir='ltr'><strong>dicit</strong></span> <span class='ocrx_word' id='word_1_352' title='bbox 2961 2569 3050 2624; x_wconf 90' lang='lat' dir='ltr'><strong>ubi</strong></span> <span class='ocrx_word' id='word_1_353' title='bbox 3074 2581 3127 2625; x_wconf 91' lang='lat' dir='ltr'><strong>et</strong></span> <span class='ocrx_word' id='word_1_354' title='bbox 3151 2570 3409 2627; x_wconf 78' lang='lat' dir='ltr'><strong>Dominus</strong></span> <span class='ocrx_word' id='word_1_355' title='bbox 3434 2588 3619 2626; x_wconf 87' lang='lat' dir='ltr'><strong>eorum</strong></span> <span class='ocrx_word' id='word_1_356' title='bbox 3642 2574 3930 2627; x_wconf 75' lang='lat' dir='ltr'><strong>crucifixus</strong></span> <span class='ocrx_word' id='word_1_357' title='bbox 3953 2584 4052 2637; x_wconf 58' lang='lat' dir='ltr'><strong>est,</strong></span> 
     </span>
    </p>
   </div>
   <div class='ocr_carea' id='block_1_51' title="bbox 2480 2658 4051 2734">
    <p class='ocr_par' dir='ltr' id='par_1_51' title="bbox 2480 2658 4051 2734">
     <span class='ocr_line' id='line_1_51' title="bbox 2480 2658 4051 2734; baseline 0.003 -21"><span class='ocrx_word' id='word_1_358' title='bbox 2480 2658 2619 2726; x_wconf 83' lang='lat' dir='ltr'><strong>idest</strong></span> <span class='ocrx_word' id='word_1_359' title='bbox 2648 2660 2699 2714; x_wconf 89' lang='lat' dir='ltr'><strong>in</strong></span> <span class='ocrx_word' id='word_1_360' title='bbox 2730 2675 2893 2731; x_wconf 86' lang='lat' dir='ltr'><strong>regno</strong></span> <span class='ocrx_word' id='word_1_361' title='bbox 2924 2660 3182 2716; x_wconf 83' lang='lat' dir='ltr'><strong>Romano.</strong></span> <span class='ocrx_word' id='word_1_362' title='bbox 3217 2662 3347 2716; x_wconf 84' lang='lat' dir='ltr'><strong>Nam</strong></span> <span class='ocrx_word' id='word_1_363' title='bbox 3380 2664 3491 2732; x_wconf 85' lang='lat' dir='ltr'><strong>ipse</strong></span> <span class='ocrx_word' id='word_1_364' title='bbox 3518 2664 3700 2717; x_wconf 80' lang='lat' dir='ltr'><strong>Enech</strong></span> <span class='ocrx_word' id='word_1_365' title='bbox 3730 2665 3918 2734; x_wconf 72' lang='lat' dir='ltr'><strong>genuit</strong></span> <span class='ocrx_word' id='word_1_366' title='bbox 3944 2664 4051 2718; x_wconf 81' lang='lat' dir='ltr'><strong>Ma-</strong></span> 
     </span>
    </p>
   </div>
   <div class='ocr_carea' id='block_1_52' title="bbox 2478 2750 4053 2823">
    <p class='ocr_par' dir='ltr' id='par_1_52' title="bbox 2478 2750 4053 2823">
     <span class='ocr_line' id='line_1_52' title="bbox 2478 2750 4053 2823; baseline 0.003 -18"><span class='ocrx_word' id='word_1_367' title='bbox 2478 2750 2721 2819; x_wconf 83' lang='lat' dir='ltr'><strong>tusalam,</strong></span> <span class='ocrx_word' id='word_1_368' title='bbox 2750 2753 2838 2822; x_wconf 88' lang='lat' dir='ltr'><strong>qui</strong></span> <span class='ocrx_word' id='word_1_369' title='bbox 2862 2751 3113 2808; x_wconf 78' lang='lat' dir='ltr'><strong>Matusala</strong></span> <span class='ocrx_word' id='word_1_370' title='bbox 3144 2753 3303 2808; x_wconf 85' lang='lat' dir='ltr'><strong>latine</strong></span> <span class='ocrx_word' id='word_1_371' title='bbox 3335 2755 3711 2823; x_wconf 87' lang='lat' dir='ltr'><strong>interpretatur</strong></span> <span class='ocrx_word' id='word_1_372' title='bbox 3738 2756 3953 2809; x_wconf 88' lang='lat' dir='ltr'><strong>missus.</strong></span> <span class='ocrx_word' id='word_1_373' title='bbox 3984 2756 4053 2810; x_wconf 88' lang='lat' dir='ltr'><strong>De</strong></span> 
     </span>
    </p>
   </div>
   <div class='ocr_carea' id='block_1_53' title="bbox 2480 2842 4057 2914">
    <p class='ocr_par' dir='ltr' id='par_1_53' title="bbox 2480 2842 4057 2914">
     <span class='ocr_line' id='line_1_53' title="bbox 2480 2842 4057 2914; baseline 0 -19"><span class='ocrx_word' id='word_1_374' title='bbox 2480 2842 2597 2911; x_wconf 89' lang='lat' dir='ltr'><strong>ipso</strong></span> <span class='ocrx_word' id='word_1_375' title='bbox 2626 2853 2781 2897; x_wconf 86' lang='lat' dir='ltr'><strong>natus</strong></span> <span class='ocrx_word' id='word_1_376' title='bbox 2810 2854 2890 2897; x_wconf 89' lang='lat' dir='ltr'><strong>est</strong></span> <span class='ocrx_word' id='word_1_377' title='bbox 2918 2843 3169 2909; x_wconf 87' lang='lat' dir='ltr'><strong>Lamech,</strong></span> <span class='ocrx_word' id='word_1_378' title='bbox 3196 2844 3347 2911; x_wconf 86' lang='lat' dir='ltr'><strong>cujus</strong></span> <span class='ocrx_word' id='word_1_379' title='bbox 3372 2860 3567 2899; x_wconf 81' lang='lat' dir='ltr'><strong>nomen</strong></span> <span class='ocrx_word' id='word_1_380' title='bbox 3614 2859 3709 2914; x_wconf 77' lang='lat' dir='ltr'><strong>per</strong></span> <span class='ocrx_word' id='word_1_381' title='bbox 3747 2844 3963 2913; x_wconf 51' lang='lat' dir='ltr'><strong>in&#39;erpri</strong></span> <span class='ocrx_word' id='word_1_382' title='bbox 3986 2855 4057 2899; x_wconf 68' lang='grc' dir='ltr'><strong>ιε-</strong></span> 
     </span>
    </p>
   </div>
   <div class='ocr_carea' id='block_1_54' title="bbox 2480 2932 4054 3006">
    <p class='ocr_par' dir='ltr' id='par_1_54' title="bbox 2480 2932 4054 3006">
     <span class='ocr_line' id='line_1_54' title="bbox 2480 2932 4054 3006; baseline 0.001 -18"><span class='ocrx_word' id='word_1_383' title='bbox 2480 2932 2675 2988; x_wconf 88' lang='lat' dir='ltr'><strong>tionem</strong></span> <span class='ocrx_word' id='word_1_384' title='bbox 2703 2935 2875 2990; x_wconf 84' lang='lat' dir='ltr'><strong>bonae</strong></span> <span class='ocrx_word' id='word_1_385' title='bbox 2906 2935 3101 2990; x_wconf 88' lang='lat' dir='ltr'><strong>mentis</strong></span> <span class='ocrx_word' id='word_1_386' title='bbox 3142 2936 3387 2989; x_wconf 72' lang='lat' dir='ltr'><strong>dicimus.</strong></span> <span class='ocrx_word' id='word_1_387' title='bbox 3418 2937 3536 3005; x_wconf 84' lang='lat' dir='ltr'><strong>Ipse</strong></span> <span class='ocrx_word' id='word_1_388' title='bbox 3577 2945 3659 2990; x_wconf 80' lang='lat' dir='ltr'><strong>est</strong></span> <span class='ocrx_word' id='word_1_389' title='bbox 3692 2935 3779 3005; x_wconf 91' lang='lat' dir='ltr'><strong>qui</strong></span> <span class='ocrx_word' id='word_1_390' title='bbox 3825 2935 4054 3006; x_wconf 84' lang='lat' dir='ltr'><strong>prophe-</strong></span> 
     </span>
    </p>
   </div>
   <div class='ocr_carea' id='block_1_55' title="bbox 2480 3021 4059 3097">
    <p class='ocr_par' dir='ltr' id='par_1_55' title="bbox 2480 3021 4059 3097">
     <span class='ocr_line' id='line_1_55' title="bbox 2480 3021 4059 3097; baseline 0.003 -20"><span class='ocrx_word' id='word_1_391' title='bbox 2480 3023 2611 3078; x_wconf 82' lang='lat' dir='ltr'><strong>tavit</strong></span> <span class='ocrx_word' id='word_1_392' title='bbox 2638 3023 2703 3079; x_wconf 91' lang='lat' dir='ltr'><strong>de</strong></span> <span class='ocrx_word' id='word_1_393' title='bbox 2726 3025 2834 3079; x_wconf 66' lang='lat' dir='ltr'><strong>filio</strong></span> <span class='ocrx_word' id='word_1_394' title='bbox 2860 3021 2957 3095; x_wconf 78' lang='lat' dir='ltr'><strong>suo</strong></span> <span class='ocrx_word' id='word_1_395' title='bbox 2992 3027 3173 3081; x_wconf 84' lang='lat' dir='ltr'><strong>dicens</strong></span> <span class='ocrx_word' id='word_1_396' title='bbox 3228 3026 3314 3081; x_wconf 91' lang='lat' dir='ltr'><strong>hic</strong></span> <span class='ocrx_word' id='word_1_397' title='bbox 3358 3028 3510 3080; x_wconf 88' lang='lat' dir='ltr'><strong>nobis</strong></span> <span class='ocrx_word' id='word_1_398' title='bbox 3540 3025 3686 3081; x_wconf 86' lang='lat' dir='ltr'><strong>dabit</strong></span> <span class='ocrx_word' id='word_1_399' title='bbox 3721 3030 3959 3097; x_wconf 85' lang='lat' dir='ltr'><strong>requiem</strong></span> <span class='ocrx_word' id='word_1_400' title='bbox 3997 3028 4059 3081; x_wconf 88' lang='lat' dir='ltr'><strong>ab</strong></span> 
     </span>
    </p>
   </div>
   <div class='ocr_carea' id='block_1_56' title="bbox 2482 3118 4055 3188">
    <p class='ocr_par' dir='ltr' id='par_1_56' title="bbox 2482 3118 4055 3188">
     <span class='ocr_line' id='line_1_56' title="bbox 2482 3118 4055 3188; baseline 0.004 -18"><span class='ocrx_word' id='word_1_401' title='bbox 2482 3118 2729 3173; x_wconf 89' lang='lat' dir='ltr'><strong>omnibus</strong></span> <span class='ocrx_word' id='word_1_402' title='bbox 2766 3119 3017 3183; x_wconf 77' lang='lat' dir='ltr'><strong>oneribus</strong></span> <span class='ocrx_word' id='word_1_403' title='bbox 3054 3119 3294 3183; x_wconf 83' lang='lat' dir='ltr'><strong>nostris;</strong></span> <span class='ocrx_word' id='word_1_404' title='bbox 3334 3135 3456 3174; x_wconf 83' lang='lat' dir='ltr'><strong>nam</strong></span> <span class='ocrx_word' id='word_1_405' title='bbox 3500 3122 3615 3188; x_wconf 89' lang='lat' dir='ltr'><strong>ipse</strong></span> <span class='ocrx_word' id='word_1_406' title='bbox 3654 3119 3765 3176; x_wconf 82' lang='lat' dir='ltr'><strong>Noe</strong></span> <span class='ocrx_word' id='word_1_407' title='bbox 3804 3121 3945 3175; x_wconf 79' lang='lat' dir='ltr'><strong>idest</strong></span> <span class='ocrx_word' id='word_1_408' title='bbox 3974 3135 4055 3177; x_wconf 82' lang='lat' dir='ltr'><strong>re-</strong></span> 
     </span>
    </p>
   </div>
   <div class='ocr_carea' id='block_1_57' title="bbox 2483 3208 2972 3278">
    <p class='ocr_par' dir='ltr' id='par_1_57' title="bbox 2483 3208 2972 3278">
     <span class='ocr_line' id='line_1_57' title="bbox 2483 3208 2972 3278; baseline 0.004 -16"><span class='ocrx_word' id='word_1_409' title='bbox 2483 3224 2515 3278; x_wconf 92' lang='lat' dir='ltr'><strong>q</strong></span> <span class='ocrx_word' id='word_1_410' title='bbox 2542 3210 2635 3263; x_wconf 84' lang='lat' dir='ltr'><strong>.ies</strong></span> <span class='ocrx_word' id='word_1_411' title='bbox 2655 3208 2972 3278; x_wconf 72' lang='lat' dir='ltr'><strong>appeliatur.</strong></span> 
     </span>
    </p>
   </div>
   <div class='ocr_carea' id='block_1_58' title="bbox 2972 3298 3545 3371">
    <p class='ocr_par' dir='ltr' id='par_1_58' title="bbox 2972 3298 3545 3371">
     <span class='ocr_line' id='line_1_58' title="bbox 2972 3298 3545 3371; baseline 0.005 -20"><span class='ocrx_word' id='word_1_412' title='bbox 2972 3298 3161 3370; x_wconf 75' lang='lat' dir='ltr'><strong>Incipit</strong></span> <span class='ocrx_word' id='word_1_413' title='bbox 3208 3302 3350 3371; x_wconf 72' lang='lat' dir='ltr'><strong>origo</strong></span> <span class='ocrx_word' id='word_1_414' title='bbox 3397 3299 3545 3354; x_wconf 79' lang='lat' dir='ltr'><strong>Cain.</strong></span> 
     </span>
    </p>
   </div>
   <div class='ocr_carea' id='block_1_59' title="bbox 2549 3389 4058 3462">
    <p class='ocr_par' dir='ltr' id='par_1_59' title="bbox 2549 3389 4058 3462">
     <span class='ocr_line' id='line_1_59' title="bbox 2549 3389 4058 3462; baseline 0.001 -17"><span class='ocrx_word' id='word_1_415' title='bbox 2549 3390 2906 3446; x_wconf 83' lang='lat' dir='ltr'><strong>Transeamus</strong></span> <span class='ocrx_word' id='word_1_416' title='bbox 2928 3391 2993 3445; x_wconf 87' lang='lat' dir='ltr'><strong>ad</strong></span> <span class='ocrx_word' id='word_1_417' title='bbox 3026 3392 3283 3461; x_wconf 74' lang='lat' dir='ltr'><strong>originem</strong></span> <span class='ocrx_word' id='word_1_418' title='bbox 3305 3389 3457 3459; x_wconf 62' lang='lat' dir='ltr'><strong>Ca’n,</strong></span> <span class='ocrx_word' id='word_1_419' title='bbox 3492 3399 3543 3445; x_wconf 86' lang='lat' dir='ltr'><strong>ct</strong></span> <span class='ocrx_word' id='word_1_420' title='bbox 3577 3400 3700 3446; x_wconf 85' lang='lat' dir='ltr'><strong>tunc</strong></span> <span class='ocrx_word' id='word_1_421' title='bbox 3729 3392 3796 3445; x_wconf 85' lang='lat' dir='ltr'><strong>ad</strong></span> <span class='ocrx_word' id='word_1_422' title='bbox 3833 3407 4058 3462; x_wconf 82' lang='lat' dir='ltr'><strong>genera-</strong></span> 
     </span>
    </p>
   </div>
   <div class='ocr_carea' id='block_1_60' title="bbox 2480 3482 4061 3551">
    <p class='ocr_par' dir='ltr' id='par_1_60' title="bbox 2480 3482 4061 3551">
     <span class='ocr_line' id='line_1_60' title="bbox 2480 3482 4061 3551; baseline 0.003 -17"><span class='ocrx_word' id='word_1_423' title='bbox 2480 3482 2681 3535; x_wconf 89' lang='lat' dir='ltr'><strong>tionem</strong></span> <span class='ocrx_word' id='word_1_424' title='bbox 2734 3483 2845 3536; x_wconf 72' lang='lat' dir='ltr'><strong>Noe</strong></span> <span class='ocrx_word' id='word_1_425' title='bbox 2885 3491 3241 3536; x_wconf 76' lang='lat' dir='ltr'><strong>revertemur.</strong></span> <span class='ocrx_word' id='word_1_426' title='bbox 3292 3482 3647 3551; x_wconf 84' lang='lat' dir='ltr'><strong>Posteaquam</strong></span> <span class='ocrx_word' id='word_1_427' title='bbox 3686 3482 3831 3537; x_wconf 88' lang='lat' dir='ltr'><strong>enim</strong></span> <span class='ocrx_word' id='word_1_428' title='bbox 3871 3484 4001 3538; x_wconf 60' lang='lat' dir='ltr'><strong>Cain</strong></span> <span class='ocrx_word' id='word_1_429' title='bbox 4034 3500 4061 3537; x_wconf 87' lang='lat' dir='ltr'><strong>a</strong></span> 
     </span>
    </p>
   </div>
   <div class='ocr_carea' id='block_1_61' title="bbox 2483 3570 4064 3643">
    <p class='ocr_par' dir='ltr' id='par_1_61' title="bbox 2483 3570 4064 3643">
     <span class='ocr_line' id='line_1_61' title="bbox 2483 3570 4064 3643; baseline 0.003 -20"><span class='ocrx_word' id='word_1_430' title='bbox 2483 3570 2592 3624; x_wconf 87' lang='lat' dir='ltr'><strong>Deo</strong></span> <span class='ocrx_word' id='word_1_431' title='bbox 2621 3570 2933 3626; x_wconf 89' lang='lat' dir='ltr'><strong>maledictus</strong></span> <span class='ocrx_word' id='word_1_432' title='bbox 2966 3572 3186 3637; x_wconf 77' lang='lat' dir='ltr'><strong>fu&#39;ssct,</strong></span> <span class='ocrx_word' id='word_1_433' title='bbox 3236 3582 3291 3626; x_wconf 91' lang='lat' dir='ltr'><strong>ut</strong></span> <span class='ocrx_word' id='word_1_434' title='bbox 3326 3588 3428 3629; x_wconf 88' lang='lat' dir='ltr'><strong>nec</strong></span> <span class='ocrx_word' id='word_1_435' title='bbox 3456 3574 3735 3643; x_wconf 82' lang='lat' dir='ltr'><strong>quisquam</strong></span> <span class='ocrx_word' id='word_1_436' title='bbox 3772 3590 3895 3629; x_wconf 89' lang='lat' dir='ltr'><strong>eum</strong></span> <span class='ocrx_word' id='word_1_437' title='bbox 3927 3576 4064 3629; x_wconf 82' lang='lat' dir='ltr'><strong>occi-</strong></span> 
     </span>
    </p>
   </div>
   <div class='ocr_carea' id='block_1_62' title="bbox 2481 3659 4067 3735">
    <p class='ocr_par' dir='ltr' id='par_1_62' title="bbox 2481 3659 4067 3735">
     <span class='ocr_line' id='line_1_62' title="bbox 2481 3659 4067 3735; baseline 0.004 -22"><span class='ocrx_word' id='word_1_438' title='bbox 2481 3659 2631 3715; x_wconf 84' lang='lat' dir='ltr'><strong>deret</strong></span> <span class='ocrx_word' id='word_1_439' title='bbox 2658 3661 2863 3730; x_wconf 79' lang='lat' dir='ltr'><strong>signum</strong></span> <span class='ocrx_word' id='word_1_440' title='bbox 2906 3664 3133 3732; x_wconf 90' lang='lat' dir='ltr'><strong>adeptus</strong></span> <span class='ocrx_word' id='word_1_441' title='bbox 3156 3672 3240 3718; x_wconf 89' lang='lat' dir='ltr'><strong>est</strong></span> <span class='ocrx_word' id='word_1_442' title='bbox 3268 3664 3491 3729; x_wconf 88' lang='lat' dir='ltr'><strong>malum,</strong></span> <span class='ocrx_word' id='word_1_443' title='bbox 3522 3664 3662 3734; x_wconf 83' lang='lat' dir='ltr'><strong>quod</strong></span> <span class='ocrx_word' id='word_1_444' title='bbox 3699 3680 3842 3720; x_wconf 88' lang='lat' dir='ltr'><strong>nunc</strong></span> <span class='ocrx_word' id='word_1_445' title='bbox 3871 3668 3915 3720; x_wconf 91' lang='lat' dir='ltr'><strong>si</strong></span> <span class='ocrx_word' id='word_1_446' title='bbox 3949 3668 4067 3735; x_wconf 88' lang='lat' dir='ltr'><strong>quis</strong></span> 
     </span>
    </p>
   </div>
   <div class='ocr_carea' id='block_1_63' title="bbox 2479 3754 4067 3822">
    <p class='ocr_par' dir='ltr' id='par_1_63' title="bbox 2479 3754 4067 3822">
     <span class='ocr_line' id='line_1_63' title="bbox 2479 3754 4067 3822; baseline 0.004 -16"><span class='ocrx_word' id='word_1_447' title='bbox 2479 3754 2747 3822; x_wconf 88' lang='lat' dir='ltr'><strong>acceperit</strong></span> <span class='ocrx_word' id='word_1_448' title='bbox 2785 3756 2835 3808; x_wconf 93' lang='lat' dir='ltr'><strong>in</strong></span> <span class='ocrx_word' id='word_1_449' title='bbox 2875 3754 3047 3809; x_wconf 86' lang='lat' dir='ltr'><strong>fronte</strong></span> <span class='ocrx_word' id='word_1_450' title='bbox 3088 3770 3183 3810; x_wconf 86' lang='lat' dir='ltr'><strong>sua</strong></span> <span class='ocrx_word' id='word_1_451' title='bbox 3219 3765 3309 3810; x_wconf 87' lang='lat' dir='ltr'><strong>aut</strong></span> <span class='ocrx_word' id='word_1_452' title='bbox 3348 3756 3400 3810; x_wconf 91' lang='lat' dir='ltr'><strong>in</strong></span> <span class='ocrx_word' id='word_1_453' title='bbox 3434 3772 3594 3819; x_wconf 83' lang='lat' dir='ltr'><strong>manu</strong></span> <span class='ocrx_word' id='word_1_454' title='bbox 3644 3756 3873 3811; x_wconf 75' lang='lat' dir='ltr'><strong>dextera</strong></span> <span class='ocrx_word' id='word_1_455' title='bbox 3924 3758 4067 3812; x_wconf 83' lang='lat' dir='ltr'><strong>bibat</strong></span> 
     </span>
    </p>
   </div>
   <div class='ocr_carea' id='block_1_64' title="bbox 2482 3842 4067 3918">
    <p class='ocr_par' dir='ltr' id='par_1_64' title="bbox 2482 3842 4067 3918">
     <span class='ocr_line' id='line_1_64' title="bbox 2482 3842 4067 3918; baseline 0.006 -24"><span class='ocrx_word' id='word_1_456' title='bbox 2482 3844 2597 3913; x_wconf 90' lang='lat' dir='ltr'><strong>ipse</strong></span> <span class='ocrx_word' id='word_1_457' title='bbox 2619 3842 2686 3898; x_wconf 91' lang='lat' dir='ltr'><strong>de</strong></span> <span class='ocrx_word' id='word_1_458' title='bbox 2709 3845 2833 3899; x_wconf 77' lang='lat' dir='ltr'><strong>vino</strong></span> <span class='ocrx_word' id='word_1_459' title='bbox 2858 3844 2969 3899; x_wconf 88' lang='lat' dir='ltr'><strong>irae</strong></span> <span class='ocrx_word' id='word_1_460' title='bbox 2997 3844 3090 3900; x_wconf 88' lang='lat' dir='ltr'><strong>Dei</strong></span> <span class='ocrx_word' id='word_1_461' title='bbox 3118 3847 3286 3900; x_wconf 80' lang='lat' dir='ltr'><strong>mixto</strong></span> <span class='ocrx_word' id='word_1_462' title='bbox 3309 3847 3362 3901; x_wconf 91' lang='lat' dir='ltr'><strong>in</strong></span> <span class='ocrx_word' id='word_1_463' title='bbox 3392 3847 3587 3916; x_wconf 89' lang='lat' dir='ltr'><strong>poculo</strong></span> <span class='ocrx_word' id='word_1_464' title='bbox 3612 3846 3722 3901; x_wconf 83' lang='lat' dir='ltr'><strong>irae</strong></span> <span class='ocrx_word' id='word_1_465' title='bbox 3752 3848 3872 3917; x_wconf 84' lang='lat' dir='ltr'><strong>ejus</strong></span> <span class='ocrx_word' id='word_1_466' title='bbox 3895 3858 3952 3903; x_wconf 90' lang='lat' dir='ltr'><strong>et</strong></span> <span class='ocrx_word' id='word_1_467' title='bbox 3975 3865 4067 3918; x_wconf 78' lang='lat' dir='ltr'><strong>pu-</strong></span> 
     </span>
    </p>
   </div>
   <div class='ocr_carea' id='block_1_65' title="bbox 2481 3936 4066 4008">
    <p class='ocr_par' dir='ltr' id='par_1_65' title="bbox 2481 3936 4066 4008">
     <span class='ocr_line' id='line_1_65' title="bbox 2481 3936 4066 4008; baseline 0.004 -21"><span class='ocrx_word' id='word_1_468' title='bbox 2481 3936 2654 3989; x_wconf 89' lang='lat' dir='ltr'><strong>nietur</strong></span> <span class='ocrx_word' id='word_1_469' title='bbox 2680 3936 2732 3989; x_wconf 93' lang='lat' dir='ltr'><strong>in</strong></span> <span class='ocrx_word' id='word_1_470' title='bbox 2764 3947 3053 4006; x_wconf 87' lang='lat' dir='ltr'><strong>conspectu</strong></span> <span class='ocrx_word' id='word_1_471' title='bbox 3080 3937 3371 3993; x_wconf 82' lang='lat' dir='ltr'><strong>electorum</strong></span> <span class='ocrx_word' id='word_1_472' title='bbox 3404 3938 3730 4007; x_wconf 66' lang='lat' dir='ltr'><strong>Angelorutn</strong></span> <span class='ocrx_word' id='word_1_473' title='bbox 3774 3940 3913 4008; x_wconf 75' lang='lat' dir='ltr'><strong>ejus,</strong></span> <span class='ocrx_word' id='word_1_474' title='bbox 3945 3956 4066 3996; x_wconf 85' lang='lat' dir='ltr'><strong>nam</strong></span> 
     </span>
    </p>
   </div>
   <div class='ocr_carea' id='block_1_66' title="bbox 2484 4026 4053 4097">
    <p class='ocr_par' dir='ltr' id='par_1_66' title="bbox 2484 4026 4053 4097">
     <span class='ocr_line' id='line_1_66' title="bbox 2484 4026 4053 4097; baseline 0.004 -19"><span class='ocrx_word' id='word_1_475' title='bbox 2484 4040 2675 4079; x_wconf 90' lang='lat' dir='ltr'><strong>nomen</strong></span> <span class='ocrx_word' id='word_1_476' title='bbox 2703 4026 2818 4094; x_wconf 90' lang='lat' dir='ltr'><strong>ejus</strong></span> <span class='ocrx_word' id='word_1_477' title='bbox 2852 4026 3026 4097; x_wconf 78' lang='lat' dir='ltr'><strong>lingua</strong></span> <span class='ocrx_word' id='word_1_478' title='bbox 3067 4028 3229 4081; x_wconf 88' lang='lat' dir='ltr'><strong>latina</strong></span> <span class='ocrx_word' id='word_1_479' title='bbox 3262 4029 3313 4083; x_wconf 93' lang='lat' dir='ltr'><strong>in</strong></span> <span class='ocrx_word' id='word_1_480' title='bbox 3343 4037 3659 4097; x_wconf 90' lang='lat' dir='ltr'><strong>perpetuum</strong></span> <span class='ocrx_word' id='word_1_481' title='bbox 3685 4043 3939 4085; x_wconf 89' lang='lat' dir='ltr'><strong>crescens</strong></span> <span class='ocrx_word' id='word_1_482' title='bbox 3968 4030 4053 4084; x_wconf 58' lang='lat' dir='ltr'><strong>die</strong></span> 
     </span>
    </p>
   </div>
   <div class='ocr_carea' id='block_1_67' title="bbox 2481 4118 4060 4191">
    <p class='ocr_par' dir='ltr' id='par_1_67' title="bbox 2481 4118 4060 4191">
     <span class='ocr_line' id='line_1_67' title="bbox 2481 4118 4060 4191; baseline 0.004 -20"><span class='ocrx_word' id='word_1_483' title='bbox 2481 4120 2653 4181; x_wconf 78' lang='lat' dir='ltr'><strong>citur;</strong></span> <span class='ocrx_word' id='word_1_484' title='bbox 2686 4118 2825 4172; x_wconf 88' lang='lat' dir='ltr'><strong>idem</strong></span> <span class='ocrx_word' id='word_1_485' title='bbox 2846 4119 2984 4173; x_wconf 87' lang='lat' dir='ltr'><strong>enim</strong></span> <span class='ocrx_word' id='word_1_486' title='bbox 3011 4120 3111 4175; x_wconf 89' lang='lat' dir='ltr'><strong>hoc</strong></span> <span class='ocrx_word' id='word_1_487' title='bbox 3135 4134 3328 4176; x_wconf 90' lang='lat' dir='ltr'><strong>nomen</strong></span> <span class='ocrx_word' id='word_1_488' title='bbox 3348 4129 3656 4191; x_wconf 82' lang='lat' dir='ltr'><strong>acceperat,</strong></span> <span class='ocrx_word' id='word_1_489' title='bbox 3692 4122 3949 4191; x_wconf 90' lang='lat' dir='ltr'><strong>quoniam</strong></span> <span class='ocrx_word' id='word_1_490' title='bbox 3971 4137 4060 4177; x_wconf 88' lang='lat' dir='ltr'><strong>us-</strong></span> 
     </span>
    </p>
   </div>
   <div class='ocr_carea' id='block_1_68' title="bbox 2481 4206 4066 4277">
    <p class='ocr_par' dir='ltr' id='par_1_68' title="bbox 2481 4206 4066 4277">
     <span class='ocr_line' id='line_1_68' title="bbox 2481 4206 4066 4277; baseline 0.004 -17"><span class='ocrx_word' id='word_1_491' title='bbox 2481 4221 2585 4275; x_wconf 85' lang='lat' dir='ltr'><strong>que</strong></span> <span class='ocrx_word' id='word_1_492' title='bbox 2614 4206 2677 4261; x_wconf 85' lang='lat' dir='ltr'><strong>ad</strong></span> <span class='ocrx_word' id='word_1_493' title='bbox 2705 4207 2902 4262; x_wconf 83' lang='lat' dir='ltr'><strong>Christi</strong></span> <span class='ocrx_word' id='word_1_494' title='bbox 2936 4207 3220 4263; x_wconf 88' lang='lat' dir='ltr'><strong>adventum</strong></span> <span class='ocrx_word' id='word_1_495' title='bbox 3249 4209 3343 4264; x_wconf 85' lang='lat' dir='ltr'><strong>filii</strong></span> <span class='ocrx_word' id='word_1_496' title='bbox 3373 4208 3501 4265; x_wconf 88' lang='lat' dir='ltr'><strong>Cain</strong></span> <span class='ocrx_word' id='word_1_497' title='bbox 3524 4207 3642 4277; x_wconf 85' lang='lat' dir='ltr'><strong>ejus</strong></span> <span class='ocrx_word' id='word_1_498' title='bbox 3665 4220 3949 4266; x_wconf 86' lang='lat' dir='ltr'><strong>consortes</strong></span> <span class='ocrx_word' id='word_1_499' title='bbox 3975 4225 4066 4266; x_wconf 85' lang='lat' dir='ltr'><strong>oc-</strong></span> 
     </span>
    </p>
   </div>
   <div class='ocr_carea' id='block_1_69' title="bbox 2481 4297 4066 4370">
    <p class='ocr_par' dir='ltr' id='par_1_69' title="bbox 2481 4297 4066 4370">
     <span class='ocr_line' id='line_1_69' title="bbox 2481 4297 4066 4370; baseline 0.004 -21"><span class='ocrx_word' id='word_1_500' title='bbox 2481 4297 2644 4351; x_wconf 88' lang='lat' dir='ltr'><strong>cisuri</strong></span> <span class='ocrx_word' id='word_1_501' title='bbox 2683 4307 2865 4353; x_wconf 83' lang='lat' dir='ltr'><strong>essent</strong></span> <span class='ocrx_word' id='word_1_502' title='bbox 2900 4299 3253 4363; x_wconf 88' lang='lat' dir='ltr'><strong>christianos,</strong></span> <span class='ocrx_word' id='word_1_503' title='bbox 3303 4300 3526 4370; x_wconf 73' lang='lat' dir='ltr'><strong>vestigia</strong></span> <span class='ocrx_word' id='word_1_504' title='bbox 3564 4299 3697 4355; x_wconf 83' lang='lat' dir='ltr'><strong>Abel</strong></span> <span class='ocrx_word' id='word_1_505' title='bbox 3742 4299 3928 4356; x_wconf 83' lang='lat' dir='ltr'><strong>fratris</strong></span> <span class='ocrx_word' id='word_1_506' title='bbox 3951 4302 4066 4370; x_wconf 82' lang='lat' dir='ltr'><strong>ejus</strong></span> 
     </span>
    </p>
   </div>
   <div class='ocr_carea' id='block_1_70' title="bbox 2480 4391 4061 4462">
    <p class='ocr_par' dir='ltr' id='par_1_70' title="bbox 2480 4391 4061 4462">
     <span class='ocr_line' id='line_1_70' title="bbox 2480 4391 4061 4462; baseline 0.002 -19"><span class='ocrx_word' id='word_1_507' title='bbox 2480 4400 2781 4459; x_wconf 81' lang='lat' dir='ltr'><strong>sequentes.</strong></span> <span class='ocrx_word' id='word_1_508' title='bbox 2834 4392 2995 4462; x_wconf 80' lang='lat' dir='ltr'><strong>Igitur</strong></span> <span class='ocrx_word' id='word_1_509' title='bbox 3045 4392 3145 4447; x_wconf 89' lang='lat' dir='ltr'><strong>iste</strong></span> <span class='ocrx_word' id='word_1_510' title='bbox 3190 4391 3319 4447; x_wconf 80' lang='lat' dir='ltr'><strong>Cain</strong></span> <span class='ocrx_word' id='word_1_511' title='bbox 3377 4394 3563 4461; x_wconf 77' lang='lat' dir='ltr'><strong>genuit</strong></span> <span class='ocrx_word' id='word_1_512' title='bbox 3614 4393 3782 4447; x_wconf 87' lang='lat' dir='ltr'><strong>filium</strong></span> <span class='ocrx_word' id='word_1_513' title='bbox 3840 4394 4061 4449; x_wconf 87' lang='lat' dir='ltr'><strong>nomine</strong></span> 
     </span>
    </p>
   </div>
   <div class='ocr_carea' id='block_1_71' title="bbox 2481 4481 4063 4554">
    <p class='ocr_par' dir='ltr' id='par_1_71' title="bbox 2481 4481 4063 4554">
     <span class='ocr_line' id='line_1_71' title="bbox 2481 4481 4063 4554; baseline 0.002 -20"><span class='ocrx_word' id='word_1_514' title='bbox 2481 4481 2641 4543; x_wconf 82' lang='lat' dir='ltr'><strong>Eoos.</strong></span> <span class='ocrx_word' id='word_1_515' title='bbox 2660 4481 2750 4551; x_wconf 91' lang='lat' dir='ltr'><strong>qui</strong></span> <span class='ocrx_word' id='word_1_516' title='bbox 2775 4482 2903 4536; x_wconf 89' lang='lat' dir='ltr'><strong>Cain</strong></span> <span class='ocrx_word' id='word_1_517' title='bbox 2933 4482 3058 4537; x_wconf 91' lang='lat' dir='ltr'><strong>dum</strong></span> <span class='ocrx_word' id='word_1_518' title='bbox 3084 4497 3151 4538; x_wconf 78' lang='lat' dir='ltr'><strong>ex</strong></span> <span class='ocrx_word' id='word_1_519' title='bbox 3180 4492 3432 4554; x_wconf 88' lang='lat' dir='ltr'><strong>serpente</strong></span> <span class='ocrx_word' id='word_1_520' title='bbox 3454 4484 3689 4539; x_wconf 84' lang='lat' dir='ltr'><strong>nascitur</strong></span> <span class='ocrx_word' id='word_1_521' title='bbox 3718 4482 3951 4539; x_wconf 80' lang='lat' dir='ltr'><strong>Lollium</strong></span> <span class='ocrx_word' id='word_1_522' title='bbox 3972 4500 4063 4553; x_wconf 84' lang='lat' dir='ltr'><strong>ge-</strong></span> 
     </span>
    </p>
   </div>
   <div class='ocr_carea' id='block_1_72' title="bbox 2484 4575 4064 4644">
    <p class='ocr_par' dir='ltr' id='par_1_72' title="bbox 2484 4575 4064 4644">
     <span class='ocr_line' id='line_1_72' title="bbox 2484 4575 4064 4644; baseline 0 -17"><span class='ocrx_word' id='word_1_523' title='bbox 2484 4589 2700 4631; x_wconf 88' lang='lat' dir='ltr'><strong>nerasse</strong></span> <span class='ocrx_word' id='word_1_524' title='bbox 2729 4576 3096 4644; x_wconf 78' lang='lat' dir='ltr'><strong>cognoscitur,</strong></span> <span class='ocrx_word' id='word_1_525' title='bbox 3149 4588 3274 4632; x_wconf 91' lang='lat' dir='ltr'><strong>tunc</strong></span> <span class='ocrx_word' id='word_1_526' title='bbox 3316 4575 3623 4630; x_wconf 79' lang='lat' dir='ltr'><strong>aediﬁcavit</strong></span> <span class='ocrx_word' id='word_1_527' title='bbox 3661 4577 3975 4643; x_wconf 74' lang='lat' dir='ltr'><strong>civitatem,</strong></span> <span class='ocrx_word' id='word_1_528' title='bbox 4013 4586 4064 4628; x_wconf 76' lang='lat' dir='ltr'><strong>ct</strong></span> 
     </span>
    </p>
   </div>
   <div class='ocr_carea' id='block_1_73' title="bbox 806 4639 4064 4735">
    <p class='ocr_par' dir='ltr' id='par_1_73' title="bbox 806 4639 4064 4735">
     <span class='ocr_line' id='line_1_73' title="bbox 806 4639 4064 4735; baseline -0.002 -10"><span class='ocrx_word' id='word_1_529' title='bbox 806 4673 858 4725; x_wconf 91' lang='lat' dir='ltr'><strong>in</strong></span> <span class='ocrx_word' id='word_1_530' title='bbox 887 4685 1075 4735; x_wconf 87' lang='lat' dir='ltr'><strong>campo</strong></span> <span class='ocrx_word' id='word_1_531' title='bbox 1104 4670 1377 4723; x_wconf 62' lang='lat' dir='ltr'><strong>exurrexit</strong></span> <span class='ocrx_word' id='word_1_532' title='bbox 1415 4669 1539 4723; x_wconf 85' lang='lat' dir='ltr'><strong>Cain</strong></span> <span class='ocrx_word' id='word_1_533' title='bbox 1569 4684 1728 4735; x_wconf 83' lang='lat' dir='ltr'><strong>super</strong></span> <span class='ocrx_word' id='word_1_534' title='bbox 1766 4668 1896 4722; x_wconf 87' lang='lat' dir='ltr'><strong>Abel</strong></span> <span class='ocrx_word' id='word_1_535' title='bbox 1938 4668 2153 4719; x_wconf 89' lang='lat' dir='ltr'><strong>fratrem</strong></span> <span class='ocrx_word' id='word_1_536' title='bbox 2195 4680 2371 4731; x_wconf 85' lang='lat' dir='ltr'><strong>suum,</strong></span> <span class='ocrx_word' id='word_1_537' title='bbox 2400 4639 2447 4700; x_wconf 61' lang='grc' dir='ltr'><strong>(ἶ</strong></span> <span class='ocrx_word' id='word_1_538' title='bbox 2480 4663 2656 4731; x_wconf 84' lang='lat' dir='ltr'><strong>posuit</strong></span> <span class='ocrx_word' id='word_1_539' title='bbox 2680 4667 2726 4719; x_wconf 91' lang='lat' dir='ltr'><strong>ei</strong></span> <span class='ocrx_word' id='word_1_540' title='bbox 2761 4680 2951 4720; x_wconf 89' lang='lat' dir='ltr'><strong>nomen</strong></span> <span class='ocrx_word' id='word_1_541' title='bbox 2977 4666 3066 4720; x_wconf 83' lang='lat' dir='ltr'><strong>filii</strong></span> <span class='ocrx_word' id='word_1_542' title='bbox 3094 4666 3413 4729; x_wconf 86' lang='lat' dir='ltr'><strong>Su....nos;</strong></span> <span class='ocrx_word' id='word_1_543' title='bbox 3449 4664 3579 4719; x_wconf 88' lang='lat' dir='ltr'><strong>haec</strong></span> <span class='ocrx_word' id='word_1_544' title='bbox 3606 4674 3687 4718; x_wconf 90' lang='lat' dir='ltr'><strong>est</strong></span> <span class='ocrx_word' id='word_1_545' title='bbox 3709 4665 3903 4718; x_wconf 79' lang='lat' dir='ltr'><strong>civitas</strong></span> <span class='ocrx_word' id='word_1_546' title='bbox 3942 4680 4064 4719; x_wconf 82' lang='lat' dir='ltr'><strong>san-</strong></span> 
     </span>
    </p>
   </div>
   <div class='ocr_carea' id='block_1_74' title="bbox 803 4756 2375 4826">
    <p class='ocr_par' dir='ltr' id='par_1_74' title="bbox 803 4756 2375 4826">
     <span class='ocr_line' id='line_1_74' title="bbox 803 4756 2375 4826; baseline -0.004 -11"><span class='ocrx_word' id='word_1_547' title='bbox 803 4771 857 4815; x_wconf 88' lang='lat' dir='ltr'><strong>et</strong></span> <span class='ocrx_word' id='word_1_548' title='bbox 878 4760 1071 4814; x_wconf 78' lang='lat' dir='ltr'><strong>occidit</strong></span> <span class='ocrx_word' id='word_1_549' title='bbox 1108 4774 1253 4813; x_wconf 89' lang='lat' dir='ltr'><strong>eum.</strong></span> <span class='ocrx_word' id='word_1_550' title='bbox 1297 4758 1362 4811; x_wconf 86' lang='lat' dir='ltr'><strong>Et</strong></span> <span class='ocrx_word' id='word_1_551' title='bbox 1399 4758 1586 4826; x_wconf 88' lang='lat' dir='ltr'><strong>adjecit</strong></span> <span class='ocrx_word' id='word_1_552' title='bbox 1622 4758 1794 4811; x_wconf 88' lang='lat' dir='ltr'><strong>adhuc</strong></span> <span class='ocrx_word' id='word_1_553' title='bbox 1834 4756 2000 4809; x_wconf 83' lang='lat' dir='ltr'><strong>Adam</strong></span> <span class='ocrx_word' id='word_1_554' title='bbox 2053 4768 2375 4823; x_wconf 80' lang='lat' dir='ltr'><strong>cognoscere</strong></span> 
     </span>
    </p>
   </div>
   <div class='ocr_carea' id='block_1_75' title="bbox 808 4846 2374 4916">
    <p class='ocr_par' dir='ltr' id='par_1_75' title="bbox 808 4846 2374 4916">
     <span class='ocr_line' id='line_1_75' title="bbox 808 4846 2374 4916; baseline -0.004 -13"><span class='ocrx_word' id='word_1_555' title='bbox 808 4849 1086 4904; x_wconf 73' lang='lat' dir='ltr'><strong>mulierem</strong></span> <span class='ocrx_word' id='word_1_556' title='bbox 1114 4865 1283 4912; x_wconf 85' lang='lat' dir='ltr'><strong>suam,</strong></span> <span class='ocrx_word' id='word_1_557' title='bbox 1314 4859 1366 4902; x_wconf 86' lang='lat' dir='ltr'><strong>et</strong></span> <span class='ocrx_word' id='word_1_558' title='bbox 1392 4849 1631 4916; x_wconf 86' lang='lat' dir='ltr'><strong>concepit</strong></span> <span class='ocrx_word' id='word_1_559' title='bbox 1663 4857 1713 4901; x_wconf 90' lang='lat' dir='ltr'><strong>et</strong></span> <span class='ocrx_word' id='word_1_560' title='bbox 1748 4848 1954 4916; x_wconf 78' lang='lat' dir='ltr'><strong>peperit</strong></span> <span class='ocrx_word' id='word_1_561' title='bbox 1980 4846 2028 4900; x_wconf 92' lang='lat' dir='ltr'><strong>ei</strong></span> <span class='ocrx_word' id='word_1_562' title='bbox 2066 4846 2228 4899; x_wconf 86' lang='lat' dir='ltr'><strong>filium</strong></span> <span class='ocrx_word' id='word_1_563' title='bbox 2258 4846 2374 4901; x_wconf 90' lang='lat' dir='ltr'><strong>loco</strong></span> 
     </span>
    </p>
   </div>
   <div class='ocr_carea' id='block_1_76' title="bbox 804 4934 2375 5006">
    <p class='ocr_par' dir='ltr' id='par_1_76' title="bbox 804 4934 2375 5006">
     <span class='ocr_line' id='line_1_76' title="bbox 804 4934 2375 5006; baseline -0.003 -15"><span class='ocrx_word' id='word_1_564' title='bbox 804 4936 959 5003; x_wconf 82' lang='lat' dir='ltr'><strong>Abel,</strong></span> <span class='ocrx_word' id='word_1_565' title='bbox 992 4939 1078 5006; x_wconf 90' lang='lat' dir='ltr'><strong>qui</strong></span> <span class='ocrx_word' id='word_1_566' title='bbox 1112 4934 1305 4991; x_wconf 82' lang='lat' dir='ltr'><strong>dicitur</strong></span> <span class='ocrx_word' id='word_1_567' title='bbox 1326 4939 1473 5002; x_wconf 87' lang='lat' dir='ltr'><strong>Seth,</strong></span> <span class='ocrx_word' id='word_1_568' title='bbox 1509 4938 1660 5005; x_wconf 88' lang='lat' dir='ltr'><strong>cujus</strong></span> <span class='ocrx_word' id='word_1_569' title='bbox 1684 4952 1877 4989; x_wconf 80' lang='lat' dir='ltr'><strong>nomen</strong></span> <span class='ocrx_word' id='word_1_570' title='bbox 1908 4936 2085 5004; x_wconf 80' lang='lat' dir='ltr'><strong>lingua</strong></span> <span class='ocrx_word' id='word_1_571' title='bbox 2112 4934 2269 4987; x_wconf 86' lang='lat' dir='ltr'><strong>latina</strong></span> <span class='ocrx_word' id='word_1_572' title='bbox 2292 4950 2375 4988; x_wconf 86' lang='lat' dir='ltr'><strong>re-</strong></span> 
     </span>
    </p>
   </div>
   <div class='ocr_carea' id='block_1_77' title="bbox 802 5024 2375 5096">
    <p class='ocr_par' dir='ltr' id='par_1_77' title="bbox 802 5024 2375 5096">
     <span class='ocr_line' id='line_1_77' title="bbox 802 5024 2375 5096; baseline -0.003 -13"><span class='ocrx_word' id='word_1_573' title='bbox 802 5030 1062 5083; x_wconf 88' lang='lat' dir='ltr'><strong>surrectio</strong></span> <span class='ocrx_word' id='word_1_574' title='bbox 1086 5028 1295 5092; x_wconf 88' lang='lat' dir='ltr'><strong>dicitur,</strong></span> <span class='ocrx_word' id='word_1_575' title='bbox 1328 5031 1448 5096; x_wconf 86' lang='lat' dir='ltr'><strong>quia</strong></span> <span class='ocrx_word' id='word_1_576' title='bbox 1492 5029 1558 5080; x_wconf 87' lang='lat' dir='ltr'><strong>ab</strong></span> <span class='ocrx_word' id='word_1_577' title='bbox 1588 5029 1703 5095; x_wconf 88' lang='lat' dir='ltr'><strong>ipso</strong></span> <span class='ocrx_word' id='word_1_578' title='bbox 1748 5026 2083 5079; x_wconf 76' lang='lat' dir='ltr'><strong>resuscitavit</strong></span> <span class='ocrx_word' id='word_1_579' title='bbox 2121 5024 2375 5079; x_wconf 88' lang='lat' dir='ltr'><strong>Dominus</strong></span> 
     </span>
    </p>
   </div>
   <div class='ocr_carea' id='block_1_78' title="bbox 748 5118 2374 5188">
    <p class='ocr_par' dir='ltr' id='par_1_78' title="bbox 748 5118 2374 5188">
     <span class='ocr_line' id='line_1_78' title="bbox 748 5118 2374 5188; baseline -0.004 -11"><span class='ocrx_word' id='word_1_580' title='bbox 748 5168 758 5177; x_wconf 94' lang='lat'><strong>.</strong></span> <span class='ocrx_word' id='word_1_581' title='bbox 804 5134 987 5173; x_wconf 84' lang='lat' dir='ltr'><strong>semen</strong></span> <span class='ocrx_word' id='word_1_582' title='bbox 1012 5120 1235 5185; x_wconf 89' lang='lat' dir='ltr'><strong>justum,</strong></span> <span class='ocrx_word' id='word_1_583' title='bbox 1274 5134 1301 5171; x_wconf 89' lang='lat' dir='ltr'><strong>a</strong></span> <span class='ocrx_word' id='word_1_584' title='bbox 1333 5120 1482 5186; x_wconf 90' lang='lat' dir='ltr'><strong>cujus</strong></span> <span class='ocrx_word' id='word_1_585' title='bbox 1515 5119 1766 5188; x_wconf 73' lang='lat' dir='ltr'><strong>progenie</strong></span> <span class='ocrx_word' id='word_1_586' title='bbox 1802 5118 2170 5186; x_wconf 83' lang='lat' dir='ltr'><strong>perveniemus</strong></span> <span class='ocrx_word' id='word_1_587' title='bbox 2209 5132 2374 5185; x_wconf 75' lang='lat' dir='ltr'><strong>u~que</strong></span> 
     </span>
    </p>
   </div>
   <div class='ocr_carea' id='block_1_79' title="bbox 802 5210 2374 5278">
    <p class='ocr_par' dir='ltr' id='par_1_79' title="bbox 802 5210 2374 5278">
     <span class='ocr_line' id='line_1_79' title="bbox 802 5210 2374 5278; baseline -0.001 -15"><span class='ocrx_word' id='word_1_588' title='bbox 802 5212 866 5264; x_wconf 86' lang='lat' dir='ltr'><strong>ad</strong></span> <span class='ocrx_word' id='word_1_589' title='bbox 898 5210 1177 5265; x_wconf 88' lang='lat' dir='ltr'><strong>Dominum</strong></span> <span class='ocrx_word' id='word_1_590' title='bbox 1219 5220 1455 5264; x_wconf 85' lang='lat' dir='ltr'><strong>nostrum</strong></span> <span class='ocrx_word' id='word_1_591' title='bbox 1491 5210 1671 5263; x_wconf 72' lang='lat' dir='ltr'><strong>.lesnm</strong></span> <span class='ocrx_word' id='word_1_592' title='bbox 1715 5211 1982 5264; x_wconf 75' lang='lat' dir='ltr'><strong>ChrEstnm</strong></span> <span class='ocrx_word' id='word_1_593' title='bbox 2026 5225 2115 5278; x_wconf 87' lang='lat' dir='ltr'><strong>per</strong></span> <span class='ocrx_word' id='word_1_594' title='bbox 2153 5223 2374 5277; x_wconf 86' lang='lat' dir='ltr'><strong>genera-</strong></span> 
     </span>
    </p>
   </div>
   <div class='ocr_carea' id='block_1_80' title="bbox 804 5303 2374 5372">
    <p class='ocr_par' dir='ltr' id='par_1_80' title="bbox 804 5303 2374 5372">
     <span class='ocr_line' id='line_1_80' title="bbox 804 5303 2374 5372; baseline -0.001 -15"><span class='ocrx_word' id='word_1_595' title='bbox 804 5307 976 5359; x_wconf 75' lang='lat' dir='ltr'><strong>tiones</strong></span> <span class='ocrx_word' id='word_1_596' title='bbox 1005 5304 1241 5372; x_wconf 74' lang='lat' dir='ltr'><strong>singulas</strong></span> <span class='ocrx_word' id='word_1_597' title='bbox 1266 5304 1633 5357; x_wconf 79' lang='lat' dir='ltr'><strong>sibi&#39;invicem</strong></span> <span class='ocrx_word' id='word_1_598' title='bbox 1677 5303 1881 5357; x_wconf 26' lang='lat' dir='ltr'><strong>sueccd‘</strong></span> <span class='ocrx_word' id='word_1_599' title='bbox 1909 5305 2096 5357; x_wconf 77' lang='lat' dir='ltr'><strong>mium.</strong></span> <span class='ocrx_word' id='word_1_600' title='bbox 2138 5303 2251 5370; x_wconf 72' lang='grc' dir='ltr'>ιρεετ</span> <span class='ocrx_word' id='word_1_601' title='bbox 2292 5308 2374 5355; x_wconf 89' lang='lat' dir='ltr'><strong>est</strong></span> 
     </span>
    </p>
   </div>
   <div class='ocr_carea' id='block_1_81' title="bbox 804 5393 2367 5466">
    <p class='ocr_par' dir='ltr' id='par_1_81' title="bbox 804 5393 2367 5466">
     <span class='ocr_line' id='line_1_81' title="bbox 804 5393 2367 5466; baseline -0.006 -14"><span class='ocrx_word' id='word_1_602' title='bbox 804 5395 933 5453; x_wconf 84' lang='lat' dir='ltr'><strong>Seth</strong></span> <span class='ocrx_word' id='word_1_603' title='bbox 961 5398 1051 5465; x_wconf 89' lang='lat' dir='ltr'><strong>qui</strong></span> <span class='ocrx_word' id='word_1_604' title='bbox 1090 5395 1272 5466; x_wconf 82' lang='lat' dir='ltr'><strong>genuit</strong></span> <span class='ocrx_word' id='word_1_605' title='bbox 1300 5398 1505 5459; x_wconf 79' lang='lat' dir='ltr'><strong>Aenas;</strong></span> <span class='ocrx_word' id='word_1_606' title='bbox 1552 5396 1747 5448; x_wconf 76' lang='lat' dir='ltr'><strong>Aenum</strong></span> <span class='ocrx_word' id='word_1_607' title='bbox 1795 5395 1936 5449; x_wconf 87' lang='lat' dir='ltr'><strong>enim</strong></span> <span class='ocrx_word' id='word_1_608' title='bbox 1986 5396 2161 5463; x_wconf 78' lang='lat' dir='ltr'><strong>lingua</strong></span> <span class='ocrx_word' id='word_1_609' title='bbox 2210 5393 2367 5446; x_wconf 86' lang='lat' dir='ltr'><strong>latina</strong></span> 
     </span>
    </p>
   </div>
   <div class='ocr_carea' id='block_1_82' title="bbox 802 5486 2368 5555">
    <p class='ocr_par' dir='ltr' id='par_1_82' title="bbox 802 5486 2368 5555">
     <span class='ocr_line' id='line_1_82' title="bbox 802 5486 2368 5555; baseline -0.003 -13"><span class='ocrx_word' id='word_1_610' title='bbox 802 5487 1123 5542; x_wconf 80' lang='lat' dir='ltr'><strong>obliviscens</strong></span> <span class='ocrx_word' id='word_1_611' title='bbox 1150 5488 1362 5542; x_wconf 87' lang='lat' dir='ltr'><strong>dicitur.</strong></span> <span class='ocrx_word' id='word_1_612' title='bbox 1401 5488 1474 5542; x_wconf 85' lang='lat' dir='ltr'><strong>De</strong></span> <span class='ocrx_word' id='word_1_613' title='bbox 1498 5490 1612 5555; x_wconf 89' lang='lat' dir='ltr'><strong>ipso</strong></span> <span class='ocrx_word' id='word_1_614' title='bbox 1643 5498 1795 5540; x_wconf 86' lang='lat' dir='ltr'><strong>natus</strong></span> <span class='ocrx_word' id='word_1_615' title='bbox 1822 5497 1901 5541; x_wconf 91' lang='lat' dir='ltr'><strong>est</strong></span> <span class='ocrx_word' id='word_1_616' title='bbox 1923 5486 2185 5550; x_wconf 85' lang='lat' dir='ltr'><strong>Chainan,</strong></span> <span class='ocrx_word' id='word_1_617' title='bbox 2214 5486 2368 5553; x_wconf 87' lang='lat' dir='ltr'><strong>cujus</strong></span> 
     </span>
    </p>
   </div>
   <div class='ocr_carea' id='block_1_83' title="bbox 802 5576 2369 5648">
    <p class='ocr_par' dir='ltr' id='par_1_83' title="bbox 802 5576 2369 5648">
     <span class='ocr_line' id='line_1_83' title="bbox 802 5576 2369 5648; baseline -0.001 -17"><span class='ocrx_word' id='word_1_618' title='bbox 802 5593 995 5634; x_wconf 87' lang='lat' dir='ltr'><strong>nomen</strong></span> <span class='ocrx_word' id='word_1_619' title='bbox 1018 5580 1315 5648; x_wconf 85' lang='lat' dir='ltr'><strong>appellatur</strong></span> <span class='ocrx_word' id='word_1_620' title='bbox 1346 5581 1601 5634; x_wconf 83' lang='lat' dir='ltr'><strong>nativitas</strong></span> <span class='ocrx_word' id='word_1_621' title='bbox 1647 5580 1756 5633; x_wconf 88' lang='lat' dir='ltr'><strong>Dei.</strong></span> <span class='ocrx_word' id='word_1_622' title='bbox 1803 5579 1932 5632; x_wconf 72' lang='lat' dir='ltr'><strong>Nam</strong></span> <span class='ocrx_word' id='word_1_623' title='bbox 1977 5579 2090 5641; x_wconf 68' lang='lat' dir='ltr'><strong>ipse</strong></span> <span class='ocrx_word' id='word_1_624' title='bbox 2132 5576 2369 5631; x_wconf 85' lang='lat' dir='ltr'><strong>Chainan</strong></span> 
     </span>
    </p>
   </div>
   <div class='ocr_carea' id='block_1_84' title="bbox 801 5667 2371 5735">
    <p class='ocr_par' dir='ltr' id='par_1_84' title="bbox 801 5667 2371 5735">
     <span class='ocr_line' id='line_1_84' title="bbox 801 5667 2371 5735; baseline -0.002 -13"><span class='ocrx_word' id='word_1_625' title='bbox 801 5668 981 5735; x_wconf 75' lang='lat' dir='ltr'><strong>genuit</strong></span> <span class='ocrx_word' id='word_1_626' title='bbox 1006 5669 1232 5733; x_wconf 80' lang='lat' dir='ltr'><strong>Malelel,</strong></span> <span class='ocrx_word' id='word_1_627' title='bbox 1261 5671 1412 5733; x_wconf 80' lang='lat' dir='ltr'><strong>cuius</strong></span> <span class='ocrx_word' id='word_1_628' title='bbox 1449 5683 1642 5723; x_wconf 89' lang='lat' dir='ltr'><strong>nomen</strong></span> <span class='ocrx_word' id='word_1_629' title='bbox 1683 5669 1877 5723; x_wconf 52' lang='lat' dir='ltr'><strong>dieitur</strong></span> <span class='ocrx_word' id='word_1_630' title='bbox 1908 5668 2127 5721; x_wconf 87' lang='lat' dir='ltr'><strong>mutatio</strong></span> <span class='ocrx_word' id='word_1_631' title='bbox 2160 5668 2270 5720; x_wconf 79' lang='lat' dir='ltr'><strong>llei.</strong></span> <span class='ocrx_word' id='word_1_632' title='bbox 2307 5667 2371 5720; x_wconf 82' lang='lat' dir='ltr'><strong>Et</strong></span> 
     </span>
    </p>
   </div>
   <div class='ocr_carea' id='block_1_85' title="bbox 800 5757 2367 5828">
    <p class='ocr_par' dir='ltr' id='par_1_85' title="bbox 800 5757 2367 5828">
     <span class='ocr_line' id='line_1_85' title="bbox 800 5757 2367 5828; baseline 0 -17"><span class='ocrx_word' id='word_1_633' title='bbox 800 5758 1005 5814; x_wconf 79' lang='lat' dir='ltr'><strong>Malelel</strong></span> <span class='ocrx_word' id='word_1_634' title='bbox 1035 5760 1215 5827; x_wconf 81' lang='lat' dir='ltr'><strong>genuit</strong></span> <span class='ocrx_word' id='word_1_635' title='bbox 1236 5758 1402 5828; x_wconf 73' lang='lat' dir='ltr'><strong>Jaret.</strong></span> <span class='ocrx_word' id='word_1_636' title='bbox 1440 5758 1591 5825; x_wconf 82' lang='lat' dir='ltr'><strong>cujus</strong></span> <span class='ocrx_word' id='word_1_637' title='bbox 1620 5774 1812 5813; x_wconf 82' lang='lat' dir='ltr'><strong>nomen</strong></span> <span class='ocrx_word' id='word_1_638' title='bbox 1848 5757 2126 5811; x_wconf 55' lang='lat' dir='ltr'><strong>descendo</strong></span> <span class='ocrx_word' id='word_1_639' title='bbox 2153 5758 2367 5811; x_wconf 87' lang='lat' dir='ltr'><strong>dicitur.</strong></span> 
     </span>
    </p>
   </div>
   <div class='ocr_carea' id='block_1_86' title="bbox 801 5848 2365 5920">
    <p class='ocr_par' dir='ltr' id='par_1_86' title="bbox 801 5848 2365 5920">
     <span class='ocr_line' id='line_1_86' title="bbox 801 5848 2365 5920; baseline 0.003 -21"><span class='ocrx_word' id='word_1_640' title='bbox 801 5848 874 5901; x_wconf 83' lang='lat' dir='ltr'><strong>De</strong></span> <span class='ocrx_word' id='word_1_641' title='bbox 902 5848 1014 5915; x_wconf 78' lang='lat' dir='ltr'><strong>ipso</strong></span> <span class='ocrx_word' id='word_1_642' title='bbox 1056 5860 1205 5903; x_wconf 84' lang='lat' dir='ltr'><strong>natus</strong></span> <span class='ocrx_word' id='word_1_643' title='bbox 1237 5862 1313 5907; x_wconf 80' lang='lat' dir='ltr'><strong>est</strong></span> <span class='ocrx_word' id='word_1_644' title='bbox 1350 5851 1553 5913; x_wconf 78' lang='lat' dir='ltr'><strong>l-Znoclt,</strong></span> <span class='ocrx_word' id='word_1_645' title='bbox 1599 5849 1749 5920; x_wconf 79' lang='lat' dir='ltr'><strong>cujus</strong></span> <span class='ocrx_word' id='word_1_646' title='bbox 1781 5865 1971 5903; x_wconf 80' lang='lat' dir='ltr'><strong>nomen</strong></span> <span class='ocrx_word' id='word_1_647' title='bbox 2001 5849 2160 5902; x_wconf 89' lang='lat' dir='ltr'><strong>latina</strong></span> <span class='ocrx_word' id='word_1_648' title='bbox 2193 5850 2365 5920; x_wconf 83' lang='lat' dir='ltr'><strong>lingua</strong></span> 
     </span>
    </p>
   </div>
   <div class='ocr_carea' id='block_1_87' title="bbox 2474 4755 4062 4829">
    <p class='ocr_par' dir='ltr' id='par_1_87' title="bbox 2474 4755 4062 4829">
     <span class='ocr_line' id='line_1_87' title="bbox 2474 4755 4062 4829; baseline 0.001 -19"><span class='ocrx_word' id='word_1_649' title='bbox 2474 4759 2671 4829; x_wconf 87' lang='lat' dir='ltr'><strong>guinis,</strong></span> <span class='ocrx_word' id='word_1_650' title='bbox 2709 4774 2851 4828; x_wconf 89' lang='lat' dir='ltr'><strong>quae</strong></span> <span class='ocrx_word' id='word_1_651' title='bbox 2885 4769 2941 4814; x_wconf 89' lang='lat' dir='ltr'><strong>et</strong></span> <span class='ocrx_word' id='word_1_652' title='bbox 2982 4773 3125 4813; x_wconf 89' lang='lat' dir='ltr'><strong>nunc</strong></span> <span class='ocrx_word' id='word_1_653' title='bbox 3163 4758 3387 4813; x_wconf 82' lang='lat' dir='ltr'><strong>effundit</strong></span> <span class='ocrx_word' id='word_1_654' title='bbox 3440 4755 3753 4825; x_wconf 80' lang='lat' dir='ltr'><strong>sanguinein</strong></span> <span class='ocrx_word' id='word_1_655' title='bbox 3793 4757 4062 4813; x_wconf 82' lang='lat' dir='ltr'><strong>Christia-</strong></span> 
     </span>
    </p>
   </div>
   <div class='ocr_carea' id='block_1_88' title="bbox 2477 4848 4063 4919">
    <p class='ocr_par' dir='ltr' id='par_1_88' title="bbox 2477 4848 4063 4919">
     <span class='ocr_line' id='line_1_88' title="bbox 2477 4848 4063 4919; baseline -0.001 -14"><span class='ocrx_word' id='word_1_656' title='bbox 2477 4866 2633 4912; x_wconf 86' lang='lat' dir='ltr'><strong>num;</strong></span> <span class='ocrx_word' id='word_1_657' title='bbox 2667 4850 2799 4905; x_wconf 85' lang='lat' dir='ltr'><strong>haec</strong></span> <span class='ocrx_word' id='word_1_658' title='bbox 2829 4852 2969 4906; x_wconf 86' lang='lat' dir='ltr'><strong>enim</strong></span> <span class='ocrx_word' id='word_1_659' title='bbox 3001 4851 3188 4906; x_wconf 68' lang='lat' dir='ltr'><strong>civitas</strong></span> <span class='ocrx_word' id='word_1_660' title='bbox 3208 4852 3259 4905; x_wconf 92' lang='lat' dir='ltr'><strong>in</strong></span> <span class='ocrx_word' id='word_1_661' title='bbox 3292 4859 3433 4904; x_wconf 85' lang='lat' dir='ltr'><strong>terra</strong></span> <span class='ocrx_word' id='word_1_662' title='bbox 3474 4850 3606 4903; x_wconf 72' lang='lat' dir='ltr'><strong>Naid</strong></span> <span class='ocrx_word' id='word_1_663' title='bbox 3647 4848 3905 4903; x_wconf 81' lang='lat' dir='ltr'><strong>fabricata</strong></span> <span class='ocrx_word' id='word_1_664' title='bbox 3936 4863 4063 4919; x_wconf 82' lang='lat' dir='ltr'><strong>cog-</strong></span> 
     </span>
    </p>
   </div>
   <div class='ocr_carea' id='block_1_89' title="bbox 2476 4940 4066 5011">
    <p class='ocr_par' dir='ltr' id='par_1_89' title="bbox 2476 4940 4066 5011">
     <span class='ocr_line' id='line_1_89' title="bbox 2476 4940 4066 5011; baseline -0.001 -14"><span class='ocrx_word' id='word_1_665' title='bbox 2476 4944 2736 5011; x_wconf 89' lang='lat' dir='ltr'><strong>noscitur,</strong></span> <span class='ocrx_word' id='word_1_666' title='bbox 2768 4952 2817 4996; x_wconf 91' lang='lat' dir='ltr'><strong>et</strong></span> <span class='ocrx_word' id='word_1_667' title='bbox 2851 4944 2964 4997; x_wconf 88' lang='lat' dir='ltr'><strong>viva</strong></span> <span class='ocrx_word' id='word_1_668' title='bbox 3002 4952 3102 4997; x_wconf 90' lang='lat' dir='ltr'><strong>est.</strong></span> <span class='ocrx_word' id='word_1_669' title='bbox 3148 4943 3262 5011; x_wconf 89' lang='lat' dir='ltr'><strong>Ipsa</strong></span> <span class='ocrx_word' id='word_1_670' title='bbox 3292 4950 3433 4995; x_wconf 86' lang='lat' dir='ltr'><strong>terra</strong></span> <span class='ocrx_word' id='word_1_671' title='bbox 3482 4940 3885 5009; x_wconf 86' lang='lat' dir='ltr'><strong>interpretatur,</strong></span> <span class='ocrx_word' id='word_1_672' title='bbox 3926 4953 4066 5009; x_wconf 82' lang='lat' dir='ltr'><strong>quae</strong></span> 
     </span>
    </p>
   </div>
   <div class='ocr_carea' id='block_1_90' title="bbox 2476 5032 4063 5102">
    <p class='ocr_par' dir='ltr' id='par_1_90' title="bbox 2476 5032 4063 5102">
     <span class='ocr_line' id='line_1_90' title="bbox 2476 5032 4063 5102; baseline -0.002 -14"><span class='ocrx_word' id='word_1_673' title='bbox 2476 5034 2527 5088; x_wconf 90' lang='lat' dir='ltr'><strong>in</strong></span> <span class='ocrx_word' id='word_1_674' title='bbox 2560 5036 2664 5089; x_wconf 90' lang='lat' dir='ltr'><strong>fine</strong></span> <span class='ocrx_word' id='word_1_675' title='bbox 2688 5050 2853 5102; x_wconf 82' lang='lat' dir='ltr'><strong>usque</strong></span> <span class='ocrx_word' id='word_1_676' title='bbox 2890 5035 3221 5090; x_wconf 80' lang='lat' dir='ltr'><strong>CiniSIianos</strong></span> <span class='ocrx_word' id='word_1_677' title='bbox 3259 5033 3616 5101; x_wconf 85' lang='lat' dir='ltr'><strong>persequitur,</strong></span> <span class='ocrx_word' id='word_1_678' title='bbox 3655 5032 3747 5102; x_wconf 88' lang='lat' dir='ltr'><strong>qui</strong></span> <span class='ocrx_word' id='word_1_679' title='bbox 3782 5032 3926 5086; x_wconf 54' lang='lat' dir='ltr'><strong>fideli</strong></span> <span class='ocrx_word' id='word_1_680' title='bbox 3968 5049 4063 5085; x_wconf 80' lang='lat' dir='ltr'><strong>vo-</strong></span> 
     </span>
    </p>
   </div>
   <div class='ocr_carea' id='block_1_91' title="bbox 2481 5120 4058 5192">
    <p class='ocr_par' dir='ltr' id='par_1_91' title="bbox 2481 5120 4058 5192">
     <span class='ocr_line' id='line_1_91' title="bbox 2481 5120 4058 5192; baseline -0.001 -15"><span class='ocrx_word' id='word_1_681' title='bbox 2481 5123 2668 5177; x_wconf 87' lang='lat' dir='ltr'><strong>cabqu</strong></span> <span class='ocrx_word' id='word_1_682' title='bbox 2719 5125 3077 5176; x_wconf 85' lang='lat' dir='ltr'><strong>nominantur.</strong></span> <span class='ocrx_word' id='word_1_683' title='bbox 3112 5120 3241 5176; x_wconf 65' lang='lat' dir='ltr'><strong>Nam</strong></span> <span class='ocrx_word' id='word_1_684' title='bbox 3275 5122 3387 5192; x_wconf 89' lang='lat' dir='ltr'><strong>ipse</strong></span> <span class='ocrx_word' id='word_1_685' title='bbox 3438 5122 3577 5176; x_wconf 76' lang='lat' dir='ltr'><strong>Enos</strong></span> <span class='ocrx_word' id='word_1_686' title='bbox 3607 5121 3791 5192; x_wconf 85' lang='lat' dir='ltr'><strong>genuit</strong></span> <span class='ocrx_word' id='word_1_687' title='bbox 3834 5122 4058 5176; x_wconf 88' lang='lat' dir='ltr'><strong>Gedam.</strong></span> 
     </span>
    </p>
   </div>
   <div class='ocr_carea' id='block_1_92' title="bbox 2484 5206 4063 5282">
    <p class='ocr_par' dir='ltr' id='par_1_92' title="bbox 2484 5206 4063 5282">
     <span class='ocr_line' id='line_1_92' title="bbox 2484 5206 4063 5282; baseline 0.001 -16"><span class='ocrx_word' id='word_1_688' title='bbox 2484 5213 2600 5281; x_wconf 90' lang='lat' dir='ltr'><strong>lpse</strong></span> <span class='ocrx_word' id='word_1_689' title='bbox 2641 5214 2822 5268; x_wconf 72' lang='lat' dir='ltr'><strong>lmhuit</strong></span> <span class='ocrx_word' id='word_1_690' title='bbox 2869 5229 3140 5267; x_wconf 85' lang='lat' dir='ltr'><strong>murorum</strong></span> <span class='ocrx_word' id='word_1_691' title='bbox 3186 5206 3484 5267; x_wconf 78' lang='lat' dir='ltr'><strong>scientiam.</strong></span> <span class='ocrx_word' id='word_1_692' title='bbox 3539 5213 3615 5268; x_wconf 86' lang='lat' dir='ltr'><strong>De</strong></span> <span class='ocrx_word' id='word_1_693' title='bbox 3645 5213 3762 5282; x_wconf 92' lang='lat' dir='ltr'><strong>ipso</strong></span> <span class='ocrx_word' id='word_1_694' title='bbox 3797 5224 3955 5268; x_wconf 86' lang='lat' dir='ltr'><strong>natus</strong></span> <span class='ocrx_word' id='word_1_695' title='bbox 3982 5224 4063 5269; x_wconf 84' lang='lat' dir='ltr'><strong>est</strong></span> 
     </span>
    </p>
   </div>
   <div class='ocr_carea' id='block_1_93' title="bbox 2481 5305 4063 5375">
    <p class='ocr_par' dir='ltr' id='par_1_93' title="bbox 2481 5305 4063 5375">
     <span class='ocr_line' id='line_1_93' title="bbox 2481 5305 4063 5375; baseline 0.001 -17"><span class='ocrx_word' id='word_1_696' title='bbox 2481 5306 2707 5371; x_wconf 68' lang='lat' dir='ltr'><strong>Malcfel,</strong></span> <span class='ocrx_word' id='word_1_697' title='bbox 2743 5309 2892 5372; x_wconf 77' lang='lat' dir='ltr'><strong>cujus</strong></span> <span class='ocrx_word' id='word_1_698' title='bbox 2923 5322 3115 5361; x_wconf 89' lang='lat' dir='ltr'><strong>nomen</strong></span> <span class='ocrx_word' id='word_1_699' title='bbox 3149 5307 3530 5375; x_wconf 81' lang='lat' dir='ltr'><strong>interpretatur</strong></span> <span class='ocrx_word' id='word_1_700' title='bbox 3564 5306 3766 5360; x_wconf 37' lang='lat' dir='ltr'><strong>auditio</strong></span> <span class='ocrx_word' id='word_1_701' title='bbox 3800 5305 3982 5373; x_wconf 79' lang='lat' dir='ltr'><strong>fortis,</strong></span> <span class='ocrx_word' id='word_1_702' title='bbox 4009 5319 4063 5361; x_wconf 85' lang='lat' dir='ltr'><strong>et</strong></span> 
     </span>
    </p>
   </div>
   <div class='ocr_carea' id='block_1_94' title="bbox 2479 5398 4061 5469">
    <p class='ocr_par' dir='ltr' id='par_1_94' title="bbox 2479 5398 4061 5469">
     <span class='ocr_line' id='line_1_94' title="bbox 2479 5398 4061 5469; baseline 0.001 -18"><span class='ocrx_word' id='word_1_703' title='bbox 2479 5398 2545 5451; x_wconf 87' lang='lat' dir='ltr'><strong>de</strong></span> <span class='ocrx_word' id='word_1_704' title='bbox 2577 5399 2776 5453; x_wconf 67' lang='lat' dir='ltr'><strong>Mdelel</strong></span> <span class='ocrx_word' id='word_1_705' title='bbox 2811 5408 2967 5453; x_wconf 71' lang='lat' dir='ltr'><strong>natus</strong></span> <span class='ocrx_word' id='word_1_706' title='bbox 3005 5408 3086 5452; x_wconf 86' lang='lat' dir='ltr'><strong>est</strong></span> <span class='ocrx_word' id='word_1_707' title='bbox 3127 5398 3439 5465; x_wconf 66' lang='lat' dir='ltr'><strong>blatttsalan,</strong></span> <span class='ocrx_word' id='word_1_708' title='bbox 3474 5398 3560 5467; x_wconf 86' lang='lat' dir='ltr'><strong>qui</strong></span> <span class='ocrx_word' id='word_1_709' title='bbox 3598 5400 3781 5469; x_wconf 86' lang='lat' dir='ltr'><strong>genuit</strong></span> <span class='ocrx_word' id='word_1_710' title='bbox 3822 5399 4061 5453; x_wconf 77' lang='lat' dir='ltr'><strong>Latnecli</strong></span> 
     </span>
    </p>
   </div>
   <div class='ocr_carea' id='block_1_95' title="bbox 2481 5486 4056 5559">
    <p class='ocr_par' dir='ltr' id='par_1_95' title="bbox 2481 5486 4056 5559">
     <span class='ocr_line' id='line_1_95' title="bbox 2481 5486 4056 5559; baseline 0.002 -18"><span class='ocrx_word' id='word_1_711' title='bbox 2481 5489 2646 5551; x_wconf 87' lang='lat' dir='ltr'><strong>illum,</strong></span> <span class='ocrx_word' id='word_1_712' title='bbox 2670 5491 2756 5556; x_wconf 88' lang='lat' dir='ltr'><strong>qui</strong></span> <span class='ocrx_word' id='word_1_713' title='bbox 2784 5488 2963 5542; x_wconf 68' lang='lat' dir='ltr'><strong>habuit</strong></span> <span class='ocrx_word' id='word_1_714' title='bbox 2988 5503 3181 5544; x_wconf 73' lang='lat' dir='ltr'><strong>uxores</strong></span> <span class='ocrx_word' id='word_1_715' title='bbox 3210 5489 3362 5554; x_wconf 88' lang='lat' dir='ltr'><strong>duas,</strong></span> <span class='ocrx_word' id='word_1_716' title='bbox 3392 5504 3495 5544; x_wconf 85' lang='lat' dir='ltr'><strong>una</strong></span> <span class='ocrx_word' id='word_1_717' title='bbox 3520 5488 3736 5544; x_wconf 89' lang='lat' dir='ltr'><strong>nomine</strong></span> <span class='ocrx_word' id='word_1_718' title='bbox 3764 5486 4056 5559; x_wconf 84' lang='lat' dir='ltr'><strong>Ada,quae</strong></span> 
     </span>
    </p>
   </div>
   <div class='ocr_carea' id='block_1_96' title="bbox 2477 5577 4053 5645">
    <p class='ocr_par' dir='ltr' id='par_1_96' title="bbox 2477 5577 4053 5645">
     <span class='ocr_line' id='line_1_96' title="bbox 2477 5577 4053 5645; baseline 0.001 -16"><span class='ocrx_word' id='word_1_719' title='bbox 2477 5578 2662 5644; x_wconf 78' lang='lat' dir='ltr'><strong>interpi</strong></span> <span class='ocrx_word' id='word_1_720' title='bbox 2679 5588 2851 5632; x_wconf 90' lang='lat' dir='ltr'><strong>etatur</strong></span> <span class='ocrx_word' id='word_1_721' title='bbox 2876 5577 3265 5643; x_wconf 83' lang='lat' dir='ltr'><strong>testimoniata,</strong></span> <span class='ocrx_word' id='word_1_722' title='bbox 3288 5580 3388 5631; x_wconf 87' lang='lat' dir='ltr'><strong>alia</strong></span> <span class='ocrx_word' id='word_1_723' title='bbox 3411 5579 3628 5633; x_wconf 89' lang='lat' dir='ltr'><strong>nomine</strong></span> <span class='ocrx_word' id='word_1_724' title='bbox 3646 5578 3783 5632; x_wconf 68' lang='lat' dir='ltr'><strong>Sella</strong></span> <span class='ocrx_word' id='word_1_725' title='bbox 3812 5592 3953 5645; x_wconf 71' lang='lat' dir='ltr'><strong>quae</strong></span> <span class='ocrx_word' id='word_1_726' title='bbox 3974 5580 4053 5631; x_wconf 83' lang='lat' dir='ltr'><strong>in-</strong></span> 
     </span>
    </p>
   </div>
   <div class='ocr_carea' id='block_1_97' title="bbox 2474 5666 4059 5738">
    <p class='ocr_par' dir='ltr' id='par_1_97' title="bbox 2474 5666 4059 5738">
     <span class='ocr_line' id='line_1_97' title="bbox 2474 5666 4059 5738; baseline 0 -17"><span class='ocrx_word' id='word_1_727' title='bbox 2474 5675 2796 5737; x_wconf 89' lang='lat' dir='ltr'><strong>terprctatur</strong></span> <span class='ocrx_word' id='word_1_728' title='bbox 2831 5669 3154 5722; x_wconf 85' lang='lat' dir='ltr'><strong>adumbrans</strong></span> <span class='ocrx_word' id='word_1_729' title='bbox 3198 5683 3255 5723; x_wconf 89' lang='lat' dir='ltr'><strong>se</strong></span> <span class='ocrx_word' id='word_1_730' title='bbox 3298 5669 3491 5738; x_wconf 88' lang='lat' dir='ltr'><strong>ipsam.</strong></span> <span class='ocrx_word' id='word_1_731' title='bbox 3540 5669 3656 5736; x_wconf 88' lang='lat' dir='ltr'><strong>lpse</strong></span> <span class='ocrx_word' id='word_1_732' title='bbox 3704 5675 3789 5722; x_wconf 81' lang='lat' dir='ltr'><strong>est</strong></span> <span class='ocrx_word' id='word_1_733' title='bbox 3823 5666 4059 5723; x_wconf 69' lang='lat' dir='ltr'><strong>Latnerh</strong></span> 
     </span>
    </p>
   </div>
   <div class='ocr_carea' id='block_1_98' title="bbox 2471 5757 4056 5828">
    <p class='ocr_par' dir='ltr' id='par_1_98' title="bbox 2471 5757 4056 5828">
     <span class='ocr_line' id='line_1_98' title="bbox 2471 5757 4056 5828; baseline 0.001 -17"><span class='ocrx_word' id='word_1_734' title='bbox 2471 5758 2560 5828; x_wconf 90' lang='lat' dir='ltr'><strong>qui</strong></span> <span class='ocrx_word' id='word_1_735' title='bbox 2592 5757 2725 5814; x_wconf 79' lang='lat' dir='ltr'><strong>dixit</strong></span> <span class='ocrx_word' id='word_1_736' title='bbox 2754 5759 3067 5815; x_wconf 87' lang='lat' dir='ltr'><strong>mulieribus</strong></span> <span class='ocrx_word' id='word_1_737' title='bbox 3098 5758 3211 5815; x_wconf 87' lang='lat' dir='ltr'><strong>suis</strong></span> <span class='ocrx_word' id='word_1_738' title='bbox 3243 5776 3257 5813; x_wconf 90' lang='lat'><strong>:</strong></span> <span class='ocrx_word' id='word_1_739' title='bbox 3292 5760 3483 5815; x_wconf 80' lang='lat' dir='ltr'><strong>Audite</strong></span> <span class='ocrx_word' id='word_1_740' title='bbox 3516 5774 3702 5814; x_wconf 80' lang='lat' dir='ltr'><strong>vocem</strong></span> <span class='ocrx_word' id='word_1_741' title='bbox 3732 5774 4056 5819; x_wconf 61' lang='lat' dir='ltr'><strong>mearumin-</strong></span> 
     </span>
    </p>
   </div>
   <div class='ocr_carea' id='block_1_99' title="bbox 2474 5849 4052 5913">
    <p class='ocr_par' dir='ltr' id='par_1_99' title="bbox 2474 5849 4052 5913">
     <span class='ocr_line' id='line_1_99' title="bbox 2474 5849 4052 5913; baseline 0.006 -10"><span class='ocrx_word' id='word_1_742' title='bbox 2474 5851 2557 5905; x_wconf 79' lang='lat' dir='ltr'><strong>liet</strong></span> <span class='ocrx_word' id='word_1_743' title='bbox 2573 5865 2630 5906; x_wconf 90' lang='lat' dir='ltr'><strong>es</strong></span> <span class='ocrx_word' id='word_1_744' title='bbox 2647 5849 2895 5913; x_wconf 81' lang='lat' dir='ltr'><strong>Lamecb.</strong></span> <span class='ocrx_word' id='word_1_745' title='bbox 2912 5862 2961 5908; x_wconf 89' lang='lat' dir='ltr'><strong>et</strong></span> <span class='ocrx_word' id='word_1_746' title='bbox 2986 5852 3257 5908; x_wconf 86' lang='lat' dir='ltr'><strong>continete</strong></span> <span class='ocrx_word' id='word_1_747' title='bbox 3276 5854 3495 5908; x_wconf 85' lang='lat' dir='ltr'><strong>auribus</strong></span> <span class='ocrx_word' id='word_1_748' title='bbox 3518 5850 3707 5907; x_wconf 80' lang='lat' dir='ltr'><strong>vestris</strong></span> <span class='ocrx_word' id='word_1_749' title='bbox 3730 5853 3895 5908; x_wconf 81' lang='lat' dir='ltr'><strong>verba</strong></span> <span class='ocrx_word' id='word_1_750' title='bbox 3917 5868 4052 5912; x_wconf 81' lang='lat' dir='ltr'><strong>mea.</strong></span> 
     </span>
    </p>
   </div>
  </div>
