4504 6470
292 428 389 482 ὓῖδ

1186 415 1273 471 DE
1312 406 1775 471 GENEALOGIIS
1811 397 2409 461 PATRIARCUARUSI
2449 395 2674 453 LIBER.

3473 382 3576 440 5⁵26

283 544 405 611 quia
446 538 615 593 virum
658 533 825 590 occidi
872 530 1204 587 invulnerem
1232 539 1285 585 et
1322 530 1570 597 juvenem
1620 526 1673 580 in
1705 524 1875 576 livore
1900 522 1953 581 Α
1985 520 2142 575 Aram
2169 517 2278 571 nati
2306 524 2431 571 sunt
2456 514 2547 567 lilii
2576 517 2819 588 quatuor.
2858 506 3168 567 Primitivus
3201 501 3419 557 nomine
3445 503 3575 569 Obs,

288 646 425 694 meo,
459 629 624 682 virum
656 624 885 680 dicendo
912 622 1185 677 Christum
1210 620 1542 675 Christianos
1582 617 1757 671 dictos
1788 613 1875 683 ju-

289 736 473 777 venem
504 734 680 775 autem
713 718 965 789 pepnlum
994 730 1113 770 esse
1144 731 1169 768 a
1202 714 1401 770 Judaeis
1422 713 1696 767 Christum
1725 725 1753 763 a
1786 725 1874 777 pa-

287 814 435 881 ganis
464 818 517 865 et
562 809 828 865 luereticis
868 808 1221 861 christianum
1262 806 1459 868 occidi,
1495 804 1575 857 vel
1617 804 1692 856 uti
1726 816 1874 856 reum

289 917 437 957 versa
469 902 583 955 vice
610 902 852 953 videmus
870 899 985 968 (sic)
1021 907 1075 951 ut
1107 910 1201 964 pro
1219 896 1348 949 Abel
1373 896 1751 957 (Zaindicatur,
1782 892 1871 961 qui

288 1008 386 1063 pro
405 992 600 1045 Christi
635 991 851 1044 nomine
882 990 1128 1042 laniatur.
1174 986 1235 1039 Et
1262 987 1503 1056 sequitur
1534 984 1718 1063 dicens
1746 998 1879 1051 quo-

291 1087 430 1141 niam
460 1084 658 1153 septies
690 1083 985 1137 vindicatus
1017 1094 1098 1135 est
1125 1080 1192 1136 de
1221 1080 1373 1145 Cain,
1408 1080 1476 1133 de
1510 1060 1743 1134 Lamech
1784 1091 1881 1129 au-

293 1188 396 1232 tem
430 1175 732 1244 septuagies
762 1174 961 1243 septies
994 1188 1011 1235 ;
1050 1171 1173 1225 hinc
1202 1186 1321 1224 eum
1364 1179 1586 1237 apparet
1620 1166 1883 1222 occidisse

291 1267 445 1332 Cain,
468 1278 591 1321 nam
623 1266 689 1319 de
712 1264 934 1317 muliere
954 1275 1048 1316 sua
1074 1262 1241 1315 Adam
1271 1261 1453 1330 genuit
1481 1258 1668 1323 llobel,
1690 1257 1776 1325 qui
1802 1264 1884 1309 est

295 1368 445 1429 pater
476 1356 825 1410 habitantium
861 1355 913 1407 in
951 1352 1310 1407 tavernaculis
1332 1392 1347 1416 ,
1398 1360 1453 1405 et
1478 1348 1639 1402 alium
1667 1347 1885 1402 nomine

296 1450 473 1508 Jubal.
506 1448 621 1518 Ipse
649 1458 732 1504 est
770 1446 947 1510 Jubal,
980 1446 1072 1517 qui
1100 1444 1338 1499 ostendit
1376 1442 1686 1512 psalterium
1724 1450 1778 1495 et
1815 1439 1887 1494 ei-

303 1545 533 1597 tharam.
560 1539 689 1594 Nam
721 1539 787 1592 de
820 1537 960 1593 Sella
983 1545 1138 1590 natus
1168 1543 1252 1589 est
1277 1536 1323 1587 ei
1346 1533 1551 1587 Thobei
1593 1532 1679 1599 qui
1715 1531 1886 1585 fuerat

298 1634 450 1688 faber
481 1633 734 1685 ferrarius
761 1638 817 1683 ct
844 1628 1102 1693 aerarius,
1133 1637 1187 1681 et
1217 1641 1369 1681 soror
1398 1625 1513 1694 ejus
1537 1624 1633 1677 fuit
1662 1623 1887 1679 Noema.

304 1723 418 1791 Ipsa
444 1730 545 1785 est,
570 1735 707 1790 quae
737 1718 996 1787 psallebat
1016 1731 1148 1771 Voce
1178 1731 1280 1769 non
1312 1729 1537 1783 organo,
1577 1728 1670 1782 per
1699 1712 1885 1766 harum

299 1812 445 1869 enim
490 1813 866 1881 generationes
943 1809 1165 1863 increvit
1222 1808 1495 1862 hominum
1553 1804 1883 1871 multitudo,

1980 611 2070 680 qui
2108 610 2303 664 dicitur
2330 609 2547 661 chorus.
2592 602 2872 658 Secundus
2906 600 2967 654 El
3006 602 3095 668 qui
3130 599 3323 652 dicitur
3372 598 3424 650 in
3458 611 3575 663 [ver-

1982 715 2235 773 petuum;
2286 702 2343 755 El
2376 700 2517 754 enim
2548 700 2687 751 Deus
2717 696 2891 749 dictus
2922 696 3061 748 idest
3099 701 3411 762 perpetuus.
3447 691 3583 743 Ter-

1984 800 2087 850 tius
2112 797 2328 861 Gatera,
2353 792 2443 862 qui
2480 792 2676 843 dicitur
2700 802 3024 856 exuperans,
3054 798 3277 855 quartus
3300 799 3431 838 vero
3466 783 3585 837 Mo-

1984 888 2111 942 soch
2136 886 2297 953 quiet
2326 883 2657 952 sagittarius.
2693 880 2822 932 Nam
2860 879 2996 932 illius
3026 878 3151 932 Se'n
3180 886 3362 931 sextus
3385 875 3473 945 qui
3500 874 3583 927 di-

1979 981 2119 1032 citur
2147 976 2416 1031 Chanaam
2451 976 2839 1043 interpretatur
2882 974 3133 1024 uativilas
3163 970 3279 1023 Dei.
3342 968 3402 1021 lli
3452 976 3583 1023 sont

1986 1084 2080 1124 sex
2111 1066 2209 1121 itlii
2238 1070 2360 1121 Sem
2390 1074 2445 1119 et
2474 1064 2647 1119 Norea
2678 1079 2798 1119 cum
2840 1063 3124 1130 nepotibus
3148 1062 3279 1114 suis.
3322 1059 3452 1112 Nam
3488 1059 3588 1113 Ar-

1990 1160 2187 1225 ινὴειχτιι
2217 1157 2354 1212 titius
2383 1156 2509 1210 Sem
2533 1154 2722 1208 tertius
2746 1154 2833 1221 qui
2864 1154 3041 1207 dictus
3074 1162 3152 1207 est
3186 1151 3294 1206 Leo
3320 1149 3586 1215 veniens;

1991 1250 2282 1305 ideo‘enim
2314 1249 2416 1301 boc
2439 1261 2631 1299 nomen
2662 1255 2967 1313 acceperat,
2997 1245 3117 1313 quia
3152 1259 3214 1297 ex
3243 1243 3360 1308 ipso
3386 1242 3469 1294 leo
3500 1254 3591 1293 ve-

1989 1356 2082 1395 rus
2121 1341 2328 1393 futurus
2366 1347 2485 1393 erat
2529 1337 2787 1391 Dominus
2832 1335 2986 1390 Jesus
3038 1335 3305 1388 Christus.
3354 1332 3431 1385 De
3473 1332 3593 1398 ipso

1988 1433 2131 1487 enim
2166 1430 2391 1486 Artaxat
2426 1441 2582 1484 natus
2616 1438 2699 1484 est
2728 1428 2847 1484 Sala
2879 1425 2969 1497 qui
3002 1427 3199 1480 dicitur
3230 1422 3471 1479 nuntius.
3510 1423 3588 1476 Ex

1991 1524 2107 1592 ipso
2141 1523 2260 1577 Sala
2278 1534 2433 1577 natus
2449 1531 2529 1575 est
2552 1522 2693 1577 Eber
2722 1521 2811 1589 qui
2850 1519 3031 1573 licitur
3054 1517 3427 1571 trausllumeu.
3458 1514 3591 1567 Nam

1994 1619 2107 1686 ipse
2140 1617 2360 1671 Artaxat
2384 1614 2525 1668 ﬁlius
2569 1614 2692 1666 Sem
2731 1611 2863 1665 vixit
2886 1611 3042 1664 annis
3062 1617 3279 1664 centum
3315 1606 3589 1675 sexaginta

1993 1710 2231 1777 quinque
2272 1716 2324 1760 et
2369 1705 2555 1775 genuit
2598 1704 2759 1758 Sala;
2794 1703 2859 1755 Et
2906 1701 3041 1753 vixit
3080 1708 3362 1769 postquam
3410 1697 3597 1765 genuit

1996 1799 2116 1852 Sala
2138 1798 2293 1850 annis
2321 1795 2731 1865 quadringentis
2755 1808 2881 1846 xxx.
2911 1800 2964 1845 et
2982 1791 3169 1860 genuit
3197 1790 3333 1845 filios
3358 1798 3408 1842 et
3438 1788 3598 1850 tilias,

302 1902 647 1973 queadusque
698 1915 859 1970 super
890 1914 983 1954 eos
1042 1900 1258 1953 advenit
1297 1898 1523 1953 orreuda
1556 1897 1677 1950 eath
1699 1911 1810 1966 ago;
1843 1906 1896 1949 et
1927 1887 1974 1951 Β
2003 1898 2057 1945 et
2091 1887 2326 1943 decessit
2356 1886 2538 1955 quinta
2568 1885 2941 1954 generatione.

301 1996 514 2066 cperuit
553 2008 645 2048 eos
676 1993 1072 2063 cathaclysmus
1091 1990 1484 2058 etdiSperdidit
1509 2005 1621 2051 eos,
1647 1990 1897 2057 quoniam

306 2088 631 2143 miscuerant
666 2099 725 2139 se
757 2085 846 2138 lilii
880 2084 971 2138 Dei
1002 2098 1122 2138 cum
1158 2074 1365 2137 filiabus
1396 2083 1693 2142 honinum,
1719 2092 1769 2136 et
1794 2095 1900 2134 non

305 2181 652 2247 intenderunt
682 2182 980 2249 praeceptis
996 2179 1131 2249 ejus,
1156 2179 1277 2248 quia
1301 2188 1651 2236 exrecaverat
1674 2194 1768 2235 eos
1791 2193 1905 2232 ma-

309 2268 419 2329 litia
452 2275 710 2343 ipsorum,
735 2284 786 2328 et
805 2262 927 2326 'non
960 2282 1317 2342 speraverunt
1346 2272 1447 2326 sibi
1476 2272 1757 2327 interitum
1781 2285 1903 2326 esse

308 2368 576 2424 futurum.

380 2460 644 2530 incipiunt
681 2458 1057 2529 generationes
1102 2459 1234 2514 Noe.
1282 2458 1587 2515 Redeamus
1634 2458 1796 2528 igitur
1838 2458 1905 2512 ad

312 2551 459 2617 Noe,
500 2554 589 2622 qui
629 2551 807 2623 genuit
852 2561 979 2607 ante
1020 2552 1277 2606 diluvium
1315 2553 1453 2605 illius
1492 2562 1635 2615 tres,
1660 2559 1713 2605 et
1734 2552 1909 2605 sortiti

314 2653 438 2698 sunt
464 2658 682 2712 uxores,
716 2645 928 2697 fuerunt
956 2645 1098 2697 enim
1124 2644 1173 2697 iu
1199 2643 1360 2696 domo
1384 2644 1500 2711 ejus
1532 2644 1743 2695 animae
1768 2640 1907 2696 V’lll.

315 2737 391 2792 De
410 2737 486 2791 eis
509 2734 818 2790 meminisse
843 2735 1092 2803 dignatus
1116 2746 1196 2789 est
1233 2734 1523 2802 Aposmlus
1547 2733 1735 2787 dicens
1760 2750 1772 2783 :
1800 2742 1911 2783 octo

318 2830 502 2883 anitum
522 2829 674 2881 salva:
698 2828 847 2895 {actm
875 2836 990 2880 sunt
1020 2844 1111 2894 per
1140 2844 1345 2893 aquam,
1389 2828 1517 2879 sicut
1546 2834 1591 2881 et
1632 2842 1717 2878 vos
1758 2824 1910 2877 modo

319 2921 563 2986 baptisma
609 2919 773 2971 salvos
824 2919 997 2987 faciet.
1052 2916 1210 2970 Fiunt
1254 2919 1413 2985 igitur
1460 2932 1487 2969 ιι
1541 2917 1913 2985 protoulausto

324 3010 489 3067 Adam
522 3024 689 3078 usque
723 3007 790 3060 ad
822 3006 956 3071 Noe,
1009 3008 1147 3061 idest
1178 3022 1345 3076 usque
1393 3008 1458 3059 ad
1506 3006 1910 3073 generationem

322 3103 447 3157 Setu
470 3099 560 3154 filii
589 3099 829 3167 ejusdem
867 3098 975 3151 Noe
997 3098 1119 3151 anni
1146 3097 1251 3150 duo
1274 3098 1420 3151 milia
1448 3107 1662 3151 centum
1688 3096 1916 3161 quadra-

323 3194 467 3263 ginta
488 3192 616 3257 duo,
644 3200 697 3244 et
723 3205 750 3243 a
786 3189 1133 3257 generatione
1156 3188 1279 3267 Sem
1311 3205 1478 3257 usque
1510 3189 1573 3241 ad
1610 3189 1914 3257 cathaclys-

2222 2040 2487 2113 Incipiunt
2530 2038 2880 2111 generationes
2914 2035 3077 2091 Cham
3117 2036 3214 2103 ﬁiii
3244 2032 3381 2088 Noe.

2080 2177 2384 2234 Redeamus
2421 2186 2476 2231 et
2511 2178 2575 2232 ad
2620 2174 2697 2231 Ch
2721 2191 2788 2229 .m
2824 2175 2990 2229 tilium
3038 2173 3171 2235 Noe,
3196 2171 3287 2239 qui
3319 2170 3498 2224 dictus
3523 2177 3604 2223 est

2008 2272 2256 2337 callidus,
2274 2280 2327 2325 et
2347 2272 2569 2327 sortitus
2590 2278 2673 2325 est
2688 2282 2905 2322 uxorem
2928 2267 3146 2320 nomine
3164 2268 3194 2316 .\
3207 2278 3303 2318 use
3316 2278 3381 2318 ex
3398 2262 3606 2316 semine

2011 2366 2306 2434 gigantum,
2331 2364 2421 2431 qui
2446 2362 2631 2431 genuit
2656 2360 2818 2414 ﬁlium
2848 2359 3176 2425 primitivum
3203 2356 3421 2409 nomine
3442 2351 3608 2406 Chus.

2014 2458 2113 2513 llic
2134 2458 2369 2511 obtinuit
2394 2456 2725 2523 EthiOpiam
2751 2462 2935 2506 contra
2968 2450 3277 2520 Egyptum,
3301 2457 3357 2501 et
3392 2448 3459 2500 de
3486 2446 3603 2513 ipso

2014 2551 2124 2603 nati
2159 2560 2285 2603 sunt
2316 2549 2545 2614 ﬁliisex,
2574 2558 2627 2601 et
2654 2547 2751 2600 ista
2790 2546 3003 2599 nomina
3042 2558 3228 2598 eorum
3256 2559 3268 2593 :
3299 2540 3611 2611 primit'vus

2016 2640 2155 2694 Saba
2180 2641 2563 2707 interpretatur
2592 2638 2726 2691 Tote
2748 2648 2800 2692 et
2836 2637 2986 2691 venit
3022 2634 3149 2688 inde
3180 2634 3316 2689 Saba
3356 2647 3507 2701 gens,
3544 2630 3615 2684 de

2016 2748 2117 2802 qua
2142 2742 2302 2801 gente
2325 2730 2422 2785 fuit
2456 2731 2543 2783 illa
2570 2731 2752 2799 regina
2780 2730 2983 2793 Austri,
3008 2741 3147 2797 quae
3178 2734 3400 2779 venerat
3427 2722 3617 2777 audire

2018 2824 2340 2891 sapientiam
2385 2821 2727 2885 Salomonis,
2768 2820 3043 2874 secundus
3094 2832 3226 2872 vero
3269 2816 3478 2878 Evilad,
3523 2816 3634 2883 qui'

2019 2917 2221 2969 dicitur
2256 2914 2565 2984 parturiens
2590 2953 2606 2977 ,
2650 2914 2844 2967 tertius
2888 2913 3085 2969 Sabata
3110 2952 3126 2975 .
3178 2910 3321 2965 idest
3356 2911 3482 2965 tolle
3526 2920 3618 2975 tu;

2020 3016 2243 3075 quartus
2278 3005 2479 3074 Regina
2524 3002 2664 3057 idest
2700 3003 2985 3067 clamatus,
3020 3002 3146 3057 huic
3169 3011 3331 3057 erant
3363 3001 3456 3054 lilii
3488 3000 3619 3065 duo,

2021 3097 2331 3165 prim’tivus
2360 3096 2584 3159 Sabam,
2638 3095 2777 3149 idest
2805 3094 3219 3159 condemnatus,
3254 3102 3308 3147 et
3343 3094 3620 3147 secundus

2022 3188 2208 3251 ludas,
2237 3187 2375 3241 idest
2398 3185 2709 3240 conﬁtetur.
2738 3186 2969 3252 Quintus
2999 3201 3128 3240 vero
3170 3185 3312 3239 titius
3342 3185 3486 3239 Cbus
3526 3185 3624 3239 Sa-

327 3259 472 3338 mum
504 3282 643 3336 idest
674 3280 738 3334 ad
768 3280 1167 3347 generationem
1204 3262 1477 3347 Arphaxat
1512 3280 1603 3347 tilij
1638 3278 1785 3345 Sem,
1820 3279 1909 3347 qui
1944 3259 1989 3321 (ἶ
2028 3279 2252 3335 baeatha
2284 3280 2382 3333 fuit
2412 3293 2605 3331 nomen
2638 3279 2778 3344 ejus.
2821 3279 2965 3333 idest
2998 3287 3242 3332 ornatus.
3273 3277 3468 3331 Sextus
3492 3294 3625 3332 vero

325 3376 504 3429 statim
540 3381 661 3443 post
693 3373 1115 3440 cathaclysmum
1152 3372 1389 3425 nascitur
1416 3385 1561 3424 anno
1591 3372 1915 3425 centesima.

328 3470 488 3523 Fiunt
511 3481 701 3522 omnes
736 3465 860 3519 anni
889 3465 996 3519 duo
1031 3465 1176 3517 milia
1215 3463 1431 3518 ducenti
1481 3480 1548 3517 xt.
1579 3462 1706 3517 duo.
1736 3456 1924 3516 Catha-

327 3562 563 3632 ctysmus
589 3559 732 3614 enim
774 3557 935 3611 latina
967 3557 1147 3626 lingua
1185 3556 1479 3610 secundum
1525 3554 1786 3625 judicium
1828 3569 1924 3625 ap-

333 3652 582 3721 pellatur.

404 3740 669 3809 Incipiunt
709 3737 1084 3809 generationes
1109 3734 1235 3791 Sem
1277 3735 1366 3789 tl'ii
1408 3734 1543 3789 Noe.
1595 3734 1706 3789 Noe
1746 3744 1924 3788 autem

326 3832 518 3902 genuit
543 3832 691 3893 Sem,
728 3830 816 3898 qui
847 3829 1041 3883 dicitur
1066 3827 1229 3881 latine
1254 3841 1473 3890 nomen,
1503 3836 1557 3879 et
1592 3828 1816 3879 sonitus
1838 3838 1921 3878 est

328 3934 554 3975 uxorem
576 3919 795 3974 nomine
822 3918 1014 3981 Nerea,
1040 3916 1107 3970 de
1144 3916 1254 3981 ipsa
1284 3926 1439 3969 natus
1469 3916 1743 3969 estElam.
1776 3915 1927 3969 Elam

336 4011 721 4079 interpretatur
757 4008 1052 4063 saeculum.
1081 4008 1209 4061 Inde
1242 4006 1349 4059 nati
1383 4016 1505 4060 sunt
1549 4006 1829 4068 Elamitrte.
1876 4016 1929 4059 et

336 4102 505 4156 frater
542 4101 660 4166 ejus
692 4098 957 4152 secundus
983 4096 1373 4167 diciturAssir,
1400 4112 1559 4166 quem
1597 4094 1810 4150 Nebrod
1846 4095 1896 4163 gi

332 4209 468 4264 gans
493 4206 661 4261 nepos
684 4192 855 4259 patrui
885 4192 965 4244 sui
1000 4190 1166 4243 Cham
1192 4190 1258 4243 de
1285 4200 1424 4243 terra
1447 4189 1655 4245 Sennar
1678 4188 1927 4252 exclusit,

336 4285 476 4340 idest
513 4284 583 4339 de
619 4294 758 4336 terra
792 4282 997 4335 servili.
1024 4281 1175 4335 Tunc
1211 4280 1418 4349 fugiens
1448 4281 1690 4335 condidit
1729 4282 1935 4338 Nineve

337 4390 399 4433 et
427 4377 637 4432 Robmh
668 4375 936 4429 Civitatem
972 4381 1028 4427 et
1064 4373 1301 4427 Chalech
1343 4382 1397 4426 et
1428 4373 1630 4427 Dassen
1669 4375 1810 4429 inter
1846 4376 1935 4430 Νῖ-

337 4482 476 4522 neve
496 4477 551 4521 et
574 4465 824 4520 Chalech.
855 4465 998 4519 llaec
1033 4473 1115 4519 est
1153 4464 1343 4518 civitas
1380 4464 1468 4517 illa
1500 4480 1688 4533 magna
1722 4481 1932 4531 eornm,

337 4572 499 4626 quam
522 4555 654 4609 Jona
691 4554 946 4619 propheta
975 4569 1068 4621 per
1100 4554 1198 4607 iter
1234 4554 1391 4607 trium
1429 4554 1634 4608 dierum
1660 4555 1927 4609 eircuivit.

2031 3371 2250 3436 Nebrot,
2294 3370 2434 3424 idest
2472 3370 2770 3434 rebullans;
2809 3370 2901 3424 hic
2940 3376 3025 3423 est
3057 3369 3263 3423 Nebrot
3303 3369 3494 3437 gigans
3528 3372 3622 3435 qui

2029 3465 2131 3518 fuit
2161 3472 2385 3519 venator
2425 3470 2551 3517 ante
2593 3461 2911 3525 Dominum,
2961 3461 3089 3516 inde
3130 3470 3429 3515 nascuntur
3457 3461 3623 3516 Chal-

2028 3556 2138 3609 dei.

2103 3647 2220 3715 lpse
2258 3654 2359 3712 est,
2391 3644 2479 3715 qui
2510 3645 2737 3700 exclusit
2768 3644 2935 3716 Assyr
2967 3644 3134 3699 tilium
3180 3644 3329 3713 Sem,
3381 3644 3525 3700 idest
3564 3646 3626 3700 ti-

2032 3739 2162 3792 lium
2189 3738 2363 3807 patrui
2396 3738 2562 3806 patris
2593 3739 2710 3802 sui,
2751 3746 2807 3791 et
2852 3738 2904 3791 in
2944 3739 3063 3807 ejus
3104 3750 3302 3793 terram
3346 3740 3632 3795 mditleavit

2036 3829 2296 3897 Bibylon,
2325 3837 2374 3882 et
2407 3826 2604 3884 Orecb.
2638 3835 2695 3881 et
2723 3826 2961 3893 Archad,
2999 3838 3051 3881 et
3095 3827 3332 3883 Cltalaue
3376 3828 3633 3883 intrinse-

2032 3931 2127 3970 cus
2154 3918 2207 3971 in
2235 3916 2430 3970 ﬁriibus
2459 3916 2696 3970 Canaan.
2723 3915 2887 3969 Sedet
2907 3926 3084 3969 autem
3117 3916 3407 3987 Babylonia
3439 3920 3490 3972 in
3514 3922 3632 3973 mil-

2036 4010 2174 4064 lihus
2196 4008 2492 4077 sexaginta.
2524 4007 2660 4061 muri
2686 4008 2801 4070 ejus
2833 4009 2925 4061 alti
2956 4008 3183 4077 pedibus
3210 4010 3428 4065 ducenti
3460 4020 3516 4066 et
3540 4014 3630 4066 lati

2039 4101 2204 4167 pedes
2230 4115 2352 4152 ιιι.
2381 4109 2438 4153 et
2485 4096 2588 4153 hoc
2636 4098 2853 4153 Solinus
2902 4100 3133 4153 asseruit
3180 4101 3269 4170 qui
3317 4110 3486 4156 totum
3536 4104 3634 4157 de-

2037 4190 2223 4242 scribit
2250 4188 2510 4243 ambitum
2540 4187 2744 4241 mundi.
2777 4190 3054 4243 Secundus
3079 4201 3258 4244 autem
3298 4191 3439 4247 titius
3462 4187 3632 4247 Cham

2040 4289 2299 4335 mestrem
2329 4280 2427 4333 fuit
2458 4294 2654 4334 nomen
2696 4280 2836 4348 ejus,
2879 4281 3012 4335 idest
3057 4291 3227 4335 totum
3264 4286 3491 4339 molens.
3536 4288 3634 4342 llic

2039 4375 2271 4429 obtinuit
2304 4376 2620 4445 Aigyptum,
2675 4376 2799 4430 huic
2830 4378 2938 4430 nati
2970 4387 3125 4431 erant
3167 4378 3261 4432 lilii
3292 4394 3411 4446 sex,
3446 4391 3501 4435 et
3532 4381 3630 4437 ista

2040 4466 2258 4520 nomina
2293 4481 2518 4530 eorum;
2560 4466 2860 4535 primitivus
2906 4468 3079 4523 Ludin
3131 4469 3271 4525 idest
3300 4473 3383 4526 sui
3429 4476 3631 4543 negotii

2046 4560 2229 4621 homo,
2260 4560 2528 4613 secundus
2576 4559 2915 4629 Emimegim,
2953 4561 3091 4615 idest
3131 4564 3481 4631 prophetatus
3527 4578 3631 4633 est,

341 4646 417 4701 De
446 4646 565 4715 ipso
592 4650 737 4699 Assir
767 4645 934 4698 Assiri
972 4644 1079 4696 nati
1114 4653 1238 4696 sunt
1263 4683 1279 4707 ,
1308 4646 1398 4713 qui
1442 4645 1493 4697 in
1522 4646 1929 4713 Opitulationem
1960 4616 2012 4675 D
2042 4663 2229 4703 ιθτιιιις
2274 4650 2498 4715 Latisin,
2548 4650 2686 4704 idest
2734 4616 3059 4718 iracundus,
3101 4616 3631 4725 q'uar'tusNeptabiii

341 4748 601 4796 venerant
622 4738 833 4792 Caldeis
858 4738 1116 4791 adversus
1140 4738 1275 4790 tilios
1303 4737 1461 4791 Israel
1484 4738 1549 4791 ad
1578 4739 1931 4793 Hierusalem.

340 4831 655 4884 Coutinetur
676 4837 854 4882 autem
878 4844 1065 4882 eorum
1100 4829 1248 4896 regio
1282 4828 1364 4881 his
1388 4830 1562 4882 modis
1596 4832 1664 4883 ab
1695 4832 1839 4884 India
1864 4833 1929 4887 ad

341 4921 588 4977 Mrilieutn
631 4923 857 4976 insulam
891 4922 1139 4975 adfirmat
1180 4937 1301 4976 esse
1346 4922 1662 4992 quindecies
1702 4935 1935 4979 centena

342 5013 485 5067 mitia
512 5028 717 5081 passus.
748 5013 991 5067 Malicum
1015 5026 1143 5066 vero
1179 5014 1363 5067 scenio
1396 5012 1625 5069 ducenta
1652 5032 1742 5069 xx.
1772 5017 1933 5085 quin-

343 5120 447 5173 que
490 5104 653 5157 milia.
693 5104 819 5158 Inde
854 5104 918 5157 ad
953 5103 1178 5157 insulam
1218 5103 1442 5157 Madauo
1480 5106 1597 5174 (sic)
1642 5108 1831 5161 conﬁci
1867 5107 1929 5160 ad

344 5204 589 5264 apertum
614 5208 762 5248 mare
789 5193 978 5247 decem
1002 5202 1055 5249 et
1081 5195 1250 5247 octies
1272 5206 1495 5247 centena
1515 5204 1567 5249 et
1588 5197 1851 5263 septuagi'
1879 5205 1926 5249 ta

345 5288 584 5359 quinque
612 5286 755 5338 milia
793 5293 1003 5353 praeter
1032 5286 1281 5353 regiones
1310 5284 1543 5339 humano
1570 5288 1751 5355 generi
1780 5288 1930 5341 inac-

346 5392 548 5436 ceSSas.
584 5378 695 5432 Hoc
727 5376 948 5433 Solinus
975 5376 1234 5441 adseruit,
1263 5385 1314 5431 et
1352 5378 1636 5447 adtingth
1662 5394 1831 5449 usque
1862 5382 1928 5433 ad

349 5469 678 5535 AﬁthiOpiam
705 5482 797 5537 per
825 5477 1037 5522 centum
1060 5466 1243 5535 viginti
1268 5479 1471 5536 septem
1496 5470 1741 5537 regiones
1762 5480 1933 5525 satra-

353 5578 500 5631 pum.
539 5560 684 5613 Haec
711 5566 837 5612 sunt
870 5556 1229 5611 habitationes
1275 5557 1558 5611 Persarum
1606 5569 1849 5626 genuum
1882 5570 1937 5614 et

350 5652 648 5708 Medorum.
677 5649 828 5708 Alius
866 5663 992 5702 vero
1027 5647 1249 5702 Artaxat
1272 5648 1461 5701 tertius
1493 5648 1634 5703 filius
1662 5649 1808 5713 Scin,
1844 5655 1931 5721 qui

348 5744 525 5800 dictus
550 5752 636 5797 est
660 5741 771 5795 Leo
799 5740 1041 5797 veniens,
1070 5745 1294 5803 quartus
1325 5752 1450 5790 vero
1479 5739 1591 5794 Lud
1624 5742 1711 5809 qui
1743 5742 1938 5798 dicitur

349 5850 577 5897 nascens
602 5876 619 5901 ,
668 5832 886 5903 quintus
929 5830 1093 5886 Aram
1134 5832 1222 5903 qui
1263 5830 1459 5886 dicitur
1488 5832 1648 5888 altus.
1700 5834 1776 5889 De
1822 5835 1939 5906 ipso

2043 4742 2179 4795 idest
2220 4740 2453 4806 inﬂatus,
2487 4741 2703 4811 quintus
2726 4741 2995 4803 Patrosin,
3021 4744 3163 4797 idest
3200 4746 3421 4808 crudus,
3452 4755 3639 4802 sextus

2044 4834 2319 4899 (Iaslunin,
2346 4834 2483 4886 idest
2514 4845 2795 4889 cornutus.
2828 4835 2902 4888 De
2931 4835 3048 4903 ipso
3080 4836 3332 4889 Caslonin
3363 4840 3472 4892 nati
3514 4851 3641 4894 sunt

2044 4924 2277 4979 Filistitti
2309 4932 2362 4977 et
2385 4925 2723 4992 Chapterini.
2748 4926 2964 4979 Tertius
2985 4941 3115 4981 vero
3138 4927 3282 4980 titius
3306 4928 3476 4982 Cham
3502 4930 3640 4983 Pbut

2049 5016 2140 5069 fuit
2173 5031 2366 5067 nomen
2397 5016 2536 5083 ejus,
2572 5016 2709 5068 idest
2754 5031 2835 5083 pet
2853 5016 3045 5080 fectus,
3081 5016 3167 5070 hic
3198 5031 3458 5087 nusquam
3485 5034 3637 5073 com-

2044 5103 2248 5170 paruit;
2279 5113 2502 5173 quartus
2530 5119 2661 5157 vero
2689 5104 2929 5168 Chanan,
2959 5105 3096 5159 idest
3127 5107 3361 5160 adorans
3386 5106 3642 5175 iniquita-

2044 5204 2173 5260 tem,
2206 5210 2327 5246 nam
2359 5194 2459 5262 ipsi
2491 5194 2742 5247 Chanaan
2778 5198 2885 5248 nati
2914 5206 3036 5251 sunt
3068 5197 3159 5251 lilii
3189 5198 3475 5264 undecim;
3522 5200 3635 5266 pri-

2043 5288 2258 5340 mitivus
2288 5285 2511 5351 Sidona,
2562 5287 2700 5341 idest
2748 5288 2914 5341 exivit
2962 5288 3013 5341 in
3058 5288 3323 5358 judicium
3364 5292 3636 5346 venatrix.

2043 5381 2118 5435 De
2146 5381 2250 5433 isto
2277 5380 2384 5433 nati
2415 5389 2541 5431 sunt
2560 5380 2932 5445 Sidonienses,
2960 5381 3100 5434 unde
3129 5380 3231 5437 fuit
3256 5382 3496 5447 Iezabel,
3522 5399 3642 5451 qua-

2043 5471 2258 5545 colebat
2288 5469 2487 5522 ilolum
2539 5470 2941 5525 Sidonicnsium
2993 5473 3153 5541 Baal,
3200 5474 3469 5528 secundus
3514 5488 3644 5529 vero

2046 5564 2326 5623 Cetthens,
2361 5562 2499 5615 idest
2524 5576 2784 5629 peceaus;
2818 5564 3011 5617 tertius
3034 5566 3321 5633 Jebuseus,
3349 5566 3486 5621 idest
3507 5581 3640 5621 con-

2049 5654 2219 5710 fusus.
2267 5654 2363 5707 llic
2408 5654 2696 5708 a-dilicavit
2740 5654 3100 5721 Hierusalem,
3140 5665 3312 5726 prepti
3332 5670 3421 5711 rea
3477 5656 3645 5713 Jebus

2053 5743 2189 5801 dicta
2221 5755 2304 5799 est
2337 5745 2631 5800 secundum
2660 5760 2852 5800 nomen
2889 5746 3041 5815 ejus;
3068 5729 3296 5819 quartus
3326 5750 3641 5816 Amorreus,

2052 5840 2186 5893 idest
2224 5839 2599 5906 blliabundus;
2644 5839 2859 5908 quintus
2899 5840 3254 5910 Gergesseus,
3299 5842 3437 5899 idest
3466 5844 3641 5899 cred-
