4504 6422
966 397 1070 455 ευ

2231 379 2536 441 ANONYMI
2578 380 2917 441 Αυετοῐιιε

4116 376 4216 432 528

967 521 1087 578 tus;
1115 519 1301 566 sextus
1345 506 1566 568 Evvens,
1619 501 1756 556 idest
1800 497 2050 563 coluber;
2100 497 2359 574 septimus
2402 495 2535 549 Arn-
2566 504 2614 553 Α
2645 493 2916 561 nubilum;
2969 510 3140 551 nouus
3182 493 3360 561 Solis,
3395 493 3528 549 idest
3579 491 3740 558 tolle,
3793 493 3950 556 veni;
3982 491 4221 547 decimus

967 617 1120 671 cens,
1142 601 1282 657 idest
1307 600 1669 659 Scotomatus;
1695 602 1916 648 octavus
1935 592 2240 656 Asenneus,
2272 587 2412 642 idest
2437 600 2541 638 non

969 705 1051 752 est
1062 695 1178 764 ejus
1195 708 1211 758 ;
1227 703 1396 747 nonus
1408 687 1614 742 Asirius
1631 685 1769 740 idest
1782 681 2090 747 iracundus,
2105 679 2342 735 decimus
2358 678 2545 733 Sama-

971 799 1094 842 reus
1117 783 1255 837 idest
1279 778 1483 835 audivit
1499 789 1671 838 reum,
1701 772 2022 829 undecimus
2042 768 2378 833 Amattheus,
2407 764 2546 822 idest

967 875 1302 943 delinquens.
1338 869 1404 925 111
1432 876 1558 924 sunt
1601 866 1696 921 lilii
1734 862 1985 920 Chanaan
2013 861 2285 917 undecim.
2332 861 2395 915 Et
2427 866 2547 929 post

969 965 1072 1022 hoc
1107 963 1363 1032 dispersa:
1410 967 1536 1014 sunt
1585 956 1756 1011 tribus
1801 953 2236 1019 Citananeorum,
2283 959 2341 1005 et
2393 947 2546 1002 facta:

967 1064 1093 1112 sunt
1120 1052 1251 1107 lines
1285 1048 1695 1105 Chanaueorum
1724 1058 1756 1098 a
1778 1041 1976 1099 S.done
2024 1053 2193 1110 usque
2220 1052 2326 1110 quo
2365 1037 2548 1091 venias

967 1157 998 1199 a
1021 1142 1219 1199 Gersra
1245 1149 1303 1196 et
1337 1137 1498 1203 Gaza,
1522 1132 1823 1197 'Ascalona,
1858 1129 2053 1196 Azotu,
2091 1136 2144 1182 et
2173 1126 2332 1193 Getb,
2374 1134 2429 1181 et
2458 1138 2546 1180 us-

881 1235 886 1241 ’
965 1251 1070 1310 que
1088 1250 1196 1307 quo
1224 1232 1407 1290 venias
1435 1228 1684 1294 Sodoma,
1714 1234 1770 1281 et
1789 1222 2076 1310 Gomorra,
2105 1220 2329 1282 Adams,
2363 1223 2416 1274 et
2443 1216 2540 1273 Se-

970 1309 1116 1395 boin,
1146 1334 1203 1381 et
1249 1335 1414 1392 usque
1451 1318 1659 1380 stan,
1685 1329 1806 1385 qua
1831 1312 2024 1368 dicitur
2056 1309 2248 1382 Segor,
2277 1309 2367 1366 ubi
2408 1322 2543 1364 con-

969 1420 1173 1488 fugerat
1196 1413 1331 1469 Loth
1361 1418 1415 1467 et
1440 1410 1506 1466 ad
1532 1421 1745 1466 omnem
1778 1415 1972 1460 terram
1993 1401 2272 1460 Chanaan.
2328 1401 2393 1457 ili
2431 1411 2542 1456 tur-

969 1523 1080 1565 rem
1098 1496 1506 1562 Vadiﬁeaverant
1525 1516 1593 1557 ex
1616 1499 1874 1556 lateribus
1893 1497 2089 1564 coctis,
2119 1505 2176 1552 et
2205 1496 2444 1550 bitumen
2465 1494 2546 1548 eis

969 1597 1136 1655 luerat
1168 1611 1263 1666 pro
1289 1596 1420 1650 luto.
1453 1593 1519 1648 Et
1552 1591 1625 1647 ibi
1667 1587 1909 1645 confudit
1930 1586 2075 1642 Deus
2102 1585 2310 1656 linguas
2336 1597 2541 1646 eorum,

971 1687 1189 1760 utquod
1217 1687 1335 1758 quis
1363 1681 1664 1757 po:tulabat
1682 1695 1791 1736 non
1823 1679 1925 1734 hoc
1953 1677 2244 1747 acciperet.
2275 1674 2386 1732 Hoc
2409 1684 2432 1730 t
2450 1690 2544 1730 ιω-

2653 583 2816 650 Ufer,
2847 585 2982 655 idest
3027 585 3204 640 lumen
3244 585 3569 650 curatiOnis;
3607 584 3924 639 undecimus
3969 579 4178 636 Evilatlt
4202 618 4218 642 ,

2650 676 2788 731 idest
2806 675 3028 733 ostende
3059 675 3198 742 hoc;
3243 675 3592 731 duodecimus
3621 671 3812 736 .lobab,
3843 671 3897 726 id
3926 679 4010 727 ist
4035 683 4224 725 amans

2649 767 2838 823 Deum.
2877 767 2940 822 Hi
2969 775 3094 822 sunt
3133 764 3416 820 duodecim
3467 764 3563 819 lilii
3583 763 3831 821 Jecthan.
3866 762 3933 816 Et
3974 760 4114 815 laeta
4142 770 4222 814 est

2647 855 3082 912 commemoratio
3108 869 3292 910 eorum
3321 870 3349 908 a
3373 853 3542 910 uisse
3569 868 3738 923 usque
3759 865 3868 924 quo
3904 851 4093 923 venias
4115 849 4197 904 ϐο

2648 947 2749 1013 l'er,
2779 957 3008 1003 a-mnrte
3037 947 3237 1004 Salma.
3273 947 3335 1001 Et
3365 946 3611 1014 regnavit
3645 963 3741 1015 pro
3771 959 3838 1000 eo
3861 943 3987 999 Saul
4017 957 4084 996 es
4117 939 4212 994 Ro-

2647 1037 2775 1092 botb
2797 1035 3011 1092 civitate
3030 1051 3150 1106 quae
3169 1045 3251 1092 est
3267 1035 3422 1106 juxta
3443 1035 3664 1090 ﬂumen.
3693 1033 3930 1089 Mortuus
3946 1039 4029 1086 est
4043 1038 4208 1085 auten

2647 1128 2800 1194 Sani,
2833 1135 2889 1184 et
2938 1127 3183 1198 regnavit
3227 1142 3325 1197 pro
3372 1142 3439 1183 eo
3479 1126 3737 1181 Ballenon
3785 1121 3925 1178 illius
3951 1120 4205 1190 Agnobor

2648 1219 2885 1273 Mortuus
2919 1227 3003 1273 est
3025 1225 3203 1272 autem
3235 1202 3488 1272 Ballenon
3508 1225 3564 1270 et
3600 1213 3844 1284 regnavit
3871 1223 3968 1279 pro
3989 1223 4058 1264 eo
4083 1205 4226 1263 Arad

2649 1310 2790 1365 illius
2816 1307 3013 1374 Barad,
3044 1316 3100 1363 et
3127 1321 3320 1363 nomen
3371 1307 3604 1362 civitatis
3632 1305 3748 1374 ejus
3785 1302 3997 1372 Fogor;
4028 1311 4227 1354 nomen

2647 1410 2732 1458 est
2759 1400 2939 1457 uxoris
2962 1399 3080 1468 ejus
3120 1397 3346 1454 Metebel
3397 1397 3504 1452 lilia
3548 1395 3753 1449 Hatrab
3781 1393 3876 1448 lilii
3928 1389 4134 1447 κριοὶ).
4165 1387 4229 1442 Et

2648 1491 2703 1546 hi
2728 1491 2893 1547 duces
2920 1503 3106 1546 eorum
3125 1529 3141 1555 ,
3171 1486 3414 1544 Theman
3433 1526 3450 1554 ,
3490 1485 3672 1549 Galla,
3711 1483 3935 1553 Jephte,
3966 1478 4224 1544 Telimas,

2649 1582 2801 1650 Elas,
2835 1582 3020 1652 Pynon
3041 1621 3058 1646 ,
3087 1579 3328 1636 Genetii:
3346 1621 3361 1646 ,
3393 1578 3656 1646 Themna,
3699 1577 3876 1631 Moser
3900 1616 3915 1642 ,
3943 1570 4228 1642 Magediei,

2649 1670 2829 1736 Eram,
2863 1667 3081 1728 Fazoin.
3117 1669 3180 1724 Hi
3203 1670 3370 1724 duces
3403 1667 3573 1722 Edom
3609 1665 3664 1721 in
3703 1673 3846 1720 terra
3875 1659 4229 1733 possessionis

968 1756 1188 1849 poribus
1210 1756 1578 1834 Eberlactum
1605 1780 1708 1838 est,
1747 1768 1890 1827 unde
1919 1768 2106 1841 lingua
2145 1767 2362 1826 hebraza
2401 1767 2543 1823 dicta
2644 1779 2858 1824 eorum.
2893 1764 2990 1820 Hie
3025 1771 3110 1819 est
3139 1762 3278 1818 Esau
3309 1761 3399 1831 qui
3443 1759 3618 1815 dictus
3665 1767 3750 1814 est
3776 1756 3982 1822 Edom,
4013 1761 4231 1824 propter

970 1883 1071 1942 est,
1102 1869 1393 1936 secundum
1421 1867 1693 1923 Hebraeos.

1181 1960 1444 2031 Incipiunt
1466 1957 1810 2031 gruerali'ones
1834 1952 2026 2024 Iaplite
2053 1953 2151 2023 ﬁlii
2187 1952 2321 2009 Noe.

2577 1855 2623 1915 Β
2648 1855 2951 1912 aviditatem
2976 1867 3154 1920 escae,
3185 1866 3282 1923 pro
3309 1865 3414 1922 qua
3440 1863 3566 1904 suos
3595 1848 3855 1918 primatus
3883 1843 4070 1899 amisit
4100 1842 4228 1897 dum

2643 1948 2826 2004 ederet
2871 1946 3172 2003 lenticulam
3211 1959 3333 2000 cum
3358 1943 3427 2000 de
3455 1941 3580 1998 l‘rito
3625 1952 3833 1996 coctam
3883 1940 3986 1995 hoc
4031 1951 4230 1993 nomen

1041 2054 1254 2109 Tertius
1280 2067 1409 2108 vero
1437 2051 1574 2104 illius
1613 2048 1722 2103 Noe
1751 2046 1964 2107 nomine
1990 2043 2204 2113 Japbet,
2233 2043 2322 2111 qui
2353 2039 2542 2096 dilaio
2644 2041 2874 2111 accepit.
2901 2038 3026 2094 limo
3050 2045 3132 2093 est
3157 2051 3312 2108 gens,
3343 2051 3464 2106 quae
3485 2034 3714 2092 exclusit
3735 2032 4032 2090 Cborreos.

973 2147 1369 2213 interpretatur.
1403 2141 1537 2196 IIuie
1564 2146 1681 2194 erat
1721 2153 1855 2193 uxor
1883 2137 2098 2192 nomine
2149 2134 2315 2204 Ruth,
2348 2148 2413 2190 ex
2444 2133 2544 2188 hac

972 2235 1154 2305 genuit
1197 2230 1522 2302 primitivum
1575 2228 1800 2295 Gamer,
1855 2225 1992 2281 idest
2037 2237 2361 2280 mensuram.
2413 2223 2546 2278 liuic

972 2335 1124 2380 erant
1147 2325 1238 2378 lilii
1258 2333 1387 2386 tres,
1409 2319 1705 2389 primitivus
1726 2317 1942 2372 nomine
1964 2315 2230 2386 Ag‘ganaz,
2253 2313 2390 2368 idest
2412 2313 2546 2382 ignis

973 2417 1204 2480 ardens,
1252 2412 1515 2470 secundus
1546 2410 1710 2476 1111111,
1738 2408 1879 2463 idest
1917 2406 2050 2461 visio
2095 2405 2326 2468 fervens,
2359 2403 2548 2459 tertius

975 2508 1234 2576 Ziiargam
1261 2503 1401 2559 idest
1434 2502 1698 2571 uberatio.
1748 2497 2028 2554 Secundus
2055 2511 2185 2552 vero
2234 2495 2374 2550 Illius
2409 2493 2549 2550 Jal'et

976 2600 1159 2667 Magog
1203 2595 1301 2651 fuit
1342 2608 1533 2648 nomen
1577 2592 1730 2661 ejus;
1763 2590 1849 2645 liic
1895 2588 2128 2643 obtinuit
2159 2584 2545 2655 Pamphyliam.

975 2688 1187 2743 Tertius
1213 2698 1340 2739 vero
1375 2682 1577 2738 Madias
1601 2720 1616 2745 ,
1648 2680 1735 2736 hic
1761 2677 1991 2735 obtinuit
2020 2677 2277 2732 Partiam.
2316 2674 2549 2743 Quartus

976 2779 1223 2843 Lotham,
1258 2776 1344 2830 hic
1371 2773 1601 2830 obtinuit
1632 2770 1892 2827 Graeciam
1919 2784 1936 2836 ;
1982 2769 2070 2822 hie
2095 2778 2180 2823 est
2210 2776 2362 2836 pater
2390 2766 2550 2836 Syro-

978 2885 1097 2927 rum
1124 2865 1548 2930 Palaestinorum,
1579 2862 1723 2919 etde
1750 2862 1866 2931 ipso
1889 2859 1997 2914 nati
2021 2864 2148 2914 sunt
2174 2857 2263 2912 lilii
2291 2867 2550 2928 quatuor:

981 2960 1286 3032 primitivus
1310 2957 1448 3012 Elisa
1471 2996 1486 3023 ,
1515 2955 1654 3011 idest
1689 2953 1756 3009 ad
1785 2967 1872 3008 me
1891 2950 2039 3007 veni.
2072 2948 2353 3005 Secundus
2379 2947 2554 3001 Thar-

981 3054 1077 3114 sis,
1113 3050 1248 3104 idest
1275 3046 1569 3116 gladiator,
1602 3043 1687 3098 hic
1711 3040 1991 3098 edilieavit
2029 3039 2300 3096 civitatem
2340 3037 2559 3091 nomine

981 3141 1207 3203 Tharso,
1247 3135 1538 3192 secundum
1570 3147 1763 3188 nomen
1801 3146 1979 3200 suum,
2013 3131 2065 3184 in
2096 3143 2200 3198 qua
2231 3127 2443 3183 volebat
2471 3125 2554 3180 fu-

3000 2130 3070 2186 Et
3103 2134 3211 2186 Iure
3241 2139 3312 2184 est
3350 2146 3472 2201 gens
3501 2127 3863 2186 Chorrsorunt.

2714 2223 2934 2294 Septem
2964 2221 3108 2277 enim
3137 2219 3352 2275 fuerunt
3388 2219 3478 2273 lilii
3531 2217 3632 2274 Ser
3676 2215 3863 2272 Correi
3912 2221 3966 2269 et
4011 2219 4233 2281 nepotes

2650 2313 2812 2369 XXII.
2843 2324 2894 2368 et
2926 2313 3028 2367 ista
3067 2312 3284 2366 nomina
3315 2324 3548 2375 eorum;
3600 2307 3910 2378 primitivus
3955 2302 4160 2359 Lotlian
4181 2311 4234 2356 et

2651 2405 2744 2459 ῆιιὶ
2794 2405 2911 2473 ejus
2953 2403 3120 2458 Eman
3151 2410 3207 2456 et
3248 2399 3462 2456 Citorri.
3519 2398 3802 2454 Secundus
3852 2394 4014 2450 Sobal
4058 2403 4114 2448 et
4144 2391 4234 2447 lilii

2650 2500 2768 2570 ejus
2794 2512 2913 2563 sex,
2944 2496 3121 2562 Golla,
3153 2495 3518 2560 hianncbaeat,
3541 2490 3717 2552 Geba.
3759 2489 3948 2553 Solan,
3976 2497 4033 2543 et
4061 2487 4234 2541 Onan.

2653 2589 2749 2644 llic
2777 2597 2860 2644 est
2879 2588 3044 2652 Onus,
3071 2587 3161 2656 qni
3189 2585 3396 2641 invenit
3421 2583 3660 2638 Laminir
3681 2581 3733 2635 in
3759 2593 3945 2635 eremo
3973 2577 4100 2632 Eius
4115 2589 4235 2630 cum

2653 2685 2896 2748 pasceret
2934 2677 3174 2745 jumenta
3219 2673 3466 2744 Sebegon
3508 2671 3679 2743 patris
3717 2669 3825 2724 sui.
3856 2669 4088 2736 Quartus
4130 2665 4237 2719 Au-

2654 2783 2799 2835 nam,
2833 2777 2888 2823 et
2915 2767 3008 2822 ﬁlii
3052 2765 3170 2835 ejus
3199 2765 3338 2830 duo,
3373 2763 3548 2818 Deson
3578 2768 3633 2816 et
3675 2758 3935 2815 Elibathe.
3979 2754 4235 2810 Filiorum

2653 2869 2833 2914 autem
2852 2852 3052 2912 ‘Deson
3083 2857 3216 2911 haec
3252 2862 3378 2910 sunt
3405 2851 3643 2919 nomina,
3673 2859 3945 2920 quattuor.
3978 2845 4235 2910 Emadan,

2659 2949 2860 3014 Asban,
2889 2948 3092 3003 Thasra
3113 2989 3128 3014 ,
3171 2953 3228 3002 et
3257 2942 3519 2999 Citorram
3540 2982 3556 3008 ,
3592 2951 3814 3012 quartus
3861 2939 4029 3002 Arati,
4052 2944 4111 2990 et
4146 2934 4180 2988 ll
4204 2933 4238 2987 ii

2660 3041 2779 3110 ejus
2799 3049 3076 3110 quattuor,
3111 3036 3372 3102 Emadan,
3396 3034 3597 3100 Asban,
3615 3031 3842 3098 Tliasra,
3861 3039 3917 3084 et
3941 3026 4237 3088 Cbomm;

2662 3141 2846 3187 sextus
2873 3137 3034 3186 Asam
3056 3172 3071 3198 ,
3096 3138 3151 3183 et
3182 3126 3277 3180 lilii
3313 3125 3432 3196 ejus
3473 3132 3720 3193 quatuor,
3753 3120 3932 3176 Balam
3954 3159 3969 3184 ,
4010 3117 4237 3181 Zucam,

982 3247 1109 3301 gere
1133 3201 1267 3288 Jona
1297 3245 1327 3285 a
1356 3228 1489 3284 facie
1513 3226 1747 3283 Domini.
1774 3225 1990 3282 Tertius
2017 3221 2143 3289 Citi,
2168 3221 2308 3277 idest
2338 3217 2558 3274 calcabo
2583 3201 2629 3263 (ἶ
2661 3220 2858 3276 Juscba
2888 3228 2943 3277 et
2969 3218 3204 3275 Jusclian
3230 3233 3245 3282 ;
3277 3214 3540 3283 septimus
3565 3211 3754 3276 Risun,
3778 3219 3832 3265 et
3871 3207 3963 3262 lilii
3991 3205 4110 3276 ejus
4138 3205 4242 3258 dun

986 3333 1062 3379 te.
1103 3323 1332 3389 Quartus
1361 3318 1496 3372 Rodi
1516 3356 1532 3380 ,
1574 3316 1712 3372 idest
1740 3313 2153 3372 condemnatus.
2185 3310 2266 3367 Ab
2307 3309 2391 3365 his
2417 3307 2560 3364 desi-

988 3423 1165 3483 gnata:
1192 3418 1317 3465 sunt
1338 3408 1525 3463 insula:
1552 3406 1787 3476 gentium
1823 3405 1877 3459 in
1905 3411 2049 3458 terra
2076 3400 2312 3464 illorum,
2338 3408 2392 3455 et
2420 3397 2561 3454 fece-

993 3511 1119 3558 runt
1144 3500 1243 3555 sibi
1265 3512 1570 3554 sermonem
1612 3494 1971 3564 unusquisque
2000 3492 2053 3546 in
2082 3503 2181 3546 suo
2208 3502 2405 3559 genere
2422 3497 2479 3543 et
2505 3488 2561 3542 in

994 3593 1105 3647 suis
1125 3589 1387 3660 gentibus.
1426 3587 1650 3653 Quintus
1678 3584 1817 3638 illius
1854 3581 1995 3637 Jafet
2028 3580 2168 3636 Elisa
2198 3581 2392 3644 dictus,
2425 3579 2564 3634 idest

987 3684 1056 3738 ad
1085 3696 1171 3737 me
1199 3680 1415 3736 venisti.
1439 3680 1632 3733 Sextus
1660 3675 1905 3740 Thober,
1947 3675 2084 3728 idest
2110 3673 2360 3728 uberans.
2386 3671 2562 3740 Septi-

982 3787 1108 3827 mus
1136 3771 1301 3826 Moise
1341 3769 1479 3824 idest
1516 3766 1842 3835 sagittarius.
1891 3765 2125 3819 Octavus
2160 3763 2352 3818 Thiras
2378 3803 2393 3828 ,
2424 3762 2562 3818 idest

992 3862 1270 3916 lanciator.
1299 3859 1361 3914 Ili
1389 3855 1729 3926 Kartaginem
1761 3854 2103 3909 obtinuerunt
2129 3852 2421 3908 secundum
2462 3865 2559 3905 au-

990 3953 1157 4008 ctoris
1186 3951 1406 4004 dictum.
1441 3946 1582 4016 Tyrii
1623 3955 1822 3999 tenuere
1850 3946 2036 3998 coloni.
2067 3943 2303 4016 Kartago
2329 3943 2448 3997 urbs
2470 3958 2566 3995 an-

987 4046 1135 4116 tiqua
1167 4043 1283 4112 fuit,
1313 4041 1494 4109 utique
1519 4038 1801 4107 'l‘yrorum.
1833 4035 1894 4089 111
1925 4045 2045 4089 sunt
2073 4044 2196 4089 octo
2242 4035 2333 4088 lilii
2363 4033 2560 4100 .lal'etli,

995 4144 1216 4204 nepotes
1235 4131 1364 4186 Noe.
1397 4129 1498 4197 Ipsi
1529 4127 1872 4181 obtinuerunt
1894 4124 2264 4192 Pampliiliam,
2295 4121 2563 4177 Parthiam

1004 4236 1052 4282 et
1077 4238 1289 4281 omnem
1318 4220 1575 4277 Graeciam
1599 4259 1614 4281 ,
1647 4215 1869 4270 Rodium
1907 4227 1961 4271 et
1988 4215 2178 4270 Citiam
2213 4231 2226 4268 :
2255 4215 2377 4270 inde
2405 4215 2567 4270 Rodi-

993 4316 1117 4380 citi,
1150 4309 1442 4368 Mazianita:
1482 4323 1603 4363 cum
1643 4304 2160 4376 Kartaginiensibus,
2201 4314 2257 4360 et
2295 4304 2565 4360 'I‘liarsen-

997 4406 1167 4461 sibus.

1066 4495 1256 4564 lnc’pit
1295 4491 1645 4547 remetituratio
1685 4489 1828 4545 Salia
1853 4487 2047 4560 nepotis
2087 4486 2210 4541 Sem
2233 4486 2329 4553 ﬁlii
2362 4483 2492 4538 Noe.

2661 3313 2738 3369 Os
2765 3320 2821 3369 et
2843 3312 3050 3367 Arranb
3075 3349 3091 3376 ,
3118 3310 3170 3365 hi
3194 3317 3318 3364 sunt
3348 3307 3436 3362 lilii
3459 3306 3582 3362 Seir
3610 3302 3834 3360 Chorrei
3868 3299 3979 3354 \‘Il.
4007 3307 4062 3354 ct
4092 3310 4240 3351 soror

2662 3418 2852 3460 eorum
2872 3401 3138 3468 Thamna,
3167 3407 3221 3455 et
3244 3405 3467 3468 nepotes
3492 3393 3656 3450 XXII.
3705 3393 3848 3448 Haec
3869 3398 3954 3446 est
3979 3403 4113 3460 gens
4139 3386 4241 3441 Zo-

2663 3494 2866 3557 somin,
2885 3507 3042 3562 quam
3065 3489 3327 3560 disperdit
3351 3489 3490 3543 Esau
3516 3503 3544 3540 a
3573 3487 3705 3541 facie
3727 3499 3821 3539 sua
3841 3482 3909 3537 de
3937 3490 4079 3537 terra
4103 3478 4241 3542 Scir,

2665 3595 2722 3642 ut
2751 3584 3056 3654 possideret
3084 3597 3202 3636 eam
3223 3621 3238 3645 ,
3261 3590 3314 3634 et
3343 3578 3469 3634 lacti
3499 3585 3624 3632 sunt
3650 3575 3980 3631 Gabaonitae
4015 3571 4143 3626 dum
4174 3569 4243 3623 lu-

2661 3683 2850 3748 gerent
2891 3691 2920 3728 a
2949 3675 3084 3730 facie
3113 3673 3227 3742 ejus
3259 3672 3362 3728 hoc
3401 3669 3454 3725 in
3481 3669 3704 3724 .Iliesum
3728 3665 3864 3720 idest
3905 3670 4152 3718 servatus
4207 3658 4247 3714 Ii

2661 3778 2787 3824 sunt
2811 3776 3040 3837 quatuor
3083 3763 3181 3818 lilii
3221 3762 3456 3818 lsacliar.
3489 3758 3748 3814 Filiorum
3785 3762 3962 3808 autem
4004 3750 4248 3804 Zabuion

2664 3861 2796 3914 haec
2815 3869 2939 3914 sunt
2957 3855 3176 3910 nomina
3196 3866 3408 3918 eorum,
3430 3847 3737 3921 primitivus
3761 3844 3958 3907 Seder,
3981 3840 4126 3895 idest
4153 3840 4248 3893 do-

2663 3958 2820 4012 ctus;
2875 3945 3144 4001 secundus
3190 3943 3382 4007 Alion,
3426 3939 3569 3995 idest
3615 3933 4009 4004 sempiternus;
4060 3929 4248 3983 tertius

2666 4037 2816 4106 Sem,
2840 4036 2977 4091 idest
3006 4035 3264 4089 nubilum.
3309 4031 3374 4087 111
3420 4039 3529 4084 tres
3556 4027 3652 4082 lilii
3697 4023 3958 4079 Zabulon.
3985 4029 4042 4076 et
4079 4019 4251 4074 Dinae

2668 4130 2761 4185 lilii
2779 4144 2884 4183 non
2913 4137 3035 4182 sunt
3063 4125 3190 4181 nati.
3220 4123 3339 4178 Filii
3361 4129 3537 4175 autem
3568 4116 3682 4174 (iad
3712 4114 3822 4170 VII.
3857 4114 3991 4183 haec
4012 4119 4138 4165 sunt
4161 4125 4250 4165 no-

2668 4222 2809 4274 mina
2832 4231 3041 4282 eorum,
3065 4215 3252 4279 Solon,
3282 4215 3479 4282 Auges,
3504 4208 3720 4272 Saunis,
3745 4206 3949 4268 Soban,
3971 4212 4026 4257 et
4052 4209 4170 4257 ism.
4189 4215 4249 4256 e-

2668 4311 2734 4364 Iis
2754 4307 3049 4372 etAriolis,
3086 4307 3140 4360 111
3171 4311 3296 4359 sunt
3343 4310 3550 4370 septem
3591 4297 3683 4354 lilii
3729 4296 3865 4351 Gad.
3903 4293 4024 4350 Filii
4067 4299 4249 4346 autem

2668 4407 2803 4456 Aser
2846 4399 2898 4452 lii
2941 4404 3093 4462 sunt,
3142 4405 3197 4451 et
3253 4394 3386 4449 haec
3424 4393 3640 4447 nomina
3686 4403 3873 4445 eorum
3902 4404 3914 4441 :
3948 4385 4249 4456 piitnitivus

2669 4494 2883 4554 Seruna.
2915 4492 3049 4546 idest
3090 4498 3435 4553 numeratus;
3466 4475 3733 4541 secundus
3763 4484 3954 4546 Sesua,
3989 4481 4129 4536 idest
4160 4495 4248 4550 pe-

1067 4552 1370 4642 Redeamus
1397 4582 1461 4636 ad
1491 4582 1610 4637 Sala
1641 4589 1886 4650 nepotem
1915 4552 2040 4635 Sem
2066 4578 2157 4631 lilii
2185 4552 2319 4631 Nnc.
2346 4577 2460 4644 Ipse
2482 4583 2566 4629 est
2597 4552 2646 4612 υ
2675 4594 2832 4646 ttus;

2482 4583 2566 4629 εει
2597 4552 2646 4612 D
2675 4594 2832 4646 ttus;
2858 4583 3044 4637 tertius
3071 4579 3238 4644 Zievi,
3272 4578 3405 4633 idest
3433 4580 3603 4631 honor
3621 4588 3801 4640 meus;
3824 4582 4045 4643 quartus
4072 4571 4245 4632 Baria,

996 4679 1117 4734 Sala
1149 4677 1236 4746 qui
1266 4674 1398 4729 vixit
1421 4674 1575 4727 annis
1601 4681 1812 4727 centum
1850 4670 2228 4741 quinquaginta
2259 4667 2368 4721 VII.
2400 4677 2454 4722 et
2472 4681 2566 4736 ge-

1000 4772 1114 4822 nuit
1141 4767 1298 4830 Ebcr,
1329 4773 1384 4819 et
1411 4765 1542 4818 vixit
1567 4771 1839 4832 postquam
1882 4760 2064 4830 genuit
2089 4759 2228 4814 Eber
2258 4758 2409 4812 annis
2438 4774 2567 4827 qua-

999 4857 1296 4926 dringentis
1328 4870 1454 4908 xxx.
1479 4863 1533 4908 et
1558 4861 1798 4907 mortuus
1826 4861 1936 4907 est:
1969 4851 2057 4917 qui
2083 4850 2219 4904 Elter
2252 4849 2384 4902 vixit
2411 4856 2567 4905 annis

1001 4962 1214 5005 centum
1255 4945 1601 5015 quadraginta
1637 4951 1896 5012 quatuor,
1929 4951 1982 4996 et
2011 4942 2193 5010 genuit
2222 4940 2360 4993 lilios
2390 4938 2522 4994 duos
2549 4957 2566 5006 ;

1001 5039 1324 5111 primitivum
1347 5035 1558 5090 nomine
1585 5033 1800 5098 Falech,
1819 5034 1955 5086 idest
1977 5032 2220 5098 partitus.
2246 5031 2422 5097 Quare
2444 5045 2566 5099 par-

1002 5131 1174 5185 titus?
1199 5129 1321 5198 quia
1344 5123 1443 5180 sub
1473 5126 1588 5192 ipso
1631 5122 1783 5177 divisi
1823 5131 1946 5177 sunt
1978 5122 2069 5177 lilii
2100 5131 2156 5177 et
2180 5135 2403 5192 nepmes
2432 5124 2564 5176 Noe.

1003 5219 1282 5277 Secundus
1325 5229 1452 5270 vero
1488 5214 1629 5268 illius
1673 5212 1848 5277 Eber,
1887 5212 2034 5268 Jecta
2082 5212 2253 5267 dictus
2284 5223 2400 5278 est,
2431 5211 2570 5267 idest

1005 5311 1248 5379 pusillus.
1298 5306 1430 5361 Ilufc
1469 5311 1623 5359 erant
1661 5303 1751 5356 lilii
1790 5302 2100 5366 duodecim;
2142 5302 2440 5372 primitivus
2472 5316 2568 5356 tro-

1005 5403 1148 5458 mine
1180 5397 1474 5459 Eitnodam,
1503 5394 1640 5450 idest
1667 5397 1922 5462 agitatus;
1952 5393 2217 5449 secundus
2237 5392 2398 5459 Salel',
2431 5393 2570 5448 idest

1005 5495 1304 5555 alienatus;
1360 5489 1548 5544 tertius
1601 5488 1885 5553 Sarmotli,
1939 5486 2076 5541 idest
2115 5485 2306 5540 d‘omus
2341 5471 2566 5551 mortis;

1003 5593 1224 5656 quartus
1270 5581 1502 5646 Seruch,
1547 5578 1685 5634 idest
1714 5577 1964 5642 visibilis;
2013 5575 2231 5647 quintus
2271 5576 2565 5638 Odorrem,

1012 5676 1146 5730 idest
1166 5676 1295 5729 satis
1325 5673 1486 5726 altum
1513 5685 1526 5735 ;
1551 5679 1731 5726 sextus
1755 5670 1945 5737 Azaer,
1968 5669 2106 5724 idest
2126 5663 2286 5734 levis;
2312 5669 2571 5736 septimus

1011 5767 1236 5832 Decius,
1278 5764 1415 5821 idest
1441 5774 1584 5818 trans
1631 5762 1758 5827 hic;
1791 5773 2007 5818 octavus
2047 5761 2354 5818 Abimelech
2382 5803 2396 5829 ,
2433 5762 2568 5819 idest

2675 4674 2810 4728 idest
2842 4681 3050 4743 petens,
3080 4679 3135 4726 et
3177 4683 3330 4725 soror
3359 4670 3475 4738 ejus
3511 4667 3666 4728 Sara.
3707 4667 3866 4721 idest.
3912 4663 3976 4718 ili
4002 4670 4130 4719 sunt
4159 4662 4251 4716 lilii

2676 4770 2810 4823 A~er
2837 4775 3084 4834 quatuor,
3113 4773 3173 4818 et
3201 4776 3356 4816 soror
3401 4775 3608 4815 eorum.
3635 4757 3751 4812 Filii
3775 4765 3953 4811 autem
3984 4754 4168 4808 Ilariae
4197 4755 4249 4806 lii

2675 4863 2803 4912 sunt
2827 4840 2956 4922 duo,
2985 4864 3042 4908 et
3067 4853 3200 4907 haec
3226 4851 3440 4906 nomina
3467 4863 3652 4903 eorum
3681 4864 3693 4901 :
3718 4845 3969 4914 Cltober,
4001 4845 4087 4899 ide
4121 4855 4138 4896 t
4165 4857 4251 4897 ea-

2677 4958 2968 5015 superans;
2993 4951 3047 4997 et
3073 4941 3343 4996 secundus
3367 4938 3633 5006 Melchiei,
3668 4937 3807 4993 idest
3830 4937 4028 4990 missus
4053 4949 4082 4987 a
4117 4935 4250 4994 Deo,

2674 5039 2727 5092 111
2753 5037 2858 5091 duo
2885 5035 2979 5090 lilii
3013 5034 3221 5089 Barine.
3261 5031 3395 5087 Nam
3442 5031 3673 5085 ﬁliorum
3703 5028 3902 5097 Ioseph
3940 5042 4009 5082 ex
4039 5031 4253 5081 Asenne

2673 5145 2738 5186 ex
2767 5129 2873 5184 lilia
2905 5129 3144 5184 i’etelres
3174 5127 3226 5181 111
3254 5133 3397 5187 sunt,
3425 5134 3479 5178 et
3500 5125 3631 5179 haec
3658 5123 3871 5178 nomina
3903 5137 4113 5184 eorum,
4145 5120 4254 5174 Ma-

2673 5236 2880 5286 nasses,
2914 5220 3051 5274 idest
3080 5219 3313 5274 oblivio.
3343 5227 3396 5270 et
3423 5214 3582 5271 Efren
3623 5215 3709 5285 qui
3732 5214 3928 5269 dicitur
3959 5213 4138 5268 Satns.
4174 5213 4251 5266 Ex

2674 5313 2918 5368 Mauasse
2946 5311 3054 5364 nati
3101 5319 3227 5365 sunt
3266 5307 3467 5362 Machir
3485 5349 3498 5371 ,
3527 5307 3667 5360 idest
3691 5306 3963 5370 venditus,
3991 5313 4045 5356 et
4069 5300 4216 5356 Gaad
4234 5342 4252 5366 ,

2672 5403 2812 5458 idest
2839 5399 3232 5456 testimonium:
3264 5398 3390 5453 inde
3431 5408 3586 5452 natus
3624 5404 3712 5451 est
3750 5395 3905 5460 Susi,
3940 5404 3997 5449 et
4022 5394 4090 5448 de
4132 5393 4236 5447 Sus

2675 5503 2831 5550 natus
2856 5502 2938 5548 est
2961 5491 3128 5547 Gaddi
3151 5532 3165 5557 ,
3198 5491 3288 5562 qui
3316 5490 3510 5544 missus
3528 5497 3644 5544 erat
3672 5504 3699 5542 a
3732 5488 3914 5558 Moyse
3942 5494 4000 5540 ut
4027 5485 4252 5540 Terram

2674 5583 3047 5655 promissionis
3078 5583 3427 5655 prospiceret.
3455 5579 3519 5634 Et
3552 5580 3620 5635 de
3653 5579 3812 5634 Elren
3862 5576 3971 5631 nati
4000 5585 4128 5631 sunt
4157 5575 4252 5630 ilio

2675 5677 2956 5741 sutlialan,
2991 5675 3132 5732 idest
3165 5674 3400 5741 dignitas
3423 5671 3766 5743 Apostolica,
3791 5679 3850 5725 et
3874 5669 4086 5735 Thaan,
4117 5667 4257 5722 idest

2672 5767 2944 5836 nubilum;
2974 5775 3028 5826 ct
3055 5768 3120 5824 dc
3149 5766 3407 5824 Sutlialan
3441 5776 3597 5821 natus
3626 5774 3708 5822 est
3739 5763 3930 5829 Edem,
3955 5761 4097 5819 idest
4123 5772 4257 5817 tem-
