4504 6424
944 467 1036 522 551

2221 442 2522 502 Ακυαγκιι
2564 441 2902 502 Αυετοηιε

4093 445 4198 501 552

940 580 1078 638 vobis
1107 577 1300 649 petistis
1329 590 1533 648 regem;
1565 582 1614 629 et
1646 571 1833 626 iterum
1862 567 2028 621 dicit:
2056 565 2187 617 dabo
2224 561 2313 619 tibi
2339 573 2502 630 regem
2535 556 2580 614 Α
2613 566 2765 612 cutus
2795 565 2874 611 est
2901 557 2964 610 ad
3018 554 3359 649 lliecconiam
3409 554 3546 610 bona
3572 598 3586 620 ,
3620 563 3673 609 et
3712 553 3889 624 posuit
3942 551 4196 609 thronum

936 671 991 728 in
1018 673 1098 727 ira
1125 686 1254 724 mea.
1284 669 1393 725 Sub
1421 681 1521 737 qua
1565 665 1639 720 ira
1666 661 1907 730 regnavit
1944 658 2097 712 annis
2126 653 2472 725 quadraginta
2491 694 2507 718 ,

937 763 1149 819 occisus
1174 769 1257 817 est
1284 762 1337 814 iu
1374 767 1554 813 monte
1579 753 1800 810 Gelboe.
1825 753 1972 806 Tunc
1996 749 2129 803 dixit
2152 745 2314 801 ὼνίά
2341 745 2390 798 in
2417 743 2512 796 ilo-

941 853 1086 908 lore:
1113 859 1304 904 tuentes
1323 848 1406 916 qui
1426 847 1544 899 estis
1568 845 1617 898 in
1647 841 1852 906 Galbae,
1873 855 2030 908 neque
2056 853 2140 890 ros
2160 852 2318 905 neque
2342 832 2512 899 pluuia

941 944 1094 995 cadat
1115 953 1268 1008 super
1292 952 1398 1000 vos,
1423 935 1509 990 ubi
1536 933 1728 1001 eﬁ'usus
1754 942 1826 985 est
1865 929 2074 1002 sanguis
2104 935 2370 981 unctorem
2392 921 2508 975 Dei.

940 1031 1040 1086 Hic
1063 1036 1144 1084 est
1166 1026 1331 1082 David
1355 1027 1442 1096 qui
1463 1024 1655 1080 dicitur
1679 1021 2003 1080 misericors.
2027 1027 2080 1074 et
2096 1015 2331 1088 regnavit
2359 1011 2512 1068 anuis

939 1137 1032 1177 ιι..
1059 1129 1117 1177 et
1135 1120 1318 1190 genuit
1346 1117 1711 1180 Salomonem,
1736 1115 1824 1185 qni
1849 1112 2047 1168 dicitur
2075 1117 2326 1181 pacatus;
2349 1114 2402 1160 et
2429 1119 2513 1160 re-

937 1215 1118 1286 gnavit
1169 1220 1222 1268 et
1267 1212 1380 1282 ipse
1427 1211 1579 1264 anuis
1608 1225 1698 1264 xc.
1732 1209 1873 1262 llaec
1917 1213 2090 1260 autem
2137 1208 2263 1256 sunt
2298 1200 2510 1254 nomina

939 1316 1162 1358 uxorum
1193 1301 1385 1366 David,
1407 1300 1650 1366 Achima,
1680 1297 1900 1364 Abigea,
1932 1294 2077 1363 Agal,
2105 1291 2332 1355 Habital,
2360 1291 2509 1359 Agla,

941 1391 1190 1456 Bersabe,
1216 1389 1458 1445 Melchol.
1494 1387 1599 1444 Sed
1625 1401 1742 1441 cum
1773 1392 2131 1440 reverteretur
2157 1381 2222 1436 de
2248 1381 2511 1437 Cembron

942 1486 1205 1541 recusavit
1227 1483 1473 1545 Melchol,
1503 1490 1555 1536 et
1583 1478 1797 1532 tradidit
1817 1491 1935 1532 eam
1957 1477 2072 1530 viro
2093 1473 2206 1538 alii,
2235 1473 2356 1543 quia
2385 1471 2514 1526 ode-

943 1583 1024 1630 rat
1046 1589 1161 1629 eam
1193 1573 1363 1626 nimis.
1391 1570 1552 1624 Natus
1576 1577 1655 1622 est
1681 1577 1858 1622 autem
1885 1565 2138 1620 Salomon
2164 1578 2226 1619 ex
2261 1562 2508 1617 Ber~abe.

942 1668 1042 1736 Qui
1090 1665 1339 1721 Salomon
1383 1662 1562 1732 genuit
1588 1661 1824 1715 Roboam
1862 1675 1928 1713 ex
1980 1657 2148 1712 Naath
2179 1656 2284 1710 lilia
2327 1655 2513 1711 Annae

942 1758 1084 1827 regis
1117 1756 1344 1810 ﬁliorum
1393 1753 1643 1818 Ammon,
1684 1752 1771 1820 qui
1805 1749 2042 1804 [iubeam
2073 1747 2246 1802 dictus
2269 1754 2352 1801 est
2378 1745 2512 1798 mul-

942 1848 1113 1902 titudo
1151 1846 1407 1917 gentium.
1448 1843 1804 1913 Temporibus
1829 1842 1944 1910 ejus
1973 1838 2185 1894 sustulit
2230 1852 2322 1892 rex
2351 1837 2513 1893 Susa-

2612 649 2729 718 ejns
2754 664 2915 717 super
2935 662 3146 702 omnem
3181 647 3431 702 thronum
3453 662 3658 716 regum,
3678 648 3767 715 qui
3796 661 3918 702 cum
3949 660 4016 702 eo
4046 655 4197 700 erant

2614 741 2665 793 in
2699 739 3022 809 Babylonia,
3053 745 3109 794 et
3152 739 3376 791 mutavit
3420 739 3736 794 vestimenta
3778 737 3896 807 ejus
3935 747 3990 793 et
4035 736 4196 791 simul

2615 831 2840 885 cenabat
2867 845 2986 885 cum
3017 844 3081 884 eo
3111 829 3360 884 omnibus
3377 829 3568 886 diebus
3591 830 3730 886 vitae
3756 845 3908 896 suae,
3940 837 3997 885 et
4020 831 4194 885 victus

2613 925 2931 977 constitutus
2955 931 3071 976 erat
3098 922 3198 988 illi,
3218 930 3272 977 et
3290 932 3409 976 erat
3431 923 3570 977 illius
3591 923 3930 978 consiliarius
3951 924 4200 979 omnibus

2613 1013 2800 1067 diebus
2831 1013 2990 1068 vitae.
3023 1013 3118 1067 llic
3147 1011 3435 1067 Jechortias
3455 1014 3642 1083 genuit
3661 1013 3900 1076 Salatiel,
3929 1013 4066 1067 idest
4100 1012 4200 1068 mi-

2612 1106 2683 1161 sit
2715 1107 2850 1161 Deus
2876 1121 2890 1169 ;
2919 1106 3009 1176 qui
3042 1105 3264 1160 Salatiel
3292 1105 3344 1160 in
3375 1105 3666 1175 Babylonia
3692 1106 3877 1176 genuit
3897 1104 4200 1160 Zorobahel

2613 1200 2703 1269 qui
2731 1199 2802 1252 dit
2824 1206 2908 1251 tus
2932 1206 3012 1252 est
3043 1197 3266 1253 victoria
3312 1195 3429 1251 Dei.
3472 1195 3586 1252 Hoc
3614 1197 3667 1251 iu
3701 1207 3945 1267 tempore
3973 1207 4199 1266 regnum

2612 1291 2834 1358 adeptus
2854 1297 2937 1344 est
2964 1287 3133 1360 Cyrus
3166 1304 3257 1344 rex
3290 1288 3595 1344 Persarum.
3642 1289 3802 1343 Anno
3833 1297 4010 1342 autem
4040 1289 4201 1356 quin-

2612 1383 2921 1452 qttagesimo
2945 1395 2994 1436 et
3026 1383 3264 1438 secundo
3282 1383 3604 1453 captivitatis
3629 1381 3801 1437 Judae
3821 1396 3919 1438 rex
3941 1383 4202 1451 Astyaees

2613 1477 2716 1544 adp
2739 1476 2885 1530 uitus
2919 1485 3001 1531 est
3023 1475 3088 1528 ad
3120 1484 3298 1544 patres
3324 1489 3475 1540 suos,
3507 1483 3561 1531 et
3594 1473 3763 1546 Cyrus
3788 1489 3884 1530 rex
3917 1474 4199 1530 Persarum

2613 1567 2816 1634 accepit
2851 1581 3071 1633 regnum
3107 1565 3247 1634 ejus,
3280 1566 3368 1634 qui
3397 1566 3450 1618 in
3482 1565 3725 1620 secundo
3763 1579 3904 1619 anno
3935 1565 4087 1633 regni
4116 1564 4201 1618 sui

2613 1655 2914 1725 subjugavit
2938 1655 3279 1725 Babyloniam
3304 1655 3368 1708 ad
3393 1652 3648 1709 Ninevem
3672 1656 3945 1710 civitatem
3968 1653 4196 1710 Medico.

2613 1747 2765 1802 Tunc
2794 1762 3040 1801 vasorum
3084 1746 3475 1801 dominicorum
3518 1745 3964 1802 rethibeodorum
4009 1745 4203 1814 promi-

2613 1847 2758 1894 serat
2787 1849 2990 1904 votum,
3015 1854 3151 1908 quae
3195 1838 3388 1893 tulerat
3416 1837 3911 1893 Nabuchodonosor
3935 1855 3965 1893 e
3984 1836 4204 1892 Jerusa-

943 1939 1083 1994 ehim
1113 1905 1208 1994 rex
1227 1935 1444 2007 Egypti
1466 1905 1614 1989 arma
1643 1947 1823 1998 aurea,
1853 1905 1986 1986 idest
2016 1930 2253 1985 Lanceas
2282 1938 2335 1984 et
2359 1937 2510 1983 scuta
2547 1905 2590 1965 Β
2617 1931 2720 1986 lem
2743 1929 2810 1985 de
2831 1905 3290 1998 templo-Domini.
3308 1940 3360 1983 et
3389 1937 3700 1997 reposuerat
3719 1941 3781 1984 ea
3801 1931 3852 1984 in
3877 1944 3978 1984 suo
3997 1928 4200 1995 idolio;

945 2038 1178 2085 trecenta
1205 2028 1274 2083 ab
1301 2029 1498 2083 Arazar
1519 2041 1643 2096 rege
1671 2023 1856 2093 Syriae
1886 2023 2015 2077 haec
2037 2023 2226 2076 tulerat
2252 2018 2434 2086 David,
2460 2027 2516 2074 et

947 2121 1072 2177 fecit
1101 2134 1196 2190 pro
1223 2133 1285 2174 ea
1324 2131 1479 2173 aerea
1526 2115 1764 2169 Roboam
1813 2111 1949 2167 ﬁlius
1981 2110 2307 2176 Salomonis,
2346 2119 2400 2165 et
2432 2124 2516 2164 re-

945 2215 1125 2282 gnavit
1167 2208 1320 2264 anuis
1363 2207 1547 2263 decem
1593 2213 1649 2260 et
1702 2211 1863 2266 octo;
1913 2201 2001 2272 qui
2049 2200 2287 2256 Roboam
2333 2201 2519 2270 genuit

944 2300 1142 2368 Ablud,
1172 2301 1309 2356 idest
1350 2300 1482 2370 patri
1512 2297 1643 2362 Deo,
1667 2312 1731 2352 ex
1767 2293 1980 2349 Maccha
2011 2291 2115 2346 lilia
2139 2291 2284 2346 Ariel
2315 2306 2379 2346 ex
2413 2289 2516 2343 Gao

945 2392 1040 2458 ba;
1069 2401 1122 2447 et
1149 2391 1390 2462 regnavit
1430 2390 1582 2444 anuis
1625 2388 1812 2443 tribus.
1852 2384 2025 2440 Abiud
2064 2384 2247 2455 genuit
2295 2381 2510 2452 Asaph,

947 2483 1083 2539 idest
1126 2484 1286 2548 volat,
1333 2498 1399 2539 ex
1427 2482 1630 2546 Anna,
1680 2490 1733 2537 et
1771 2477 2014 2548 regnavit
2057 2478 2210 2532 anuis
2255 2493 2343 2531 xt..
2383 2489 2513 2531 uno.

946 2576 1127 2648 Astph
1166 2575 1350 2646 genuit
1374 2573 1628 2644 Josaphat
1662 2573 1798 2629 idest
1843 2571 2001 2640 iudex
2037 2585 2105 2626 ex
2150 2568 2366 2626 Gaznba
2410 2566 2517 2622 lilia

949 2667 1149 2731 Scltlti;
1174 2675 1227 2721 et
1251 2667 1488 2736 regnavit
1511 2665 1664 2735 annis
1693 2681 1813 2720 xxv.
1837 2663 2090 2733 Josaphat
2110 2661 2295 2732 genuit
2315 2660 2518 2726 Joram,

948 2759 1082 2815 idest
1129 2758 1383 2824 visibilis,
1412 2774 1477 2812 ex
1522 2757 1697 2813 Facite
1747 2772 1952 2822 uxore;
1983 2765 2036 2812 et
2078 2753 2321 2823 regnavit
2365 2750 2521 2807 anuis

949 2859 1089 2908 octo.
1122 2851 1301 2906 Joram
1332 2849 1511 2920 genuit
1558 2851 1841 2906 choziam
1867 2890 1882 2914 ,
1931 2848 2071 2903 idest
2121 2844 2373 2902 fortitudo
2397 2885 2412 2910 ,
2451 2858 2515 2898 ex

949 2941 1191 2999 Gotholia
1223 2942 1326 2996 lilia
1350 2942 1532 2998 Achab
1557 2956 1620 2996 ex
1651 2940 1898 3005 Zczabel,
1922 2953 2056 3009 quae
2085 2936 2334 2993 Gotbolia
2362 2934 2520 2989 vidua

949 3033 1189 3102 regnavit
1216 3033 1368 3086 annis
1388 3041 1531 3098 octo,
1560 3041 1615 3087 et
1644 3030 1732 3086 ille
1760 3031 1999 3101 regnavit
2025 3043 2166 3084 anno
2196 3043 2322 3082 uno.
2347 3025 2522 3080 Ocho-

952 3123 1064 3176 zias
1093 3121 1273 3190 genuit
1298 3121 1444 3186 Joas,
1473 3123 1608 3176 idest
1638 3130 1978 3186 mansuetus;
2027 3135 2095 3175 ex
2121 3118 2439 3182 Chobodda;
2469 3127 2522 3174 et

955 3213 1198 3281 regnavit
1223 3214 1375 3267 anni-3
1405 3229 1490 3267 ιι..
1522 3211 1693 3268 Josias
1721 3215 1905 3283 genuit
1935 3210 2233 3276 Amessian,
2272 3211 2406 3264 idest
2438 3224 2526 3265 ro-

2619 2019 2896 2089 prol'crcns
2925 2033 2986 2074 ea
3012 2018 3181 2090 Cyrus
3221 2033 3317 2074 rex
3355 2018 3671 2086 Persarum,
3698 2018 3997 2090 adsignavit
4028 2019 4152 2077 llitr
4181 2047 4200 2060 -

2616 2110 2725 2167 dati
2749 2111 3047 2181 praeposito
3070 2111 3439 2166 thesaurorum
3465 2124 3716 2175 suorum;
3741 2126 3837 2181 per
3861 2111 4003 2168 hunc
4022 2119 4204 2167 autem

2625 2204 2818 2259 tradita
2846 2214 2969 2259 sunt
2991 2203 3375 2260 Salmanasaro
3391 2204 3695 2274 praeposito
3717 2203 3907 2260 Judae.
3940 2202 4208 2259 Numerus

2617 2304 2797 2350 autem
2843 2311 3029 2352 eorum
3061 2304 3225 2360 crat,.
3253 2294 3500 2351 libatoria
3539 2310 3701 2351 aurea
3747 2295 3922 2360 mille,
3955 2303 4204 2366 argentea

2617 2385 2929 2456 quingenta,
2979 2385 3284 2440 murtatiola
3331 2382 3594 2456 argentea
3635 2401 3780 2441 xxxx.
3820 2385 3971 2440 llalae
4007 2399 4205 2440 aureae

2619 2473 3025 2544 quinquaginta,
3062 2483 3347 2542 argenteae
3385 2483 3567 2530 autem
3607 2475 3715 2530 duo
3745 2475 3908 2530 millia
3953 2474 4207 2545 quadrin~

2620 2574 2777 2636 genta
2815 2567 3026 2632 decem,
3051 2574 3104 2622 et
3126 2567 3228 2619 alia
3259 2581 3386 2620 vasa
3431 2566 3606 2632 mille;
3639 2562 3819 2620 omnia
3869 2576 4048 2620 autem
4086 2582 4208 2625 vasa

2622 2672 2781 2712 aurea
2799 2667 2851 2712 ct
2870 2666 3120 2726 argentea
3144 2666 3369 2728 quatuor
3391 2658 3553 2712 millia
3577 2667 3844 2726 nongenta
3870 2659 4208 2728 septuaginta

2623 2763 2839 2817 novem,
2868 2756 2922 2803 et
2952 2749 3155 2816 perlata
3200 2757 3325 2802 sunt
3356 2764 3449 2816 per
3494 2749 3840 2804 Salmanasar
3875 2757 3930 2802 et
3960 2762 4056 2816 per
4086 2763 4200 2814 eos,

2622 2838 2714 2908 qui
2762 2839 2829 2895 de
2871 2840 3178 2910 captivitate
3230 2839 3558 2910 Babyloniae
3599 2839 4064 2911 regrediebantur.
4113 2840 4210 2895 llic

2623 2932 2792 3002 Cyrus
2818 2933 3059 3000 regnavit
3103 2932 3257 2987 annis
3287 2932 3470 2988 decem
3511 2949 3589 2988 ιι.
3634 2943 3689 2988 et
3719 2932 4035 2989 interfectus
4064 2942 4149 2988 est
4174 2948 4204 2987 a

2625 3022 2814 3078 Miride
2845 3022 2898 3076 in
2931 3023 3099 3077 Massa
3122 3021 3252 3077 Jada
3281 3022 3587 3092 olympiade
3607 3024 3950 3092 sexagesimo
3985 3031 4042 3078 et
4067 3032 4212 3077 ecta.

2626 3125 2731 3177 vo,
2755 3118 2811 3165 et
2833 3111 3072 3180 sepultus
3097 3121 3178 3166 cst
3221 3110 3274 3165 in
3323 3109 3561 3168 Castello
3606 3113 3750 3182 quod
3786 3111 3929 3181 magi
3972 3112 4214 3169 obtinent

2627 3203 2973 3260 Thiasarcida
2999 3204 3236 3271 nomine,
3267 3203 3352 3260 hic
3372 3202 3495 3275 Cyri
3524 3205 3894 3276 sepulchrum.
3918 3204 4060 3276 Cyro
4088 3220 4214 3276 ergo

953 3271 1105 3377 guns,
1135 3323 1199 3362 ex
1230 3308 1397 3374 Jode;
1424 3317 1477 3364 et
1501 3271 1751 3377 regnavit
1775 3306 1929 3363 annis
1958 3322 2102 3361 nix.
2135 3306 2405 3362 Amessias
2433 3320 2526 3374 ge-
2551 3271 2598 3334 α
2629 3296 2732 3352 de“

2436 3320 2526 3374 ge-
2551 3271 2598 3334 α
2629 3296 2911 3364 defuncto,
2961 3296 3101 3351 sicut
3143 3295 3376 3352 diximus
3414 3271 3721 3367 olympiade
3778 3271 4120 3366 sexagesimo
4152 3271 4215 3352 et

956 3399 1070 3453 nuit
1095 3399 1312 3463 Odiam,
1343 3397 1481 3454 idest
1522 3411 1741 3464 amans,
1783 3412 1845 3452 ex
1887 3396 2115 3452 Jcceelia
2142 3413 2156 3462 ;
2186 3406 2239 3451 et
2285 3395 2528 3465 regnavit

956 3489 1106 3544 annis
1135 3506 1239 3546 ut.
1263 3489 1422 3545 Odias
1449 3491 1629 3559 genuit
1649 3489 1952 3556 Ionatham,
1980 3490 2118 3545 idest
2143 3487 2431 3558 perfectus,
2457 3501 2528 3543 ex

958 3578 1151 3635 Darbia
1205 3580 1311 3634 tilia
1359 3581 1606 3644 Saddue,
1658 3588 1712 3634 et
1766 3581 2005 3648 regnavit
2057 3581 2214 3634 annis
2268 3578 2523 3635 sedecim.

961 3669 1185 3726 Jonatlta
1207 3670 1391 3740 genuit
1418 3670 1612 3738 Achaz,
1646 3671 1694 3724 id
1723 3683 1808 3727 est
1831 3681 2036 3737 tenens,
2069 3684 2132 3724 ex
2165 3669 2302 3726 Saba
2327 3686 2341 3734 ;
2365 3676 2420 3724 et
2446 3683 2533 3724 rc-

960 3759 1140 3829 gnavit
1167 3762 1321 3815 annis
1351 3759 1602 3815 sedecim.
1639 3759 1815 3814 At-baz
1852 3761 2030 3830 genuit
2061 3759 2365 3825 Ezechiatu,
2393 3759 2532 3815 idest

960 3866 1178 3921 regnum
1208 3852 1322 3917 Dei,
1351 3866 1416 3907 ex
1447 3851 1674 3907 Rahbuti
1711 3852 1814 3906 lilia
1841 3851 2164 3916 Zachariae;
2193 3858 2248 3905 et
2291 3851 2531 3920 regnavit

960 3942 1113 3995 annis
1142 3955 1286 3995 xxix.
1330 3941 1582 3995 Ezechias
1609 3941 1790 4009 genuit
1833 3942 2122 4008 illanasses,
2156 3941 2290 3996 idest
2329 3941 2531 3997 oblivio

961 4030 1160 4085 doloris
1183 4071 1202 4098 ,
1240 4046 1304 4086 ex
1337 4031 1564 4089 Ebsiba:
1596 4043 1648 4087 et
1693 4032 1930 4101 regnavit
1969 4033 2122 4086 annis
2153 4034 2530 4102 quinquaginta

963 4122 1214 4190 quinque.
1243 4121 1509 4176 Manasses
1544 4123 1724 4192 genuit
1754 4126 1945 4190 Amos,
1976 4124 2112 4178 idest
2159 4124 2494 4179 verecundus
2516 4164 2531 4191 ,

963 4228 1025 4268 ex
1057 4211 1550 4279 Masthclamitaba;
1582 4223 1636 4269 et
1665 4216 1902 4284 regnavit
1928 4216 2084 4271 anuis
2110 4215 2338 4271 duobus.
2371 4217 2535 4272 Alnos

961 4301 1140 4373 genuit
1167 4301 1390 4369 Josiam,
1417 4303 1552 4358 idest
1576 4319 1790 4373 rogans,
1810 4319 1873 4359 ex
1903 4303 2192 4360 Jeddadida
2218 4306 2322 4360 illia
2344 4306 2530 4372 Oziae;

960 4399 1013 4447 et
1040 4392 1281 4461 regnavit
1309 4395 1462 4448 annis
1489 4409 1636 4449 xxxt.
1662 4393 1837 4449 .losias
1874 4399 2052 4466 genuit
2081 4396 2278 4452 Jochaz
2300 4397 2438 4453 idest
2463 4399 2536 4452 si-

959 4481 1133 4549 milis,
1175 4497 1240 4538 ex
1267 4482 1488 4548 Jecora;
1531 4493 1586 4539 et
1631 4485 1873 4555 regnavit
1922 4486 2110 4542 diebus
2152 4489 2435 4560 nonaginta
2480 4497 2535 4546 et

956 4573 1224 4632 Examital
1251 4575 1429 4643 genuit
1451 4573 1575 4630 Joas
1599 4583 1652 4629 et
1679 4575 1976 4642 Sedeciam,
2004 4577 2155 4648 cujus
2175 4578 2530 4636 Nabuchodo-

961 4679 1128 4720 nos-or
1156 4665 1339 4721 oculos
1366 4666 1635 4720 excceavit
1655 4668 1708 4721 in
1738 4676 2025 4737 conspectu
2058 4667 2285 4725 ﬁliorum
2313 4671 2449 4739 ejus,
2478 4681 2534 4727 et

960 4760 1015 4815 In
1045 4758 1392 4826 compedibus
1424 4759 1598 4814 aereis
1645 4759 1807 4814 vinxit
1837 4775 1988 4827 eum,
2023 4772 2076 4816 et
2106 4763 2156 4816 itt
2187 4763 2532 4834 Babyloniam

960 4851 1080 4909 duci
1107 4851 1290 4922 jussit,
1311 4860 1364 4905 et
1393 4850 1446 4904 in
1476 4851 1790 4906 molundino
1814 4853 2087 4917 constitui,
2114 4863 2168 4907 et
2190 4853 2260 4909 ibi
2293 4866 2534 4912 mortuus

963 4953 1067 5006 est.
1097 4943 1248 5013 cujus
1295 4957 1436 4997 anno
1473 4942 1755 4999 undecimo
1794 4946 1944 5014 regni
1985 4945 2281 5002 Jerusalem
2311 4959 2340 4999 a
2370 4945 2537 5002 Nabu-

963 5033 1300 5088 chodonosor
1340 5049 1466 5103 rege
1506 5034 1822 5101 depraedata
1865 5046 1966 5091 est.
2017 5037 2084 5092 Et
2131 5037 2370 5092 conclusi
2413 5048 2538 5094 sunt

947 5117 1169 5194 'ltegum
1191 5123 1314 5177 anui
1342 5124 1874 5193 quingentiquiuque,
1905 5141 2121 5182 menses
2143 5142 2256 5191 sex.
2297 5129 2412 5184 dies
2442 5130 2538 5185 de-

963 5225 1112 5277 cem,
1145 5220 1198 5266 et
1231 5213 1631 5282 transmigratus
1661 5224 1739 5269 est
1789 5215 2013 5284 populus
2041 5217 2092 5271 in
2143 5217 2452 5287 Babylonia,
2485 5227 2540 5274 et

962 5305 1302 5361 constituitur
1341 5318 1436 5358 rex
1462 5319 1490 5357 a
1521 5321 1644 5375 rege
1685 5304 2180 5362 Nabuchodonosor
2222 5308 2539 5365 Jeechonias

963 5397 1104 5452 ﬁlius
1129 5395 1392 5466 Joachim,
1418 5398 1505 5467 qui
1530 5396 1701 5452 dictus
1720 5406 1802 5452 est
1824 5399 2186 5469 praeparatio;
2216 5409 2270 5455 et
2296 5402 2537 5470 regnavit

963 5489 1154 5543 diebus
1178 5496 1413 5543 centum.
1436 5487 1587 5543 Tune
1610 5499 1665 5543 et
1685 5489 1800 5558 ipse
1824 5489 2014 5545 ductus
2039 5500 2122 5546 est
2143 5493 2194 5547 in
2219 5487 2534 5564 Babylonia,

964 5586 1022 5634 ot
1047 5577 1102 5633 in
1131 5577 1404 5646 trigesimo
1427 5591 1568 5632 anno
1615 5579 2100 5648 transmigrationis
2128 5587 2312 5635 tonsus
2341 5592 2421 5637 est
2450 5581 2537 5637 Je-

962 5671 1218 5736 ebonias,
1247 5671 1372 5726 dum
1414 5670 1482 5726 de
1530 5683 1748 5726 carcere
1793 5685 1914 5726 eum
1947 5671 2233 5727 Ulemadar
2257 5674 2532 5730 educeret.

969 5761 1064 5818 llic
1109 5770 1191 5817 est
1225 5759 1540 5828 Ulemadar,
1570 5761 1661 5832 qui
1704 5761 1828 5816 dum
1885 5761 2376 5819 Nabuchodonosor
2410 5778 2533 5820 cum

969 5854 1078 5923 agri
1108 5853 1290 5912 bestiis
1336 5865 1635 5913 moraretur
1665 5853 1763 5913 luit
1789 5854 1901 5926 ejus
1948 5869 2244 5914 successor.
2281 5856 2431 5914 Tunc
2458 5857 2538 5917 lo-

2628 3397 2842 3454 octavo,
2870 3389 3108 3444 succedit
3132 3390 3181 3442 in
3207 3403 3371 3459 regno
3398 3389 3516 3457 ejus
3540 3403 3629 3444 rex
3659 3389 3866 3444 Darius.
3891 3389 3990 3445 [lic
4010 3399 4095 3445 est
4125 3389 4215 3443 Da-

2630 3481 2741 3536 rius
2765 3481 2904 3535 lilius
2928 3480 3102 3536 Asieri
3135 3480 3371 3536 nascitur
3389 3495 3454 3535 ex
3487 3479 3674 3536 Bastin
3706 3482 3758 3535 itt
3791 3479 4006 3536 civitate
4040 3479 4220 3536 Susim

2630 3582 2685 3629 et
2709 3573 2948 3643 regnavit
2971 3572 3025 3626 in
3041 3587 3207 3643 regno
3228 3572 3618 3639 Cbaldeorum;
3645 3588 3674 3628 a
3700 3572 3853 3644 cujus
3883 3583 4026 3628 anno
4059 3574 4217 3629 tertio

2631 3665 2777 3735 regni
2806 3664 3067 3733 incipiunt
3106 3663 3439 3718 ebdomadae
3469 3663 3712 3719 Daniheli
3753 3679 3781 3718 a
3812 3665 3988 3733 capite
4030 3664 4221 3720 circuli

2630 3756 2872 3812 secundi.
2905 3754 3022 3810 .lam
3051 3764 3176 3809 tunc
3203 3755 3429 3809 Romani
3461 3753 3937 3824 magniﬁcabantur
3959 3763 4219 3826 regnante

2632 3851 2925 3920 Tarquinio
2953 3849 3217 3918 Supervo,
3237 3849 3325 3919 qui
3360 3848 3456 3902 fuit
3482 3849 3846 3904 Romanorum
3881 3863 3972 3904 res
3997 3859 4219 3904 octavas

2631 3943 2700 3998 ab
2753 3941 2886 3998 urbe
2927 3941 3163 4007 condita,
3195 3949 3248 3995 et
3302 3939 3546 4006 regnavit
3590 3940 3747 3994 annis
3794 3955 3940 3994 xvtv.
3985 3939 4216 3994 Condita

2632 4047 2762 4090 vero
2799 4041 2884 4089 est
2935 4032 3102 4086 Roma
3135 4047 3162 4086 a
3208 4033 3330 4088 liliis
3384 4031 3587 4087 Martiis
3625 4039 3680 4088 et
3719 4032 3891 4088 lliliae
3937 4033 4222 4090 undecimo

2634 4125 2753 4180 Kal.
2781 4125 2946 4194 Majas
2964 4125 3091 4180 feria
3119 4125 3321 4194 quinta,
3348 4134 3403 4181 et
3422 4135 3545 4181 sunt
3566 4125 3725 4180 hodie
3749 4138 3916 4194 nsque
3944 4126 3997 4181 in
4020 4139 4219 4180 annum

2635 4218 2944 4288 vigesimum
2961 4225 3207 4287 quartum
3235 4217 3380 4286 regis
3401 4216 3660 4272 Geiserici
3682 4216 3812 4271 anni
3834 4217 3981 4272 mille
4001 4216 4223 4287 degenti

2635 4319 2861 4379 septem.
2895 4308 3052 4364 Anno
3074 4318 3203 4363 tunc
3232 4308 3441 4363 decimo
3483 4322 3730 4364 mensum
3763 4321 4050 4362 numerum
4078 4307 4223 4375 apud

2636 4397 2908 4453 Romanos
2930 4398 3161 4454 habente
3185 4406 3444 4467 regnante
3466 4398 3517 4452 in
3536 4397 3704 4454 Judea
3721 4397 3886 4454 lIozia
3907 4397 4016 4454 lilio
4035 4400 4225 4455 Amas-

2636 4487 2748 4542 siae
2776 4501 2918 4541 anno
2932 4502 3074 4542 xxtv.
3091 4489 3240 4556 regni
3255 4489 3394 4558 ejus.
3422 4486 3631 4544 Exinde
3653 4504 3824 4560 usque
3839 4489 3905 4545 ad
3919 4490 4225 4546 conclusio-

2637 4589 2759 4630 nem
2777 4589 3038 4630 annorum
3057 4577 3392 4648 septuaginta
3409 4577 3704 4648 captivitati
3719 4609 3732 4622 ς
3753 4579 3958 4649 impleti
3980 4589 4106 4636 sunt
4127 4595 4224 4652 per

2638 4666 3033 4722 successionem
3061 4667 3388 4737 singulorum
3440 4681 3623 4738 regum
3669 4669 4036 4726 Romanorum
4090 4671 4219 4726 aonl

2639 4758 2852 4813 ducenti
2883 4759 3264 4829 quinquaginta
3293 4773 3416 4815 netu
3451 4760 3520 4815 ab
3545 4774 3688 4815 anno
3730 4762 3991 4833 vigesimo
4032 4772 4226 4833 quarto

2640 4849 2837 4904 lloziae
2857 4849 2952 4903 lilii
2984 4849 3460 4907 Amesiae.Verttm
3481 4861 3538 4908 ut
3568 4867 3690 4908 cum
3713 4853 4006 4910 Judeorum
4036 4871 4224 4926 regum

2638 4947 2694 4995 et
2722 4938 3083 4995 [iouianorum
3130 4953 3378 5013 tempora
3411 4953 3744 5016 coequentur
3771 4947 4006 5015 ipsorum
4035 4962 4225 5017 regum

2645 5032 3008 5089 Romanorum
3030 5048 3292 5089 annorum
3314 5050 3571 5092 numerus
3589 5036 3915 5107 requiratur,
3931 5047 3986 5094 et
4004 5054 4033 5092 a
4052 5039 4228 5096 Remu

2641 5136 2695 5183 et
2722 5127 2945 5183 Romulo
2965 5127 3206 5195 ejusdem
3233 5126 3612 5183 conditoribus
3641 5143 3740 5184 suo
3787 5131 3839 5185 in
3869 5131 4060 5187 ordine
4087 5133 4228 5189 rcci-

2644 5227 2846 5274 tcntur.
2877 5218 2980 5287 lpsi
3012 5218 3161 5272 enim
3193 5219 3368 5287 primo
3415 5231 3776 5288 regnaverunt
3823 5222 4024 5278 Romae
4065 5223 4230 5281 simttl

2645 5308 2798 5363 annis
2825 5323 3048 5363 xxxvtu.
3083 5309 3208 5363 Post
3241 5307 3339 5364 hos
3365 5308 3519 5365 Titus
3556 5311 3742 5367 Tatius
3769 5313 3877 5369 dux
3903 5313 4228 5372 Sabinorum

2645 5400 2888 5468 regnavit
2916 5399 3073 5454 annis
3099 5399 3450 5470 quadraginta
3479 5418 3620 5468 uno;
3649 5405 3848 5461 dehinc
3873 5406 4043 5462 Numa
4076 5409 4231 5466 Pont-

2646 5489 2806 5560 pilius
2849 5493 3008 5546 annis
3054 5491 3403 5562 quadraginta
3461 5495 3669 5562 tribus;
3725 5496 3933 5554 Tullius
3975 5498 4231 5558 Hostilius

2644 5582 2800 5637 annis
2845 5596 2970 5636 xxx.
3005 5582 3245 5649 duobus;
3296 5583 3511 5640 Auchus
3557 5586 3766 5642 Marcus
3807 5588 4044 5659 Filippus
4076 5593 4232 5651 annis

2649 5688 2840 5729 xxvttt.
2888 5671 3217 5743 Tarquinius
3267 5673 3482 5731 Priscus
3535 5679 3693 5733 annis
3728 5695 3854 5735 xxx.
3886 5691 4047 5748 octo;
4078 5687 4232 5754 cujus

2643 5781 2790 5822 anno
2816 5775 2974 5822 sexto
3005 5765 3153 5837 regni
3185 5781 3214 5819 a
3247 5766 3745 5826 Nabuchodonosor
3771 5787 3900 5843 rege
3929 5773 4232 5834 Jerusalem

2643 5859 2943 5919 ostenditur
2991 5857 3271 5930 captivari.
3305 5858 3508 5916 Servus
3562 5861 3785 5932 Tulius,
3841 5878 3999 5923 serva
4043 5880 4230 5934 natus.
