4504 6422
243 419 347 474 553

1127 408 1215 463 DE
1254 403 1714 464 GENEALOGIIS
1759 400 2349 457 PATRIARCIIARUM
2395 399 2612 457 LIBER.

3416 402 3518 460 53!

240 532 394 586 annis
425 544 610 586 xxxvi.
655 527 818 582 Fiunt
852 537 1039 580 omnes
1076 524 1127 576 in
1159 535 1219 577 se
1258 521 1385 575 anni
1418 518 1636 573 ducenti
1667 517 1827 584 quin-
1856 522 1901 578 Α
1933 515 2045 571 Rex
2069 526 2127 571 et
2153 515 2415 571 dederunt
2445 514 2494 567 ei
2535 513 2753 581 scripta,
2787 522 2840 569 et
2886 515 3013 583 legit
3057 523 3110 569 et
3141 517 3283 570 misit
3312 527 3362 570 et
3391 533 3517 573 cun-

240 622 491 690 quaginta
541 633 635 673 sex
679 619 849 683 usque
887 614 953 668 ad
997 613 1229 678 primum
1278 624 1478 664 annum
1513 606 1688 671 Darii,
1719 618 1825 673 quo

239 710 411 781 Cyrus
434 707 715 764 defunctus
738 713 838 759 est.
869 704 986 769 Quo
1014 712 1257 771 tempore
1297 714 1520 769 regnum
1549 698 1823 752 Romano-

241 818 358 857 rum
389 800 767 855 administrare
795 802 1049 864 coeperat
1084 792 1406 863 Tarquinius
1439 789 1732 860 Superbus.
1768 788 1822 841 In

238 896 390 961 cujus
419 891 622 947 scilicet
646 904 786 943 anno
813 886 1046 941 secundo
1077 883 1329 953 completi
1359 890 1485 938 sunt
1515 896 1702 950 regum
1733 896 1824 935 ur-

237 982 320 1039 b’s
342 983 468 1037 anni
496 980 711 1036 ducenti
743 978 1124 1048 quinquaginta
1157 984 1280 1030 octo
1310 990 1477 1045 usque
1512 975 1578 1029 ad
1604 973 1825 1027 concluo

237 1077 445 1129 sionem
486 1085 747 1126 annorum
773 1070 1110 1138 septuaginta
1146 1067 1501 1135 captivitatis,
1534 1066 1826 1119 succeden-

240 1167 382 1221 tibus
410 1162 571 1218 etiam
604 1160 1031 1217 hebdomadibus
1061 1157 1339 1213 Danhielis
1367 1164 1594 1227 septem,
1628 1155 1681 1210 in
1713 1154 1831 1225 qui-

236 1257 337 1312 bus
368 1257 485 1324 ipse
519 1254 759 1323 regnavit
792 1253 948 1307 anuis
994 1252 1182 1320 viginti
1224 1250 1455 1305 duobus.
1499 1248 1662 1304 Fiunt
1700 1262 1829 1319 ergo

237 1347 390 1403 urbis
423 1346 626 1416 Regum
658 1345 784 1399 anni
812 1343 1028 1398 ducenti
1076 1342 1370 1412 octoginta.
1405 1342 1525 1395 POSt
1560 1341 1695 1394 istos
1732 1350 1851 1392 au-'

238 1448 346 1493 tem
376 1451 530 1506 reges
558 1436 804 1492 consules
832 1433 1053 1489 Tribuni
1098 1434 1183 1487 vel
1212 1432 1393 1487 :ediles
1426 1446 1594 1500 usque
1634 1430 1700 1484 ad
1728 1430 1829 1485 Ga-

237 1529 346 1599 jum
373 1528 570 1583 Juilum
600 1525 865 1581 Cresarem
893 1525 1274 1595 judicaverunt
1300 1521 1455 1577 annis
1506 1522 1831 1591 quadrigen-

239 1621 309 1675 tis
362 1618 631 1675 undecim.
674 1620 719 1673 A
760 1618 890 1685 Gajo
930 1632 1060 1671 vero
1104 1616 1240 1672 Iulio
1290 1614 1506 1671 Caesare
1550 1630 1719 1683 usque
1764 1612 1830 1667 ad

239 1709 605 1764 Valentiniani
649 1718 947 1763 extremum
989 1706 1111 1761 vita:
1162 1706 1497 1775 naufragium
1547 1705 1673 1759 anni
1705 1710 1832 1760 sunt

237 1802 507 1869 quingenti
542 1807 683 1863 octo,
716 1799 911 1868 quibus
940 1798 992 1851 in
1033 1796 1393 1851 similitudine
1436 1796 1563 1852 ferri
1594 1795 1720 1851 licet
1748 1811 1834 1851 ar-

1931 607 2137 661 voeavit
2164 620 2352 659 omnes
2382 604 2717 674 praepositos
2742 614 2793 658 et
2842 605 3093 674 majores.
3126 607 3391 662 Sederunt
3421 624 3517 665 au-

1929 706 2035 752 tem
2068 705 2122 751 et
2148 710 2337 750 omnes
2370 696 2661 764 principes,
2693 704 2745 749 et
2784 696 2980 750 lectum
3011 706 3093 752 est
3136 700 3395 768 scriptum
3426 716 3518 755 eo.

1928 804 2043 843 ram
2072 789 2195 855 illis,
2229 797 2281 841 et
2310 788 2443 841 dixit
2477 804 2490 841 ;
2523 797 2708 841 vocate
2753 788 3012 857 juvenes;
3057 800 3109 844 et
3152 790 3252 859 ipsi
3299 792 3521 847 mani'e-

1929 879 2147 936 stabunt
2171 877 2329 932 nobis
2352 891 2634 933 sermones
2662 892 2819 944 suos;
2852 889 2904 933 et
2937 880 3283 948 introjerunt,
3315 892 3365 936 et
3389 883 3523 937 dixit

1928 972 2052 1028 eis:
2102 972 2411 1027 renuntiate
2442 971 2595 1025 nobis
2635 971 2703 1025 de
2746 972 2961 1041 scriptis
2993 973 3205 1027 vestris.
3252 974 3315 1028 Et
3356 976 3521 1045 cmpit

1928 1061 2022 1133 qui
2076 1063 2224 1132 prior
2246 1060 2381 1116 dixit
2407 1062 2471 1116 de
2496 1062 2693 1117 virtute
2715 1064 2844 1127 viui,
2878 1071 2933 1120 et
2955 1064 3031 1119 sic
3053 1064 3164 1119 ait:
3199 1064 3331 1131 Viri,
3362 1082 3518 1135 quam

1930 1155 2037 1210 cito
2062 1154 2331 1227 praevalet
2355 1154 2538 1208 vinum
2568 1154 2819 1207 omnibus
2867 1154 3197 1224 hominibus,
3231 1156 3320 1225 qui
3372 1157 3519 1211 illum

1932 1246 2149 1311 bibunt;
2173 1245 2382 1301 seducit
2409 1258 2624 1299 sensum
2658 1246 2820 1313 regis,
2841 1254 2894 1300 et
2915 1246 3190 1315 orpltanis,
3228 1248 3354 1302 facit
3375 1263 3522 1303 mcu-

1933 1348 2041 1391 tem
2076 1350 2289 1403 vanam,
2308 1335 2448 1390 servi
2473 1343 2525 1390 et
2552 1335 2707 1390 liberi
2738 1336 2991 1405 pauperis
3019 1345 3073 1391 et
3101 1337 3303 1403 divitis,
3328 1348 3382 1393 et
3408 1353 3523 1392 om-

1934 1441 2057 1481 nem
2090 1441 2309 1481 sensum
2342 1426 2586 1480 demutat
2625 1425 2676 1479 in
2711 1425 3039 1481 hilaritatem
3071 1436 3124 1483 et
3164 1429 3441 1498 gaudium,
3473 1439 3526 1483 et

1934 1534 2039 1574 non
2064 1519 2311 1574 meminit
2331 1533 2546 1572 omnem
2578 1519 2850 1573 tristitiam
2882 1527 2937 1574 et
2964 1518 3223 1587 debitum,
3253 1529 3306 1575 et
3335 1535 3528 1576 omnes

1932 1608 2141 1664 animas
2187 1609 2312 1663 facit
2338 1608 2551 1671 divites,
2585 1618 2638 1664 et
2685 1623 2791 1664 non
2836 1610 3079 1663 meminit
3124 1624 3303 1679 regem
3354 1625 3527 1681 neque

1936 1700 2284 1770 praefectum,
2317 1708 2371 1755 et
2400 1700 2578 1754 omnia
2628 1716 2723 1769 per
2753 1701 2950 1755 talenta
2980 1700 3103 1756 facit
3130 1701 3307 1771 loqui;
3337 1713 3391 1757 et
3418 1717 3527 1757 non

1938 1792 2301 1845 meminerunt
2334 1790 2550 1859 quando
2592 1791 2783 1846 bibunt
2827 1790 3184 1847 amicitiarum
3230 1794 3527 1849 amicorum

237 1892 418 1960 giilam
446 1899 584 1945 testo
610 1890 981 1955 commixtum,
1016 1898 1192 1944 tamen
1224 1888 1488 1943 divinitus
1524 1888 1822 1943 Romanum
1859 1884 1902 1943 Β
1932 1888 1985 1935 el
2016 1882 2265 1944 fratrum.
2296 1891 2349 1935 el
2376 1881 2533 1950 paulo
2570 1889 2691 1951 post
2719 1882 2986 1951 arripiunt
3015 1882 3241 1951 gladios,
3267 1892 3320 1939 et
3350 1898 3470 1938 cum
3500 1897 3528 1937 a

235 1998 449 2052 semper
476 1985 622 2039 stetit
649 1982 949 2049 imperium.
988 1982 1201 2036 Dan’eie
1228 1990 1420 2036 sta'uae
1472 1982 1619 2034 illius
1649 1981 1825 2034 inter-

237 2085 466 2144 pretem,
498 2090 654 2142 quam
682 2074 1178 2129 Nabuchodonosor
1211 2077 1596 2139 somniaverat,
1625 2074 1715 2143 qui
1750 2074 1829 2128 le-

235 2165 328 2235 git,
367 2166 643 2232 intelligat.
679 2162 746 2218 Et
782 2164 1093 2218 conciusmn
1114 2174 1195 2218 est
1227 2165 1276 2218 iu
1304 2164 1420 2234 ipso
1450 2166 1698 2234 ingressi:
1731 2179 1829 2219 an-

237 2273 425 2310 norum
456 2258 603 2311 mille
631 2258 1008 2319 ducentorum,
1041 2255 1286 2309 decursis
1312 2263 1615 2325 temporum
1642 2258 1825 2321 metis,

236 2347 515 2402 Romanite
538 2362 777 2415 regnum,
810 2347 1173 2415 promet-quod
1208 2347 1318 2415 jam
1352 2362 1488 2414 pene
1521 2362 1615 2415 per
1656 2357 1827 2401 totum

236 2438 494 2493 ambitum
538 2446 698 2492 terrae
741 2438 995 2491 mortium
1025 2451 1183 2491 ncces
1222 2445 1276 2491 et
1327 2438 1597 2492 cruciatus
1645 2452 1828 2491 accre-

237 2538 415 2593 scunt,
450 2528 709 2583 bellorum
736 2542 965 2595 namque
995 2529 1232 2597 fragores
1260 2543 1657 2597 poenarumque
1715 2529 1829 2583 lues

238 2619 336 2673 sibi
368 2619 596 2673 invicem
626 2618 987 2688 congenitinati
1032 2610 1361 2685 succedunt;
1396 2620 1639 2688 pimctus
1674 2635 1824 2683 vero,

240 2710 415 2778 dolos,
442 2710 627 2780 plagae
654 2711 811 2763 simul
852 2709 1093 2764 etinctns
1124 2710 1320 2778 ubique
1344 2710 1655 2785 funduntur.
1696 2710 1826 2763 Dum

240 2800 373 2855 haec
411 2799 572 2869 igitur
596 2802 771 2853 omnia
798 2800 920 2854 huic
968 2802 1168 2853 mundo
1203 2800 1536 2870 frequentius
1576 2803 1827 2871 inrogan-

241 2900 358 2955 tur,
415 2905 537 2945 cum
583 2890 918 2947 ucctsoaibus
961 2900 1015 2945 et
1066 2892 1260 2947 occisis
1307 2891 1452 2946 illico
1505 2892 1713 2962 singula
1768 2893 1836 2946 ιι..

245 2985 488 3037 nEuntur.

310 3084 337 3114 ⁸
370 3077 577 3131 Interea
612 3076 910 3131 Zarobabel
957 3076 1098 3131 ﬁlius
1139 3075 1383 3142 Salatiel,
1424 3075 1511 3129 hic
1555 3085 1636 3132 est
1682 3076 1770 3143 qui
1803 3089 1832 3129 a

241 3166 401 3220 Dario
423 3182 546 3236 rege
564 3170 860 3236 sapientior
887 3171 1289 3235 pronuntiatur;
1312 3178 1395 3221 est
1417 3167 1558 3220 enim
1581 3169 1646 3221 de
1673 3168 1833 3221 domo

1931 1973 2057 2026 vino
2100 1972 2298 2028 fuerint
2324 1982 2377 2027 et
2405 1974 2835 2036 exsurrexerint,
2864 1988 2969 2027 non
3003 1972 3365 2029 meminerunt
3392 1988 3530 2043 quae

1906 2064 2216 2133 gesserint.
2245 2064 2289 2119 0
2320 2065 2419 2119 viri
2447 2081 2552 2119 non
2581 2065 2853 2134 praevalet
2874 2065 3078 2132 vinum,
3113 2065 3255 2135 quod
3287 2066 3366 2121 sic
3388 2066 3532 2135 cogit

1931 2158 2129 2224 facere,
2165 2168 2217 2211 et
2249 2158 2435 2213 tacuit.
2464 2158 2566 2213 Ubi
2600 2158 2671 2212 ita
2701 2156 2842 2212 dixit
2867 2167 2919 2213 et
2946 2158 3110 2226 cmpit
3142 2158 3411 2214 secundus
3452 2159 3532 2212 io-

1932 2250 2040 2317 qui,
2072 2248 2161 2318 qui
2186 2250 2319 2303 dixit
2340 2249 2407 2305 de
2435 2249 2632 2304 virtute
2671 2248 2830 2319 Regis
2860 2266 2871 2301 :
2897 2248 2941 2303 Ο
2966 2250 3089 2314 viri,
3115 2264 3222 2305 non
3254 2250 3533 2319 prevalcnt

1933 2340 2177 2394 homines
2208 2347 2351 2394 terra
2394 2350 2449 2394 et
2479 2356 2628 2395 mare
2660 2349 2840 2397 tenent
2883 2351 2935 2395 et
2980 2340 3161 2396 omnia
3205 2356 3343 2410 quae
3369 2340 3421 2396 in
3453 2342 3531 2397 eis

1930 2442 2076 2495 sunt,
2113 2432 2221 2485 Rex
2271 2442 2449 2486 autem
2479 2433 2775 2501 praevalet,
2810 2440 2865 2488 et
2886 2432 3196 2487 dominatur
3238 2447 3445 2498 eorum,
3476 2442 3531 2487 et

1931 2536 2091 2576 omne
2120 2522 2495 2592 quodcumque
2532 2524 2734 2579 dixerit
2763 2525 2842 2580 eis
2878 2523 3113 2587 faciunt;
3142 2522 3195 2577 Si
3221 2533 3401 2577 autem
3433 2524 3533 2577 mi-

1930 2615 2061 2668 serit
2092 2629 2203 2680 eos,
2235 2615 2298 2667 ad
2353 2618 2556 2683 hostes,
2591 2624 2741 2681 eunt,
2780 2626 2837 2670 et
2882 2615 3177 2669 conficiunt
3217 2627 3432 2670 moiites
3480 2624 3535 2671 et

1935 2721 2116 2759 muros
2144 2716 2197 2759 et
2234 2713 2426 2771 turres,
2460 2717 2694 2761 mactant
2715 2716 2764 2762 et
2800 2716 3127 2770 mactantur,
3155 2716 3210 2762 et
3240 2707 3401 2777 Regis
3428 2722 3535 2762 non

1934 2804 2277 2863 praetereunt
2298 2795 2537 2849 verbum.
2569 2796 2625 2851 Si
2648 2804 2828 2853 autem
2857 2799 3099 2866 vincunt,
3125 2799 3373 2854 adferunt
3404 2799 3528 2870 Regi

1934 2898 2298 2952 quaecumque
2317 2887 2580 2953 ceperint,
2597 2896 2649 2941 et
2672 2888 2759 2957 qui
2780 2903 2886 2943 non
2904 2888 3134 2943 militant
3157 2905 3256 2944 nec
3275 2898 3531 2960 pugnant,

1935 2980 2027 3031 sed
2059 2988 2254 3030 terram
2288 2981 2497 3044 colunt,
2531 2990 2583 3035 et
2612 2996 2733 3034 cum
2764 2983 3035 3037 araverint
3065 2992 3119 3037 et
3143 2998 3379 3038 messem
3405 2998 3535 3051 ege-

1937 3070 2045 3122 rint
2074 3069 2319 3122 adfetunt
2352 3071 2486 3137 regi,
2516 3082 2567 3123 et
2603 3072 2715 3138 ipse
2759 3072 2908 3125 solus
2936 3081 3047 3137 est;
3096 3082 3152 3126 et
3193 3074 3236 3126 si
3289 3073 3488 3127 dixerit
3520 3090 3535 3127 :

1938 3160 2194 3224 occidite;
2221 3161 2501 3222 occidunt;
2546 3170 2601 3214 et
2643 3162 2685 3214 si
2724 3160 3015 3226 drmittcre,
3050 3162 3342 3230 dimittunt,
3375 3163 3420 3216 si
3445 3176 3537 3217 ce-

240 3257 406 3312 David
441 3276 504 3313 ex
527 3275 723 3326 genere
765 3260 965 3314 Phares
991 3260 1056 3314 de
1083 3260 1219 3313 tribu
1268 3259 1422 3326 Juda,
1450 3259 1600 3328 cujus
1624 3260 1837 3327 petitio-
1865 3227 1911 3290 (ἶ
1943 3249 2071 3304 dere
2120 3249 2342 3328 Ccdlllll;
2391 3252 2432 3304 Si
2467 3251 2770 3319 tleVﬁSlare,
2805 3254 3117 3316 devastanl;
3150 3255 3192 3305 Si
3246 3253 3538 3308 aediﬂrare

240 3349 324 3402 uis
353 3350 461 3403 Rex
498 3351 686 3404 Darius
714 3352 970 3417 templum
1005 3352 1280 3405 aedificari
1308 3352 1557 3418 jussit,et
1588 3352 1833 3404 universa

242 3453 366 3491 vasa
396 3442 627 3494 restitui.
660 3442 773 3510 Ipse
807 3444 895 3496 est
928 3441 1136 3504 Darius,
1171 3442 1261 3510 qui
1294 3442 1613 3496 Artaxerses
1639 3456 1833 3495 secun-

242 3531 367 3585 dum
400 3532 662 3588 Chaldeos
693 3534 998 3588 nominatus
1029 3543 1132 3600 est,
1166 3534 1458 3587 secundum
1497 3532 1680 3587 Medos
1710 3546 1837 3586 vero

245 3622 432 3679 Darius
469 3626 766 3694 appellatus
808 3633 911 3680 est.
956 3625 1056 3679 llic
1111 3625 1235 3678 iecit
1284 3625 1587 3677 convivium
1634 3622 1837 3692 grande

242 3716 491 3769 omnibus
522 3718 606 3784 qui
638 3716 739 3770 sub
762 3731 826 3770 eo
847 3724 1021 3782 erant,
1041 3716 1290 3770 omnibus
1312 3715 1622 3769 domesticis
1648 3723 1701 3767 et
1723 3729 1839 3767 om-

248 3806 407 3861 nibus
436 3806 756 3873 praepositis
782 3805 987 3860 Mediae
1020 3814 1071 3859 et
1101 3805 1358 3871 Persidis,
1388 3805 1455 3858 ab
1490 3805 1635 3858 india
1670 3819 1837 3873 usque

245 3897 538 3965 [Etiopiam
569 3907 783 3949 centum
814 3912 844 3949 v
868 3897 996 3967 ginti
1024 3905 1229 3966 septem
1254 3896 1581 3962 regionibus.
1620 3896 1686 3949 Et
1715 3910 1834 3949 cum

247 3990 505 4043 bibissent
556 3997 611 4042 et
657 3989 1074 4041 nianducassent
1112 3990 1301 4057 repleti
1356 3988 1836 4058 regrediebantur;

247 4080 439 4133 Darius
466 4079 578 4132 Rex
614 4079 856 4134 ascendit
882 4079 1186 4134 cubiculum
1217 4095 1393 4141 suum,
1424 4078 1839 4143 etdormivit,et

245 4185 440 4239 expers
471 4170 641 4223 factus
669 4180 771 4225 est.
800 4170 947 4224 Tunc
980 4180 1085 4226 tres
1108 4172 1333 4239 juvenes
1361 4170 1609 4225 custodes
1639 4184 1837 4239 corpu.

247 4262 322 4317 ris
363 4263 505 4331 regis
538 4264 788 4317 dixerunt
814 4262 878 4314 ad
909 4262 1247 4322 alterutrum,
1282 4262 1425 4314 dicat
1471 4260 1839 4330 unusquisque

249 4364 493 4408 nostrum
527 4368 829 4409 sermonem
873 4369 1027 4407 suum
1061 4354 1149 4419 qui
1205 4352 1531 4422 praevaleat,
1561 4363 1613 4406 ct
1659 4351 1839 4419 cujus-

249 4458 480 4513 cumque
529 4444 684 4498 ftn-rit
719 4444 939 4497 verbum
985 4444 1299 4512 sapientior,
1334 4442 1485 4496 dabit
1512 4445 1559 4495 ei
1604 4456 1697 4495 rex
1738 4442 1838 4496 Da-

249 4538 361 4590 rius
404 4551 622 4591 munera
654 4551 866 4606 magna,
896 4544 949 4590 et
972 4551 1133 4604 super
1156 4534 1435 4590 victoriam
1471 4549 1703 4602 purpura
1731 4534 1835 4588 cir-

248 4628 514 4693 cumdari,
538 4637 589 4682 et
612 4628 665 4681 in
695 4642 827 4683 auro
855 4626 1059 4692 bibere,
1085 4634 1141 4681 et
1170 4641 1332 4696 super
1360 4640 1548 4679 aurum
1572 4624 1835 4690 dormire,

249 4726 303 4771 et
326 4716 637 4785 quadrigam
665 4717 985 4779 inauratam,
1010 4727 1063 4771 et
1084 4717 1304 4785 cydarin
1336 4716 1633 4787 byssinam,
1659 4726 1712 4770 et
1739 4724 1843 4769 tor-

247 4822 407 4877 quem
447 4821 663 4861 auream
694 4808 834 4861 circa
863 4807 1055 4863 collum
1084 4807 1226 4875 ejus,
1253 4817 1308 4861 et
1337 4806 1607 4861 secundus
1635 4806 1842 4861 sedebit

249 4913 277 4952 a
326 4899 503 4963 Dario,
533 4908 747 4967 propter
792 4899 1106 4967 sapientiam
1160 4914 1333 4967 suam,
1368 4908 1419 4952 et
1465 4898 1661 4953 adfinis
1695 4897 1837 4952 Darii

251 4991 549 5043 vocabitur.
581 4990 729 5044 Tunc
749 4991 1083 5059 scripserunt
1124 4991 1318 5060 singuli
1350 5006 1653 5044 sermonem
1679 5005 1835 5044 suum

248 5090 304 5135 et
351 5090 644 5149 posuerunt
688 5081 790 5135 sub
838 5082 1055 5149 pulvino
1106 5083 1268 5150 Darii,
1318 5094 1371 5138 et
1398 5082 1689 5137 dixerunt:
1719 5099 1844 5139 cum

253 5172 517 5226 lcvaverit
550 5186 608 5226 se
642 5173 775 5237 liex,
808 5172 1054 5227 dabimus
1081 5174 1363 5241 scriptum,
1392 5183 1446 5229 et
1469 5175 1607 5244 quod
1634 5173 1845 5244 judica-

251 5263 389 5316 verit
413 5261 549 5327 Rex,
581 5271 634 5316 et
677 5273 783 5317 tres
820 5264 1051 5332 majores
1082 5265 1337 5329 Persidis,
1370 5276 1423 5320 et
1474 5265 1628 5337 cujus
1666 5280 1847 5321 sermo

248 5353 549 5420 sapientior
572 5353 751 5420 fttcrit,
777 5354 874 5424 ipsi
902 5355 1118 5409 dabitur
1150 5357 1393 5422 vit-toria,
1418 5358 1555 5411 sicut
1584 5360 1843 5427 scriptum

251 5455 354 5499 est.
390 5445 537 5501 Unus
585 5446 833 5514 scripsit,
866 5449 1000 5501 forte
1051 5458 1133 5502 est
1164 5449 1370 5504 viuum.
1405 5450 1555 5504 Alius
1604 5452 1841 5517 scripsit,

252 5535 490 5605 prevaiet
525 5537 659 5592 iter.
690 5536 901 5591 Tertius
952 5538 1193 5606 sc.ipsil,
1230 5540 1545 5607 praevalent
1569 5541 1847 5607 mulieres,

254 5643 417 5699 super
458 5629 636 5684 omnia
666 5638 844 5684 autem
878 5633 1114 5699 prevalet
1159 5632 1376 5687 veritas.
1412 5633 1562 5689 Tunc
1602 5633 1847 5691 surrexit

326 5820 349 5849 ι
381 5811 503 5869 llaec
537 5818 591 5869 et
622 5810 893 5880 sequentia
928 5818 1050 5865 sunt
1088 5825 1150 5865 ex
1185 5810 1273 5865 lib.
1312 5826 1365 5865 ιιι
1392 5809 1596 5867 Εδᾶικ.

1940 3324 2256 3400 aedificant;
2290 3341 2333 3392 si
2363 3340 2613 3394 excidere
2654 3341 2935 3402 excidunt;
2966 3342 3010 3394 si
3063 3341 3329 3410 plantare,
3384 3343 3540 3411 pian-

1938 3438 2072 3496 tant,
2107 3439 2159 3482 et
2188 3432 2364 3483 omnis
2393 3430 2541 3497 plebs
2587 3440 2639 3484 et
2667 3440 2903 3499 potestas
2933 3433 3099 3501 ipsius
3132 3441 3298 3487 sunt:
3343 3448 3541 3503 supcr-

1941 3521 2021 3574 bis
2053 3531 2231 3575 autem
2282 3524 2605 3577 recumbens
2636 3524 2921 3578 manducat
2969 3534 3023 3579 et
3054 3526 3186 3581 bibit
3217 3532 3271 3580 et
3315 3527 3537 3591 dormit,

1941 3610 1991 3662 hi
2016 3623 2194 3666 autem
2238 3622 2455 3667 servant
2498 3613 2549 3671 in
2605 3614 2833 3669 circuitu
2862 3615 2999 3684 ejus,
3031 3631 3131 3669 nec
3182 3626 3409 3685 possunt
3460 3616 3539 3670 ire

1941 3704 2130 3775 singuli
2154 3718 2205 3759 et
2240 3706 2417 3761 facere
2444 3721 2604 3776 opera
2625 3721 2743 3773 sua,
2769 3715 2822 3760 et
2852 3724 2955 3762 non
2983 3710 3029 3761 ei
3054 3709 3332 3763 obaudire.
3355 3708 3396 3763 Ο
3417 3708 3539 3772 viri,

1940 3794 2210 3863 quomodo
2242 3812 2348 3850 non
2396 3798 2704 3864 supervalet
2754 3798 2886 3853 Rex.
2917 3798 3130 3852 Tertius
3177 3799 3267 3868 qui
3315 3800 3446 3854 dixit
3473 3799 3543 3854 de

1942 3887 2253 3941 mulio-ribus
2274 3899 2329 3941 et
2358 3890 2603 3954 veritate,
2644 3889 2729 3942 hic
2761 3888 3163 3943 estZoiobabel
3206 3889 3348 3944 filius
3394 3892 3541 3944 sala-

1940 3979 2068 4031 thiel
2100 3982 2167 4034 de
2194 3980 2354 4033 domo
2390 3980 2553 4033 David
2594 3994 2658 4034 ex
2684 3994 2879 4050 genere
2910 3979 3074 4035 Fares
3118 3981 3185 4035 de
3212 3981 3350 4035 tribu
3380 3981 3541 4045 Juda,

1940 4074 2103 4142 coepit
2130 4074 2274 4144 loqui
2310 4093 2321 4128 :
2357 4075 2490 4140 Viri,
2525 4091 2631 4131 non
2675 4091 2902 4145 magnus
2935 4077 3045 4131 Rex
3080 4085 3133 4132 et
3163 4077 3314 4131 multi
3362 4078 3541 4133 humi-

1941 4180 2037 4220 nes
2078 4175 2133 4221 et
2182 4168 2367 4221 vinum
2411 4168 2568 4232 forte,
2610 4169 2731 4236 quis
2786 4182 2919 4239 ergo
2971 4169 3279 4223 dominatur
3328 4184 3539 4237 eorum,

1940 4272 2121 4311 nonne
2165 4258 2460 4313 mulieres?
2506 4258 2763 4313 mulieres
2812 4266 3212 4328 generaverunt
3252 4274 3457 4328 regem,
3490 4269 3546 4314 et

1940 4364 2154 4403 omnem
2202 4350 2411 4419 plebem
2449 4366 2587 4420 quae
2640 4350 2947 4405 dominatur
2983 4350 3118 4405 mari
3167 4359 3221 4404 et
3281 4352 3441 4405 terris
3491 4360 3545 4406 et

1940 4455 2003 4494 ex
2040 4440 2169 4508 ipsis
2201 4440 2321 4495 facti
2354 4448 2573 4499 sunt.et
2594 4440 2725 4510 ipsa:
2749 4442 2997 4496 aluerunt
3027 4457 3121 4497 eos
3149 4443 3236 4511 qui
3262 4443 3544 4512 plantave-

1942 4540 2068 4584 runt
2098 4533 2301 4596 vineas,
2327 4531 2395 4586 de
2425 4532 2615 4601 quibus
2640 4532 2819 4586 vinum
2853 4533 2939 4596 fit;
2969 4534 3115 4601 ipsae
3158 4534 3360 4587 faciunt
3392 4534 3546 4587 indu-

1948 4632 2127 4676 menta
2170 4622 2419 4677 omnibus
2450 4622 2782 4687 hominibus,
2814 4633 2867 4677 et
2897 4624 3044 4691 ipsae
3089 4624 3287 4678 faciunt
3321 4624 3546 4693 gloriam

1948 4715 2277 4780 hominibus,
2308 4725 2360 4769 et
2380 4729 2483 4767 non
2509 4722 2733 4783 possunt
2754 4716 2995 4783 separari
3028 4713 3275 4769 homines
3298 4729 3327 4768 a
3356 4714 3548 4769 mulie-
3605 4783 3609 4786 ν

1945 4806 2123 4871 ribus;
2152 4805 2292 4859 sicut
2336 4805 2546 4874 egerint
2594 4818 2785 4858 aurum
2823 4812 2879 4859 et
2908 4813 3190 4875 argentum
3231 4813 3288 4860 et
3333 4820 3551 4860 omnem

1944 4915 2058 4955 rem
2083 4899 2403 4968 speciosam,
2424 4907 2479 4955 et
2501 4898 2733 4955 viderint
2754 4900 3038 4956 mulierem
3068 4915 3228 4955 unam
3256 4900 3394 4955 bona
3427 4914 3553 4970 spe-

1947 4992 2029 5045 cie
2050 5003 2098 5044 et
2133 4992 2270 5045 bona
2303 4990 2493 5055 forma,
2513 5000 2567 5045 et
2600 4992 2733 5046 haec
2758 4992 2938 5045 omnia
2967 4990 3247 5046 dimittunt
3276 5000 3332 5047 et
3364 4991 3555 5060 inipsa

1955 5083 2267 5151 rcSpieiunt,
2302 5090 2356 5136 et
2395 5096 2489 5135 ore
2539 5082 2740 5152 patenti
2786 5082 3064 5137 intuentur
3103 5096 3247 5153 eam,
3279 5092 3332 5137 et
3361 5098 3556 5139 omnes

1954 5190 2071 5229 eam
2104 5176 2343 5240 laudant,
2377 5176 2545 5245 magis
2589 5190 2747 5245 quam
2793 5191 2981 5231 aurum
3031 5184 3087 5230 et
3134 5186 3417 5246 argentum
3462 5186 3557 5231 aut

1954 5284 2115 5324 omne
2141 5283 2277 5338 opus
2308 5269 2656 5337 praetiosum.
2683 5268 2845 5326 homo
2886 5276 3093 5338 patrem
3121 5282 3277 5323 suum
3323 5268 3554 5323 derelin-

1955 5371 2076 5428 quet
2102 5361 2189 5429 qui
2219 5376 2341 5414 eum
2373 5359 2592 5414 nutrivit
2618 5368 2673 5414 et
2700 5367 2904 5415 terram
2930 5373 3081 5413 suam
3105 5367 3160 5413 et
3181 5359 3246 5414 ad
3274 5359 3555 5414 mulierem

1956 5466 2107 5505 suam
2160 5451 2494 5520 adhaerebit,
2528 5459 2584 5507 et
2625 5466 2747 5506 cum
2791 5451 3016 5507 muliere
3058 5449 3283 5505 dimittit
3321 5451 3557 5503 animam

1956 5558 2131 5607 suam,
2157 5552 2211 5596 et
2240 5557 2415 5612 neque
2447 5543 2612 5611 patris
2642 5542 2907 5607 nzeminit,
2944 5556 3121 5613 neque
3150 5542 3357 5608 matris,
3380 5553 3560 5607 neque

1961 5643 2160 5691 terrae.
2199 5636 2263 5690 lit
2292 5636 2378 5691 hic
2408 5636 2618 5692 debetis
2641 5649 2985 5707 cognoscere,
3021 5635 3273 5706 quoniam
3305 5633 3558 5691 mulieres
