4504 6474
721 457 827 516 535

1992 433 2291 496 ᾹΝΟΝΥΙῙΙ
2330 432 2680 496 Αυῦτσῐιιε·

3880 431 3998 493 δεσ

716 566 1063 624 dominantur
1098 558 1286 620 vestri.
1310 556 1499 615 Nonne
1527 552 1783 611 laboratis
1803 561 1859 610 et
1878 551 2074 610 doletis
2098 559 2156 609 et
2181 564 2294 607 orn-
2323 551 2374 612 Α
2395 549 2609 622 juvenis
2629 567 2660 607 a
2686 551 2818 606 facie
2847 548 3005 620 Regis
3036 545 3300 622 aspiciens
3323 547 3519 604 cmlum
3539 553 3726 605 contra
3764 545 3986 605 Jerusa-

715 658 802 714 nia
825 654 1139 713 mulieribus
1166 651 1384 709 adfertis
1412 656 1462 706 et
1489 646 1659 708 datis;
1682 653 1736 701 et
1769 643 1962 714 accipit
1989 644 2150 698 homo
2179 641 2292 713 gla-

712 746 861 802 dium
887 758 1044 800 suum
1071 749 1126 800 et
1149 739 1292 796 vadit
1318 733 1667 808 peregrinari,
1700 741 1755 788 et
1784 733 1838 788 In
1868 732 2002 789 navi
2015 732 2286 804 navigare,

711 847 768 894 et
796 836 849 891 in
872 833 1046 905 tluvijs
1069 830 1314 897 transire,
1342 837 1396 883 et
1416 825 1628 882 leonem
1651 823 1856 890 videre,
1887 832 1942 878 et
1977 823 2030 878 in
2054 821 2287 879 tenebris

711 927 969 993 ambulat,
995 933 1048 981 et
1076 936 1196 978 eum
1223 918 1429 976 furatus
1456 915 1620 973 fuerit
1647 928 1702 971 et
1729 914 2068 970 latrocinium
2103 911 2291 969 iecerit

709 1032 764 1075 et
803 1015 1026 1087 ceperit
1057 1011 1273 1069 amicae
1292 1023 1423 1066 suae
1451 1007 1663 1063 aﬂ‘erre.
1693 1004 1762 1062 Et
1793 1007 1986 1061 iterum
2018 1003 2178 1058 homo
2202 1002 2287 1058 di-

710 1112 824 1180 ligit
843 1107 1122 1164 mulierem
1143 1117 1295 1160 suam
1323 1101 1492 1172 magis
1511 1114 1681 1172 quam.
1698 1106 1904 1170 patrem
1932 1106 2023 1153 aut
2037 1105 2284 1163 matrem,

704 1213 758 1256 et
790 1193 940 1256 mutii
966 1195 1342 1268 desperatione
1371 1191 1498 1251 tacti
1534 1201 1657 1246 sunt
1681 1200 1902 1261 propter
1945 1187 2287 1253 mulieres.et

705 1292 849 1349 servi
878 1291 999 1347 iacti
1028 1297 1158 1345 sunt-
1181 1295 1403 1358 propter
1415 1298 1528 1350 eas,
1552 1291 1609 1339 et
1634 1282 1785 1336 multi
1814 1280 2086 1351 perierunt
2114 1289 2174 1336 etv
2197 1294 2286 1335 oc-

705 1382 800 1435 οἱδὶ
825 1387 1016 1435 suntet
1039 1383 1624 1448 peccaveruntpropter
1647 1370 1922 1438 mulieres,
1941 1379 1996 1425 et
2017 1383 2158 1425 nunc
2179 1383 2284 1424 non

706 1471 925 1530 creditis
964 1469 1097 1526 mihi
1124 1467 1375 1539 quoniam
1418 1475 1644 1533 magnus
1669 1470 1751 1517 est
1777 1459 1891 1515 Rex
1922 1460 1974 1515 in
2019 1469 2286 1541 potestate

707 1579 802 1618 sua
832 1573 887 1619 et
905 1575 1091 1617 omnes
1110 1559 1360 1628 regiones
1383 1554 1570 1611 timent
1597 1553 1921 1622 contingere
1939 1566 2083 1607 eum.
2102 1551 2164 1605 Et
2190 1549 2284 1606 de.

707 1654 878 1710 banna
914 1669 1009 1723 per
1055 1653 1220 1706 Bmen
1268 1647 1370 1703 lilia
1419 1644 1674 1702 Benacbi
1720 1643 1866 1699 illius
1893 1642 2154 1698 mirabilis
2183 1641 2291 1700 viri

705 1746 996 1801 concubina
1033 1743 1194 1812 Regis
1230 1742 1501 1797 sedentem
1537 1737 1646 1792 vidi
1669 1737 1812 1792 circa
1845 1737 2067 1806 Regem,
2102 1745 2154 1789 et
2184 1750 2281 1790 ac-

704 1835 988 1902 cipientem
1030 1831 1274 1888 diadema
1317 1830 1397 1885 de
1413 1830 1588 1898 capite
1614 1825 1799 1896 Regis,
1838 1834 1893 1882 et
1921 1827 2282 1895 'rmponentem

2391 645 2499 702 lcrn
2525 643 2796 702 benedixit
2818 641 3046 698 Domino
3067 650 3126 698 et
3165 639 3302 697 dixit
3324 655 3341 697 :
3363 656 3391 692 a
3415 648 3479 696 te
3509 638 3757 704 victoria,
3785 648 3838 694 et
3876 651 3906 693 a
3931 645 3993 692 te

2389 737 2673 808 sapientia,
2702 744 2758 791 et
2784 741 2873 789 tua
2898 734 3090 806 gloria.
3121 742 3175 790 ct
3202 747 3302 804 ego
3337 745 3528 787 servus
3567 738 3691 786 tuus
3714 746 3731 786 :
3757 728 3983 786 benedi-

2388 838 2508 884 ctus
2532 843 2591 884 es
2619 828 2709 898 qui
2736 826 2930 884 dedisti
2975 824 3107 880 mihi
3132 822 3468 896 sapientiam,
3497 832 3554 881 et
3584 824 3806 880 domine
3829 835 3980 892 pater

2390 921 2484 977 tibi
2513 920 2798 978 conﬁteor;
2826 918 2895 975 Et
2935 916 3146 988 accepit
3170 915 3484 986 aepistnlas,
3509 924 3565 972 et
3594 914 3871 986 prolectus
3895 920 3986 969 est

2389 1011 2443 1068 in
2468 1010 2798 1068 Babiloniam
2831 1019 2893 1066 et
2915 1007 3242 1065 renuntiavit
3265 1007 3522 1063 fratribus
3545 1006 3659 1063 suis
3703 1002 3982 1068 omnibus,

2387 1110 2444 1158 et
2469 1100 2863 1158 benedicehant
2888 1100 3055 1156 Deum
3086 1107 3294 1168 patrum
3322 1112 3571 1164 suorum,
3600 1096 3855 1168 quoniam
3881 1093 3982 1150 d‘c-

2386 1193 2465 1248 dlt
2493 1194 2572 1250 eis
2593 1191 2965 1250 remissionem
2986 1190 3279 1248 ascendere
3300 1198 3354 1246 et
3373 1189 3658 1246 aediﬁcare
3678 1187 3982 1245 Jerusalem

2387 1292 2445 1340 et
2487 1283 2762 1349 templum,
2795 1281 2883 1338 ubi
2932 1282 3238 1339 invocatum
3283 1289 3368 1337 est
3416 1295 3612 1336 nomen
3660 1279 3779 1349 ejus
3805 1278 3861 1332 in
3889 1291 3980 1332 eo.

2390 1373 2488 1428 Est
2507 1384 2686 1429 autem
2729 1386 2989 1429 numerus
3018 1387 3206 1428 eorum
3235 1371 3326 1442 qui
3366 1371 3436 1428 de
3474 1368 3786 1439 captivitate
3819 1367 3981 1422 Babi-

2389 1464 2563 1520 loniae
2614 1464 2843 1534 regressi
2892 1473 3020 1518 sunt
3065 1463 3118 1518 in
3163 1472 3305 1519 terra
3358 1462 3492 1518 Juda
3523 1469 3580 1517 et
3615 1459 3917 1517 Jerusalem
3950 1474 3983 1514 a

2386 1559 2714 1616 duodecimo
2733 1573 2877 1614 anno
2902 1567 2958 1614 ct
2985 1573 3168 1628 supra,
3202 1565 3417 1626 praeter
3439 1569 3633 1626 pueros
3673 1563 3728 1611 et
3772 1554 3983 1623 puellas

2386 1648 2839 1719 quadragintatria
2865 1649 3009 1703 milia
3039 1648 3264 1704 trecenti
3296 1642 3766 1714 sexaginta.Pueri
3796 1654 3982 1699 autem

2385 1751 2444 1796 et
2469 1743 2675 1810 puellae
2735 1741 3053 1809 septemillia
3100 1739 3324 1795 tri-centi
3364 1737 3557 1808 viginti
3601 1745 3805 1808 septem
3835 1736 3985 1804 psal-

2390 1834 2818 1894 lentes.masculi
2840 1843 2894 1888 ct
2921 1833 3173 1890 {mutinae
3198 1831 3412 1902 dngenti
3442 1829 3791 1900 quadraginta
3823 1827 3984 1897 quin-

703 1925 802 1981 sibi
830 1936 883 1982 et
926 1924 1279 1993 alapizantem
1325 1919 1524 1989 Regem
1565 1917 1633 1973 de
1660 1930 1821 1971 manu
1865 1916 2103 1980 sinistra,
2136 1923 2196 1969 et
2217 1914 2282 1970 ad
2321 1903 2482 1997 Βηυε

2217 1914 2282 1970 ad
2321 1903 2512 1997 Bque,
2544 1926 2767 1982 Cantclli
2799 1926 3171 1997 quadringenti
3200 1941 3360 1980 xxxv.
3392 1923 3636 1994 snhjugia
3677 1921 3983 1991 promiscua

704 2017 835 2072 haec
877 2014 1055 2070 omnia
1102 2013 1215 2069 Rex
1248 2011 1411 2066 hebes
1441 2008 1640 2079 patenti
1669 2022 1764 2062 ore
1795 2006 2100 2062 intuebatur
2129 2020 2192 2061 ea
2217 2023 2276 2070 η,

702 2115 759 2162 et
794 2107 846 2162 si
867 2106 1146 2161 adrisisset
1181 2103 1230 2159 ei
1261 2101 1466 2158 ridebat
1507 2099 1651 2164 Rex,
1675 2099 1761 2154 vel
1807 2098 1849 2152 si
1883 2098 2013 2151 irata
2058 2106 2203 2151 esset
2232 2105 2284 2150 it

706 2195 1078 2253 blandiebatur
1120 2193 1167 2250 ei
1195 2192 1367 2263 quoad
1401 2204 1568 2260 usque
1598 2189 1651 2243 in
1681 2186 1912 2256 gratiam
1944 2185 2145 2242 rediret
2164 2201 2284 2240 cum

706 2303 789 2345 ea.
821 2287 867 2343 Ο
887 2289 986 2341 viri
1015 2285 1284 2356 quomodo
1325 2297 1428 2338 non
1459 2283 1621 2336 fortes
1648 2287 1794 2343 sunt,
1825 2292 1970 2349 quae
1984 2278 2063 2332 sic
2087 2274 2283 2347 agunt!

704 2378 767 2433 Et
799 2387 926 2432 tunc
954 2377 1068 2432 Rex
1099 2383 1153 2430 et
1193 2382 1426 2442 potestas
1470 2371 1589 2435 eius
1631 2368 1968 2440 aspiciebant
2009 2367 2076 2422 ad
2121 2368 2287 2422 alter-

705 2478 902 2534 utrum,
925 2474 980 2522 et
1007 2467 1170 2534 cmpit
1212 2464 1356 2533 loqui
1383 2463 1451 2518 de
1475 2464 1725 2526 veritate,
1756 2459 1896 2528 Viri,
1931 2475 2037 2514 non
2080 2475 2148 2516 ne
2177 2461 2284 2515 lor-

698 2567 784 2615 tes
820 2567 946 2614 sunt
971 2557 1245 2624 mulieres,
1271 2564 1330 2611 et
1347 2569 1535 2625 magna
1564 2562 1648 2611 est
1673 2561 1814 2608 terra
1855 2561 1910 2608 et
1937 2553 2168 2608 sublime
2201 2561 2288 2608 est

705 2650 902 2714 celum,
914 2657 970 2705 et
989 2649 1185 2703 citatus
1200 2661 1388 2702 cursus
1409 2645 1540 2702 solis
1565 2644 1901 2714 regredietur
1931 2645 1987 2698 in
2003 2645 2285 2699 circuitum

705 2741 854 2806 cmii,
875 2748 931 2795 et
962 2741 1158 2794 iterum
1183 2738 1414 2793 recurrit
1442 2738 1497 2790 in
1524 2736 1752 2794 eundem
1779 2735 1956 2790 locum
1987 2737 2042 2790 iu
2068 2750 2169 2790 una
2199 2735 2287 2790 die

707 2848 814 2887 non
839 2845 1062 2901 mgnus
1095 2831 1186 2899 qui
1215 2829 1314 2886 ista
1341 2830 1468 2884 fecit
1497 2837 1550 2882 et
1570 2828 1764 2884 veritas
1807 2843 1996 2896 magna
2020 2837 2076 2883 et
2098 2828 2286 2883 fortior

706 2937 832 2992 prae
855 2921 1124 2977 omnibus.
1154 2920 1342 2975 Omnis
1370 2928 1510 2975 terra
1532 2920 1812 2976 veritatem
1840 2920 2075 2987 invocat,
2107 2921 2282 2975 celum

706 3027 821 3067 eam
865 3011 1138 3067 benedicit
1182 3019 1236 3066 et
1269 3010 1449 3064 omnia
1490 3024 1654 3080 opera
1693 3024 1830 3080 quae
1860 3018 2142 3066 moventur
2173 3020 2283 3066 tre-

707 3110 876 3172 meat,
918 3111 975 3157 et
1021 3116 1127 3156 non
1174 3102 1332 3158 estin
1375 3114 1441 3157 eo
1489 3100 1766 3170 iniqu'tas.
1800 3100 2047 3170 Iniquum
2077 3101 2282 3167 vinum,

709 3194 928 3259 iniquus
965 3193 1100 3259 Rex,
1149 3192 1366 3262 iniquae
1402 3191 1681 3258 mulieres,
1719 3193 1892 3262 iniqui
1921 3207 2112 3249 omnes
2158 3194 2286 3248 ﬁliis

709 3282 1008 3350 hominum,
1035 3283 1217 3352 iniqua
1249 3280 1424 3337 omnia
1451 3295 1616 3352 opera
1645 3296 1851 3348 eorum,
1888 3292 1942 3338 et
1969 3299 2073 3338 non
2103 3293 2186 3339 est
2231 3285 2285 3339 in

709 3371 839 3442 ipsis
859 3374 1078 3439 veritas,
1101 3380 1154 3427 et
1170 3372 1232 3426 in,
1249 3371 1534 3440 iniquitate
1558 3385 1651 3437 sua
1683 3371 1974 3441 peribunt:
2004 3383 2056 3429 et
2085 3377 2285 3430 verltas

709 3474 892 3520 manet
917 3464 971 3517 in
997 3471 1369 3530 aeternum,et
1391 3462 1518 3518 vivit
1537 3471 1592 3518 et
1617 3469 1764 3519 tenet
1783 3462 1837 3518 in
1862 3465 2137 3519 saeculum
2167 3478 2286 3521 sae~

709 3555 841 3610 cuii.
870 3554 938 3608 Et
960 3568 1068 3609 non
1090 3563 1173 3610 est
1201 3553 1342 3624 apud
1362 3554 1538 3622 ipsam
1573 3553 1818 3623 adcipere
1848 3567 2156 3624 personam,
2188 3555 2284 3610 sed

710 3647 1036 3718 aequitatem
1063 3644 1205 3710 facit,
1221 3644 1288 3698 ab
1311 3642 1559 3698 omnibus
1579 3642 1778 3712 iniquis
1798 3649 1855 3696 et
1872 3643 2035 3698 malis
2053 3644 2287 3699 abstinet

706 3754 793 3803 se,
820 3747 876 3794 et
904 3752 1007 3792 non
1033 3745 1115 3792 est
1144 3738 1196 3791 in
1238 3736 1495 3813 judicium
1527 3735 1641 3805 ejus
1673 3735 1918 3803 iniquus;
1960 3744 2015 3790 et
2043 3736 2145 3805 ipsi
2177 3735 2287 3792 for-

711 3829 893 3885 titudo
913 3837 967 3885 et
995 3841 1222 3898 regnum
1243 3837 1297 3883 et
1338 3835 1577 3896 potestas
1622 3835 1678 3881 et
1725 3825 2122 3897 magniﬁcentia
2171 3841 2286 3882 om—

710 3921 864 3977 nium
885 3917 1188 3975 seculorum
1222 3916 1534 3975 benedictus
1565 3915 1706 3972 Deus
1736 3917 2003 3974 veritatis.
2034 3918 2097 3974 Et
2119 3921 2286 3976 tacuit

710 4011 999 4084 loquendo.
1033 4011 1096 4067 Et
1125 4011 1299 4066 omnis
1327 4009 1480 4080 plebs
1504 4010 1889 4077 clamaverunt,
1923 4019 1975 4067 et
1995 4010 2283 4068 dixerunt:

709 4119 902 4176 magna
931 4103 1132 4160 veritas
1157 4111 1213 4155 et
1233 4099 1555 4170 supervalet.
1585 4099 1737 4156 Tune
1761 4101 1895 4156 dixit
1923 4102 1970 4157 ei
2007 4101 2139 4168 Rex,
2166 4114 2286 4173 pete

712 4211 856 4270 quae
866 4196 998 4251 vellis
1021 4193 1138 4264 plus
1153 4180 1312 4264 quam
1326 4207 1462 4262 quae
1479 4193 1681 4261 scripta
1695 4203 1818 4246 sunt
1844 4201 1900 4248 et
1919 4193 2078 4260 dabo,
2097 4210 2287 4265 quem-

710 4288 994 4347 admodum
1037 4287 1286 4340 inventus
1320 4299 1380 4338 es
1413 4283 1722 4352 sapientior,
1753 4291 1808 4338 et
1848 4284 2120 4353 p'roximus
2160 4286 2288 4341 mihi

708 4378 922 4436 sedebis
950 4386 1002 4431 et
1030 4376 1223 4430 adfinis
1264 4388 1416 4429 meus
1447 4374 1744 4428 vocaberis.
1775 4373 1923 4430 Tunc
1951 4375 2082 4445 Regi
2107 4375 2243 4431 dixit
2271 4393 2286 4432 :

709 4484 1008 4528 memorare
1032 4469 1142 4522 voti
1170 4466 1310 4536 quod
1343 4466 1557 4531 vovisti,
1588 4465 1870 4522 aediﬁcare
1904 4467 2201 4524 Jerusalem
2235 4471 2288 4525 in

710 4566 798 4620 die
817 4579 921 4635 quo
943 4565 1184 4633 Regnum
1214 4562 1487 4630 acccpisﬁ,
1521 4571 1573 4616 et
1596 4562 1769 4616 omnia
1796 4576 1921 4617 vasa
1950 4577 2086 4632 quae
2108 4563 2281 4619 ablata

705 4668 833 4717 sunt
877 4655 1164 4721 dimittere,
1207 4668 1344 4723 quae
1374 4653 1644 4721 separavit
1681 4652 1852 4724 Cyrus
1893 4654 2004 4708 Rex
2043 4669 2164 4710 cum
2199 4673 2284 4712 me
2314 4641 2342 4681 ⁸⁷

706 4748 984 4806 excideret
1033 4747 1383 4802 Babiloniam.
1436 4746 1499 4800 Et
1525 4746 1670 4800 vovit
1723 4747 1994 4802 remittere
2019 4762 2081 4803 ea
2115 4748 2165 4803 in
2192 4749 2286 4806 Je-

710 4840 1058 4898 rusalem.Et
1101 4849 1155 4894 tu
1204 4837 1393 4893 vovisti
1441 4847 1622 4892 votum
1675 4839 1957 4895 aedificare
2007 4841 2284 4908 templum.

708 4934 850 5002 quod
873 4932 1225 4987 incenderunt
1251 4929 1502 4985 Chaldaei
1523 4944 1643 4984 cum
1666 4929 1902 4985 desolata
1924 4940 2065 4986 esset
2087 4921 2286 4992 Iudea:

711 5035 766 5085 et
790 5040 932 5082 nunc
959 5025 1060 5081 hoc
1089 5033 1172 5080 est
1215 5024 1356 5093 quod
1399 5023 1657 5092 deprecor
1687 5031 1761 5089 te,
1799 5022 2021 5078 Domine
2070 5021 2204 5092 Rex,
2237 5036 2292 5082 et

707 5119 849 5189 quod
883 5125 1024 5186 peto,
1062 5125 1114 5171 et
1143 5117 1273 5170 haec
1301 5121 1384 5168 est
1427 5113 1816 5181 magniﬁcentia
1849 5123 1958 5178 tua,
1990 5129 2146 5183 quam
2177 5129 2204 5167 a
2237 5125 2289 5171 te

707 5222 899 5277 precor
922 5215 977 5262 ut
1018 5205 1198 5260 iacias.
1228 5203 1421 5259 Votum
1468 5204 1609 5273 quod
1641 5203 1827 5257 vovisti
1881 5203 2109 5260 Domino
2158 5203 2289 5276 Regi

705 5303 822 5358 Celi
851 5315 916 5356 ex
946 5312 1042 5352 ore
1082 5304 1193 5352 tuo.
1225 5295 1374 5350 Tunc
1416 5293 1652 5350 surrexit
1687 5294 1875 5350 Darius
1903 5293 2020 5349 Rex
2051 5306 2103 5351 et
2130 5311 2290 5352 oscu-

710 5397 846 5451 latus
873 5401 958 5448 est
982 5403 1128 5456 eum,
1151 5395 1205 5442 et
1243 5385 1453 5454 scripsit
1479 5396 1535 5441 et
1576 5385 1828 5456 epistolas
1865 5385 1934 5442 ad
1963 5400 2150 5443 omnes
2175 5388 2288 5444 dis-

709 5493 1026 5556 pensatores
1051 5491 1105 5537 et
1129 5480 1292 5535 duces
1323 5489 1374 5533 et
1401 5477 1717 5548 praefectos,
1737 5487 1798 5534 nt
1823 5495 1944 5536 eum
1968 5481 2286 5549 educerent,

709 5589 760 5632 et
790 5589 978 5632 omnes
999 5573 1086 5644 qui
1117 5587 1237 5628 cum
1268 5585 1335 5626 eo
1361 5580 1512 5626 erant
1538 5587 1724 5626 omnes
1753 5572 2105 5630 ascendentes
2133 5578 2283 5632 aedi-

712 5669 934 5722 ticarent
959 5664 1280 5728 Jerusalem,
1308 5671 1363 5716 et
1395 5661 1639 5716 omnibus
1668 5663 1954 5732 propositis
1975 5663 2156 5721 leac
2185 5667 2286 5738 Sy-

712 5757 842 5822 riae,
869 5755 1130 5821 anicis;
1155 5764 1208 5810 et
1236 5753 1450 5809 Libanis
1478 5753 1691 5822 scripsit
1723 5755 1981 5825 epistolas
2010 5760 2285 5816 transferri

716 5843 852 5908 ligna
895 5845 1109 5901 cedrina
1138 5853 1190 5902 et
1220 5842 1404 5900 Libani
1451 5841 1503 5899 in
1549 5840 1867 5902 Jerusalem.
1907 5843 2042 5903 Cum
2089 5849 2287 5908 exisset

2390 2019 2626 2087 quinque
2649 2017 2814 2072 millia
2848 2017 3184 2084 septingenta
3207 2014 3618 2084 qninqne..Cum
3649 2023 3829 2067 autem
3859 2025 3984 2081 pro-

2391 2110 2759 2163 ficiscerentur
2784 2123 2815 2162 e
2840 2107 3056 2176 regione
3085 2107 3441 2176 Babyloniae,
3469 2114 3596 2160 tunc
3625 2105 3784 2159 etiam
3810 2103 3983 2157 Esdra

2389 2200 2649 2268 propheta
2676 2207 2729 2253 et
2758 2197 2891 2268 legis
2920 2196 3110 2253 doctor
3137 2207 3192 2252 et
3219 2196 3334 2264 ipse
3363 2209 3484 2249 cunt
3515 2195 3594 2249 eis
3621 2193 3884 2256 ascendit,
3916 2192 3984 2246 ad

2387 2304 2545 2361 quem
2578 2299 2759 2344 literas
2794 2288 2989 2344 direxit
3014 2288 3126 2344 Rex
3156 2283 3496 2351 Artaxeises,
3525 2299 3750 2354 quarum
3797 2297 3984 2338 exem-

2388 2383 2534 2451 plum
2579 2383 2688 2438 hoc
2708 2382 2966 2438 continet.
2994 2381 3106 2436 Rex
3129 2380 3448 2436 Artaxerses
3483 2378 3685 2434 Esdrae
3713 2377 3983 2434 sacerdoti

2386 2485 2440 2530 et
2465 2474 2651 2529 lectori
2685 2473 2817 2543 legis
2842 2473 3048 2529 Domini
3079 2473 3331 2527 salutem.
3359 2471 3674 2529 Amicalitcr
3699 2485 3799 2539 ego
3839 2468 3984 2539 judi-

2387 2582 2536 2631 cans,
2554 2568 2820 2637 praecipio
2836 2579 2949 2629 eos,
2965 2565 3054 2634 qui
3076 2563 3342 2619 voluerint
3362 2579 3428 2618 ex
3448 2577 3645 2633 genere
3664 2561 3981 2625 Judeorum,

2387 2665 2442 2712 et
2474 2657 2811 2712 sacerdotum
2841 2663 2899 2710 et
2923 2655 3251 2720 Levitarum,
3277 2667 3487 2718 eorum,
3520 2653 3610 2720 qui
3636 2661 3763 2706 sunt
3791 2651 3846 2706 in
3887 2665 3982 2704 no-

2391 2759 2505 2805 stro
2531 2764 2694 2820 regno
2725 2757 2897 2803 tecum
2927 2745 3222 2802 ascendere
3251 2745 3302 2800 in
3329 2743 3662 2807 Iernsa'em;
3694 2741 3983 2812 quodquod

2386 2855 2517 2908 ergo
2546 2839 2778 2910 cogitant
2806 2837 3100 2909 proﬂeisci,
3125 2836 3558 2908 proﬁciscantur,
3595 2835 3753 2889 sicuti
3784 2834 3982 2904 placuit

2389 2931 2516 2986 mihi
2546 2941 2598 2986 et
2648 2939 2855 3000 septem
2905 2927 3090 2983 amicis
3131 2927 3264 2983 meis
3294 2925 3638 2991 consiliariis,
3665 2935 3721 2978 ut
3766 2923 3981 2995 possitis

2387 3023 2567 3076 omnia
2604 3021 2892 3091 inspicere,
2917 3034 3055 3090 quae
3086 3018 3140 3074 in
3169 3017 3375 3074 Iudaea
3423 3025 3552 3071 sunt
3597 3023 3653 3071 et
3682 3016 3734 3069 in
3765 3014 3982 3072 Jerusa-

2389 3113 2519 3174 lem,
2546 3111 2687 3182 quod
2738 3125 3078 3181 consequens
3126 3119 3211 3166 est
3258 3107 3551 3164 secundum
3599 3107 3769 3176 legem
3824 3121 3981 3176 quam

2393 3203 2574 3269 habes,
2610 3201 2799 3258 tollere
2829 3215 3054 3256 munera
3104 3199 3332 3258 Domino
3363 3197 3474 3252 Deo
3515 3195 3703 3262 Israel,
3751 3197 3983 3251 novissi—

2391 3306 2508 3346 mus
2535 3306 2634 3362 ego
2662 3301 2716 3347 et
2743 3291 2900 3345 amici
2945 3291 3073 3358 mei,
3115 3291 3242 3359 quia
3289 3289 3429 3344 Deus
3473 3286 3678 3340 habitat
3726 3286 3780 3340 in
3825 3286 3979 3353 Sion,

2387 3395 2548 3436 omne
2594 3396 2785 3435 aurum
2832 3389 2887 3435 et
2934 3388 3216 3447 argenturm
3273 3376 3648 3448 quodcumque
3702 3375 3984 3433 inventum

2387 3470 2546 3526 fuerit
2574 3472 2625 3525 in
2653 3470 2938 3542 Babylonia
2966 3469 3278 3525 restituetur
3307 3470 3359 3521 in
3393 3467 3594 3535 templo
3626 3466 3720 3520 Dei
3745 3476 3799 3521 et
3823 3464 3982 3522 Jeru-

2385 3563 2575 3618 salem.
2604 3561 2687 3616 Tu
2720 3560 2938 3626 Esdras,
2975 3559 3274 3615 secundum
3322 3557 3641 3625 sapientiam
3688 3557 3785 3613 Dei
3834 3571 3983 3613 com-

2388 3651 2755 3723 ponejndices
2778 3665 3057 3706 causarum
3086 3649 3348 3706 ecclesiae
3391 3647 3445 3704 in
3486 3656 3652 3702 totam
3688 3645 3900 3718 Syriam
3929 3658 3984 3704 et

2389 3743 2660 3810 Fenicem,
2701 3756 2891 3798 omnes
2920 3742 3014 3811 qui
3057 3740 3272 3796 noveris
3316 3739 3562 3806 docebis,
3592 3747 3646 3794 et
3689 3738 3982 3809 quodquod

2390 3833 2680 3904 praeterint
2708 3833 2878 3902 legem
2907 3831 3002 3886 Dei
3027 3830 3100 3886 tui
3139 3839 3194 3885 et
3222 3830 3384 3900 regis,
3419 3829 3704 3898 d.ltgenter
3754 3830 3987 3899 punien-

2388 3935 2496 3990 tur,
2520 3925 2637 3981 sive
2661 3933 2855 3991 morte,
2889 3924 3003 3978 sive
3049 3936 3208 3993 pmna
3236 3922 3322 3977 vel
3347 3921 3543 3976 damno
3590 3920 3903 3990 pecuniaria
3931 3930 3983 3978 et

2386 4019 2492 4076 exii
2519 4033 2573 4074 ο.
2603 4016 2958 4073 Benevaleas.
2984 4015 3049 4071 Et
3071 4014 3204 4070 dixit
3231 4013 3399 4070 E~dra
3429 4013 3635 4069 scriba:
3662 4013 3982 4070 Benedictus

2390 4107 2652 4164 Dominus
2681 4106 2822 4163 Deus
2852 4114 3063 4176 patrum
3091 4119 3358 4169 meorum,
3388 4104 3484 4174 qui
3502 4103 3650 4159 dedit
3679 4103 3782 4158 ista
3807 4105 3861 4158 in
3889 4117 3983 4160 cor

2390 4198 2533 4270 regis
2551 4195 2853 4268 glorificare
2881 4197 3098 4251 domum
3135 4195 3273 4266 ejus,
3297 4209 3435 4266 quae
3461 4202 3546 4251 est
3574 4193 3628 4250 in
3654 4193 3980 4261 Jerusalem,

2393 4300 2447 4346 et
2492 4303 2580 4344 me
2619 4287 2994 4344 honoriﬁcavit
3035 4289 3087 4342 in
3129 4295 3421 4357 conspectu
3455 4286 3618 4356 regis,
3649 4294 3704 4341 et
3731 4286 3982 4342 consilia-

2390 4381 2592 4436 riorum
2621 4381 2755 4451 ejus,
2787 4389 2841 4436 et
2862 4394 2963 4450 ego
2994 4377 3118 4434 forti
3140 4382 3321 4434 animo
3341 4379 3513 4433 factus
3541 4393 3660 4433 sum
3684 4377 3984 4435 secundum

2391 4473 2714 4544 adiutorium
2747 4472 2956 4527 Domini
2989 4470 3084 4527 Dei
3116 4473 3244 4528 mei.
3281 4471 3341 4526 Et
3368 4470 3593 4540 profecti
3623 4481 3892 4527 venerunt
3915 4472 3983 4525 ad

2391 4567 2710 4634 Jerusalem,
2736 4574 2791 4621 et
2809 4565 3218 4622 celebraverunt
3241 4564 3442 4619 Pascha
3469 4580 3612 4619 nono
3635 4564 3756 4621 Kal.
3784 4568 3986 4637 April.s

2391 4662 2521 4719 feria
2546 4676 2595 4713 v.
2614 4675 2643 4713 a
2669 4657 2864 4728 pascha
2886 4656 3056 4727 Moysi
3077 4656 3128 4711 in
3157 4656 3391 4725 Egypto
3415 4669 3584 4710 annos
3601 4656 3748 4711 mille
3765 4667 4002 4713 centum-

2391 4750 2726 4822 septuaginta
2760 4753 2876 4805 sex.’
2907 4747 3056 4802 Tunc
3096 4745 3442 4802 fundamenta
3473 4745 3656 4815 templi
3691 4747 3786 4802 Dei
3816 4763 3845 4799 a
3878 4747 3953 4803 Ζο

2393 4843 2609 4902 robabei
2644 4840 2808 4910 posita
2852 4849 3246 4907 reatanrantur,
3280 4839 3420 4908 quod
3455 4838 3712 4908 templum
3752 4841 3979 4908 quadra-

2393 4937 2540 5004 ginta
2583 4948 2675 4990 sex
2709 4933 2864 4988 annis
2901 4931 3242 4988 aediﬁcatum
3272 4940 3353 4986 est
3380 4947 3398 4989 :
3429 4947 3538 4986 non
3583 4931 3726 4985 enim
3779 4931 3981 4986 Zonam

2395 5040 2546 5081 suam
2575 5025 2756 5089 solvit,
2784 5037 2956 5093 neque
2987 5023 3208 5092 capiilos
3235 5023 3428 5092 capitis
3466 5021 3550 5077 sui
3587 5021 3734 5088 fecit,
3763 5022 3857 5091 sed
3887 5037 3984 5078 nec

2396 5116 2758 5171 caleeamenta
2781 5115 3034 5183 deposuit
3064 5115 3237 5169 donec
3278 5127 3375 5182 per
3400 5112 3624 5167 Esdram
3659 5111 3983 5184 Prophetam

2397 5217 2452 5263 et
2476 5207 2814 5264 sacerdotem
2844 5205 3086 5276 legisque
3126 5204 3491 5259 innovatorem
3523 5203 3748 5274 supletis
3776 5215 3983 5275 septem

2399 5297 2820 5355 hebdomadibus
2853 5295 3091 5353 Danielis
3133 5293 3398 5351 dedicatio
3439 5295 3593 5351 ﬂeret
3624 5297 3829 5366 templi.
3863 5296 3983 5368 ipse

2397 5401 2480 5446 est
2508 5389 2806 5447 Zorobabel
2834 5390 2924 5462 qui
2952 5388 3136 5460 genuit
3161 5387 3358 5454 Abiud,
3379 5387 3470 5457 qui
3497 5386 3796 5457 appellatur
3827 5388 3982 5446 Pater

2396 5483 2768 5537 confessionis.
2791 5479 2966 5538 Abiud
3006 5478 3190 5551 genuit
3213 5479 3479 5547 Eliacliin,
3504 5477 3643 5535 idest
3670 5494 3978 5550 resurgens.

2397 5573 2636 5629 Eiiacltin
2672 5575 2855 5644 genuit
2882 5575 3082 5639 Δηοῖ,
3117 5571 3256 5628 idest
3294 5574 3526 5627 occisus.
3575 5571 3750 5627 Azxor
3799 5576 3984 5641 genuit

2393 5667 2628 5733 Saddoc,
2657 5666 2794 5722 idest
2817 5664 3248 5736 jussus.Saddoc
3277 5665 3461 5735 genuit
3481 5663 3694 5731 Achim,
3724 5663 3862 5720 idest
3893 5680 3982 5735 pa.

2397 5769 2561 5814 ratus.
2605 5757 2792 5813 Acbim
2838 5757 3025 5828 genuit
3078 5754 3258 5821 Eliud,
3309 5756 3452 5812 idest
3500 5757 3761 5812 Dominus
3807 5756 3977 5812 fortia.

2402 5850 2559 5909 ΕΠυά
2588 5849 2770 5921 genuit
2805 5848 3029 5916 Eliaxar,
3056 5847 3194 5907 idest
3216 5847 3358 5906 Deus
3390 5848 3624 5908 adiutor.
3656 5849 3866 5906 Eliazar
3891 5862 3976 5920 ge-
