4504 6422
275 380 381 439 8‘57

1171 374 1260 429 DE
1295 365 1759 431 GENEALOGIIS
1798 366 2396 430 PATRIARCHARUM
2435 370 2660 432 LIBER.

3468 377 3575 436 ιω

273 495 387 551 nuit
430 491 685 557 Matbatn,
734 490 870 546 idest
898 500 1114 543 munus.
1148 486 1381 543 Matltam
1422 487 1609 558 genuit
1654 482 1823 540 Jacob
1845 522 1860 547 ,
1891 483 1934 539 A
1970 483 2112 539 niam
2137 483 2262 541 inde
2286 496 2415 543 sunt
2435 486 3075 559 sacerdotesquialtario
3100 489 3194 545 Dei
3225 490 3573 548 deserviunt:

276 585 408 642 idest
438 585 685 641 dilectus.
717 580 885 638 Jacob
911 578 1099 650 genuit
1126 577 1349 648 Josepb,
1386 578 1525 633 idest
1548 583 1860 645 congregat,

272 678 443 745 cujus,
471 684 531 731 ut
554 670 1127 741 putabatur,dominus
1149 666 1400 725 Christus
1417 666 1714 724 secundum
1743 680 1865 723 car-

271 780 396 820 nem
422 762 565 818 ﬁlius
590 775 733 819 esse.

342 853 652 923 Expliciunt
679 851 1059 923 generationes
1086 864 1221 921 quas
1251 848 1493 905 Matbeus
1517 847 1861 919 Evangellsta

266 957 438 1012 usque
464 942 528 996 ad
553 940 753 1011 Josepb
782 938 870 996 cui
897 938 998 995 fuit
1026 940 1357 1005 desponsata
1386 937 1548 995 Maria
1576 936 1857 995 describit.

264 1032 533 1102 Incipiunt
558 1031 699 1088 aliae
721 1045 857 1103 quas
884 1031 1055 1086 Lucas
1094 1029 1163 1085 ad
1202 1028 1426 1085 Mariam
1454 1044 1627 1101 usque
1655 1028 1862 1086 descri-

263 1120 362 1190 bit,
392 1123 489 1179 sed
514 1139 673 1179 cursu
712 1123 782 1181 ab
808 1122 998 1181 eadem
1029 1122 1101 1178 ad
1127 1124 1361 1194 primum
1392 1121 1668 1181 hominem
1698 1136 1857 1182 reca-

260 1212 374 1269 lato
394 1215 705 1269 revertitur.

1970 576 2235 634 Dominus
2269 587 2355 633 est
2392 580 2539 634 enim
2566 593 2687 635 sors
2714 594 2927 637 eorum.
2976 580 3107 637 ideo
3152 595 3297 637 nunc
3324 582 3572 640 decimae

1968 668 2226 724 sufﬁcere
2249 668 2449 727 debent
2477 670 2853 728 sacerdotibus
2878 681 2937 727 ut
2963 671 3128 728 alieni
3168 672 3281 728 sint
3302 689 3333 728 a
3361 676 3567 731 saeculi

1966 759 2353 830 voluptatibus,
2396 759 2486 831 qui
2512 760 2710 817 alienis
2747 760 3006 818 incubare
3042 761 3357 819 desiderem
3381 763 3571 821 rebus.

1968 851 2174 909 Deinde
2214 852 2429 923 Moyses
2459 851 2781 924 Egyptiaca
2840 854 3020 923 lingua
3068 854 3459 925 interpretatur
3499 855 3570 912 de

1964 958 2101 1017 aqua
2138 955 2414 1015 acceptus,
2466 955 2524 1001 et
2570 944 2805 1002 baebrea
2857 946 3062 1017 lingua,
3108 958 3288 1003 servat
3322 948 3565 1005 domino.

1964 1034 2087 1105 Ipse
2129 1035 2318 1107 genuit
2359 1035 2586 1092 Gersam
2633 1044 2691 1092 et
2732 1036 3047 1093 Eleazarum
3080 1038 3305 1093 fratrem
3352 1038 3470 1109 ejus
3500 1053 3568 1095 ex

1960 1126 2173 1184 Sotion
2218 1140 2356 1196 quae
2380 1126 2580 1182 dicitur
2604 1128 2864 1185 visitatio.
2898 1128 2995 1184 Hic
3025 1129 3241 1199 Moyses
3267 1127 3438 1185 fuitin
3468 1128 3567 1185 de-

1960 1224 2110 1273 serto
2148 1217 2293 1288 Syna
2342 1218 2501 1278 sanis
2545 1233 2712 1276 xxxx.
2749 1227 2807 1273 et
2856 1220 2986 1273 dum
3030 1219 3217 1289 jussus
3252 1232 3282 1272 a
3338 1218 3566 1275 Domino

330 1302 639 1361 Redeamus
667 1305 739 1359 ad
767 1303 1018 1361 Exodnm
1049 1312 1103 1361 et
1122 1303 1450 1374 proferimus
1476 1306 1856 1375 generationes
1947 1306 2279 1363 ascenderet
2304 1306 2358 1361 in
2389 1306 2775 1363 Robotbmoab
2792 1323 2957 1378 super
2989 1316 3227 1364 montem
3258 1307 3435 1363 Nubat
3474 1324 3563 1365 su-

262 1395 587 1452 Levitarutn.
622 1397 745 1452 Levi
770 1396 913 1451 enim
941 1395 1125 1466 genuit
1152 1394 1312 1463 Cbat,
1343 1394 1578 1463 Gesson,
1602 1405 1654 1451 ct
1683 1395 1853 1451 Mera-

260 1486 355 1553 rij,
379 1487 468 1556 qui
498 1486 634 1541 Cbat
659 1486 845 1557 genuit
872 1486 1152 1551 Ambram,
1180 1486 1273 1557 qui
1296 1486 1494 1541 dicitur
1524 1485 1764 1553 dilectio,
1795 1494 1853 1541 et

257 1576 417 1643 lssar,
452 1580 540 1648 qui
571 1578 767 1634 dicitur
796 1578 950 1635 fortis
969 1579 1036 1633 ad
1062 1578 1279 1645 fortem,
1302 1588 1357 1635 et
1383 1577 1618 1647 Cebron,
1647 1581 1739 1651 qui
1768 1580 1853 1636 di-

257 1669 398 1722 citur
417 1670 621 1725 amicus
644 1678 985 1735 aeternus,et
1003 1668 1180 1733 Odiel,
1198 1670 1288 1738 qui
1303 1670 1498 1725 dicitur
1516 1670 1670 1725 fortis
1688 1671 1847 1738 Deus;

256 1760 346 1827 qui
374 1757 530 1814 Odiel
579 1762 764 1829 genuit
810 1760 977 1826 Elisa,
1009 1760 1099 1829 qui
1140 1760 1335 1815 dicitur
1366 1761 1623 1829 visitatio,
1655 1774 1709 1817 et
1749 1763 1852 1816 Ma-

1960 1414 2058 1469 per
2080 1399 2337 1457 verticem
2368 1400 2559 1471 Fasga,
2590 1415 2729 1470 quae
2755 1410 2839 1456 est
2871 1410 3060 1455 contra
3093 1401 3283 1457 faciem
3316 1402 3557 1468 Hierico,

1958 1500 2014 1547 et
2035 1491 2277 1548 ostendit
2302 1492 2352 1547 ei
2380 1505 2603 1548 omnem
2629 1502 2825 1548 terram
2866 1489 3113 1563 Neptalin
3154 1493 3336 1550 Efrem
3374 1503 3427 1551 et
3455 1494 3564 1551 Ma-

1958 1599 2140 1652 nasse,
2174 1593 2231 1641 et
2257 1598 2474 1641 omnem
2506 1593 2705 1641 terram
2743 1584 2937 1643 ludam
2982 1601 3161 1657 usque
3184 1586 3251 1641 ad
3286 1601 3436 1642 mare
3467 1600 3564 1642 no-

1958 1675 2258 1741 vissimum,
2287 1685 2340 1731 et
2360 1675 2635 1730 desertum
2659 1691 2713 1731 et
2729 1676 3029 1743 adiacentia
3049 1676 3284 1747 regionis
3309 1675 3563 1732 Hiericho

1958 1767 2239 1824 civitatem
2284 1767 2324 1822 F
2330 1768 2564 1823 amicum
2598 1783 2770 1839 usque
2805 1768 3002 1838 Fogor,
3038 1778 3092 1824 et
3131 1767 3267 1823 dixit
3302 1769 3561 1827 Dominul

256 1849 379 1915 siel,
409 1850 499 1919 qui
550 1850 745 1904 dicitur
800 1850 988 1920 petitio
1035 1850 1153 1914 Dei,
1182 1858 1237 1906 et
1273 1851 1452 1908 Soseri
1473 1893 1487 1915 ,
1518 1853 1609 1922 qui
1654 1852 1853 1908 dicitur
1886 1847 1932 1907 Β
1958 1861 2024 1915 ad
2053 1860 2295 1930 Moysen,
2325 1860 2434 1915 hazc
2463 1869 2537 1915 est
2568 1870 2725 1929 terra,
2751 1875 2912 1931 quam
2928 1860 3560 1931 juraviAbrahansaac,

254 1940 571 1995 absconsus.
621 1941 830 1996 Gesson
859 1955 988 1996 vero
1021 1940 1163 1998 illius
1188 1942 1315 1998 Levi
1340 1942 1631 2013 secundus,
1651 1943 1740 2015 qui
1771 1944 1854 1999 di-

252 2040 374 2085 ctus
393 2038 476 2084 est
505 2031 811 2101 inquilinus,
831 2033 1013 2103 genuit
1034 2031 1246 2099 Lobon,
1262 2033 1399 2089 idest
1419 2033 1542 2100 Las,
1558 2050 1621 2089 ex
1646 2035 1849 2100 Semei,

252 2122 342 2192 qui
382 2124 579 2178 dicitur
613 2126 838 2180 auditio.
870 2126 1086 2181 Merarii
1124 2136 1303 2181 autem
1329 2129 1519 2183 tertius
1548 2128 1691 2184 illius
1718 2128 1848 2185 Levi

250 2216 439 2285 genuit
478 2216 678 2284 Moolli,
715 2218 805 2289 qui
861 2216 1060 2272 dicitur
1100 2220 1347 2285 mutatio,
1386 2228 1441 2275 et
1482 2220 1727 2287 Omousi,
1758 2225 1847 2291 qui

250 2308 449 2361 dicitur
485 2308 602 2363 fons
627 2323 799 2364 meus.
832 2311 1089 2366 Ambram
1124 2325 1254 2366 vero
1292 2310 1434 2368 [ilius
1463 2311 1635 2368 Cliaat
1667 2314 1850 2384 genuit

249 2398 429 2453 Aaron
462 2399 679 2471 Moysen
703 2413 752 2457 et
789 2401 1034 2469 Mariam,
1083 2418 1227 2471 quae
1252 2403 1453 2459 dicitur
1491 2404 1844 2473 dominatrix,

247 2503 319 2543 ex
354 2488 640 2557 Jocltabet,
688 2506 827 2562 quae
871 2492 1016 2547 dicta
1058 2502 1143 2549 est
1174 2494 1410 2564 dignitas
1446 2495 1689 2564 Domini,
1737 2498 1847 2553 lilia

248 2578 435 2636 fratris
460 2580 633 2637 Patris
657 2581 763 2637 sui.
814 2583 958 2639 lsaar
1000 2593 1181 2640 autem
1226 2586 1367 2641 (ilius
1395 2586 1536 2642 Chat
1575 2590 1846 2645 secundus

244 2674 433 2741 genuit
462 2673 641 2730 Cbore
670 2675 760 2744 qui
786 2675 962 2732 dictus
991 2686 1075 2733 est
1106 2678 1311 2744 nudus;
1348 2681 1433 2735 hic
1456 2680 1634 2737 Cbore
1661 2684 1850 2752 genuit

247 2766 405 2821 Assir
428 2764 520 2835 qui
549 2764 746 2822 dicitur
774 2781 993 2837 rogans,
1017 2775 1072 2823 et
1100 2768 1367 2824 Belcltana
1408 2770 1499 2841 qui
1534 2771 1729 2829 dicitur
1758 2789 1845 2829 zc-

244 2856 353 2923 lus,
380 2867 437 2912 et
464 2856 694 2912 Abiasar
731 2859 819 2929 qui
850 2859 1046 2914 dicitur
1070 2870 1220 2930 pater
1254 2878 1428 2918 meus.
1483 2864 1547 2919 lli
1589 2874 1716 2921 sunt
1751 2866 1844 2921 filii

242 2950 477 3015 Cltorae,
527 2968 591 3007 ex
623 2967 730 3024 quo
759 2968 959 3023 genere
989 2953 1206 3011 fuerunt
1235 2957 1335 3021 illi,
1378 2956 1469 3027 qui
1510 2960 1847 3028 temporibus

244 3040 409 3096 David
440 3052 564 3096 ante
590 3058 770 3098 arcam
797 3045 1101 3099 testamenti
1125 3046 1430 3115 psallebant
1460 3062 1582 3103 cum
1615 3051 1845 3105 caeteris

240 3134 446 3191 Levitis
485 3145 541 3191 et
568 3136 652 3192 Sa-
673 3136 953 3193 erdotihus
975 3139 1201 3193 sortium
1232 3140 1415 3209 viginti
1461 3152 1693 3211 quatuor
1721 3158 1842 3197 ettm

1954 1959 2003 2007 et
2032 1950 2219 2019 Iacob,
2251 1952 2427 2006 dicens
2457 1953 2641 2007 semini
2669 1962 2831 2006 vestro
2854 1951 2990 2005 dabo
3014 1952 3184 2017 illam,
3206 1968 3363 2021 quam
3385 1966 3560 2006 osten-

1954 2045 2012 2099 di
2030 2046 2191 2099 oculis
2221 2045 2361 2111 tuis;
2413 2045 2501 2099 sed
2541 2044 2634 2098 illo
2672 2059 2777 2098 non
2809 2045 3064 2099 introibis.
3112 2042 3177 2097 Et
3218 2054 3448 2098 mortuus
3488 2052 3561 2099 est

1949 2132 2153 2205 Moyses
2176 2136 2403 2204 [arranius
2425 2133 2656 2201 Domini,
2688 2135 2739 2187 in
2763 2142 2899 2189 terra
2928 2133 3105 2197 Moab,
3131 2133 3415 2188 secundum
3446 2150 3559 2187 vcr-

1954 2226 2073 2280 bum
2104 2224 2337 2291 Domini,
2367 2235 2414 2279 et
2436 2226 2746 2291 sepelierunt
2774 2241 2893 2278 eum
2928 2224 2981 2276 in
3013 2222 3143 2279 Geth
3158 2226 3317 2296 juxta
3344 2226 3557 2279 domum

1952 2314 2003 2368 F
2006 2332 2155 2387 agor,
2186 2323 2233 2370 et
2266 2329 2413 2368 nemo
2438 2314 2535 2368 scit
2568 2314 2888 2383 sepulturam
2916 2315 3027 2381 eius
3060 2330 3218 2382 usque
3252 2314 3303 2366 in
3349 2312 3557 2367 hodier-

1950 2422 2076 2459 num
2102 2405 2261 2468 diem,
2299 2417 2370 2458 ne
2406 2414 2457 2457 ut
2493 2404 2636 2459 Deus
2662 2403 2732 2457 ab
2764 2403 2896 2473 ipsis
2934 2402 3227 2471 coleretur,
3261 2404 3396 2457 sicut
3430 2418 3556 2458 eum

1950 2496 2334 2566 delinquerunt
2362 2494 2416 2549 in
2438 2493 2676 2551 Cltoreb.
2725 2492 2824 2548 Hic
2847 2493 3084 2548 conclusi
3114 2501 3239 2546 sunt
3268 2493 3392 2547 anui
3418 2508 3557 2562 qua-

1949 2588 2219 2659 dringenti
2242 2587 2579 2658 septuaginta
2610 2600 2640 2641 a
2670 2586 2953 2641 vocatione
2972 2585 3228 2641 Abrahae
3251 2586 3557 2657 peregrina-

1953 2684 2113 2737 tionis
2144 2681 2307 2738 ISrael
2335 2696 2505 2750 usque
2536 2680 2603 2735 ad
2635 2680 2839 2736 heremi
2876 2688 3112 2752 tempus,
3152 2688 3207 2735 et
3238 2680 3410 2750 moysi
3445 2690 3554 2737 ter-

1951 2775 2155 2829 minum
2187 2774 2351 2829 vitae.
2407 2773 2533 2828 Post
2583 2773 2727 2826 liunc
2760 2780 2939 2826 autem
2970 2771 3168 2826 Jhesus
3206 2770 3346 2825 ﬁlius
3383 2772 3555 2839 Nave,

1948 2864 2037 2933 qui
2065 2863 2244 2917 dictus
2273 2870 2358 2916 est
2383 2862 2657 2925 Salvator,
2682 2860 2952 2930 judicavit
2973 2858 3137 2914 lsrael
3158 2860 3316 2914 annis
3345 2876 3470 2915 xxx.
3500 2869 3555 2919 et

1949 2956 2078 3010 anni
2108 2956 2232 3010 vitae
2256 2954 2375 3023 ejus
2405 2963 2621 3011 centum
2651 2954 2863 3019 decem,
2895 2962 2948 3008 et
2978 2953 3315 3023 sepelierunt
3340 2968 3465 3010 eum
3498 2955 3553 3011 in

1952 3046 2197 3101 terminis
2236 3046 2399 3100 sortis
2438 3060 2568 3099 suae
2605 3045 2657 3098 in
2685 3044 3098 3098 Toamnasarim
3141 3055 3325 3100 monte
3370 3045 3553 3100 Efrem

1950 3142 2098 3191 trans
2146 3146 2334 3191 monte
2380 3135 2601 3200 Galaad,
2660 3143 2956 3203 posuerunt
3000 3149 3122 3189 cum
3164 3150 3233 3191 eo
3274 3137 3328 3191 in
3356 3151 3553 3192 monu-

237 3226 391 3293 Asaf,
429 3227 643 3293 lditum,
677 3228 869 3293 Eman,
900 3237 956 3283 et
992 3228 1149 3284 Etan.
1197 3229 1481 3287 Secundus
1530 3246 1658 3287 vero
1699 3232 1839 3288 illius
1870 3214 1916 3277 C
1953 3239 2148 3283 tnento-
2176 3228 2433 3283 cortellos
2464 3227 2711 3282 Petrinos
2747 3226 3197 3294 circumcisionis,
3250 3226 3416 3283 Israel
3460 3229 3553 3283 de<

240 3316 389 3372 Isaar
422 3318 611 3373 Naleth
657 3320 833 3373 dictus
871 3328 977 3383 est,
1016 3320 1110 3389 qui
1142 3319 1526 3390 interpretatur
1563 3323 1834 3393 impietas,

238 3420 295 3466 et
324 3410 519 3465 tertius
543 3410 728 3465 Zecris
767 3410 858 3481 qui
897 3411 1095 3467 dicitur
1122 3412 1361 3481 dilectio,
1403 3426 1459 3470 et
1488 3426 1712 3483 quartus
1743 3418 1839 3473 Mi-

234 3502 373 3565 sacl,
397 3501 490 3572 qui
514 3502 709 3557 dicitur
737 3502 879 3557 misit
902 3502 1064 3558 Deus.
1100 3504 1280 3559 Aaron
1308 3514 1489 3561 autem
1513 3508 1836 3577 interpreta-

237 3602 327 3648 tur
345 3607 467 3649 area
498 3593 708 3657 videns,
730 3603 821 3649 aut
844 3594 982 3650 visio
1012 3594 1261 3651 altissimi
1292 3612 1308 3651 :
1342 3596 1429 3652 hic
1450 3599 1632 3654 Aaron
1653 3599 1837 3669 genuit

235 3682 535 3755 Nadab-qui
556 3684 753 3740 dicitur
780 3687 1214 3755 concupiscentia
1244 3696 1297 3743 et
1322 3688 1518 3757 Abiud,
1546 3693 1635 3761 qui
1657 3691 1835 3747 dictus

234 3789 321 3834 est
342 3780 548 3835 amicus
580 3779 694 3835 Dei.
730 3781 969 3836 Mortuus
999 3789 1082 3836 est
1121 3791 1299 3837 autem
1332 3782 1514 3839 Nabad
1561 3793 1616 3840 et
1658 3786 1832 3841 Abiud

231 3875 362 3930 dum
390 3874 651 3931 oll‘errent
693 3876 870 3947 ignem
914 3876 1149 3931 alienum
1194 3887 1317 3932 ante
1350 3878 1634 3935 Dominum
1664 3881 1833 3936 Deum

231 3969 287 4024 in
329 3968 546 4026 deserto
571 3968 739 4041 Syna.
788 3969 855 4025 Et
902 3968 1040 4025 facta
1084 3978 1209 4026 sunt
1254 3986 1319 4047 ex
1368 3987 1592 4028 numero
1638 3988 1830 4029 eorum

228 4061 417 4131 viginti
450 4062 549 4116 tria
578 4061 765 4117 millia.
817 4062 1003 4118 Omnis
1030 4064 1302 4119 masculus
1330 4065 1399 4118 ab
1420 4080 1531 4121 uno
1566 4080 1754 4121 mense
1777 4076 1833 4122 et

228 4168 394 4221 supra
434 4169 541 4210 non
578 4154 722 4209 enim
756 4155 1081 4213 considerati
1110 4166 1237 4212 sunt
1281 4156 1334 4211 in
1378 4157 1558 4212 medio
1592 4158 1828 4214 ﬁliorum

228 4242 418 4312 lsrael,
460 4245 583 4314 quia
626 4259 729 4299 non
762 4246 921 4300 datur
951 4246 1057 4301 illis
1088 4245 1395 4303 haereditas
1434 4250 1488 4303 in
1525 4250 1703 4305 medio
1737 4265 1831 4305 eo—

1944 3322 2098 3377 victis
2123 3336 2269 3375 xxtx.
2302 3320 2561 3389 Regibus.
2604 3320 2717 3375 lloc
2748 3322 2799 3374 in
2834 3330 3079 3389 tempore
3122 3320 3313 3391 viginti
3356 3335 3551 3377 novem

1944 3413 2151 3482 Regum
2200 3412 2382 3479 populi
2429 3417 2485 3465 et
2525 3420 2716 3478 gentes
2765 3412 2999 3467 Africam
3056 3420 3370 3478 tenuerunt,
3411 3428 3551 3483 quae

1942 3506 2122 3574 prisco
2146 3512 2389 3574 tempore
2417 3503 2589 3558 insula
2622 3503 2920 3569 dicebatur;
2965 3514 3019 3560 et
3059 3519 3122 3559 ex
3157 3520 3263 3575 quo
3303 3505 3549 3563 habitare

1941 3598 2106 3669 cmpit
2133 3599 2260 3653 anni
2292 3607 2417 3651 sunt
2458 3611 2629 3667 usque
2666 3597 2732 3651 ad
2776 3612 2974 3651 annum
3017 3608 3227 3652 sextum
3277 3597 3549 3653 decimum

1941 3693 2082 3763 regis
2107 3692 2215 3747 duo
2243 3691 2386 3744 milia
2416 3689 2753 3760 septuaginta
2783 3704 2898 3744 sex.
2944 3688 3076 3745 Post
3112 3690 3338 3745 Jliesum
3364 3700 3548 3746 autem

1941 3795 2279 3855 transgresso
2328 3783 2531 3853 populo
2563 3797 2599 3836 a
2634 3784 2905 3838 mandatis
2949 3782 3042 3838 Dei
3074 3784 3384 3838 servierunt
3416 3782 3549 3855 Regi

1938 3875 2359 3945 Mesopotamiae
2379 3873 2750 3930 Cbusarsaton
2774 3874 3160 3928 nomineannis
3182 3884 3328 3941 octo,
3350 3875 3548 3931 deinde

1939 3966 2254 4036 j’mnitentia
2282 3966 2391 4036 egit
2416 3964 2667 4035 populus,
2716 3976 2768 4020 et
2812 3964 3073 4032 iudicatis
3120 3979 3215 4020 eos
3258 3964 3547 4022 Gotltoniel

1936 4058 2091 4113 anuis
2121 4056 2528 4127 quinquaginta.
2550 4042 2919 4125 Origoat'ttem
2944 4053 3235 4108 Gothonirl
3267 4055 3400 4111 haec
3429 4066 3541 4111 est:

1938 4148 2079 4205 flius
2112 4148 2213 4203 fuit
2242 4146 2422 4202 Genez
2462 4146 2643 4202 fratris
2681 4140 2887 4200 C‘lialeb
2925 4144 3105 4200 fratris
3144 4145 3411 4213 Jeplione,
3459 4147 3546 4203 hic

1936 4242 2225 4298 Gttlllonit'l
2266 4241 2431 4309 coepit
2482 4239 2767 4294 civitatem
2821 4238 3123 4293 litterarum
3178 4246 3234 4294 et
3288 4237 3439 4295 dedit
3490 4241 3545 4295 ei

227 4350 347 4389 rum
381 4338 553 4405 ignem
581 4336 816 4391 alienum
860 4338 1003 4407 quod
1053 4338 1182 4393 dicit
1220 4354 1285 4395 ex
1332 4342 1603 4395 communi
1647 4341 1827 4410 utique
1931 4334 2138 4389 Chaleb
2166 4332 2399 4387 Asellam
2441 4330 2603 4385 filiam
2650 4345 2803 4383 suam
2837 4344 3063 4384 uxorem
3107 4329 3242 4383 haec
3270 4336 3354 4384 est
3386 4331 3547 4386 Dabir

226 4442 334 4481 non
362 4427 544 4481 divino
573 4428 640 4484 de
668 4429 818 4485 leo
844 4430 1165 4485 venientem.
1222 4430 1445 4487 Eleazar
1468 4448 1602 4489 vero
1632 4435 1826 4489 tertius

226 4520 372 4575 ﬁlius
399 4521 578 4576 Aaron
608 4522 696 4591 qui
721 4523 896 4577 dictus
925 4531 1007 4578 est
1037 4522 1177 4578 Deus
1197 4524 1414 4579 adiutor
1443 4540 1617 4592 meus,
1642 4526 1823 4596 genuit

1931 4428 2123 4481 civitas
2162 4424 2488 4485 litterarum,
2521 4420 2718 4476 deinde
2751 4420 3019 4489 judicavit
3058 4434 3154 4475 eos
3186 4419 3360 4488 Eglon.
3387 4422 3544 4479 annis

1931 4522 2121 4574 decem
2154 4525 2207 4572 et
2238 4526 2383 4571 octo.
2429 4513 2525 4568 llic
2549 4512 2663 4571 Rex
2695 4511 3051 4567 Moabitarum
3095 4510 3213 4565 fuit.
3262 4512 3413 4567 Tunc
3448 4528 3545 4583 po—

229 4612 444 4675 Finees,
488 4614 579 4684 qui
627 4590 803 4667 dictus
844 4624 926 4668 est
960 4623 1197 4670 sectator
1231 4631 1294 4670 ex
1335 4614 1545 4671 ﬁliabus
1586 4590 1820 4673 Fuiziel:
1853 4590 1913 4651 Β
1936 4614 2092 4683 pulus
2118 4610 2350 4665 Domino
2382 4622 2488 4661 non
2516 4606 2812 4671 servieLat,
2850 4605 2974 4676 quia
3015 4606 3175 4659 idolis
3208 4605 3541 4669 immolabat.

224 4707 313 4760 hic
338 4715 423 4761 est
450 4706 643 4762 Finecs
670 4707 737 4760 de
763 4723 870 4776 quo
901 4708 953 4760 in
977 4708 1333 4764 Machabeicis
1363 4708 1513 4764 libris
1532 4711 1824 4767 Matatliias

223 4799 479 4868 loquutus
505 4809 585 4853 est
614 4798 801 4853 dicens
828 4817 842 4853 :
871 4800 1066 4853 Fiuees
1093 4800 1219 4853 dum
1245 4801 1511 4855 emulatur
1542 4802 1661 4871 lege
1689 4804 1820 4857 ade-

222 4902 347 4958 itus
368 4901 452 4946 est
475 4890 858 4946 sacerdotium.
885 4891 1118 4957 Quartus
1146 4906 1276 4947 vero
1314 4890 1453 4946 ﬁlius
1486 4893 1665 4948 Aaron
1706 4894 1826 4949 Sta-

222 4999 341 5039 tnar
372 4983 545 5039 dictus
572 4994 675 5050 est,
708 4983 797 5055 qui
822 4983 1021 5038 dicitur
1045 4983 1298 5038 rancidus
1331 4984 1428 5038 hos
1457 4985 1663 5053 genuit,
1715 4985 1825 5040 Eli-

220 5074 363 5131 safat
400 5089 539 5146 quae
578 5076 718 5131 dicta
760 5082 844 5129 est
891 5075 1060 5144 gratia
1112 5074 1338 5130 domini.
1387 5075 1601 5147 Moyses
1640 5086 1819 5131 autem

221 5167 370 5222 [ilius
401 5166 652 5222 Ambram
693 5167 962 5222 secundus
1005 5167 1188 5230 genuit
1226 5164 1448 5221 Gersam
1488 5167 1578 5236 qui
1616 5166 1821 5222 dicitur

220 5262 306 5319 H0
340 5276 455 5331 pes,
505 5271 559 5317 et
610 5262 947 5327 Eleazarum,
1001 5261 1097 5329 qui
1138 5260 1336 5315 dicitur
1365 5260 1459 5317 Dei
1501 5262 1694 5328 virtus,
1747 5278 1817 5317 ex

218 5358 451 5422 δεποτις,
482 5372 616 5427 quae
641 5358 781 5413 dicta
816 5368 897 5412 est
926 5356 1163 5412 visitatio
1195 5357 1472 5429 formonsa
1514 5356 1622 5411 lilia
1659 5356 1821 5413 Sotor

216 5451 290 5508 de
325 5450 493 5506 Madia
543 5450 861 5507 sacerdotis.
903 5449 1111 5506 Gersan
1156 5464 1293 5505 vero
1332 5450 1515 5519 genuit
1556 5451 1818 5519 Sonatan,

219 5549 339 5619 ipse
368 5558 422 5602 et
454 5546 547 5603 lilii
576 5546 693 5616 ejus
722 5558 873 5602 erant
906 5547 1272 5601 sacrificantes
1301 5546 1353 5601 in
1388 5546 1554 5601 Tribu
1589 5546 1700 5600 Dan
1734 5559 1824 5599 us-

216 5652 325 5709 que
353 5638 421 5694 ad
447 5640 589 5694 diem
610 5638 1102 5709 transmigrationis
1120 5647 1314 5693 terrae.
1347 5638 1403 5694 lu
1429 5637 1617 5692 borum
1640 5646 1820 5692 autem

218 5742 403 5789 monte
429 5734 674 5799 sepultus
716 5740 799 5789 est
831 5735 1006 5787 Aaron
1050 5742 1105 5788 et
1145 5732 1360 5803 Moyses
1393 5734 1445 5787 in
1492 5731 1628 5788 Gelli
1672 5731 1819 5801 juxta

216 5825 433 5879 domum
467 5826 658 5877 Favor.
699 5824 837 5880 ilaec
870 5823 1041 5879 trilms
1072 5833 1272 5876 sortem
1304 5840 1408 5877 non
1431 5824 1658 5885 accenit.
1689 5841 1820 5891 quo-

1934 4715 1989 4759 et
2018 4702 2201 4757 traditi
2231 4708 2356 4755 sunt
2382 4698 2707 4767 regiEglon.
2732 4695 3205 4765 Deindejudicavit
3230 4712 3325 4752 eos
3350 4698 3542 4752 Antam

1934 4794 2282 4852 Ambidester
2308 4792 2463 4845 annis
2488 4789 2783 4859 octoginta.
2820 4788 2915 4843 llic
2940 4787 3218 4843 cultellum
3248 4788 3541 4855 palmarem

1934 4886 2146 4957 accepit
2180 4894 2235 4941 et
2270 4883 2413 4939 dixit
2452 4881 2518 4937 ad
2553 4881 2767 4950 Eglom.
2810 4879 3047 4934 Verbum
3094 4890 3175 4934 est
3219 4879 3349 4934 milii
3385 4882 3449 4933 ad
3492 4889 3543 4935 te

1936 4980 2085 5046 ilex;
2112 4986 2168 5035 et
2193 4978 2319 5034 dum
2350 4975 2668 5031 introissent
2704 4972 2759 5027 in
2804 4971 3055 5027 cubiculo
3098 4970 3299 5025 occidit
3334 4986 3457 5026 eum
3488 4980 3539 5027 et

1933 5072 2130 5130 clausit
2151 5072 2399 5142 januam,
2436 5078 2491 5122 ct
2532 5065 2667 5135 fugit
2695 5079 2793 5134 per
2836 5063 3073 5118 medium
3103 5064 3407 5118 exercitum
3434 5062 3542 5118 sal—

1933 5176 2109 5219 vatus.
2158 5164 2319 5218 Anno
2358 5168 2540 5215 autem
2589 5156 2853 5227 vigesimo
2888 5164 3083 5224 quarto
3113 5155 3253 5209 Aotlt
3300 5155 3354 5210 in
3398 5164 3540 5211 terra

1934 5258 2104 5313 ldom
2138 5261 2383 5310 mortuus
2415 5258 2498 5305 est
2525 5248 2649 5311 Job,
2676 5246 2869 5302 deinde
2891 5249 3200 5302 servierunt
3228 5248 3338 5317 regi
3364 5248 3543 5303 Seme-

1930 5365 2025 5421 gar
2050 5346 2208 5404 annis
2242 5360 2344 5399 xx.
2388 5342 2478 5397 liic
2527 5339 2729 5396 occidit
2779 5353 2845 5393 cx
2895 5336 3214 5408 alienigenis
3264 5338 3316 5391 in
3362 5346 3542 5393 aratro

1932 5447 2097 5503 boum
2124 5442 2467 5512 octingentos
2491 5437 2637 5492 viros
2667 5442 2722 5491 et
2742 5432 2989 5489 defendit
3030 5432 3170 5487 filios
3216 5432 3398 5499 lsrael,
3446 5431 3538 5487 de-

1930 5540 2055 5595 inde
2078 5538 2228 5595 Jabis
2265 5535 2575 5590 servierunt
2617 5530 2730 5601 regi
2766 5527 3193 5597 alienigenarum
3245 5528 3399 5581 annis
3444 5540 3537 5586 xx,

1933 5634 2028 5689 llie
2068 5646 2165 5687 rex
2212 5626 2432 5684 Cltanan
2485 5624 2583 5679 fuit
2623 5621 2717 5693 qui
2768 5620 3027 5690 regnabat
3063 5621 3114 5673 in
3149 5618 3435 5685 Astarotb,
3486 5628 3543 5674 et

1935 5729 2190 5797 princeps
2220 5719 2443 5776 militiae
2468 5717 2587 5785 ejus
2618 5721 2736 5770 erat
2759 5713 2915 5783 Syra.
2950 5712 3085 5766 lluic
3109 5710 3325 5766 fuerunt
3348 5724 3541 5765 currus

1930 5816 2094 5875 ferrei
2124 5811 2403 5886 nongenti.
2446 5806 2649 5867 Deinde
2682 5804 2929 5862 chbora
2954 5801 3215 5874 judicavit
3253 5816 3346 5859 eos
3382 5800 3539 5857 annis
