  <div class='ocr_page' id='page_1' title='image "/cluster/home/n/w/nwhite01/storage/ocr_20150623/58-59/uc1.31175013991289/889.png"; bbox 0 0 4322 6432; ppageno 0'>
   <div class='ocr_carea' id='block_1_1' title="bbox 882 412 983 470">
    <p class='ocr_par' dir='ltr' id='par_1_1' title="bbox 882 412 983 470">
     <span class='ocr_line' id='line_1_1' title="bbox 882 412 983 470; baseline 0 0"><span class='ocrx_word' id='word_1_1' title='bbox 882 412 983 470; x_wconf 74' lang='lat'><strong>559</strong></span> 
     </span>
    </p>
   </div>
   <div class='ocr_carea' id='block_1_2' title="bbox 2139 401 2823 460">
    <p class='ocr_par' dir='ltr' id='par_1_2' title="bbox 2139 401 2823 460">
     <span class='ocr_line' id='line_1_2' title="bbox 2139 401 2823 460; baseline -0.001 0"><span class='ocrx_word' id='word_1_2' title='bbox 2139 401 2442 460; x_wconf 72' lang='lat' dir='ltr'><strong>ANONYMI</strong></span> <span class='ocrx_word' id='word_1_3' title='bbox 2482 401 2823 459; x_wconf 80' lang='lat' dir='ltr'><strong>AUCTORIS</strong></span> 
     </span>
    </p>
   </div>
   <div class='ocr_carea' id='block_1_3' title="bbox 4022 406 4121 459">
    <p class='ocr_par' dir='ltr' id='par_1_3' title="bbox 4022 406 4121 459">
     <span class='ocr_line' id='line_1_3' title="bbox 4022 406 4121 459; baseline 0 -1"><span class='ocrx_word' id='word_1_4' title='bbox 4022 406 4121 459; x_wconf 74' lang='grc'><strong>520</strong></span> 
     </span>
    </p>
   </div>
   <div class='ocr_carea' id='block_1_4' title="bbox 875 511 4123 593">
    <p class='ocr_par' dir='ltr' id='par_1_4' title="bbox 875 511 4123 593">
     <span class='ocr_line' id='line_1_4' title="bbox 875 511 4123 593; baseline -0.003 -12"><span class='ocrx_word' id='word_1_5' title='bbox 875 538 960 581; x_wconf 82' lang='grc' dir='ltr'><strong>ιι..</strong></span> <span class='ocrx_word' id='word_1_6' title='bbox 981 523 1148 593; x_wconf 77' lang='lat' dir='ltr'><strong>Hujus</strong></span> <span class='ocrx_word' id='word_1_7' title='bbox 1173 521 1500 589; x_wconf 86' lang='lat' dir='ltr'><strong>temporibus</strong></span> <span class='ocrx_word' id='word_1_8' title='bbox 1529 521 1660 591; x_wconf 79' lang='lat' dir='ltr'><strong>fugit</strong></span> <span class='ocrx_word' id='word_1_9' title='bbox 1687 521 1863 576; x_wconf 79' lang='lat' dir='ltr'><strong>Sisara</strong></span> <span class='ocrx_word' id='word_1_10' title='bbox 1886 519 1937 572; x_wconf 91' lang='lat' dir='ltr'><strong>in</strong></span> <span class='ocrx_word' id='word_1_11' title='bbox 1959 518 2119 572; x_wconf 88' lang='lat' dir='ltr'><strong>domo</strong></span> <span class='ocrx_word' id='word_1_12' title='bbox 2137 516 2260 582; x_wconf 83' lang='lat' dir='ltr'><strong>Jail,</strong></span> <span class='ocrx_word' id='word_1_13' title='bbox 2279 531 2435 585; x_wconf 90' lang='lat' dir='ltr'><strong>quem</strong></span> <span class='ocrx_word' id='word_1_14' title='bbox 2472 515 2516 573; x_wconf 78' lang='grc' dir='ltr'><strong>Α</strong></span> <span class='ocrx_word' id='word_1_15' title='bbox 2550 514 2836 578; x_wconf 81' lang='lat' dir='ltr'><strong>Abiathar;</strong></span> <span class='ocrx_word' id='word_1_16' title='bbox 2867 515 2954 584; x_wconf 85' lang='lat' dir='ltr'><strong>qui</strong></span> <span class='ocrx_word' id='word_1_17' title='bbox 2984 520 3038 570; x_wconf 89' lang='lat' dir='ltr'><strong>et</strong></span> <span class='ocrx_word' id='word_1_18' title='bbox 3066 514 3150 569; x_wconf 90' lang='lat' dir='ltr'><strong>hie</strong></span> <span class='ocrx_word' id='word_1_19' title='bbox 3172 511 3358 582; x_wconf 82' lang='lat' dir='ltr'><strong>genuit</strong></span> <span class='ocrx_word' id='word_1_20' title='bbox 3377 512 3747 582; x_wconf 79' lang='lat' dir='ltr'><strong>Achimelcch,</strong></span> <span class='ocrx_word' id='word_1_21' title='bbox 3783 531 3811 570; x_wconf 91' lang='lat' dir='ltr'><strong>a</strong></span> <span class='ocrx_word' id='word_1_22' title='bbox 3838 515 4123 572; x_wconf 79' lang='lat' dir='ltr'><strong>Solomone</strong></span> 
     </span>
    </p>
   </div>
   <div class='ocr_carea' id='block_1_5' title="bbox 876 603 4115 683">
    <p class='ocr_par' dir='ltr' id='par_1_5' title="bbox 876 603 4115 683">
     <span class='ocr_line' id='line_1_5' title="bbox 876 603 4115 683; baseline -0.002 -14"><span class='ocrx_word' id='word_1_23' title='bbox 876 617 988 683; x_wconf 80' lang='lat' dir='ltr'><strong>ipsa</strong></span> <span class='ocrx_word' id='word_1_24' title='bbox 1008 614 1110 669; x_wconf 77' lang='lat' dir='ltr'><strong>Jail</strong></span> <span class='ocrx_word' id='word_1_25' title='bbox 1141 613 1338 668; x_wconf 84' lang='lat' dir='ltr'><strong>occidit</strong></span> <span class='ocrx_word' id='word_1_26' title='bbox 1375 615 1442 667; x_wconf 90' lang='lat' dir='ltr'><strong>de</strong></span> <span class='ocrx_word' id='word_1_27' title='bbox 1483 613 1600 682; x_wconf 89' lang='lat' dir='ltr'><strong>palu</strong></span> <span class='ocrx_word' id='word_1_28' title='bbox 1633 608 1948 664; x_wconf 87' lang='lat' dir='ltr'><strong>tavernaculi</strong></span> <span class='ocrx_word' id='word_1_29' title='bbox 1977 609 2060 664; x_wconf 88' lang='lat' dir='ltr'><strong>sui</strong></span> <span class='ocrx_word' id='word_1_30' title='bbox 2091 617 2446 681; x_wconf 77' lang='lat' dir='ltr'><strong>persequente</strong></span> <span class='ocrx_word' id='word_1_31' title='bbox 2546 603 2600 658; x_wconf 87' lang='lat' dir='ltr'><strong>in</strong></span> <span class='ocrx_word' id='word_1_32' title='bbox 2628 605 2795 659; x_wconf 84' lang='lat' dir='ltr'><strong>exilio</strong></span> <span class='ocrx_word' id='word_1_33' title='bbox 2823 605 3095 674; x_wconf 76' lang='lat' dir='ltr'><strong>religatus,</strong></span> <span class='ocrx_word' id='word_1_34' title='bbox 3145 613 3203 660; x_wconf 89' lang='lat' dir='ltr'><strong>et</strong></span> <span class='ocrx_word' id='word_1_35' title='bbox 3232 605 3311 659; x_wconf 76' lang='lat' dir='ltr'><strong>Eli</strong></span> <span class='ocrx_word' id='word_1_36' title='bbox 3354 605 3513 660; x_wconf 87' lang='lat' dir='ltr'><strong>nimis</strong></span> <span class='ocrx_word' id='word_1_37' title='bbox 3543 621 3710 660; x_wconf 87' lang='lat' dir='ltr'><strong>senex</strong></span> <span class='ocrx_word' id='word_1_38' title='bbox 3743 615 3798 662; x_wconf 90' lang='lat' dir='ltr'><strong>et</strong></span> <span class='ocrx_word' id='word_1_39' title='bbox 3835 609 3992 662; x_wconf 89' lang='lat' dir='ltr'><strong>ambo</strong></span> <span class='ocrx_word' id='word_1_40' title='bbox 4029 609 4115 661; x_wconf 85' lang='lat' dir='ltr'><strong>lilii</strong></span> 
     </span>
    </p>
   </div>
   <div class='ocr_carea' id='block_1_6' title="bbox 875 699 2445 773">
    <p class='ocr_par' dir='ltr' id='par_1_6' title="bbox 875 699 2445 773">
     <span class='ocr_line' id='line_1_6' title="bbox 875 699 2445 773; baseline -0.005 -14"><span class='ocrx_word' id='word_1_41' title='bbox 875 705 1076 759; x_wconf 87' lang='lat' dir='ltr'><strong>Barach</strong></span> <span class='ocrx_word' id='word_1_42' title='bbox 1109 703 1348 773; x_wconf 82' lang='lat' dir='ltr'><strong>principe</strong></span> <span class='ocrx_word' id='word_1_43' title='bbox 1382 703 1619 757; x_wconf 75' lang='lat' dir='ltr'><strong>militiae.</strong></span> <span class='ocrx_word' id='word_1_44' title='bbox 1652 701 1854 755; x_wconf 57' lang='lat' dir='ltr'><strong>Deinde</strong></span> <span class='ocrx_word' id='word_1_45' title='bbox 1882 699 2172 754; x_wconf 79' lang='lat' dir='ltr'><strong>Maaanitae</strong></span> <span class='ocrx_word' id='word_1_46' title='bbox 2201 699 2445 753; x_wconf 86' lang='lat' dir='ltr'><strong>obtinue-</strong></span> 
     </span>
    </p>
   </div>
   <div class='ocr_carea' id='block_1_7' title="bbox 878 789 2442 858">
    <p class='ocr_par' dir='ltr' id='par_1_7' title="bbox 878 789 2442 858">
     <span class='ocr_line' id='line_1_7' title="bbox 878 789 2442 858; baseline -0.003 -11"><span class='ocrx_word' id='word_1_47' title='bbox 878 805 1000 848; x_wconf 92' lang='lat' dir='ltr'><strong>runt</strong></span> <span class='ocrx_word' id='word_1_48' title='bbox 1032 809 1215 848; x_wconf 87' lang='lat' dir='ltr'><strong>eorum</strong></span> <span class='ocrx_word' id='word_1_49' title='bbox 1243 795 1393 846; x_wconf 83' lang='lat' dir='ltr'><strong>annis</strong></span> <span class='ocrx_word' id='word_1_50' title='bbox 1423 800 1717 858; x_wconf 89' lang='lat' dir='ltr'><strong>septem,et</strong></span> <span class='ocrx_word' id='word_1_51' title='bbox 1751 800 1942 844; x_wconf 82' lang='lat' dir='ltr'><strong>nomen</strong></span> <span class='ocrx_word' id='word_1_52' title='bbox 1964 789 2081 858; x_wconf 80' lang='lat' dir='ltr'><strong>ejus</strong></span> <span class='ocrx_word' id='word_1_53' title='bbox 2101 799 2218 844; x_wconf 91' lang='lat' dir='ltr'><strong>erat</strong></span> <span class='ocrx_word' id='word_1_54' title='bbox 2242 790 2442 844; x_wconf 79' lang='lat' dir='ltr'><strong>Alazia.</strong></span> 
     </span>
    </p>
   </div>
   <div class='ocr_carea' id='block_1_8' title="bbox 879 878 2444 952">
    <p class='ocr_par' dir='ltr' id='par_1_8' title="bbox 879 878 2444 952">
     <span class='ocr_line' id='line_1_8' title="bbox 879 878 2444 952; baseline -0.005 -12"><span class='ocrx_word' id='word_1_55' title='bbox 879 885 991 940; x_wconf 86' lang='lat' dir='ltr'><strong>Sub</strong></span> <span class='ocrx_word' id='word_1_56' title='bbox 1015 885 1133 952; x_wconf 90' lang='lat' dir='ltr'><strong>ipso</strong></span> <span class='ocrx_word' id='word_1_57' title='bbox 1164 883 1405 951; x_wconf 69' lang='lat' dir='ltr'><strong>fugerunt</strong></span> <span class='ocrx_word' id='word_1_58' title='bbox 1438 878 1526 934; x_wconf 80' lang='lat' dir='ltr'><strong>lilii</strong></span> <span class='ocrx_word' id='word_1_59' title='bbox 1560 879 1718 934; x_wconf 88' lang='lat' dir='ltr'><strong>Israel</strong></span> <span class='ocrx_word' id='word_1_60' title='bbox 1749 879 1801 934; x_wconf 93' lang='lat' dir='ltr'><strong>in</strong></span> <span class='ocrx_word' id='word_1_61' title='bbox 1833 879 2103 944; x_wconf 79' lang='lat' dir='ltr'><strong>speluncis</strong></span> <span class='ocrx_word' id='word_1_62' title='bbox 2143 888 2198 934; x_wconf 92' lang='lat' dir='ltr'><strong>et</strong></span> <span class='ocrx_word' id='word_1_63' title='bbox 2225 881 2276 934; x_wconf 91' lang='lat' dir='ltr'><strong>in</strong></span> <span class='ocrx_word' id='word_1_64' title='bbox 2311 880 2444 934; x_wconf 83' lang='lat' dir='ltr'><strong>seis-</strong></span> 
     </span>
    </p>
   </div>
   <div class='ocr_carea' id='block_1_9' title="bbox 875 967 2442 1028">
    <p class='ocr_par' dir='ltr' id='par_1_9' title="bbox 875 967 2442 1028">
     <span class='ocr_line' id='line_1_9' title="bbox 875 967 2442 1028; baseline -0.003 -1"><span class='ocrx_word' id='word_1_65' title='bbox 875 975 1015 1028; x_wconf 87' lang='lat' dir='ltr'><strong>suris</strong></span> <span class='ocrx_word' id='word_1_66' title='bbox 1046 973 1300 1026; x_wconf 75' lang='lat' dir='ltr'><strong>montium</strong></span> <span class='ocrx_word' id='word_1_67' title='bbox 1344 969 1743 1024; x_wconf 87' lang='lat' dir='ltr'><strong>abscondebant</strong></span> <span class='ocrx_word' id='word_1_68' title='bbox 1787 983 1846 1024; x_wconf 90' lang='lat' dir='ltr'><strong>se</strong></span> <span class='ocrx_word' id='word_1_69' title='bbox 1898 969 2122 1024; x_wconf 86' lang='lat' dir='ltr'><strong>Domino</strong></span> <span class='ocrx_word' id='word_1_70' title='bbox 2159 967 2442 1024; x_wconf 78' lang='lat' dir='ltr'><strong>irascente.</strong></span> 
     </span>
    </p>
   </div>
   <div class='ocr_carea' id='block_1_10' title="bbox 877 1058 2446 1130">
    <p class='ocr_par' dir='ltr' id='par_1_10' title="bbox 877 1058 2446 1130">
     <span class='ocr_line' id='line_1_10' title="bbox 877 1058 2446 1130; baseline -0.003 -16"><span class='ocrx_word' id='word_1_71' title='bbox 877 1061 1073 1116; x_wconf 81' lang='lat' dir='ltr'><strong>Deinde</strong></span> <span class='ocrx_word' id='word_1_72' title='bbox 1101 1061 1356 1130; x_wconf 80' lang='lat' dir='ltr'><strong>judicavit</strong></span> <span class='ocrx_word' id='word_1_73' title='bbox 1385 1074 1477 1114; x_wconf 88' lang='lat' dir='ltr'><strong>eos</strong></span> <span class='ocrx_word' id='word_1_74' title='bbox 1506 1059 1722 1114; x_wconf 87' lang='lat' dir='ltr'><strong>Gedeon</strong></span> <span class='ocrx_word' id='word_1_75' title='bbox 1762 1061 1919 1114; x_wconf 88' lang='lat' dir='ltr'><strong>annis</strong></span> <span class='ocrx_word' id='word_1_76' title='bbox 1965 1075 2051 1113; x_wconf 78' lang='grc' dir='ltr'><strong>ιι.</strong></span> <span class='ocrx_word' id='word_1_77' title='bbox 2091 1060 2230 1113; x_wconf 80' lang='lat' dir='ltr'><strong>ﬁlius</strong></span> <span class='ocrx_word' id='word_1_78' title='bbox 2257 1058 2446 1112; x_wconf 86' lang='lat' dir='ltr'><strong>Iliero-</strong></span> 
     </span>
    </p>
   </div>
   <div class='ocr_carea' id='block_1_11' title="bbox 871 1147 2443 1220">
    <p class='ocr_par' dir='ltr' id='par_1_11' title="bbox 871 1147 2443 1220">
     <span class='ocr_line' id='line_1_11' title="bbox 871 1147 2443 1220; baseline -0.004 -11"><span class='ocrx_word' id='word_1_79' title='bbox 871 1155 976 1220; x_wconf 79' lang='lat' dir='ltr'><strong>bal,</strong></span> <span class='ocrx_word' id='word_1_80' title='bbox 1026 1155 1128 1209; x_wconf 75' lang='lat' dir='ltr'><strong>Soli</strong></span> <span class='ocrx_word' id='word_1_81' title='bbox 1187 1154 1329 1208; x_wconf 87' lang='lat' dir='ltr'><strong>enim</strong></span> <span class='ocrx_word' id='word_1_82' title='bbox 1379 1153 1602 1206; x_wconf 80' lang='lat' dir='ltr'><strong>trecenti</strong></span> <span class='ocrx_word' id='word_1_83' title='bbox 1657 1151 1759 1208; x_wconf 85' lang='lat' dir='ltr'><strong>viri</strong></span> <span class='ocrx_word' id='word_1_84' title='bbox 1811 1153 2062 1208; x_wconf 84' lang='lat' dir='ltr'><strong>exeriunt</strong></span> <span class='ocrx_word' id='word_1_85' title='bbox 2099 1165 2218 1204; x_wconf 87' lang='lat' dir='ltr'><strong>eum</strong></span> <span class='ocrx_word' id='word_1_86' title='bbox 2269 1163 2336 1205; x_wconf 88' lang='lat' dir='ltr'><strong>eo</strong></span> <span class='ocrx_word' id='word_1_87' title='bbox 2377 1147 2443 1203; x_wconf 89' lang='lat' dir='ltr'><strong>ad</strong></span> 
     </span>
    </p>
   </div>
   <div class='ocr_carea' id='block_1_12' title="bbox 881 1242 2442 1313">
    <p class='ocr_par' dir='ltr' id='par_1_12' title="bbox 881 1242 2442 1313">
     <span class='ocr_line' id='line_1_12' title="bbox 881 1242 2442 1313; baseline -0.003 -15"><span class='ocrx_word' id='word_1_88' title='bbox 881 1260 1109 1313; x_wconf 80' lang='lat' dir='ltr'><strong>pugnam</strong></span> <span class='ocrx_word' id='word_1_89' title='bbox 1153 1245 1410 1297; x_wconf 82' lang='lat' dir='ltr'><strong>adversus</strong></span> <span class='ocrx_word' id='word_1_90' title='bbox 1449 1242 1684 1308; x_wconf 76' lang='lat' dir='ltr'><strong>Madian,</strong></span> <span class='ocrx_word' id='word_1_91' title='bbox 1738 1243 1829 1311; x_wconf 87' lang='lat' dir='ltr'><strong>qui</strong></span> <span class='ocrx_word' id='word_1_92' title='bbox 1881 1243 2202 1296; x_wconf 90' lang='lat' dir='ltr'><strong>Iamhierunt</strong></span> <span class='ocrx_word' id='word_1_93' title='bbox 2252 1254 2442 1310; x_wconf 82' lang='lat' dir='ltr'><strong>aquam</strong></span> 
     </span>
    </p>
   </div>
   <div class='ocr_carea' id='block_1_13' title="bbox 870 1333 2442 1391">
    <p class='ocr_par' dir='ltr' id='par_1_13' title="bbox 870 1333 2442 1391">
     <span class='ocr_line' id='line_1_13' title="bbox 870 1333 2442 1391; baseline -0.002 -1"><span class='ocrx_word' id='word_1_94' title='bbox 870 1338 1008 1391; x_wconf 82' lang='lat' dir='ltr'><strong>sicut</strong></span> <span class='ocrx_word' id='word_1_95' title='bbox 1037 1351 1218 1391; x_wconf 89' lang='lat' dir='ltr'><strong>canes.</strong></span> <span class='ocrx_word' id='word_1_96' title='bbox 1251 1336 1401 1390; x_wconf 88' lang='lat' dir='ltr'><strong>Tunc</strong></span> <span class='ocrx_word' id='word_1_97' title='bbox 1427 1336 1564 1390; x_wconf 85' lang='lat' dir='ltr'><strong>dixit</strong></span> <span class='ocrx_word' id='word_1_98' title='bbox 1596 1335 1851 1390; x_wconf 86' lang='lat' dir='ltr'><strong>Dominus</strong></span> <span class='ocrx_word' id='word_1_99' title='bbox 1895 1337 1948 1390; x_wconf 89' lang='lat' dir='ltr'><strong>in</strong></span> <span class='ocrx_word' id='word_1_100' title='bbox 2001 1333 2264 1389; x_wconf 75' lang='lat' dir='ltr'><strong>trecentis</strong></span> <span class='ocrx_word' id='word_1_101' title='bbox 2311 1333 2442 1387; x_wconf 90' lang='lat' dir='ltr'><strong>viris</strong></span> 
     </span>
    </p>
   </div>
   <div class='ocr_carea' id='block_1_14' title="bbox 869 1423 2443 1496">
    <p class='ocr_par' dir='ltr' id='par_1_14' title="bbox 869 1423 2443 1496">
     <span class='ocr_line' id='line_1_14' title="bbox 869 1423 2443 1496; baseline -0.005 -14"><span class='ocrx_word' id='word_1_102' title='bbox 869 1428 1018 1492; x_wconf 87' lang='lat' dir='ltr'><strong>solis,</strong></span> <span class='ocrx_word' id='word_1_103' title='bbox 1047 1429 1137 1496; x_wconf 87' lang='lat' dir='ltr'><strong>qui</strong></span> <span class='ocrx_word' id='word_1_104' title='bbox 1165 1426 1488 1481; x_wconf 83' lang='lat' dir='ltr'><strong>Iambierunt</strong></span> <span class='ocrx_word' id='word_1_105' title='bbox 1517 1439 1680 1494; x_wconf 82' lang='lat' dir='ltr'><strong>aquas</strong></span> <span class='ocrx_word' id='word_1_106' title='bbox 1722 1427 1864 1479; x_wconf 89' lang='lat' dir='ltr'><strong>sicut</strong></span> <span class='ocrx_word' id='word_1_107' title='bbox 1902 1439 2060 1479; x_wconf 87' lang='lat' dir='ltr'><strong>canes</strong></span> <span class='ocrx_word' id='word_1_108' title='bbox 2086 1442 2097 1476; x_wconf 91' lang='lat'><strong>:</strong></span> <span class='ocrx_word' id='word_1_109' title='bbox 2129 1423 2334 1479; x_wconf 86' lang='lat' dir='ltr'><strong>salvum</strong></span> <span class='ocrx_word' id='word_1_110' title='bbox 2369 1423 2443 1475; x_wconf 82' lang='lat' dir='ltr'><strong>l’a-</strong></span> 
     </span>
    </p>
   </div>
   <div class='ocr_carea' id='block_1_15' title="bbox 869 1513 2441 1584">
    <p class='ocr_par' dir='ltr' id='par_1_15' title="bbox 869 1513 2441 1584">
     <span class='ocr_line' id='line_1_15' title="bbox 869 1513 2441 1584; baseline -0.001 -14"><span class='ocrx_word' id='word_1_111' title='bbox 869 1518 1007 1571; x_wconf 89' lang='lat' dir='ltr'><strong>ciam</strong></span> <span class='ocrx_word' id='word_1_112' title='bbox 1057 1517 1236 1571; x_wconf 85' lang='lat' dir='ltr'><strong>Israel.</strong></span> <span class='ocrx_word' id='word_1_113' title='bbox 1292 1516 1489 1570; x_wconf 86' lang='lat' dir='ltr'><strong>Deinde</strong></span> <span class='ocrx_word' id='word_1_114' title='bbox 1527 1516 1803 1570; x_wconf 83' lang='lat' dir='ltr'><strong>Abimeiec</strong></span> <span class='ocrx_word' id='word_1_115' title='bbox 1840 1514 2104 1584; x_wconf 89' lang='lat' dir='ltr'><strong>judicavit</strong></span> <span class='ocrx_word' id='word_1_116' title='bbox 2142 1527 2236 1568; x_wconf 85' lang='lat' dir='ltr'><strong>eos</strong></span> <span class='ocrx_word' id='word_1_117' title='bbox 2286 1513 2441 1568; x_wconf 91' lang='lat' dir='ltr'><strong>annis</strong></span> 
     </span>
    </p>
   </div>
   <div class='ocr_carea' id='block_1_16' title="bbox 871 1605 2439 1675">
    <p class='ocr_par' dir='ltr' id='par_1_16' title="bbox 871 1605 2439 1675">
     <span class='ocr_line' id='line_1_16' title="bbox 871 1605 2439 1675; baseline -0.001 -15"><span class='ocrx_word' id='word_1_118' title='bbox 871 1609 1066 1662; x_wconf 86' lang='lat' dir='ltr'><strong>tribus.</strong></span> <span class='ocrx_word' id='word_1_119' title='bbox 1115 1607 1211 1660; x_wconf 90' lang='lat' dir='ltr'><strong>llic</strong></span> <span class='ocrx_word' id='word_1_120' title='bbox 1255 1607 1448 1660; x_wconf 88' lang='lat' dir='ltr'><strong>occidit</strong></span> <span class='ocrx_word' id='word_1_121' title='bbox 1491 1621 1556 1660; x_wconf 90' lang='lat' dir='ltr'><strong>ex</strong></span> <span class='ocrx_word' id='word_1_122' title='bbox 1596 1606 1911 1675; x_wconf 71' lang='lat' dir='ltr'><strong>alienigenis</strong></span> <span class='ocrx_word' id='word_1_123' title='bbox 1958 1605 2103 1660; x_wconf 78' lang='lat' dir='ltr'><strong>mille</strong></span> <span class='ocrx_word' id='word_1_124' title='bbox 2135 1605 2341 1659; x_wconf 88' lang='lat' dir='ltr'><strong>animas</strong></span> <span class='ocrx_word' id='word_1_125' title='bbox 2384 1605 2439 1658; x_wconf 89' lang='lat' dir='ltr'><strong>in</strong></span> 
     </span>
    </p>
   </div>
   <div class='ocr_carea' id='block_1_17' title="bbox 865 1691 2436 1765">
    <p class='ocr_par' dir='ltr' id='par_1_17' title="bbox 865 1691 2436 1765">
     <span class='ocr_line' id='line_1_17' title="bbox 865 1691 2436 1765; baseline -0.005 -12"><span class='ocrx_word' id='word_1_126' title='bbox 865 1700 1013 1765; x_wconf 88' lang='lat' dir='ltr'><strong>igne,</strong></span> <span class='ocrx_word' id='word_1_127' title='bbox 1045 1696 1132 1764; x_wconf 90' lang='lat' dir='ltr'><strong>qui</strong></span> <span class='ocrx_word' id='word_1_128' title='bbox 1168 1695 1378 1750; x_wconf 86' lang='lat' dir='ltr'><strong>luerunt</strong></span> <span class='ocrx_word' id='word_1_129' title='bbox 1420 1695 1473 1748; x_wconf 93' lang='lat' dir='ltr'><strong>in</strong></span> <span class='ocrx_word' id='word_1_130' title='bbox 1505 1702 1650 1748; x_wconf 89' lang='lat' dir='ltr'><strong>turre</strong></span> <span class='ocrx_word' id='word_1_131' title='bbox 1682 1693 2058 1765; x_wconf 82' lang='lat' dir='ltr'><strong>Sychimorum</strong></span> <span class='ocrx_word' id='word_1_132' title='bbox 2095 1694 2308 1763; x_wconf 80' lang='lat' dir='ltr'><strong>quando</strong></span> <span class='ocrx_word' id='word_1_133' title='bbox 2355 1691 2436 1746; x_wconf 81' lang='lat' dir='ltr'><strong>fu-</strong></span> 
     </span>
    </p>
   </div>
   <div class='ocr_carea' id='block_1_18' title="bbox 869 1773 2438 1856">
    <p class='ocr_par' dir='ltr' id='par_1_18' title="bbox 869 1773 2438 1856">
     <span class='ocr_line' id='line_1_18' title="bbox 869 1773 2438 1856; baseline -0.001 -18"><span class='ocrx_word' id='word_1_134' title='bbox 869 1794 1054 1856; x_wconf 84' lang='lat' dir='ltr'><strong>gerant</strong></span> <span class='ocrx_word' id='word_1_135' title='bbox 1080 1800 1109 1838; x_wconf 87' lang='lat' dir='ltr'><strong>a</strong></span> <span class='ocrx_word' id='word_1_136' title='bbox 1138 1773 1273 1842; x_wconf 58' lang='lat' dir='ltr'><strong>faeie</strong></span> <span class='ocrx_word' id='word_1_137' title='bbox 1295 1785 1410 1854; x_wconf 88' lang='lat' dir='ltr'><strong>ejus</strong></span> <span class='ocrx_word' id='word_1_138' title='bbox 1433 1787 1484 1839; x_wconf 91' lang='lat' dir='ltr'><strong>in</strong></span> <span class='ocrx_word' id='word_1_139' title='bbox 1513 1780 1909 1839; x_wconf 75' lang='lat' dir='ltr'><strong>Aebrmcrium.</strong></span> <span class='ocrx_word' id='word_1_140' title='bbox 1951 1785 2103 1839; x_wconf 86' lang='lat' dir='ltr'><strong>Tunc</strong></span> <span class='ocrx_word' id='word_1_141' title='bbox 2142 1799 2172 1837; x_wconf 87' lang='lat' dir='ltr'><strong>a</strong></span> <span class='ocrx_word' id='word_1_142' title='bbox 2212 1784 2438 1837; x_wconf 87' lang='lat' dir='ltr'><strong>muliere</strong></span> 
     </span>
    </p>
   </div>
   <div class='ocr_carea' id='block_1_19' title="bbox 2545 693 4112 764">
    <p class='ocr_par' dir='ltr' id='par_1_19' title="bbox 2545 693 4112 764">
     <span class='ocr_line' id='line_1_19' title="bbox 2545 693 4112 764; baseline 0.003 -16"><span class='ocrx_word' id='word_1_143' title='bbox 2545 693 2667 763; x_wconf 88' lang='lat' dir='ltr'><strong>ejus</strong></span> <span class='ocrx_word' id='word_1_144' title='bbox 2698 703 3006 764; x_wconf 78' lang='lat' dir='ltr'><strong>peceatores</strong></span> <span class='ocrx_word' id='word_1_145' title='bbox 3034 693 3085 747; x_wconf 92' lang='lat' dir='ltr'><strong>in</strong></span> <span class='ocrx_word' id='word_1_146' title='bbox 3128 703 3423 764; x_wconf 70' lang='lat' dir='ltr'><strong>conspectu</strong></span> <span class='ocrx_word' id='word_1_147' title='bbox 3457 696 3685 749; x_wconf 87' lang='lat' dir='ltr'><strong>Domini.</strong></span> <span class='ocrx_word' id='word_1_148' title='bbox 3740 697 3850 752; x_wconf 85' lang='lat' dir='ltr'><strong>Hoc</strong></span> <span class='ocrx_word' id='word_1_149' title='bbox 3891 698 4112 754; x_wconf 89' lang='lat' dir='ltr'><strong>iu-tem-</strong></span> 
     </span>
    </p>
   </div>
   <div class='ocr_carea' id='block_1_20' title="bbox 2547 786 4119 858">
    <p class='ocr_par' dir='ltr' id='par_1_20' title="bbox 2547 786 4119 858">
     <span class='ocr_line' id='line_1_20' title="bbox 2547 786 4119 858; baseline 0.002 -18"><span class='ocrx_word' id='word_1_150' title='bbox 2547 801 2677 854; x_wconf 88' lang='lat' dir='ltr'><strong>pore</strong></span> <span class='ocrx_word' id='word_1_151' title='bbox 2711 796 2866 842; x_wconf 88' lang='lat' dir='ltr'><strong>natus</strong></span> <span class='ocrx_word' id='word_1_152' title='bbox 2899 795 2979 841; x_wconf 90' lang='lat' dir='ltr'><strong>est</strong></span> <span class='ocrx_word' id='word_1_153' title='bbox 3005 786 3257 852; x_wconf 88' lang='lat' dir='ltr'><strong>Samuel,</strong></span> <span class='ocrx_word' id='word_1_154' title='bbox 3289 802 3446 857; x_wconf 84' lang='lat' dir='ltr'><strong>quem</strong></span> <span class='ocrx_word' id='word_1_155' title='bbox 3484 787 3774 858; x_wconf 88' lang='lat' dir='ltr'><strong>postulavit</strong></span> <span class='ocrx_word' id='word_1_156' title='bbox 3803 792 3954 842; x_wconf 84' lang='lat' dir='ltr'><strong>Anna</strong></span> <span class='ocrx_word' id='word_1_157' title='bbox 3991 804 4119 844; x_wconf 83' lang='lat' dir='ltr'><strong>uxor</strong></span> 
     </span>
    </p>
   </div>
   <div class='ocr_carea' id='block_1_21' title="bbox 2549 874 4118 942">
    <p class='ocr_par' dir='ltr' id='par_1_21' title="bbox 2549 874 4118 942">
     <span class='ocr_line' id='line_1_21' title="bbox 2549 874 4118 942; baseline 0.002 -13"><span class='ocrx_word' id='word_1_158' title='bbox 2549 874 2838 942; x_wconf 83' lang='lat' dir='ltr'><strong>Belehane,</strong></span> <span class='ocrx_word' id='word_1_159' title='bbox 2871 891 2990 930; x_wconf 89' lang='lat' dir='ltr'><strong>cum</strong></span> <span class='ocrx_word' id='word_1_160' title='bbox 3018 885 3155 932; x_wconf 88' lang='lat' dir='ltr'><strong>esset</strong></span> <span class='ocrx_word' id='word_1_161' title='bbox 3183 877 3384 932; x_wconf 88' lang='lat' dir='ltr'><strong>sterilis</strong></span> <span class='ocrx_word' id='word_1_162' title='bbox 3415 887 3468 931; x_wconf 90' lang='lat' dir='ltr'><strong>et</strong></span> <span class='ocrx_word' id='word_1_163' title='bbox 3489 877 3762 931; x_wconf 77' lang='lat' dir='ltr'><strong>exaudivit</strong></span> <span class='ocrx_word' id='word_1_164' title='bbox 3789 893 3907 932; x_wconf 89' lang='lat' dir='ltr'><strong>eam</strong></span> <span class='ocrx_word' id='word_1_165' title='bbox 3942 878 4118 932; x_wconf 84' lang='lat' dir='ltr'><strong>Domi-</strong></span> 
     </span>
    </p>
   </div>
   <div class='ocr_carea' id='block_1_22' title="bbox 2548 966 4116 1037">
    <p class='ocr_par' dir='ltr' id='par_1_22' title="bbox 2548 966 4116 1037">
     <span class='ocr_line' id='line_1_22' title="bbox 2548 966 4116 1037; baseline 0.002 -17"><span class='ocrx_word' id='word_1_166' title='bbox 2548 979 2672 1030; x_wconf 90' lang='lat' dir='ltr'><strong>nus,</strong></span> <span class='ocrx_word' id='word_1_167' title='bbox 2700 973 2755 1020; x_wconf 89' lang='lat' dir='ltr'><strong>et</strong></span> <span class='ocrx_word' id='word_1_168' title='bbox 2795 966 3039 1035; x_wconf 86' lang='lat' dir='ltr'><strong>concepit</strong></span> <span class='ocrx_word' id='word_1_169' title='bbox 3069 975 3123 1020; x_wconf 90' lang='lat' dir='ltr'><strong>ct</strong></span> <span class='ocrx_word' id='word_1_170' title='bbox 3153 967 3354 1037; x_wconf 87' lang='lat' dir='ltr'><strong>peperit</strong></span> <span class='ocrx_word' id='word_1_171' title='bbox 3387 967 3554 1022; x_wconf 84' lang='lat' dir='ltr'><strong>lilium</strong></span> <span class='ocrx_word' id='word_1_172' title='bbox 3580 976 3634 1023; x_wconf 95' lang='lat' dir='ltr'><strong>et</strong></span> <span class='ocrx_word' id='word_1_173' title='bbox 3681 970 3891 1023; x_wconf 82' lang='lat' dir='ltr'><strong>vocavit</strong></span> <span class='ocrx_word' id='word_1_174' title='bbox 3930 983 4116 1024; x_wconf 86' lang='lat' dir='ltr'><strong>nomen</strong></span> 
     </span>
    </p>
   </div>
   <div class='ocr_carea' id='block_1_23' title="bbox 2540 1055 4118 1130">
    <p class='ocr_par' dir='ltr' id='par_1_23' title="bbox 2540 1055 4118 1130">
     <span class='ocr_line' id='line_1_23' title="bbox 2540 1055 4118 1130; baseline 0.004 -20"><span class='ocrx_word' id='word_1_175' title='bbox 2540 1055 2663 1125; x_wconf 88' lang='lat' dir='ltr'><strong>ejus</strong></span> <span class='ocrx_word' id='word_1_176' title='bbox 2691 1056 2927 1122; x_wconf 84' lang='lat' dir='ltr'><strong>Samuel,</strong></span> <span class='ocrx_word' id='word_1_177' title='bbox 2976 1056 3180 1123; x_wconf 89' lang='lat' dir='ltr'><strong>dicens,</strong></span> <span class='ocrx_word' id='word_1_178' title='bbox 3230 1057 3485 1127; x_wconf 90' lang='lat' dir='ltr'><strong>quoniam</strong></span> <span class='ocrx_word' id='word_1_179' title='bbox 3526 1073 3555 1112; x_wconf 89' lang='lat' dir='ltr'><strong>a</strong></span> <span class='ocrx_word' id='word_1_180' title='bbox 3602 1059 3712 1114; x_wconf 90' lang='lat' dir='ltr'><strong>Deo</strong></span> <span class='ocrx_word' id='word_1_181' title='bbox 3745 1059 4118 1130; x_wconf 82' lang='lat' dir='ltr'><strong>Omnipotente</strong></span> 
     </span>
    </p>
   </div>
   <div class='ocr_carea' id='block_1_24' title="bbox 2545 1145 4115 1218">
    <p class='ocr_par' dir='ltr' id='par_1_24' title="bbox 2545 1145 4115 1218">
     <span class='ocr_line' id='line_1_24' title="bbox 2545 1145 4115 1218; baseline 0.003 -17"><span class='ocrx_word' id='word_1_182' title='bbox 2545 1145 2676 1214; x_wconf 88' lang='lat' dir='ltr'><strong>petii</strong></span> <span class='ocrx_word' id='word_1_183' title='bbox 2723 1145 2895 1201; x_wconf 89' lang='lat' dir='ltr'><strong>illum.</strong></span> <span class='ocrx_word' id='word_1_184' title='bbox 2954 1145 3072 1201; x_wconf 90' lang='lat' dir='ltr'><strong>Ileli</strong></span> <span class='ocrx_word' id='word_1_185' title='bbox 3112 1158 3288 1201; x_wconf 90' lang='lat' dir='ltr'><strong>autem</strong></span> <span class='ocrx_word' id='word_1_186' title='bbox 3334 1147 3433 1202; x_wconf 76' lang='lat' dir='ltr'><strong>fuit</strong></span> <span class='ocrx_word' id='word_1_187' title='bbox 3488 1152 3775 1218; x_wconf 75' lang='lat' dir='ltr'><strong>nonaginta</strong></span> <span class='ocrx_word' id='word_1_188' title='bbox 3821 1165 4115 1214; x_wconf 86' lang='lat' dir='ltr'><strong>annorum;</strong></span> 
     </span>
    </p>
   </div>
   <div class='ocr_carea' id='block_1_25' title="bbox 2545 1235 4119 1305">
    <p class='ocr_par' dir='ltr' id='par_1_25' title="bbox 2545 1235 4119 1305">
     <span class='ocr_line' id='line_1_25' title="bbox 2545 1235 4119 1305; baseline 0.004 -16"><span class='ocrx_word' id='word_1_189' title='bbox 2545 1236 2682 1289; x_wconf 90' lang='lat' dir='ltr'><strong>oculi</strong></span> <span class='ocrx_word' id='word_1_190' title='bbox 2713 1246 2890 1290; x_wconf 88' lang='lat' dir='ltr'><strong>autem</strong></span> <span class='ocrx_word' id='word_1_191' title='bbox 2930 1235 3048 1305; x_wconf 86' lang='lat' dir='ltr'><strong>ejus</strong></span> <span class='ocrx_word' id='word_1_192' title='bbox 3099 1248 3249 1292; x_wconf 85' lang='lat' dir='ltr'><strong>erant</strong></span> <span class='ocrx_word' id='word_1_193' title='bbox 3287 1238 3496 1292; x_wconf 89' lang='lat' dir='ltr'><strong>obducti</strong></span> <span class='ocrx_word' id='word_1_194' title='bbox 3542 1248 3597 1294; x_wconf 89' lang='lat' dir='ltr'><strong>et</strong></span> <span class='ocrx_word' id='word_1_195' title='bbox 3633 1253 3740 1294; x_wconf 87' lang='lat' dir='ltr'><strong>non</strong></span> <span class='ocrx_word' id='word_1_196' title='bbox 3771 1240 4037 1305; x_wconf 79' lang='lat' dir='ltr'><strong>videbant,</strong></span> <span class='ocrx_word' id='word_1_197' title='bbox 4064 1249 4119 1295; x_wconf 89' lang='lat' dir='ltr'><strong>et</strong></span> 
     </span>
    </p>
   </div>
   <div class='ocr_carea' id='block_1_26' title="bbox 2541 1328 4117 1401">
    <p class='ocr_par' dir='ltr' id='par_1_26' title="bbox 2541 1328 4117 1401">
     <span class='ocr_line' id='line_1_26' title="bbox 2541 1328 4117 1401; baseline 0.003 -20"><span class='ocrx_word' id='word_1_198' title='bbox 2541 1328 2795 1396; x_wconf 87' lang='lat' dir='ltr'><strong>judicavit</strong></span> <span class='ocrx_word' id='word_1_199' title='bbox 2827 1329 3076 1398; x_wconf 84' lang='lat' dir='ltr'><strong>populum</strong></span> <span class='ocrx_word' id='word_1_200' title='bbox 3105 1331 3259 1384; x_wconf 89' lang='lat' dir='ltr'><strong>annis</strong></span> <span class='ocrx_word' id='word_1_201' title='bbox 3284 1346 3375 1385; x_wconf 81' lang='lat' dir='ltr'><strong>xx.</strong></span> <span class='ocrx_word' id='word_1_202' title='bbox 3429 1331 3493 1384; x_wconf 85' lang='lat' dir='ltr'><strong>Et</strong></span> <span class='ocrx_word' id='word_1_203' title='bbox 3520 1332 3702 1386; x_wconf 88' lang='lat' dir='ltr'><strong>audito</strong></span> <span class='ocrx_word' id='word_1_204' title='bbox 3746 1333 3930 1386; x_wconf 89' lang='lat' dir='ltr'><strong>nuntio</strong></span> <span class='ocrx_word' id='word_1_205' title='bbox 3977 1332 4117 1401; x_wconf 87' lang='lat' dir='ltr'><strong>quod</strong></span> 
     </span>
    </p>
   </div>
   <div class='ocr_carea' id='block_1_27' title="bbox 2543 1419 4116 1490">
    <p class='ocr_par' dir='ltr' id='par_1_27' title="bbox 2543 1419 4116 1490">
     <span class='ocr_line' id='line_1_27' title="bbox 2543 1419 4116 1490; baseline -0.001 -16"><span class='ocrx_word' id='word_1_206' title='bbox 2543 1428 2694 1489; x_wconf 83' lang='lat' dir='ltr'><strong>capta</strong></span> <span class='ocrx_word' id='word_1_207' title='bbox 2716 1421 2785 1474; x_wconf 87' lang='lat' dir='ltr'><strong>sit</strong></span> <span class='ocrx_word' id='word_1_208' title='bbox 2809 1419 2875 1475; x_wconf 89' lang='lat' dir='ltr'><strong>ab</strong></span> <span class='ocrx_word' id='word_1_209' title='bbox 2900 1420 3165 1490; x_wconf 87' lang='lat' dir='ltr'><strong>allophilis</strong></span> <span class='ocrx_word' id='word_1_210' title='bbox 3206 1436 3326 1474; x_wconf 89' lang='lat' dir='ltr'><strong>arca</strong></span> <span class='ocrx_word' id='word_1_211' title='bbox 3365 1421 3595 1487; x_wconf 88' lang='lat' dir='ltr'><strong>Domini,</strong></span> <span class='ocrx_word' id='word_1_212' title='bbox 3637 1423 3832 1477; x_wconf 80' lang='lat' dir='ltr'><strong>cecidit</strong></span> <span class='ocrx_word' id='word_1_213' title='bbox 3869 1423 3935 1476; x_wconf 91' lang='lat' dir='ltr'><strong>de</strong></span> <span class='ocrx_word' id='word_1_214' title='bbox 3964 1424 4116 1488; x_wconf 81' lang='lat' dir='ltr'><strong>sella,</strong></span> 
     </span>
    </p>
   </div>
   <div class='ocr_carea' id='block_1_28' title="bbox 2542 1507 4120 1580">
    <p class='ocr_par' dir='ltr' id='par_1_28' title="bbox 2542 1507 4120 1580">
     <span class='ocr_line' id='line_1_28' title="bbox 2542 1507 4120 1580; baseline 0.002 -17"><span class='ocrx_word' id='word_1_215' title='bbox 2542 1518 2598 1564; x_wconf 91' lang='lat' dir='ltr'><strong>et</strong></span> <span class='ocrx_word' id='word_1_216' title='bbox 2624 1517 2865 1562; x_wconf 88' lang='lat' dir='ltr'><strong>mortuus</strong></span> <span class='ocrx_word' id='word_1_217' title='bbox 2895 1518 2997 1563; x_wconf 91' lang='lat' dir='ltr'><strong>est.</strong></span> <span class='ocrx_word' id='word_1_218' title='bbox 3023 1507 3174 1562; x_wconf 85' lang='lat' dir='ltr'><strong>Tunc</strong></span> <span class='ocrx_word' id='word_1_219' title='bbox 3205 1509 3417 1564; x_wconf 83' lang='lat' dir='ltr'><strong>Samuel</strong></span> <span class='ocrx_word' id='word_1_220' title='bbox 3455 1510 3711 1565; x_wconf 86' lang='lat' dir='ltr'><strong>successit</strong></span> <span class='ocrx_word' id='word_1_221' title='bbox 3739 1511 3809 1575; x_wconf 90' lang='lat' dir='ltr'><strong>ei,</strong></span> <span class='ocrx_word' id='word_1_222' title='bbox 3839 1522 3890 1566; x_wconf 88' lang='lat' dir='ltr'><strong>et</strong></span> <span class='ocrx_word' id='word_1_223' title='bbox 3917 1511 4120 1580; x_wconf 86' lang='lat' dir='ltr'><strong>judica-</strong></span> 
     </span>
    </p>
   </div>
   <div class='ocr_carea' id='block_1_29' title="bbox 2544 1598 4119 1671">
    <p class='ocr_par' dir='ltr' id='par_1_29' title="bbox 2544 1598 4119 1671">
     <span class='ocr_line' id='line_1_29' title="bbox 2544 1598 4119 1671; baseline 0.003 -19"><span class='ocrx_word' id='word_1_224' title='bbox 2544 1598 2617 1653; x_wconf 90' lang='lat' dir='ltr'><strong>vit</strong></span> <span class='ocrx_word' id='word_1_225' title='bbox 2647 1599 2808 1653; x_wconf 89' lang='lat' dir='ltr'><strong>Israel</strong></span> <span class='ocrx_word' id='word_1_226' title='bbox 2837 1600 2993 1654; x_wconf 88' lang='lat' dir='ltr'><strong>annis</strong></span> <span class='ocrx_word' id='word_1_227' title='bbox 3025 1600 3249 1654; x_wconf 54' lang='lat' dir='ltr'><strong>xxxllic</strong></span> <span class='ocrx_word' id='word_1_228' title='bbox 3280 1600 3495 1655; x_wconf 88' lang='lat' dir='ltr'><strong>Samuel</strong></span> <span class='ocrx_word' id='word_1_229' title='bbox 3527 1605 3714 1670; x_wconf 90' lang='lat' dir='ltr'><strong>genuit</strong></span> <span class='ocrx_word' id='word_1_230' title='bbox 3744 1603 3904 1671; x_wconf 89' lang='lat' dir='ltr'><strong>lllios,</strong></span> <span class='ocrx_word' id='word_1_231' title='bbox 3956 1619 4119 1657; x_wconf 91' lang='lat' dir='ltr'><strong>unum</strong></span> 
     </span>
    </p>
   </div>
   <div class='ocr_carea' id='block_1_30' title="bbox 2545 1690 4120 1759">
    <p class='ocr_par' dir='ltr' id='par_1_30' title="bbox 2545 1690 4120 1759">
     <span class='ocr_line' id='line_1_30' title="bbox 2545 1690 4120 1759; baseline 0.003 -15"><span class='ocrx_word' id='word_1_232' title='bbox 2545 1692 2760 1744; x_wconf 89' lang='lat' dir='ltr'><strong>nomine</strong></span> <span class='ocrx_word' id='word_1_233' title='bbox 2789 1691 2931 1758; x_wconf 86' lang='lat' dir='ltr'><strong>Joel,</strong></span> <span class='ocrx_word' id='word_1_234' title='bbox 2962 1690 3124 1746; x_wconf 89' lang='lat' dir='ltr'><strong>alium</strong></span> <span class='ocrx_word' id='word_1_235' title='bbox 3151 1705 3279 1746; x_wconf 91' lang='lat' dir='ltr'><strong>vero</strong></span> <span class='ocrx_word' id='word_1_236' title='bbox 3315 1691 3597 1746; x_wconf 80' lang='lat' dir='ltr'><strong>Abiatlrar.</strong></span> <span class='ocrx_word' id='word_1_237' title='bbox 3639 1691 3992 1759; x_wconf 85' lang='lat' dir='ltr'><strong>Temporibus</strong></span> <span class='ocrx_word' id='word_1_238' title='bbox 4027 1708 4120 1748; x_wconf 61' lang='lat' dir='ltr'><strong>auo</strong></span> 
     </span>
    </p>
   </div>
   <div class='ocr_carea' id='block_1_31' title="bbox 2544 1779 4122 1854">
    <p class='ocr_par' dir='ltr' id='par_1_31' title="bbox 2544 1779 4122 1854">
     <span class='ocr_line' id='line_1_31' title="bbox 2544 1779 4122 1854; baseline 0.004 -22"><span class='ocrx_word' id='word_1_239' title='bbox 2544 1789 2648 1834; x_wconf 89' lang='lat' dir='ltr'><strong>tem</strong></span> <span class='ocrx_word' id='word_1_240' title='bbox 2671 1779 2790 1846; x_wconf 84' lang='lat' dir='ltr'><strong>ejus</strong></span> <span class='ocrx_word' id='word_1_241' title='bbox 2818 1790 2938 1850; x_wconf 88' lang='lat' dir='ltr'><strong>post</strong></span> <span class='ocrx_word' id='word_1_242' title='bbox 2965 1781 3328 1849; x_wconf 82' lang='lat' dir='ltr'><strong>captivitatem</strong></span> <span class='ocrx_word' id='word_1_243' title='bbox 3358 1796 3497 1837; x_wconf 78' lang='lat' dir='ltr'><strong>area:</strong></span> <span class='ocrx_word' id='word_1_244' title='bbox 3527 1782 3594 1836; x_wconf 87' lang='lat' dir='ltr'><strong>ab</strong></span> <span class='ocrx_word' id='word_1_245' title='bbox 3608 1781 4122 1854; x_wconf 88' lang='lat' dir='ltr'><strong>allophilis,quando</strong></span> 
     </span>
    </p>
   </div>
   <div class='ocr_carea' id='block_1_32' title="bbox 867 1861 4121 1948">
    <p class='ocr_par' dir='ltr' id='par_1_32' title="bbox 867 1861 4121 1948">
     <span class='ocr_line' id='line_1_32' title="bbox 867 1861 4121 1948; baseline -0 -21"><span class='ocrx_word' id='word_1_246' title='bbox 867 1891 1150 1947; x_wconf 72' lang='lat' dir='ltr'><strong>percussus</strong></span> <span class='ocrx_word' id='word_1_247' title='bbox 1202 1878 1431 1948; x_wconf 73' lang='lat' dir='ltr'><strong>lapidem</strong></span> <span class='ocrx_word' id='word_1_248' title='bbox 1484 1879 1627 1935; x_wconf 77' lang='lat' dir='ltr'><strong>mole</strong></span> <span class='ocrx_word' id='word_1_249' title='bbox 1676 1888 1917 1932; x_wconf 76' lang='lat' dir='ltr'><strong>mortuus</strong></span> <span class='ocrx_word' id='word_1_250' title='bbox 1941 1861 2044 1935; x_wconf 63' lang='lat' dir='ltr'><strong>est.</strong></span> <span class='ocrx_word' id='word_1_251' title='bbox 2099 1877 2300 1932; x_wconf 59' lang='lat' dir='ltr'><strong>Deinde</strong></span> <span class='ocrx_word' id='word_1_252' title='bbox 2328 1877 2436 1931; x_wconf 75' lang='lat' dir='ltr'><strong>Fua</strong></span> <span class='ocrx_word' id='word_1_253' title='bbox 2468 1870 2512 1930; x_wconf 81' lang='grc' dir='ltr'><strong><em>Β</em></strong></span> <span class='ocrx_word' id='word_1_254' title='bbox 2540 1869 2705 1924; x_wconf 78' lang='lat' dir='ltr'><strong>occisi</strong></span> <span class='ocrx_word' id='word_1_255' title='bbox 2753 1878 2880 1924; x_wconf 90' lang='lat' dir='ltr'><strong>sunt</strong></span> <span class='ocrx_word' id='word_1_256' title='bbox 2909 1869 3139 1925; x_wconf 86' lang='lat' dir='ltr'><strong>Phinees</strong></span> <span class='ocrx_word' id='word_1_257' title='bbox 3186 1878 3242 1926; x_wconf 88' lang='lat' dir='ltr'><strong>et</strong></span> <span class='ocrx_word' id='word_1_258' title='bbox 3278 1871 3400 1926; x_wconf 76' lang='grc' dir='ltr'><strong>ΟΓηὶ</strong></span> <span class='ocrx_word' id='word_1_259' title='bbox 3454 1871 3546 1926; x_wconf 80' lang='lat' dir='ltr'><strong>ﬁlii</strong></span> <span class='ocrx_word' id='word_1_260' title='bbox 3579 1872 3683 1926; x_wconf 75' lang='lat' dir='ltr'><strong>Eli.</strong></span> <span class='ocrx_word' id='word_1_261' title='bbox 3729 1873 3879 1927; x_wconf 84' lang='lat' dir='ltr'><strong>Tunc.</strong></span> <span class='ocrx_word' id='word_1_262' title='bbox 3906 1881 3960 1927; x_wconf 70' lang='lat' dir='ltr'><strong>et</strong></span> <span class='ocrx_word' id='word_1_263' title='bbox 3985 1875 4121 1940; x_wconf 91' lang='lat' dir='ltr'><strong>ipse,</strong></span> 
     </span>
    </p>
   </div>
   <div class='ocr_carea' id='block_1_33' title="bbox 867 1966 2433 2039">
    <p class='ocr_par' dir='ltr' id='par_1_33' title="bbox 867 1966 2433 2039">
     <span class='ocr_line' id='line_1_33' title="bbox 867 1966 2433 2039; baseline -0.001 -18"><span class='ocrx_word' id='word_1_264' title='bbox 867 1969 1012 2022; x_wconf 80' lang='lat' dir='ltr'><strong>ﬁlius</strong></span> <span class='ocrx_word' id='word_1_265' title='bbox 1039 1966 1296 2024; x_wconf 85' lang='lat' dir='ltr'><strong>Charram</strong></span> <span class='ocrx_word' id='word_1_266' title='bbox 1317 1969 1578 2039; x_wconf 79' lang='lat' dir='ltr'><strong>judicavit</strong></span> <span class='ocrx_word' id='word_1_267' title='bbox 1603 1983 1696 2024; x_wconf 89' lang='lat' dir='ltr'><strong>eos</strong></span> <span class='ocrx_word' id='word_1_268' title='bbox 1723 1970 1878 2023; x_wconf 88' lang='lat' dir='ltr'><strong>annis</strong></span> <span class='ocrx_word' id='word_1_269' title='bbox 1909 1985 2000 2022; x_wconf 79' lang='lat' dir='ltr'><strong>xx.</strong></span> <span class='ocrx_word' id='word_1_270' title='bbox 2038 1968 2135 2023; x_wconf 88' lang='lat' dir='ltr'><strong>Hic</strong></span> <span class='ocrx_word' id='word_1_271' title='bbox 2160 1968 2433 2028; x_wconf 76' lang='lat' dir='ltr'><strong>habitabat</strong></span> 
     </span>
    </p>
   </div>
   <div class='ocr_carea' id='block_1_34' title="bbox 867 2058 2431 2130">
    <p class='ocr_par' dir='ltr' id='par_1_34' title="bbox 867 2058 2431 2130">
     <span class='ocr_line' id='line_1_34' title="bbox 867 2058 2431 2130; baseline 0.001 -17"><span class='ocrx_word' id='word_1_272' title='bbox 867 2061 924 2113; x_wconf 92' lang='lat' dir='ltr'><strong>in</strong></span> <span class='ocrx_word' id='word_1_273' title='bbox 955 2069 1137 2115; x_wconf 88' lang='lat' dir='ltr'><strong>monte</strong></span> <span class='ocrx_word' id='word_1_274' title='bbox 1168 2058 1370 2116; x_wconf 82' lang='lat' dir='ltr'><strong>Elrem.</strong></span> <span class='ocrx_word' id='word_1_275' title='bbox 1410 2060 1522 2116; x_wconf 89' lang='lat' dir='ltr'><strong>Sub</strong></span> <span class='ocrx_word' id='word_1_276' title='bbox 1549 2063 1698 2130; x_wconf 89' lang='lat' dir='ltr'><strong>cujus</strong></span> <span class='ocrx_word' id='word_1_277' title='bbox 1730 2069 1938 2129; x_wconf 84' lang='lat' dir='ltr'><strong>tempus</strong></span> <span class='ocrx_word' id='word_1_278' title='bbox 1971 2075 2073 2129; x_wconf 89' lang='lat' dir='ltr'><strong>pax</strong></span> <span class='ocrx_word' id='word_1_279' title='bbox 2116 2059 2431 2120; x_wconf 83' lang='lat' dir='ltr'><strong>abundavit.</strong></span> 
     </span>
    </p>
   </div>
   <div class='ocr_carea' id='block_1_35' title="bbox 870 2149 2438 2221">
    <p class='ocr_par' dir='ltr' id='par_1_35' title="bbox 870 2149 2438 2221">
     <span class='ocr_line' id='line_1_35' title="bbox 870 2149 2438 2221; baseline 0.001 -18"><span class='ocrx_word' id='word_1_280' title='bbox 870 2156 928 2204; x_wconf 84' lang='lat' dir='ltr'><strong>et</strong></span> <span class='ocrx_word' id='word_1_281' title='bbox 963 2162 1070 2202; x_wconf 90' lang='lat' dir='ltr'><strong>non</strong></span> <span class='ocrx_word' id='word_1_282' title='bbox 1106 2149 1207 2204; x_wconf 73' lang='lat' dir='ltr'><strong>fuit</strong></span> <span class='ocrx_word' id='word_1_283' title='bbox 1232 2151 1432 2204; x_wconf 90' lang='lat' dir='ltr'><strong>bellum</strong></span> <span class='ocrx_word' id='word_1_284' title='bbox 1465 2152 1517 2204; x_wconf 93' lang='lat' dir='ltr'><strong>in</strong></span> <span class='ocrx_word' id='word_1_285' title='bbox 1547 2151 1733 2206; x_wconf 89' lang='lat' dir='ltr'><strong>Israel.</strong></span> <span class='ocrx_word' id='word_1_286' title='bbox 1783 2150 1984 2205; x_wconf 82' lang='lat' dir='ltr'><strong>Deinde</strong></span> <span class='ocrx_word' id='word_1_287' title='bbox 2011 2151 2143 2204; x_wconf 80' lang='lat' dir='ltr'><strong>Tole</strong></span> <span class='ocrx_word' id='word_1_288' title='bbox 2177 2151 2438 2221; x_wconf 87' lang='lat' dir='ltr'><strong>judicavit</strong></span> 
     </span>
    </p>
   </div>
   <div class='ocr_carea' id='block_1_36' title="bbox 869 2221 2434 2308">
    <p class='ocr_par' dir='ltr' id='par_1_36' title="bbox 869 2221 2434 2308">
     <span class='ocr_line' id='line_1_36' title="bbox 869 2221 2434 2308; baseline 0.003 -17"><span class='ocrx_word' id='word_1_289' title='bbox 869 2251 964 2292; x_wconf 87' lang='lat' dir='ltr'><strong>eos</strong></span> <span class='ocrx_word' id='word_1_290' title='bbox 988 2221 1147 2293; x_wconf 71' lang='lat' dir='ltr'><strong>annis</strong></span> <span class='ocrx_word' id='word_1_291' title='bbox 1171 2255 1258 2292; x_wconf 93' lang='lat' dir='ltr'><strong>xx.</strong></span> <span class='ocrx_word' id='word_1_292' title='bbox 1285 2238 1509 2294; x_wconf 91' lang='lat' dir='ltr'><strong>duobus.</strong></span> <span class='ocrx_word' id='word_1_293' title='bbox 1536 2239 1734 2295; x_wconf 89' lang='lat' dir='ltr'><strong>Deinde</strong></span> <span class='ocrx_word' id='word_1_294' title='bbox 1760 2239 2149 2308; x_wconf 82' lang='lat' dir='ltr'><strong>Jairjudicavit</strong></span> <span class='ocrx_word' id='word_1_295' title='bbox 2173 2238 2330 2294; x_wconf 88' lang='lat' dir='ltr'><strong>annis</strong></span> <span class='ocrx_word' id='word_1_296' title='bbox 2344 2257 2434 2295; x_wconf 85' lang='lat' dir='ltr'><strong>xx.</strong></span> 
     </span>
    </p>
   </div>
   <div class='ocr_carea' id='block_1_37' title="bbox 870 2328 2435 2401">
    <p class='ocr_par' dir='ltr' id='par_1_37' title="bbox 870 2328 2435 2401">
     <span class='ocr_line' id='line_1_37' title="bbox 870 2328 2435 2401; baseline 0.004 -19"><span class='ocrx_word' id='word_1_297' title='bbox 870 2328 1096 2385; x_wconf 89' lang='lat' dir='ltr'><strong>duobus.</strong></span> <span class='ocrx_word' id='word_1_298' title='bbox 1125 2329 1255 2383; x_wconf 91' lang='lat' dir='ltr'><strong>IIuic</strong></span> <span class='ocrx_word' id='word_1_299' title='bbox 1286 2338 1435 2385; x_wconf 89' lang='lat' dir='ltr'><strong>erant</strong></span> <span class='ocrx_word' id='word_1_300' title='bbox 1466 2331 1561 2385; x_wconf 81' lang='lat' dir='ltr'><strong>lilii</strong></span> <span class='ocrx_word' id='word_1_301' title='bbox 1580 2331 2066 2388; x_wconf 83' lang='lat' dir='ltr'><strong>xxx.ascendentes</strong></span> <span class='ocrx_word' id='word_1_302' title='bbox 2091 2348 2215 2385; x_wconf 86' lang='lat' dir='ltr'><strong>xxx.</strong></span> <span class='ocrx_word' id='word_1_303' title='bbox 2245 2347 2435 2401; x_wconf 83' lang='lat' dir='ltr'><strong>equos,</strong></span> 
     </span>
    </p>
   </div>
   <div class='ocr_carea' id='block_1_38' title="bbox 869 2420 2433 2490">
    <p class='ocr_par' dir='ltr' id='par_1_38' title="bbox 869 2420 2433 2490">
     <span class='ocr_line' id='line_1_38' title="bbox 869 2420 2433 2490; baseline 0.003 -16"><span class='ocrx_word' id='word_1_304' title='bbox 869 2427 922 2474; x_wconf 92' lang='lat' dir='ltr'><strong>et</strong></span> <span class='ocrx_word' id='word_1_305' title='bbox 947 2427 1098 2474; x_wconf 90' lang='lat' dir='ltr'><strong>erant</strong></span> <span class='ocrx_word' id='word_1_306' title='bbox 1129 2420 1209 2475; x_wconf 86' lang='lat' dir='ltr'><strong>eis</strong></span> <span class='ocrx_word' id='word_1_307' title='bbox 1237 2435 1370 2474; x_wconf 81' lang='lat' dir='ltr'><strong>xxx.</strong></span> <span class='ocrx_word' id='word_1_308' title='bbox 1401 2421 1663 2488; x_wconf 89' lang='lat' dir='ltr'><strong>civitates,</strong></span> <span class='ocrx_word' id='word_1_309' title='bbox 1715 2437 1849 2490; x_wconf 89' lang='lat' dir='ltr'><strong>quae</strong></span> <span class='ocrx_word' id='word_1_310' title='bbox 1874 2423 2191 2478; x_wconf 90' lang='lat' dir='ltr'><strong>dicebantur</strong></span> <span class='ocrx_word' id='word_1_311' title='bbox 2216 2423 2433 2479; x_wconf 70' lang='lat' dir='ltr'><strong>Abotthi</strong></span> 
     </span>
    </p>
   </div>
   <div class='ocr_carea' id='block_1_39' title="bbox 869 2506 2440 2571">
    <p class='ocr_par' dir='ltr' id='par_1_39' title="bbox 869 2506 2440 2571">
     <span class='ocr_line' id='line_1_39' title="bbox 869 2506 2440 2571; baseline 0.004 -8"><span class='ocrx_word' id='word_1_312' title='bbox 869 2506 959 2563; x_wconf 81' lang='lat' dir='ltr'><strong>Iar</strong></span> <span class='ocrx_word' id='word_1_313' title='bbox 1001 2509 1055 2562; x_wconf 92' lang='lat' dir='ltr'><strong>iu</strong></span> <span class='ocrx_word' id='word_1_314' title='bbox 1101 2507 1386 2565; x_wconf 74' lang='lat' dir='ltr'><strong>Galatidln.</strong></span> <span class='ocrx_word' id='word_1_315' title='bbox 1443 2510 1646 2566; x_wconf 86' lang='lat' dir='ltr'><strong>Deinde</strong></span> <span class='ocrx_word' id='word_1_316' title='bbox 1692 2512 1964 2567; x_wconf 87' lang='lat' dir='ltr'><strong>Pbilistini</strong></span> <span class='ocrx_word' id='word_1_317' title='bbox 2010 2521 2066 2567; x_wconf 90' lang='lat' dir='ltr'><strong>et</strong></span> <span class='ocrx_word' id='word_1_318' title='bbox 2105 2517 2440 2571; x_wconf 79' lang='lat' dir='ltr'><strong>Ammanitae</strong></span> 
     </span>
    </p>
   </div>
   <div class='ocr_carea' id='block_1_40' title="bbox 869 2598 2438 2669">
    <p class='ocr_par' dir='ltr' id='par_1_40' title="bbox 869 2598 2438 2669">
     <span class='ocr_line' id='line_1_40' title="bbox 869 2598 2438 2669; baseline 0.003 -15"><span class='ocrx_word' id='word_1_319' title='bbox 869 2598 1217 2654; x_wconf 85' lang='lat' dir='ltr'><strong>obtinuerunt</strong></span> <span class='ocrx_word' id='word_1_320' title='bbox 1245 2614 1430 2655; x_wconf 89' lang='lat' dir='ltr'><strong>eorum</strong></span> <span class='ocrx_word' id='word_1_321' title='bbox 1461 2603 1618 2655; x_wconf 88' lang='lat' dir='ltr'><strong>annis</strong></span> <span class='ocrx_word' id='word_1_322' title='bbox 1655 2601 1843 2658; x_wconf 89' lang='lat' dir='ltr'><strong>decem</strong></span> <span class='ocrx_word' id='word_1_323' title='bbox 1872 2613 1925 2657; x_wconf 89' lang='lat' dir='ltr'><strong>et</strong></span> <span class='ocrx_word' id='word_1_324' title='bbox 1944 2612 2088 2669; x_wconf 89' lang='lat' dir='ltr'><strong>octo,</strong></span> <span class='ocrx_word' id='word_1_325' title='bbox 2123 2605 2223 2658; x_wconf 88' lang='lat' dir='ltr'><strong>sub</strong></span> <span class='ocrx_word' id='word_1_326' title='bbox 2255 2618 2438 2659; x_wconf 89' lang='lat' dir='ltr'><strong>eorum</strong></span> 
     </span>
    </p>
   </div>
   <div class='ocr_carea' id='block_1_41' title="bbox 870 2687 2442 2760">
    <p class='ocr_par' dir='ltr' id='par_1_41' title="bbox 870 2687 2442 2760">
     <span class='ocr_line' id='line_1_41' title="bbox 870 2687 2442 2760; baseline 0.006 -19"><span class='ocrx_word' id='word_1_327' title='bbox 870 2687 1107 2760; x_wconf 81' lang='lat' dir='ltr'><strong>pondera</strong></span> <span class='ocrx_word' id='word_1_328' title='bbox 1135 2689 1596 2759; x_wconf 88' lang='lat' dir='ltr'><strong>proclamaverunt</strong></span> <span class='ocrx_word' id='word_1_329' title='bbox 1627 2691 1719 2746; x_wconf 77' lang='lat' dir='ltr'><strong>lilii</strong></span> <span class='ocrx_word' id='word_1_330' title='bbox 1743 2691 1903 2748; x_wconf 90' lang='lat' dir='ltr'><strong>Israel</strong></span> <span class='ocrx_word' id='word_1_331' title='bbox 1929 2695 1995 2747; x_wconf 87' lang='lat' dir='ltr'><strong>ad</strong></span> <span class='ocrx_word' id='word_1_332' title='bbox 2024 2694 2304 2748; x_wconf 78' lang='lat' dir='ltr'><strong>Domimtm</strong></span> <span class='ocrx_word' id='word_1_333' title='bbox 2336 2710 2442 2750; x_wconf 92' lang='lat' dir='ltr'><strong>non</strong></span> 
     </span>
    </p>
   </div>
   <div class='ocr_carea' id='block_1_42' title="bbox 869 2779 2436 2853">
    <p class='ocr_par' dir='ltr' id='par_1_42' title="bbox 869 2779 2436 2853">
     <span class='ocr_line' id='line_1_42' title="bbox 869 2779 2436 2853; baseline 0.001 -15"><span class='ocrx_word' id='word_1_334' title='bbox 869 2780 1038 2838; x_wconf 80' lang='lat' dir='ltr'><strong>semel</strong></span> <span class='ocrx_word' id='word_1_335' title='bbox 1069 2779 1160 2835; x_wconf 87' lang='lat' dir='ltr'><strong>sed</strong></span> <span class='ocrx_word' id='word_1_336' title='bbox 1188 2783 1422 2851; x_wconf 72' lang='lat' dir='ltr'><strong>saepius,</strong></span> <span class='ocrx_word' id='word_1_337' title='bbox 1450 2790 1507 2837; x_wconf 88' lang='lat' dir='ltr'><strong>et</strong></span> <span class='ocrx_word' id='word_1_338' title='bbox 1539 2783 1621 2836; x_wconf 88' lang='lat' dir='ltr'><strong>vix</strong></span> <span class='ocrx_word' id='word_1_339' title='bbox 1658 2797 1753 2838; x_wconf 80' lang='lat' dir='ltr'><strong>eos</strong></span> <span class='ocrx_word' id='word_1_340' title='bbox 1786 2783 1854 2838; x_wconf 92' lang='lat' dir='ltr'><strong>de</strong></span> <span class='ocrx_word' id='word_1_341' title='bbox 1881 2784 2131 2853; x_wconf 88' lang='lat' dir='ltr'><strong>periculis</strong></span> <span class='ocrx_word' id='word_1_342' title='bbox 2173 2784 2436 2839; x_wconf 84' lang='lat' dir='ltr'><strong>liberavit.</strong></span> 
     </span>
    </p>
   </div>
   <div class='ocr_carea' id='block_1_43' title="bbox 870 2869 2440 2944">
    <p class='ocr_par' dir='ltr' id='par_1_43' title="bbox 870 2869 2440 2944">
     <span class='ocr_line' id='line_1_43' title="bbox 870 2869 2440 2944; baseline 0.002 -18"><span class='ocrx_word' id='word_1_343' title='bbox 870 2870 1071 2926; x_wconf 77' lang='lat' dir='ltr'><strong>Deinde</strong></span> <span class='ocrx_word' id='word_1_344' title='bbox 1095 2869 1285 2940; x_wconf 80' lang='lat' dir='ltr'><strong>Jepbta</strong></span> <span class='ocrx_word' id='word_1_345' title='bbox 1316 2870 1384 2926; x_wconf 90' lang='lat' dir='ltr'><strong>de</strong></span> <span class='ocrx_word' id='word_1_346' title='bbox 1405 2870 1603 2926; x_wconf 68' lang='lat' dir='ltr'><strong>Galaad</strong></span> <span class='ocrx_word' id='word_1_347' title='bbox 1629 2872 1888 2941; x_wconf 88' lang='lat' dir='ltr'><strong>judicavit</strong></span> <span class='ocrx_word' id='word_1_348' title='bbox 1914 2888 2008 2928; x_wconf 83' lang='lat' dir='ltr'><strong>eos</strong></span> <span class='ocrx_word' id='word_1_349' title='bbox 2037 2876 2188 2929; x_wconf 90' lang='lat' dir='ltr'><strong>annis</strong></span> <span class='ocrx_word' id='word_1_350' title='bbox 2213 2885 2440 2944; x_wconf 87' lang='lat' dir='ltr'><strong>septem.</strong></span> 
     </span>
    </p>
   </div>
   <div class='ocr_carea' id='block_1_44' title="bbox 870 2959 2444 3034">
    <p class='ocr_par' dir='ltr' id='par_1_44' title="bbox 870 2959 2444 3034">
     <span class='ocr_line' id='line_1_44' title="bbox 870 2959 2444 3034; baseline 0.003 -19"><span class='ocrx_word' id='word_1_351' title='bbox 870 2959 971 3016; x_wconf 76' lang='lat' dir='ltr'><strong>llic</strong></span> <span class='ocrx_word' id='word_1_352' title='bbox 999 2960 1067 3014; x_wconf 89' lang='lat' dir='ltr'><strong>ab</strong></span> <span class='ocrx_word' id='word_1_353' title='bbox 1095 2962 1264 3015; x_wconf 81' lang='lat' dir='ltr'><strong>Aroer</strong></span> <span class='ocrx_word' id='word_1_354' title='bbox 1299 2974 1467 3030; x_wconf 86' lang='lat' dir='ltr'><strong>usque</strong></span> <span class='ocrx_word' id='word_1_355' title='bbox 1488 2961 1612 3016; x_wconf 88' lang='lat' dir='ltr'><strong>dum</strong></span> <span class='ocrx_word' id='word_1_356' title='bbox 1657 2965 1900 3017; x_wconf 88' lang='lat' dir='ltr'><strong>veniatur</strong></span> <span class='ocrx_word' id='word_1_357' title='bbox 1925 2964 2233 3019; x_wconf 84' lang='lat' dir='ltr'><strong>Maratthaei</strong></span> <span class='ocrx_word' id='word_1_358' title='bbox 2277 2979 2444 3034; x_wconf 86' lang='lat' dir='ltr'><strong>usque</strong></span> 
     </span>
    </p>
   </div>
   <div class='ocr_carea' id='block_1_45' title="bbox 874 3049 2444 3123">
    <p class='ocr_par' dir='ltr' id='par_1_45' title="bbox 874 3049 2444 3123">
     <span class='ocr_line' id='line_1_45' title="bbox 874 3049 2444 3123; baseline 0.003 -18"><span class='ocrx_word' id='word_1_359' title='bbox 874 3049 1129 3106; x_wconf 82' lang='lat' dir='ltr'><strong>Abelthar</strong></span> <span class='ocrx_word' id='word_1_360' title='bbox 1156 3067 1250 3104; x_wconf 93' lang='lat' dir='ltr'><strong>xx.</strong></span> <span class='ocrx_word' id='word_1_361' title='bbox 1279 3053 1521 3106; x_wconf 88' lang='lat' dir='ltr'><strong>civitates</strong></span> <span class='ocrx_word' id='word_1_362' title='bbox 1550 3055 1717 3106; x_wconf 73' lang='lat' dir='ltr'><strong>Amen</strong></span> <span class='ocrx_word' id='word_1_363' title='bbox 1745 3055 1936 3109; x_wconf 87' lang='lat' dir='ltr'><strong>evertit</strong></span> <span class='ocrx_word' id='word_1_364' title='bbox 1961 3069 2081 3108; x_wconf 91' lang='lat' dir='ltr'><strong>cum</strong></span> <span class='ocrx_word' id='word_1_365' title='bbox 2110 3056 2319 3123; x_wconf 64' lang='lat' dir='ltr'><strong>populis</strong></span> <span class='ocrx_word' id='word_1_366' title='bbox 2350 3070 2444 3110; x_wconf 81' lang='lat' dir='ltr'><strong>eo-</strong></span> 
     </span>
    </p>
   </div>
   <div class='ocr_carea' id='block_1_46' title="bbox 873 3141 2442 3208">
    <p class='ocr_par' dir='ltr' id='par_1_46' title="bbox 873 3141 2442 3208">
     <span class='ocr_line' id='line_1_46' title="bbox 873 3141 2442 3208; baseline 0.003 -13"><span class='ocrx_word' id='word_1_367' title='bbox 873 3151 1012 3196; x_wconf 86' lang='lat' dir='ltr'><strong>rum.</strong></span> <span class='ocrx_word' id='word_1_368' title='bbox 1046 3141 1266 3208; x_wconf 87' lang='lat' dir='ltr'><strong>Quando</strong></span> <span class='ocrx_word' id='word_1_369' title='bbox 1304 3156 1552 3197; x_wconf 84' lang='lat' dir='ltr'><strong>reversus</strong></span> <span class='ocrx_word' id='word_1_370' title='bbox 1591 3158 1739 3198; x_wconf 86' lang='lat' dir='ltr'><strong>suam</strong></span> <span class='ocrx_word' id='word_1_371' title='bbox 1780 3144 1995 3198; x_wconf 89' lang='lat' dir='ltr'><strong>domum</strong></span> <span class='ocrx_word' id='word_1_372' title='bbox 2033 3145 2225 3199; x_wconf 80' lang='lat' dir='ltr'><strong>obtulit</strong></span> <span class='ocrx_word' id='word_1_373' title='bbox 2263 3147 2442 3200; x_wconf 82' lang='lat' dir='ltr'><strong>tiliam.</strong></span> 
     </span>
    </p>
   </div>
   <div class='ocr_carea' id='block_1_47' title="bbox 2543 1960 4123 2032">
    <p class='ocr_par' dir='ltr' id='par_1_47' title="bbox 2543 1960 4123 2032">
     <span class='ocr_line' id='line_1_47' title="bbox 2543 1960 4123 2032; baseline 0.002 -18"><span class='ocrx_word' id='word_1_374' title='bbox 2543 1960 2726 2014; x_wconf 86' lang='lat' dir='ltr'><strong>audito</strong></span> <span class='ocrx_word' id='word_1_375' title='bbox 2758 1960 2967 2029; x_wconf 87' lang='lat' dir='ltr'><strong>nuntio,</strong></span> <span class='ocrx_word' id='word_1_376' title='bbox 2999 1969 3242 2015; x_wconf 86' lang='lat' dir='ltr'><strong>mortuus</strong></span> <span class='ocrx_word' id='word_1_377' title='bbox 3285 1969 3390 2028; x_wconf 87' lang='lat' dir='ltr'><strong>est,</strong></span> <span class='ocrx_word' id='word_1_378' title='bbox 3427 1971 3482 2016; x_wconf 91' lang='lat' dir='ltr'><strong>et</strong></span> <span class='ocrx_word' id='word_1_379' title='bbox 3519 1976 3548 2016; x_wconf 91' lang='lat' dir='ltr'><strong>a</strong></span> <span class='ocrx_word' id='word_1_380' title='bbox 3577 1962 3822 2032; x_wconf 87' lang='lat' dir='ltr'><strong>gentibus</strong></span> <span class='ocrx_word' id='word_1_381' title='bbox 3851 1965 3982 2018; x_wconf 74' lang='lat' dir='ltr'><strong>Area</strong></span> <span class='ocrx_word' id='word_1_382' title='bbox 4010 1967 4123 2017; x_wconf 81' lang='lat' dir='ltr'><strong>Ioe-</strong></span> 
     </span>
    </p>
   </div>
   <div class='ocr_carea' id='block_1_48' title="bbox 2543 2049 4124 2123">
    <p class='ocr_par' dir='ltr' id='par_1_48' title="bbox 2543 2049 4124 2123">
     <span class='ocr_line' id='line_1_48' title="bbox 2543 2049 4124 2123; baseline 0.003 -19"><span class='ocrx_word' id='word_1_383' title='bbox 2543 2061 2625 2104; x_wconf 91' lang='lat' dir='ltr'><strong>rat</strong></span> <span class='ocrx_word' id='word_1_384' title='bbox 2652 2050 2980 2120; x_wconf 69' lang='lat' dir='ltr'><strong>depraedata.</strong></span> <span class='ocrx_word' id='word_1_385' title='bbox 3010 2051 3138 2106; x_wconf 85' lang='lat' dir='ltr'><strong>Post</strong></span> <span class='ocrx_word' id='word_1_386' title='bbox 3165 2049 3394 2107; x_wconf 88' lang='lat' dir='ltr'><strong>reditum</strong></span> <span class='ocrx_word' id='word_1_387' title='bbox 3422 2052 3539 2122; x_wconf 90' lang='lat' dir='ltr'><strong>ejus</strong></span> <span class='ocrx_word' id='word_1_388' title='bbox 3571 2064 3799 2123; x_wconf 89' lang='lat' dir='ltr'><strong>quatuor</strong></span> <span class='ocrx_word' id='word_1_389' title='bbox 3841 2054 3954 2109; x_wconf 90' lang='lat' dir='ltr'><strong>loca</strong></span> <span class='ocrx_word' id='word_1_390' title='bbox 3999 2069 4124 2110; x_wconf 85' lang='lat' dir='ltr'><strong>ean-</strong></span> 
     </span>
    </p>
   </div>
   <div class='ocr_carea' id='block_1_49' title="bbox 2542 2141 4121 2214">
    <p class='ocr_par' dir='ltr' id='par_1_49' title="bbox 2542 2141 4121 2214">
     <span class='ocr_line' id='line_1_49' title="bbox 2542 2141 4121 2214; baseline 0.001 -17"><span class='ocrx_word' id='word_1_391' title='bbox 2542 2141 2772 2197; x_wconf 84' lang='lat' dir='ltr'><strong>ctillcata</strong></span> <span class='ocrx_word' id='word_1_392' title='bbox 2800 2143 3029 2210; x_wconf 72' lang='lat' dir='ltr'><strong>fuerant,</strong></span> <span class='ocrx_word' id='word_1_393' title='bbox 3053 2158 3173 2213; x_wconf 65' lang='lat' dir='ltr'><strong>quae</strong></span> <span class='ocrx_word' id='word_1_394' title='bbox 3190 2143 3452 2199; x_wconf 87' lang='lat' dir='ltr'><strong>circuibat</strong></span> <span class='ocrx_word' id='word_1_395' title='bbox 3479 2145 3717 2210; x_wconf 86' lang='lat' dir='ltr'><strong>Samuel,</strong></span> <span class='ocrx_word' id='word_1_396' title='bbox 3747 2145 3884 2201; x_wconf 87' lang='lat' dir='ltr'><strong>idest</strong></span> <span class='ocrx_word' id='word_1_397' title='bbox 3909 2146 4121 2214; x_wconf 88' lang='lat' dir='ltr'><strong>Betbel,</strong></span> 
     </span>
    </p>
   </div>
   <div class='ocr_carea' id='block_1_50' title="bbox 2542 2232 4124 2304">
    <p class='ocr_par' dir='ltr' id='par_1_50' title="bbox 2542 2232 4124 2304">
     <span class='ocr_line' id='line_1_50' title="bbox 2542 2232 4124 2304; baseline 0.004 -19"><span class='ocrx_word' id='word_1_398' title='bbox 2542 2248 2661 2302; x_wconf 78' lang='lat' dir='ltr'><strong>qua:</strong></span> <span class='ocrx_word' id='word_1_399' title='bbox 2707 2232 2900 2288; x_wconf 90' lang='lat' dir='ltr'><strong>dicitur</strong></span> <span class='ocrx_word' id='word_1_400' title='bbox 2937 2232 3106 2298; x_wconf 86' lang='lat' dir='ltr'><strong>Luxa,</strong></span> <span class='ocrx_word' id='word_1_401' title='bbox 3157 2234 3246 2290; x_wconf 90' lang='lat' dir='ltr'><strong>ubi</strong></span> <span class='ocrx_word' id='word_1_402' title='bbox 3291 2235 3436 2290; x_wconf 89' lang='lat' dir='ltr'><strong>visus</strong></span> <span class='ocrx_word' id='word_1_403' title='bbox 3478 2244 3559 2290; x_wconf 90' lang='lat' dir='ltr'><strong>est</strong></span> <span class='ocrx_word' id='word_1_404' title='bbox 3587 2235 3728 2290; x_wconf 89' lang='lat' dir='ltr'><strong>Deus</strong></span> <span class='ocrx_word' id='word_1_405' title='bbox 3756 2238 3821 2292; x_wconf 88' lang='lat' dir='ltr'><strong>ab</strong></span> <span class='ocrx_word' id='word_1_406' title='bbox 3851 2236 4037 2304; x_wconf 72' lang='lat' dir='ltr'><strong>Iacob,</strong></span> <span class='ocrx_word' id='word_1_407' title='bbox 4066 2246 4124 2292; x_wconf 90' lang='lat' dir='ltr'><strong>et</strong></span> 
     </span>
    </p>
   </div>
   <div class='ocr_carea' id='block_1_51' title="bbox 2544 2322 4123 2396">
    <p class='ocr_par' dir='ltr' id='par_1_51' title="bbox 2544 2322 4123 2396">
     <span class='ocr_line' id='line_1_51' title="bbox 2544 2322 4123 2396; baseline 0.004 -18"><span class='ocrx_word' id='word_1_408' title='bbox 2544 2322 2782 2392; x_wconf 86' lang='lat' dir='ltr'><strong>Galgala,</strong></span> <span class='ocrx_word' id='word_1_409' title='bbox 2805 2323 2894 2378; x_wconf 92' lang='lat' dir='ltr'><strong>ubi</strong></span> <span class='ocrx_word' id='word_1_410' title='bbox 2920 2324 3259 2379; x_wconf 87' lang='lat' dir='ltr'><strong>circumcidit</strong></span> <span class='ocrx_word' id='word_1_411' title='bbox 3288 2324 3487 2381; x_wconf 82' lang='lat' dir='ltr'><strong>Jhesus</strong></span> <span class='ocrx_word' id='word_1_412' title='bbox 3510 2325 3765 2396; x_wconf 89' lang='lat' dir='ltr'><strong>populum</strong></span> <span class='ocrx_word' id='word_1_413' title='bbox 3792 2336 3972 2381; x_wconf 91' lang='lat' dir='ltr'><strong>contra</strong></span> <span class='ocrx_word' id='word_1_414' title='bbox 4000 2328 4123 2384; x_wconf 86' lang='lat' dir='ltr'><strong>Ilie-</strong></span> 
     </span>
    </p>
   </div>
   <div class='ocr_carea' id='block_1_52' title="bbox 2545 2415 4123 2488">
    <p class='ocr_par' dir='ltr' id='par_1_52' title="bbox 2545 2415 4123 2488">
     <span class='ocr_line' id='line_1_52' title="bbox 2545 2415 4123 2488; baseline 0.004 -20"><span class='ocrx_word' id='word_1_415' title='bbox 2545 2415 2678 2481; x_wconf 90' lang='lat' dir='ltr'><strong>rico,</strong></span> <span class='ocrx_word' id='word_1_416' title='bbox 2705 2425 2757 2470; x_wconf 90' lang='lat' dir='ltr'><strong>et</strong></span> <span class='ocrx_word' id='word_1_417' title='bbox 2789 2415 3032 2482; x_wconf 70' lang='lat' dir='ltr'><strong>Nasel&#39;at,</strong></span> <span class='ocrx_word' id='word_1_418' title='bbox 3058 2417 3146 2471; x_wconf 88' lang='lat' dir='ltr'><strong>ubi</strong></span> <span class='ocrx_word' id='word_1_419' title='bbox 3170 2417 3363 2472; x_wconf 90' lang='lat' dir='ltr'><strong>obtulit</strong></span> <span class='ocrx_word' id='word_1_420' title='bbox 3409 2417 3568 2472; x_wconf 79' lang='lat' dir='ltr'><strong>tiliam</strong></span> <span class='ocrx_word' id='word_1_421' title='bbox 3617 2433 3767 2474; x_wconf 87' lang='lat' dir='ltr'><strong>suam</strong></span> <span class='ocrx_word' id='word_1_422' title='bbox 3811 2419 4025 2488; x_wconf 86' lang='lat' dir='ltr'><strong>Jepbta,</strong></span> <span class='ocrx_word' id='word_1_423' title='bbox 4069 2428 4123 2474; x_wconf 89' lang='lat' dir='ltr'><strong>et</strong></span> 
     </span>
    </p>
   </div>
   <div class='ocr_carea' id='block_1_53' title="bbox 2545 2504 4124 2576">
    <p class='ocr_par' dir='ltr' id='par_1_53' title="bbox 2545 2504 4124 2576">
     <span class='ocr_line' id='line_1_53' title="bbox 2545 2504 4124 2576; baseline 0.003 -17"><span class='ocrx_word' id='word_1_424' title='bbox 2545 2504 2800 2560; x_wconf 82' lang='lat' dir='ltr'><strong>Armaten</strong></span> <span class='ocrx_word' id='word_1_425' title='bbox 2830 2507 2884 2560; x_wconf 92' lang='lat' dir='ltr'><strong>in</strong></span> <span class='ocrx_word' id='word_1_426' title='bbox 2915 2505 3077 2562; x_wconf 91' lang='lat' dir='ltr'><strong>domo</strong></span> <span class='ocrx_word' id='word_1_427' title='bbox 3104 2521 3222 2576; x_wconf 88' lang='lat' dir='ltr'><strong>sua,</strong></span> <span class='ocrx_word' id='word_1_428' title='bbox 3254 2507 3344 2562; x_wconf 91' lang='lat' dir='ltr'><strong>ubi</strong></span> <span class='ocrx_word' id='word_1_429' title='bbox 3367 2507 3566 2563; x_wconf 78' lang='lat' dir='ltr'><strong>fecerat</strong></span> <span class='ocrx_word' id='word_1_430' title='bbox 3590 2509 3837 2564; x_wconf 87' lang='lat' dir='ltr'><strong>altarium</strong></span> <span class='ocrx_word' id='word_1_431' title='bbox 3871 2510 4011 2575; x_wconf 90' lang='lat' dir='ltr'><strong>Deo;</strong></span> <span class='ocrx_word' id='word_1_432' title='bbox 4039 2523 4124 2564; x_wconf 85' lang='lat' dir='ltr'><strong>sa-</strong></span> 
     </span>
    </p>
   </div>
   <div class='ocr_carea' id='block_1_54' title="bbox 2545 2599 4126 2670">
    <p class='ocr_par' dir='ltr' id='par_1_54' title="bbox 2545 2599 4126 2670">
     <span class='ocr_line' id='line_1_54' title="bbox 2545 2599 4126 2670; baseline 0.004 -19"><span class='ocrx_word' id='word_1_433' title='bbox 2545 2599 2736 2653; x_wconf 89' lang='lat' dir='ltr'><strong>cerdos</strong></span> <span class='ocrx_word' id='word_1_434' title='bbox 2766 2601 2906 2654; x_wconf 82' lang='lat' dir='ltr'><strong>enim</strong></span> <span class='ocrx_word' id='word_1_435' title='bbox 2938 2599 3034 2654; x_wconf 77' lang='lat' dir='ltr'><strong>fuit</strong></span> <span class='ocrx_word' id='word_1_436' title='bbox 3075 2600 3243 2670; x_wconf 89' lang='lat' dir='ltr'><strong>judex</strong></span> <span class='ocrx_word' id='word_1_437' title='bbox 3288 2610 3343 2656; x_wconf 91' lang='lat' dir='ltr'><strong>et</strong></span> <span class='ocrx_word' id='word_1_438' title='bbox 3386 2601 3665 2670; x_wconf 88' lang='lat' dir='ltr'><strong>propheta,</strong></span> <span class='ocrx_word' id='word_1_439' title='bbox 3721 2602 3813 2658; x_wconf 86' lang='lat' dir='ltr'><strong>sed</strong></span> <span class='ocrx_word' id='word_1_440' title='bbox 3842 2602 3961 2657; x_wconf 90' lang='lat' dir='ltr'><strong>ideo</strong></span> <span class='ocrx_word' id='word_1_441' title='bbox 3988 2602 4126 2657; x_wconf 81' lang='lat' dir='ltr'><strong>inter</strong></span> 
     </span>
    </p>
   </div>
   <div class='ocr_carea' id='block_1_55' title="bbox 2546 2689 4122 2762">
    <p class='ocr_par' dir='ltr' id='par_1_55' title="bbox 2546 2689 4122 2762">
     <span class='ocr_line' id='line_1_55' title="bbox 2546 2689 4122 2762; baseline -0.001 -16"><span class='ocrx_word' id='word_1_442' title='bbox 2546 2689 2855 2746; x_wconf 87' lang='lat' dir='ltr'><strong>sacerdotes</strong></span> <span class='ocrx_word' id='word_1_443' title='bbox 2884 2704 2914 2745; x_wconf 83' lang='lat' dir='ltr'><strong>a</strong></span> <span class='ocrx_word' id='word_1_444' title='bbox 2954 2691 3106 2746; x_wconf 88' lang='lat' dir='ltr'><strong>nobis</strong></span> <span class='ocrx_word' id='word_1_445' title='bbox 3156 2706 3262 2746; x_wconf 92' lang='lat' dir='ltr'><strong>non</strong></span> <span class='ocrx_word' id='word_1_446' title='bbox 3315 2701 3398 2747; x_wconf 87' lang='lat' dir='ltr'><strong>est</strong></span> <span class='ocrx_word' id='word_1_447' title='bbox 3445 2695 3742 2758; x_wconf 86' lang='lat' dir='ltr'><strong>immissus,</strong></span> <span class='ocrx_word' id='word_1_448' title='bbox 3797 2707 3972 2762; x_wconf 88' lang='lat' dir='ltr'><strong>neque</strong></span> <span class='ocrx_word' id='word_1_449' title='bbox 4020 2691 4122 2758; x_wconf 80' lang='lat' dir='ltr'><strong>Eli,</strong></span> 
     </span>
    </p>
   </div>
   <div class='ocr_carea' id='block_1_56' title="bbox 2545 2778 4127 2851">
    <p class='ocr_par' dir='ltr' id='par_1_56' title="bbox 2545 2778 4127 2851">
     <span class='ocr_line' id='line_1_56' title="bbox 2545 2778 4127 2851; baseline 0.004 -19"><span class='ocrx_word' id='word_1_450' title='bbox 2545 2779 2668 2849; x_wconf 85' lang='lat' dir='ltr'><strong>quia</strong></span> <span class='ocrx_word' id='word_1_451' title='bbox 2698 2779 2838 2834; x_wconf 89' lang='lat' dir='ltr'><strong>inter</strong></span> <span class='ocrx_word' id='word_1_452' title='bbox 2865 2778 3084 2836; x_wconf 78' lang='lat' dir='ltr'><strong>Iudices</strong></span> <span class='ocrx_word' id='word_1_453' title='bbox 3113 2789 3509 2851; x_wconf 87' lang='lat' dir='ltr'><strong>computantur.</strong></span> <span class='ocrx_word' id='word_1_454' title='bbox 3555 2781 3651 2837; x_wconf 91' lang='lat' dir='ltr'><strong>llic</strong></span> <span class='ocrx_word' id='word_1_455' title='bbox 3694 2783 3839 2836; x_wconf 85' lang='lat' dir='ltr'><strong>enim</strong></span> <span class='ocrx_word' id='word_1_456' title='bbox 3887 2781 4127 2838; x_wconf 83' lang='lat' dir='ltr'><strong>conclusi</strong></span> 
     </span>
    </p>
   </div>
   <div class='ocr_carea' id='block_1_57' title="bbox 2547 2869 4128 2942">
    <p class='ocr_par' dir='ltr' id='par_1_57' title="bbox 2547 2869 4128 2942">
     <span class='ocr_line' id='line_1_57' title="bbox 2547 2869 4128 2942; baseline 0.003 -18"><span class='ocrx_word' id='word_1_457' title='bbox 2547 2881 2670 2924; x_wconf 89' lang='lat' dir='ltr'><strong>sunt</strong></span> <span class='ocrx_word' id='word_1_458' title='bbox 2696 2869 2946 2924; x_wconf 75' lang='lat' dir='ltr'><strong>Iudicum</strong></span> <span class='ocrx_word' id='word_1_459' title='bbox 2986 2871 3111 2925; x_wconf 92' lang='lat' dir='ltr'><strong>anni</strong></span> <span class='ocrx_word' id='word_1_460' title='bbox 3157 2871 3434 2942; x_wconf 81' lang='lat' dir='ltr'><strong>quingenti</strong></span> <span class='ocrx_word' id='word_1_461' title='bbox 3485 2873 3758 2942; x_wconf 81' lang='lat' dir='ltr'><strong>sexaginta</strong></span> <span class='ocrx_word' id='word_1_462' title='bbox 3808 2887 3944 2928; x_wconf 90' lang='lat' dir='ltr'><strong>unus</strong></span> <span class='ocrx_word' id='word_1_463' title='bbox 3990 2872 4128 2928; x_wconf 89' lang='lat' dir='ltr'><strong>initil</strong></span> 
     </span>
    </p>
   </div>
   <div class='ocr_carea' id='block_1_58' title="bbox 2547 2959 4128 3030">
    <p class='ocr_par' dir='ltr' id='par_1_58' title="bbox 2547 2959 4128 3030">
     <span class='ocr_line' id='line_1_58' title="bbox 2547 2959 4128 3030; baseline 0.002 -15"><span class='ocrx_word' id='word_1_464' title='bbox 2547 2960 2871 3028; x_wconf 88' lang='lat' dir='ltr'><strong>captivitatis</strong></span> <span class='ocrx_word' id='word_1_465' title='bbox 2893 2959 3335 3030; x_wconf 84' lang='lat' dir='ltr'><strong>alienigenarum.</strong></span> <span class='ocrx_word' id='word_1_466' title='bbox 3386 2961 3511 3017; x_wconf 69' lang='lat' dir='ltr'><strong>Post</strong></span> <span class='ocrx_word' id='word_1_467' title='bbox 3540 2963 3682 3016; x_wconf 86' lang='lat' dir='ltr'><strong>hunc</strong></span> <span class='ocrx_word' id='word_1_468' title='bbox 3733 2971 3911 3017; x_wconf 86' lang='lat' dir='ltr'><strong>autem</strong></span> <span class='ocrx_word' id='word_1_469' title='bbox 3957 2961 4128 3018; x_wconf 81' lang='lat' dir='ltr'><strong>Iactus</strong></span> 
     </span>
    </p>
   </div>
   <div class='ocr_carea' id='block_1_59' title="bbox 2549 3049 4128 3122">
    <p class='ocr_par' dir='ltr' id='par_1_59' title="bbox 2549 3049 4128 3122">
     <span class='ocr_line' id='line_1_59' title="bbox 2549 3049 4128 3122; baseline 0.001 -17"><span class='ocrx_word' id='word_1_470' title='bbox 2549 3059 2632 3105; x_wconf 91' lang='lat' dir='ltr'><strong>est</strong></span> <span class='ocrx_word' id='word_1_471' title='bbox 2677 3051 2800 3105; x_wconf 88' lang='lat' dir='ltr'><strong>Saul</strong></span> <span class='ocrx_word' id='word_1_472' title='bbox 2849 3049 2985 3115; x_wconf 81' lang='lat' dir='ltr'><strong>I&#39;Iex,</strong></span> <span class='ocrx_word' id='word_1_473' title='bbox 3034 3065 3194 3119; x_wconf 90' lang='lat' dir='ltr'><strong>quem</strong></span> <span class='ocrx_word' id='word_1_474' title='bbox 3255 3051 3511 3107; x_wconf 88' lang='lat' dir='ltr'><strong>Dominus</strong></span> <span class='ocrx_word' id='word_1_475' title='bbox 3565 3055 3614 3106; x_wconf 83' lang='lat' dir='ltr'><strong>in</strong></span> <span class='ocrx_word' id='word_1_476' title='bbox 3668 3051 3774 3108; x_wconf 87' lang='lat' dir='ltr'><strong>bile</strong></span> <span class='ocrx_word' id='word_1_477' title='bbox 3809 3067 3901 3106; x_wconf 89' lang='lat' dir='ltr'><strong>sua</strong></span> <span class='ocrx_word' id='word_1_478' title='bbox 3933 3052 4128 3122; x_wconf 84' lang='lat' dir='ltr'><strong>populo</strong></span> 
     </span>
    </p>
   </div>
   <div class='ocr_carea' id='block_1_60' title="bbox 2553 3140 4129 3208">
    <p class='ocr_par' dir='ltr' id='par_1_60' title="bbox 2553 3140 4129 3208">
     <span class='ocr_line' id='line_1_60' title="bbox 2553 3140 4129 3208; baseline 0.003 -15"><span class='ocrx_word' id='word_1_479' title='bbox 2553 3141 2714 3197; x_wconf 85' lang='lat' dir='ltr'><strong>Israel</strong></span> <span class='ocrx_word' id='word_1_480' title='bbox 2736 3140 2979 3208; x_wconf 88' lang='lat' dir='ltr'><strong>dederat,</strong></span> <span class='ocrx_word' id='word_1_481' title='bbox 3011 3155 3105 3206; x_wconf 85' lang='lat' dir='ltr'><strong>per</strong></span> <span class='ocrx_word' id='word_1_482' title='bbox 3135 3156 3325 3195; x_wconf 85' lang='lat' dir='ltr'><strong>manus</strong></span> <span class='ocrx_word' id='word_1_483' title='bbox 3355 3143 3560 3197; x_wconf 90' lang='lat' dir='ltr'><strong>scilicet</strong></span> <span class='ocrx_word' id='word_1_484' title='bbox 3591 3142 3854 3199; x_wconf 89' lang='lat' dir='ltr'><strong>Samuelis</strong></span> <span class='ocrx_word' id='word_1_485' title='bbox 3886 3152 4129 3207; x_wconf 88' lang='lat' dir='ltr'><strong>unctum,</strong></span> 
     </span>
    </p>
   </div>
   <div class='ocr_carea' id='block_1_61' title="bbox 873 3224 4127 3305">
    <p class='ocr_par' dir='ltr' id='par_1_61' title="bbox 873 3224 4127 3305">
     <span class='ocr_line' id='line_1_61' title="bbox 873 3224 4127 3305; baseline 0 -19"><span class='ocrx_word' id='word_1_486' title='bbox 873 3232 1077 3288; x_wconf 84' lang='lat' dir='ltr'><strong>Deinde</strong></span> <span class='ocrx_word' id='word_1_487' title='bbox 1126 3234 1304 3288; x_wconf 88' lang='lat' dir='ltr'><strong>Usbon</strong></span> <span class='ocrx_word' id='word_1_488' title='bbox 1342 3235 1483 3290; x_wconf 82' lang='lat' dir='ltr'><strong>ﬁlius</strong></span> <span class='ocrx_word' id='word_1_489' title='bbox 1521 3235 1683 3290; x_wconf 89' lang='lat' dir='ltr'><strong>Israel</strong></span> <span class='ocrx_word' id='word_1_490' title='bbox 1720 3237 1976 3305; x_wconf 86' lang='lat' dir='ltr'><strong>judicavit</strong></span> <span class='ocrx_word' id='word_1_491' title='bbox 2019 3253 2112 3293; x_wconf 89' lang='lat' dir='ltr'><strong>eos</strong></span> <span class='ocrx_word' id='word_1_492' title='bbox 2159 3239 2312 3294; x_wconf 85' lang='lat' dir='ltr'><strong>annis</strong></span> <span class='ocrx_word' id='word_1_493' title='bbox 2354 3255 2444 3293; x_wconf 90' lang='lat' dir='ltr'><strong>vn.</strong></span> <span class='ocrx_word' id='word_1_494' title='bbox 2477 3224 2524 3286; x_wconf 89' lang='lat' dir='ltr'>C</span> <span class='ocrx_word' id='word_1_495' title='bbox 2554 3249 2672 3288; x_wconf 88' lang='lat' dir='ltr'><strong>eum</strong></span> <span class='ocrx_word' id='word_1_496' title='bbox 2701 3233 3153 3302; x_wconf 86' lang='lat' dir='ltr'><strong>quereretasinas</strong></span> <span class='ocrx_word' id='word_1_497' title='bbox 3177 3235 3342 3303; x_wconf 86' lang='lat' dir='ltr'><strong>patris</strong></span> <span class='ocrx_word' id='word_1_498' title='bbox 3389 3235 3472 3288; x_wconf 90' lang='lat' dir='ltr'><strong>sui</strong></span> <span class='ocrx_word' id='word_1_499' title='bbox 3505 3234 3618 3299; x_wconf 91' lang='lat' dir='ltr'><strong>Cis,</strong></span> <span class='ocrx_word' id='word_1_500' title='bbox 3663 3233 3754 3302; x_wconf 92' lang='lat' dir='ltr'><strong>qui</strong></span> <span class='ocrx_word' id='word_1_501' title='bbox 3804 3234 4047 3304; x_wconf 84' lang='lat' dir='ltr'><strong>regnavit</strong></span> <span class='ocrx_word' id='word_1_502' title='bbox 4078 3233 4127 3287; x_wconf 93' lang='lat' dir='ltr'><strong>in</strong></span> 
     </span>
    </p>
   </div>
   <div class='ocr_carea' id='block_1_62' title="bbox 874 3322 2448 3384">
    <p class='ocr_par' dir='ltr' id='par_1_62' title="bbox 874 3322 2448 3384">
     <span class='ocr_line' id='line_1_62' title="bbox 874 3322 2448 3384; baseline 0.005 -8"><span class='ocrx_word' id='word_1_503' title='bbox 874 3322 972 3377; x_wconf 88' lang='lat' dir='ltr'><strong>Ilic</strong></span> <span class='ocrx_word' id='word_1_504' title='bbox 995 3338 1059 3376; x_wconf 92' lang='lat' dir='ltr'><strong>ex</strong></span> <span class='ocrx_word' id='word_1_505' title='bbox 1087 3322 1322 3378; x_wconf 82' lang='lat' dir='ltr'><strong>Bethlem</strong></span> <span class='ocrx_word' id='word_1_506' title='bbox 1359 3325 1454 3379; x_wconf 84' lang='lat' dir='ltr'><strong>luit</strong></span> <span class='ocrx_word' id='word_1_507' title='bbox 1479 3335 1532 3380; x_wconf 91' lang='lat' dir='ltr'><strong>et</strong></span> <span class='ocrx_word' id='word_1_508' title='bbox 1556 3337 1707 3380; x_wconf 89' lang='lat' dir='ltr'><strong>erant</strong></span> <span class='ocrx_word' id='word_1_509' title='bbox 1734 3327 1782 3382; x_wconf 92' lang='lat' dir='ltr'><strong>ei</strong></span> <span class='ocrx_word' id='word_1_510' title='bbox 1803 3343 1930 3381; x_wconf 82' lang='lat' dir='ltr'><strong>xxx.</strong></span> <span class='ocrx_word' id='word_1_511' title='bbox 1957 3327 2048 3381; x_wconf 88' lang='lat' dir='ltr'><strong>lilii</strong></span> <span class='ocrx_word' id='word_1_512' title='bbox 2080 3337 2132 3383; x_wconf 94' lang='lat' dir='ltr'><strong>et</strong></span> <span class='ocrx_word' id='word_1_513' title='bbox 2161 3345 2283 3383; x_wconf 81' lang='lat' dir='ltr'><strong>xxx.</strong></span> <span class='ocrx_word' id='word_1_514' title='bbox 2311 3331 2448 3384; x_wconf 78' lang='lat' dir='ltr'><strong>tiliae</strong></span> 
     </span>
    </p>
   </div>
   <div class='ocr_carea' id='block_1_63' title="bbox 875 3410 2448 3478">
    <p class='ocr_par' dir='ltr' id='par_1_63' title="bbox 875 3410 2448 3478">
     <span class='ocr_line' id='line_1_63' title="bbox 875 3410 2448 3478; baseline 0.005 -13"><span class='ocrx_word' id='word_1_515' title='bbox 875 3410 1122 3467; x_wconf 86' lang='lat' dir='ltr'><strong>dimissae</strong></span> <span class='ocrx_word' id='word_1_516' title='bbox 1144 3413 1288 3478; x_wconf 81' lang='lat' dir='ltr'><strong>loris,</strong></span> <span class='ocrx_word' id='word_1_517' title='bbox 1319 3421 1371 3468; x_wconf 93' lang='lat' dir='ltr'><strong>et</strong></span> <span class='ocrx_word' id='word_1_518' title='bbox 1398 3429 1520 3468; x_wconf 82' lang='lat' dir='ltr'><strong>xxx.</strong></span> <span class='ocrx_word' id='word_1_519' title='bbox 1539 3430 1730 3470; x_wconf 79' lang='lat' dir='ltr'><strong>uxores</strong></span> <span class='ocrx_word' id='word_1_520' title='bbox 1759 3417 1911 3469; x_wconf 83' lang='lat' dir='ltr'><strong>duxit</strong></span> <span class='ocrx_word' id='word_1_521' title='bbox 1939 3415 2064 3470; x_wconf 87' lang='lat' dir='ltr'><strong>Iiliis</strong></span> <span class='ocrx_word' id='word_1_522' title='bbox 2085 3420 2196 3471; x_wconf 86' lang='lat' dir='ltr'><strong>suis</strong></span> <span class='ocrx_word' id='word_1_523' title='bbox 2226 3427 2278 3472; x_wconf 88' lang='lat' dir='ltr'><strong>et</strong></span> <span class='ocrx_word' id='word_1_524' title='bbox 2305 3432 2448 3473; x_wconf 86' lang='lat' dir='ltr'><strong>mor-</strong></span> 
     </span>
    </p>
   </div>
   <div class='ocr_carea' id='block_1_64' title="bbox 877 3503 2446 3569">
    <p class='ocr_par' dir='ltr' id='par_1_64' title="bbox 877 3503 2446 3569">
     <span class='ocr_line' id='line_1_64' title="bbox 877 3503 2446 3569; baseline 0.005 -15"><span class='ocrx_word' id='word_1_525' title='bbox 877 3510 999 3554; x_wconf 86' lang='lat' dir='ltr'><strong>tuus</strong></span> <span class='ocrx_word' id='word_1_526' title='bbox 1031 3510 1109 3554; x_wconf 87' lang='lat' dir='ltr'><strong>cst</strong></span> <span class='ocrx_word' id='word_1_527' title='bbox 1139 3510 1191 3555; x_wconf 92' lang='lat' dir='ltr'><strong>et</strong></span> <span class='ocrx_word' id='word_1_528' title='bbox 1223 3503 1461 3569; x_wconf 90' lang='lat' dir='ltr'><strong>sepultus</strong></span> <span class='ocrx_word' id='word_1_529' title='bbox 1501 3511 1582 3557; x_wconf 85' lang='lat' dir='ltr'><strong>est</strong></span> <span class='ocrx_word' id='word_1_530' title='bbox 1621 3506 1672 3558; x_wconf 91' lang='lat' dir='ltr'><strong>in</strong></span> <span class='ocrx_word' id='word_1_531' title='bbox 1713 3504 2006 3559; x_wconf 86' lang='lat' dir='ltr'><strong>Bethleem.</strong></span> <span class='ocrx_word' id='word_1_532' title='bbox 2051 3505 2251 3561; x_wconf 78' lang='lat' dir='ltr'><strong>Deinde</strong></span> <span class='ocrx_word' id='word_1_533' title='bbox 2298 3508 2446 3562; x_wconf 74' lang='lat' dir='ltr'><strong>Elom</strong></span> 
     </span>
    </p>
   </div>
   <div class='ocr_carea' id='block_1_65' title="bbox 877 3589 2449 3664">
    <p class='ocr_par' dir='ltr' id='par_1_65' title="bbox 877 3589 2449 3664">
     <span class='ocr_line' id='line_1_65' title="bbox 877 3589 2449 3664; baseline 0.006 -21"><span class='ocrx_word' id='word_1_534' title='bbox 877 3589 1136 3660; x_wconf 78' lang='lat' dir='ltr'><strong>judicavit</strong></span> <span class='ocrx_word' id='word_1_535' title='bbox 1175 3604 1266 3644; x_wconf 89' lang='lat' dir='ltr'><strong>eos</strong></span> <span class='ocrx_word' id='word_1_536' title='bbox 1299 3591 1451 3645; x_wconf 91' lang='lat' dir='ltr'><strong>annis</strong></span> <span class='ocrx_word' id='word_1_537' title='bbox 1496 3607 1550 3646; x_wconf 90' lang='lat' dir='ltr'><strong>x.</strong></span> <span class='ocrx_word' id='word_1_538' title='bbox 1601 3593 1698 3648; x_wconf 80' lang='lat' dir='ltr'><strong>llic</strong></span> <span class='ocrx_word' id='word_1_539' title='bbox 1755 3594 1904 3648; x_wconf 85' lang='lat' dir='ltr'><strong>Elom</strong></span> <span class='ocrx_word' id='word_1_540' title='bbox 1945 3594 2286 3651; x_wconf 84' lang='lat' dir='ltr'><strong>Zabulouites</strong></span> <span class='ocrx_word' id='word_1_541' title='bbox 2330 3597 2449 3664; x_wconf 79' lang='lat' dir='ltr'><strong>fuit,</strong></span> 
     </span>
    </p>
   </div>
   <div class='ocr_carea' id='block_1_66' title="bbox 877 3683 2448 3751">
    <p class='ocr_par' dir='ltr' id='par_1_66' title="bbox 877 3683 2448 3751">
     <span class='ocr_line' id='line_1_66' title="bbox 877 3683 2448 3751; baseline 0.004 -15"><span class='ocrx_word' id='word_1_542' title='bbox 877 3691 1158 3751; x_wconf 83' lang='lat' dir='ltr'><strong>propterea</strong></span> <span class='ocrx_word' id='word_1_543' title='bbox 1184 3683 1234 3735; x_wconf 90' lang='lat' dir='ltr'><strong>in</strong></span> <span class='ocrx_word' id='word_1_544' title='bbox 1262 3692 1398 3737; x_wconf 90' lang='lat' dir='ltr'><strong>terra</strong></span> <span class='ocrx_word' id='word_1_545' title='bbox 1417 3684 1655 3751; x_wconf 82' lang='lat' dir='ltr'><strong>sepultus</strong></span> <span class='ocrx_word' id='word_1_546' title='bbox 1672 3685 2018 3741; x_wconf 80' lang='lat' dir='ltr'><strong>estZabu&#39;on.</strong></span> <span class='ocrx_word' id='word_1_547' title='bbox 2043 3687 2242 3742; x_wconf 82' lang='lat' dir='ltr'><strong>Deinde</strong></span> <span class='ocrx_word' id='word_1_548' title='bbox 2263 3689 2448 3743; x_wconf 84' lang='lat' dir='ltr'><strong>Abdon</strong></span> 
     </span>
    </p>
   </div>
   <div class='ocr_carea' id='block_1_67' title="bbox 878 3772 2448 3842">
    <p class='ocr_par' dir='ltr' id='par_1_67' title="bbox 878 3772 2448 3842">
     <span class='ocr_line' id='line_1_67' title="bbox 878 3772 2448 3842; baseline 0.005 -17"><span class='ocrx_word' id='word_1_549' title='bbox 878 3772 1132 3842; x_wconf 80' lang='lat' dir='ltr'><strong>judicavit</strong></span> <span class='ocrx_word' id='word_1_550' title='bbox 1177 3786 1273 3827; x_wconf 92' lang='lat' dir='ltr'><strong>eos</strong></span> <span class='ocrx_word' id='word_1_551' title='bbox 1319 3775 1476 3826; x_wconf 90' lang='lat' dir='ltr'><strong>annis</strong></span> <span class='ocrx_word' id='word_1_552' title='bbox 1515 3781 1659 3834; x_wconf 89' lang='lat' dir='ltr'><strong>octo.</strong></span> <span class='ocrx_word' id='word_1_553' title='bbox 1715 3776 1856 3829; x_wconf 77' lang='lat' dir='ltr'><strong>ﬁlius</strong></span> <span class='ocrx_word' id='word_1_554' title='bbox 1916 3777 2014 3830; x_wconf 78' lang='lat' dir='ltr'><strong>fuit</strong></span> <span class='ocrx_word' id='word_1_555' title='bbox 2064 3776 2448 3833; x_wconf 84' lang='lat' dir='ltr'><strong>Farathonites.</strong></span> 
     </span>
    </p>
   </div>
   <div class='ocr_carea' id='block_1_68' title="bbox 880 3862 2451 3934">
    <p class='ocr_par' dir='ltr' id='par_1_68' title="bbox 880 3862 2451 3934">
     <span class='ocr_line' id='line_1_68' title="bbox 880 3862 2451 3934; baseline 0.003 -17"><span class='ocrx_word' id='word_1_556' title='bbox 880 3864 1013 3918; x_wconf 83' lang='lat' dir='ltr'><strong>IIuie</strong></span> <span class='ocrx_word' id='word_1_557' title='bbox 1043 3873 1194 3918; x_wconf 87' lang='lat' dir='ltr'><strong>erant</strong></span> <span class='ocrx_word' id='word_1_558' title='bbox 1223 3862 1568 3933; x_wconf 84' lang='lat' dir='ltr'><strong>quadraginta</strong></span> <span class='ocrx_word' id='word_1_559' title='bbox 1602 3863 1719 3929; x_wconf 81' lang='lat' dir='ltr'><strong>ﬁlii,</strong></span> <span class='ocrx_word' id='word_1_560' title='bbox 1762 3876 1814 3919; x_wconf 89' lang='lat' dir='ltr'><strong>et</strong></span> <span class='ocrx_word' id='word_1_561' title='bbox 1856 3881 1985 3919; x_wconf 79' lang='lat' dir='ltr'><strong>xxx.</strong></span> <span class='ocrx_word' id='word_1_562' title='bbox 2014 3877 2236 3934; x_wconf 85' lang='lat' dir='ltr'><strong>nepotes</strong></span> <span class='ocrx_word' id='word_1_563' title='bbox 2264 3882 2451 3921; x_wconf 84' lang='lat' dir='ltr'><strong>ascen-</strong></span> 
     </span>
    </p>
   </div>
   <div class='ocr_carea' id='block_1_69' title="bbox 879 3954 2450 4025">
    <p class='ocr_par' dir='ltr' id='par_1_69' title="bbox 879 3954 2450 4025">
     <span class='ocr_line' id='line_1_69' title="bbox 879 3954 2450 4025; baseline 0.002 -16"><span class='ocrx_word' id='word_1_564' title='bbox 879 3954 1066 4009; x_wconf 84' lang='lat' dir='ltr'><strong>dentes</strong></span> <span class='ocrx_word' id='word_1_565' title='bbox 1089 3955 1424 4025; x_wconf 86' lang='lat' dir='ltr'><strong>septuaginta</strong></span> <span class='ocrx_word' id='word_1_566' title='bbox 1450 3969 1637 4024; x_wconf 89' lang='lat' dir='ltr'><strong>equos.</strong></span> <span class='ocrx_word' id='word_1_567' title='bbox 1673 3955 1909 4010; x_wconf 79' lang='lat' dir='ltr'><strong>Mortuus</strong></span> <span class='ocrx_word' id='word_1_568' title='bbox 1939 3966 1992 4010; x_wconf 88' lang='lat' dir='ltr'><strong>et</strong></span> <span class='ocrx_word' id='word_1_569' title='bbox 2023 3957 2264 4024; x_wconf 82' lang='lat' dir='ltr'><strong>sepultus</strong></span> <span class='ocrx_word' id='word_1_570' title='bbox 2291 3967 2372 4012; x_wconf 91' lang='lat' dir='ltr'><strong>est</strong></span> <span class='ocrx_word' id='word_1_571' title='bbox 2401 3960 2450 4012; x_wconf 87' lang='lat' dir='ltr'><strong>in</strong></span> 
     </span>
    </p>
   </div>
   <div class='ocr_carea' id='block_1_70' title="bbox 882 4042 2452 4102">
    <p class='ocr_par' dir='ltr' id='par_1_70' title="bbox 882 4042 2452 4102">
     <span class='ocr_line' id='line_1_70' title="bbox 882 4042 2452 4102; baseline 0.003 -4"><span class='ocrx_word' id='word_1_572' title='bbox 882 4042 1151 4098; x_wconf 80' lang='lat' dir='ltr'><strong>Farathon</strong></span> <span class='ocrx_word' id='word_1_573' title='bbox 1201 4045 1253 4097; x_wconf 91' lang='lat' dir='ltr'><strong>in</strong></span> <span class='ocrx_word' id='word_1_574' title='bbox 1297 4054 1434 4098; x_wconf 89' lang='lat' dir='ltr'><strong>terra</strong></span> <span class='ocrx_word' id='word_1_575' title='bbox 1475 4043 1654 4100; x_wconf 82' lang='lat' dir='ltr'><strong>Elrem</strong></span> <span class='ocrx_word' id='word_1_576' title='bbox 1699 4044 1750 4099; x_wconf 89' lang='lat' dir='ltr'><strong>in</strong></span> <span class='ocrx_word' id='word_1_577' title='bbox 1795 4055 1975 4100; x_wconf 90' lang='lat' dir='ltr'><strong>monte</strong></span> <span class='ocrx_word' id='word_1_578' title='bbox 2003 4045 2200 4100; x_wconf 82' lang='lat' dir='ltr'><strong>Elieth.</strong></span> <span class='ocrx_word' id='word_1_579' title='bbox 2253 4047 2452 4102; x_wconf 87' lang='lat' dir='ltr'><strong>Deinde</strong></span> 
     </span>
    </p>
   </div>
   <div class='ocr_carea' id='block_1_71' title="bbox 881 4132 2456 4216">
    <p class='ocr_par' dir='ltr' id='par_1_71' title="bbox 881 4132 2456 4216">
     <span class='ocr_line' id='line_1_71' title="bbox 881 4132 2456 4216; baseline 0.002 -29"><span class='ocrx_word' id='word_1_580' title='bbox 881 4132 1212 4216; x_wconf 69' lang='lat' dir='ltr'><strong>alienigenae</strong></span> <span class='ocrx_word' id='word_1_581' title='bbox 1239 4132 1588 4187; x_wconf 89' lang='lat' dir='ltr'><strong>obtinuerunt</strong></span> <span class='ocrx_word' id='word_1_582' title='bbox 1620 4149 1713 4187; x_wconf 88' lang='lat' dir='ltr'><strong>eos</strong></span> <span class='ocrx_word' id='word_1_583' title='bbox 1747 4136 1899 4189; x_wconf 88' lang='lat' dir='ltr'><strong>annis</strong></span> <span class='ocrx_word' id='word_1_584' title='bbox 1932 4151 2040 4200; x_wconf 57' lang='lat' dir='ltr'><strong>an,</strong></span> <span class='ocrx_word' id='word_1_585' title='bbox 2090 4152 2186 4206; x_wconf 86' lang='lat' dir='ltr'><strong>pro</strong></span> <span class='ocrx_word' id='word_1_586' title='bbox 2223 4152 2288 4191; x_wconf 91' lang='lat' dir='ltr'><strong>eo</strong></span> <span class='ocrx_word' id='word_1_587' title='bbox 2314 4137 2456 4204; x_wconf 89' lang='lat' dir='ltr'><strong>quod</strong></span> 
     </span>
    </p>
   </div>
   <div class='ocr_carea' id='block_1_72' title="bbox 881 4223 2454 4292">
    <p class='ocr_par' dir='ltr' id='par_1_72' title="bbox 881 4223 2454 4292">
     <span class='ocr_line' id='line_1_72' title="bbox 881 4223 2454 4292; baseline 0 -14"><span class='ocrx_word' id='word_1_588' title='bbox 881 4225 1339 4278; x_wconf 65' lang='lat' dir='ltr'><strong>exrtcerbaverunt</strong></span> <span class='ocrx_word' id='word_1_589' title='bbox 1370 4223 1672 4288; x_wconf 89' lang='lat' dir='ltr'><strong>Dominum,</strong></span> <span class='ocrx_word' id='word_1_590' title='bbox 1710 4232 1764 4278; x_wconf 90' lang='lat' dir='ltr'><strong>et</strong></span> <span class='ocrx_word' id='word_1_591' title='bbox 1787 4226 1964 4279; x_wconf 86' lang='lat' dir='ltr'><strong>traditi</strong></span> <span class='ocrx_word' id='word_1_592' title='bbox 1993 4236 2116 4279; x_wconf 89' lang='lat' dir='ltr'><strong>sunt</strong></span> <span class='ocrx_word' id='word_1_593' title='bbox 2136 4226 2454 4292; x_wconf 80' lang='lat' dir='ltr'><strong>Chananeis,</strong></span> 
     </span>
    </p>
   </div>
   <div class='ocr_carea' id='block_1_73' title="bbox 881 4313 2500 4397">
    <p class='ocr_par' dir='ltr' id='par_1_73' title="bbox 881 4313 2500 4397">
     <span class='ocr_line' id='line_1_73' title="bbox 881 4313 2500 4397; baseline 0.005 -33"><span class='ocrx_word' id='word_1_594' title='bbox 881 4315 969 4384; x_wconf 88' lang='lat' dir='ltr'><strong>qui</strong></span> <span class='ocrx_word' id='word_1_595' title='bbox 1003 4313 1369 4368; x_wconf 88' lang='lat' dir='ltr'><strong>inhabitabant</strong></span> <span class='ocrx_word' id='word_1_596' title='bbox 1391 4314 1640 4380; x_wconf 78' lang='lat' dir='ltr'><strong>Ascalon,</strong></span> <span class='ocrx_word' id='word_1_597' title='bbox 1694 4313 1912 4379; x_wconf 78' lang='lat' dir='ltr'><strong>Geram,</strong></span> <span class='ocrx_word' id='word_1_598' title='bbox 1945 4315 2114 4382; x_wconf 83' lang='lat' dir='ltr'><strong>Gaza,</strong></span> <span class='ocrx_word' id='word_1_599' title='bbox 2148 4319 2372 4382; x_wconf 81' lang='lat' dir='ltr'><strong>Azontu,</strong></span> <span class='ocrx_word' id='word_1_600' title='bbox 2403 4327 2458 4372; x_wconf 90' lang='lat' dir='ltr'><strong>et</strong></span> <span class='ocrx_word' id='word_1_601' title='bbox 2492 4389 2500 4397; x_wconf 29' lang='grc' dir='ltr'><strong><em>ο</em></strong></span> 
     </span>
    </p>
   </div>
   <div class='ocr_carea' id='block_1_74' title="bbox 881 4404 2456 4474">
    <p class='ocr_par' dir='ltr' id='par_1_74' title="bbox 881 4404 2456 4474">
     <span class='ocr_line' id='line_1_74' title="bbox 881 4404 2456 4474; baseline 0.003 -16"><span class='ocrx_word' id='word_1_602' title='bbox 881 4404 1018 4458; x_wconf 83' lang='lat' dir='ltr'><strong>Geth</strong></span> <span class='ocrx_word' id='word_1_603' title='bbox 1041 4404 1272 4472; x_wconf 90' lang='lat' dir='ltr'><strong>quinque</strong></span> <span class='ocrx_word' id='word_1_604' title='bbox 1293 4405 1560 4469; x_wconf 88' lang='lat' dir='ltr'><strong>civitates,</strong></span> <span class='ocrx_word' id='word_1_605' title='bbox 1582 4419 1712 4474; x_wconf 91' lang='lat' dir='ltr'><strong>quas</strong></span> <span class='ocrx_word' id='word_1_606' title='bbox 1733 4404 1949 4459; x_wconf 89' lang='lat' dir='ltr'><strong>luatben</strong></span> <span class='ocrx_word' id='word_1_607' title='bbox 1973 4407 2111 4460; x_wconf 84' lang='lat' dir='ltr'><strong>lilius</strong></span> <span class='ocrx_word' id='word_1_608' title='bbox 2136 4408 2456 4463; x_wconf 79' lang='lat' dir='ltr'><strong>.llathatliiae</strong></span> 
     </span>
    </p>
   </div>
   <div class='ocr_carea' id='block_1_75' title="bbox 881 4494 2455 4572">
    <p class='ocr_par' dir='ltr' id='par_1_75' title="bbox 881 4494 2455 4572">
     <span class='ocr_line' id='line_1_75' title="bbox 881 4494 2455 4572; baseline 0.007 -26"><span class='ocrx_word' id='word_1_609' title='bbox 881 4495 1221 4562; x_wconf 82' lang='lat' dir='ltr'><strong>expugnavit.</strong></span> <span class='ocrx_word' id='word_1_610' title='bbox 1260 4494 1459 4550; x_wconf 89' lang='lat' dir='ltr'><strong>Deinde</strong></span> <span class='ocrx_word' id='word_1_611' title='bbox 1489 4494 1716 4549; x_wconf 87' lang='lat' dir='ltr'><strong>Samson</strong></span> <span class='ocrx_word' id='word_1_612' title='bbox 1743 4496 1880 4551; x_wconf 80' lang='lat' dir='ltr'><strong>illius</strong></span> <span class='ocrx_word' id='word_1_613' title='bbox 1893 4497 2077 4553; x_wconf 69' lang='lat' dir='ltr'><strong>blanoe</strong></span> <span class='ocrx_word' id='word_1_614' title='bbox 2103 4509 2156 4553; x_wconf 89' lang='lat' dir='ltr'><strong>et</strong></span> <span class='ocrx_word' id='word_1_615' title='bbox 2180 4515 2315 4554; x_wconf 81' lang='lat' dir='ltr'><strong>uxor</strong></span> <span class='ocrx_word' id='word_1_616' title='bbox 2339 4504 2455 4572; x_wconf 86' lang='lat' dir='ltr'><strong>ejus</strong></span> 
     </span>
    </p>
   </div>
   <div class='ocr_carea' id='block_1_76' title="bbox 2554 3324 4129 3388">
    <p class='ocr_par' dir='ltr' id='par_1_76' title="bbox 2554 3324 4129 3388">
     <span class='ocr_line' id='line_1_76' title="bbox 2554 3324 4129 3388; baseline 0.001 -10"><span class='ocrx_word' id='word_1_617' title='bbox 2554 3325 2714 3380; x_wconf 89' lang='lat' dir='ltr'><strong>Israel</strong></span> <span class='ocrx_word' id='word_1_618' title='bbox 2761 3325 2916 3379; x_wconf 91' lang='lat' dir='ltr'><strong>annis</strong></span> <span class='ocrx_word' id='word_1_619' title='bbox 2960 3340 3047 3379; x_wconf 71' lang='grc' dir='ltr'><strong>χι..</strong></span> <span class='ocrx_word' id='word_1_620' title='bbox 3095 3327 3334 3378; x_wconf 79' lang='lat' dir='ltr'><strong>Bamma‘</strong></span> <span class='ocrx_word' id='word_1_621' title='bbox 3367 3324 3511 3380; x_wconf 89' lang='lat' dir='ltr'><strong>enim</strong></span> <span class='ocrx_word' id='word_1_622' title='bbox 3558 3325 3755 3379; x_wconf 90' lang='lat' dir='ltr'><strong>dicitur</strong></span> <span class='ocrx_word' id='word_1_623' title='bbox 3802 3325 4010 3388; x_wconf 83' lang='lat' dir='ltr'><strong>civitas,</strong></span> <span class='ocrx_word' id='word_1_624' title='bbox 4042 3325 4129 3379; x_wconf 89' lang='lat' dir='ltr'><strong>ubi</strong></span> 
     </span>
    </p>
   </div>
   <div class='ocr_carea' id='block_1_77' title="bbox 2553 3413 4128 3481">
    <p class='ocr_par' dir='ltr' id='par_1_77' title="bbox 2553 3413 4128 3481">
     <span class='ocr_line' id='line_1_77' title="bbox 2553 3413 4128 3481; baseline -0.003 -11"><span class='ocrx_word' id='word_1_625' title='bbox 2553 3426 2742 3470; x_wconf 88' lang='lat' dir='ltr'><strong>unctus</strong></span> <span class='ocrx_word' id='word_1_626' title='bbox 2771 3425 2847 3469; x_wconf 89' lang='lat' dir='ltr'><strong>est</strong></span> <span class='ocrx_word' id='word_1_627' title='bbox 2884 3417 2983 3470; x_wconf 91' lang='lat' dir='ltr'><strong>iste</strong></span> <span class='ocrx_word' id='word_1_628' title='bbox 3014 3415 3163 3471; x_wconf 90' lang='lat' dir='ltr'><strong>Saul.</strong></span> <span class='ocrx_word' id='word_1_629' title='bbox 3217 3414 3317 3481; x_wconf 83' lang='lat' dir='ltr'><strong>Qui</strong></span> <span class='ocrx_word' id='word_1_630' title='bbox 3362 3413 3490 3470; x_wconf 91' lang='lat' dir='ltr'><strong>Saul</strong></span> <span class='ocrx_word' id='word_1_631' title='bbox 3539 3415 3723 3470; x_wconf 88' lang='lat' dir='ltr'><strong>habuit</strong></span> <span class='ocrx_word' id='word_1_632' title='bbox 3769 3428 3997 3473; x_wconf 85' lang='lat' dir='ltr'><strong>uxorem</strong></span> <span class='ocrx_word' id='word_1_633' title='bbox 4036 3430 4128 3468; x_wconf 83' lang='lat' dir='ltr'><strong>no-</strong></span> 
     </span>
    </p>
   </div>
   <div class='ocr_carea' id='block_1_78' title="bbox 2553 3505 4129 3576">
    <p class='ocr_par' dir='ltr' id='par_1_78' title="bbox 2553 3505 4129 3576">
     <span class='ocr_line' id='line_1_78' title="bbox 2553 3505 4129 3576; baseline -0.001 -16"><span class='ocrx_word' id='word_1_634' title='bbox 2553 3508 2694 3561; x_wconf 87' lang='lat' dir='ltr'><strong>mine</strong></span> <span class='ocrx_word' id='word_1_635' title='bbox 2725 3506 2947 3560; x_wconf 81' lang='lat' dir='ltr'><strong>Achima</strong></span> <span class='ocrx_word' id='word_1_636' title='bbox 2974 3523 2989 3570; x_wconf 89' lang='lat'><strong>;</strong></span> <span class='ocrx_word' id='word_1_637' title='bbox 3015 3522 3080 3561; x_wconf 87' lang='lat' dir='ltr'><strong>ex</strong></span> <span class='ocrx_word' id='word_1_638' title='bbox 3099 3506 3196 3560; x_wconf 86' lang='lat' dir='ltr'><strong>hac</strong></span> <span class='ocrx_word' id='word_1_639' title='bbox 3219 3505 3403 3576; x_wconf 91' lang='lat' dir='ltr'><strong>genuit</strong></span> <span class='ocrx_word' id='word_1_640' title='bbox 3423 3505 3708 3560; x_wconf 78' lang='lat' dir='ltr'><strong>Ionatham</strong></span> <span class='ocrx_word' id='word_1_641' title='bbox 3731 3506 3918 3560; x_wconf 81' lang='lat' dir='ltr'><strong>Jesiul.</strong></span> <span class='ocrx_word' id='word_1_642' title='bbox 3951 3505 4129 3570; x_wconf 82' lang='lat' dir='ltr'><strong>Esbal,</strong></span> 
     </span>
    </p>
   </div>
   <div class='ocr_carea' id='block_1_79' title="bbox 2553 3593 4129 3662">
    <p class='ocr_par' dir='ltr' id='par_1_79' title="bbox 2553 3593 4129 3662">
     <span class='ocr_line' id='line_1_79' title="bbox 2553 3593 4129 3662; baseline 0 -12"><span class='ocrx_word' id='word_1_643' title='bbox 2553 3595 2851 3662; x_wconf 78' lang='lat' dir='ltr'><strong>Meintibos,</strong></span> <span class='ocrx_word' id='word_1_644' title='bbox 2906 3606 2958 3650; x_wconf 89' lang='lat' dir='ltr'><strong>et</strong></span> <span class='ocrx_word' id='word_1_645' title='bbox 2989 3609 3206 3650; x_wconf 88' lang='lat' dir='ltr'><strong>sorores</strong></span> <span class='ocrx_word' id='word_1_646' title='bbox 3237 3608 3424 3650; x_wconf 88' lang='lat' dir='ltr'><strong>eorum</strong></span> <span class='ocrx_word' id='word_1_647' title='bbox 3468 3594 3651 3650; x_wconf 71' lang='grc' dir='ltr'><strong>δίει-οι)</strong></span> <span class='ocrx_word' id='word_1_648' title='bbox 3693 3602 3749 3651; x_wconf 90' lang='lat' dir='ltr'><strong>et</strong></span> <span class='ocrx_word' id='word_1_649' title='bbox 3795 3593 4047 3660; x_wconf 81' lang='lat' dir='ltr'><strong>Melchol,</strong></span> <span class='ocrx_word' id='word_1_650' title='bbox 4080 3603 4129 3650; x_wconf 90' lang='lat' dir='ltr'><strong>et</strong></span> 
     </span>
    </p>
   </div>
   <div class='ocr_carea' id='block_1_80' title="bbox 2555 3685 4132 3756">
    <p class='ocr_par' dir='ltr' id='par_1_80' title="bbox 2555 3685 4132 3756">
     <span class='ocr_line' id='line_1_80' title="bbox 2555 3685 4132 3756; baseline 0.002 -17"><span class='ocrx_word' id='word_1_651' title='bbox 2555 3688 2696 3740; x_wconf 85' lang='lat' dir='ltr'><strong>(ilius</strong></span> <span class='ocrx_word' id='word_1_652' title='bbox 2725 3685 2973 3741; x_wconf 67' lang='lat' dir='ltr'><strong>Jonathae</strong></span> <span class='ocrx_word' id='word_1_653' title='bbox 3001 3685 3333 3742; x_wconf 74' lang='lat' dir='ltr'><strong>blemliboste</strong></span> <span class='ocrx_word' id='word_1_654' title='bbox 3354 3685 3538 3756; x_wconf 86' lang='lat' dir='ltr'><strong>genuit</strong></span> <span class='ocrx_word' id='word_1_655' title='bbox 3567 3686 3766 3742; x_wconf 64' lang='lat' dir='ltr'><strong>slacea.</strong></span> <span class='ocrx_word' id='word_1_656' title='bbox 3817 3686 3943 3742; x_wconf 84' lang='lat' dir='ltr'><strong>Post</strong></span> <span class='ocrx_word' id='word_1_657' title='bbox 3990 3686 4132 3742; x_wconf 82' lang='lat' dir='ltr'><strong>hunc</strong></span> 
     </span>
    </p>
   </div>
   <div class='ocr_carea' id='block_1_81' title="bbox 2553 3778 4131 3849">
    <p class='ocr_par' dir='ltr' id='par_1_81' title="bbox 2553 3778 4131 3849">
     <span class='ocr_line' id='line_1_81' title="bbox 2553 3778 4131 3849; baseline 0 -13"><span class='ocrx_word' id='word_1_658' title='bbox 2553 3781 2793 3849; x_wconf 72' lang='lat' dir='ltr'><strong>regnavit</strong></span> <span class='ocrx_word' id='word_1_659' title='bbox 2843 3780 3008 3834; x_wconf 87' lang='lat' dir='ltr'><strong>David</strong></span> <span class='ocrx_word' id='word_1_660' title='bbox 3061 3779 3113 3833; x_wconf 93' lang='lat' dir='ltr'><strong>in</strong></span> <span class='ocrx_word' id='word_1_661' title='bbox 3158 3778 3322 3833; x_wconf 87' lang='lat' dir='ltr'><strong>Israel</strong></span> <span class='ocrx_word' id='word_1_662' title='bbox 3362 3779 3516 3834; x_wconf 90' lang='lat' dir='ltr'><strong>annis</strong></span> <span class='ocrx_word' id='word_1_663' title='bbox 3549 3794 3635 3834; x_wconf 75' lang='grc' dir='ltr'><strong>ιι.</strong></span> <span class='ocrx_word' id='word_1_664' title='bbox 3677 3787 3732 3835; x_wconf 87' lang='lat' dir='ltr'><strong>et</strong></span> <span class='ocrx_word' id='word_1_665' title='bbox 3772 3795 3985 3835; x_wconf 88' lang='lat' dir='ltr'><strong>menses</strong></span> <span class='ocrx_word' id='word_1_666' title='bbox 4013 3795 4131 3836; x_wconf 81' lang='lat' dir='ltr'><strong>sex.</strong></span> 
     </span>
    </p>
   </div>
   <div class='ocr_carea' id='block_1_82' title="bbox 2555 3869 4131 3940">
    <p class='ocr_par' dir='ltr' id='par_1_82' title="bbox 2555 3869 4131 3940">
     <span class='ocr_line' id='line_1_82' title="bbox 2555 3869 4131 3940; baseline -0.001 -15"><span class='ocrx_word' id='word_1_667' title='bbox 2555 3873 2696 3925; x_wconf 89' lang='lat' dir='ltr'><strong>Inter</strong></span> <span class='ocrx_word' id='word_1_668' title='bbox 2720 3871 2933 3926; x_wconf 80' lang='lat' dir='ltr'><strong>Samuel</strong></span> <span class='ocrx_word' id='word_1_669' title='bbox 2964 3880 3144 3925; x_wconf 89' lang='lat' dir='ltr'><strong>autem</strong></span> <span class='ocrx_word' id='word_1_670' title='bbox 3177 3879 3230 3923; x_wconf 90' lang='lat' dir='ltr'><strong>et</strong></span> <span class='ocrx_word' id='word_1_671' title='bbox 3263 3869 3427 3923; x_wconf 72' lang='lat' dir='ltr'><strong>David</strong></span> <span class='ocrx_word' id='word_1_672' title='bbox 3456 3869 3582 3924; x_wconf 87' lang='lat' dir='ltr'><strong>anni</strong></span> <span class='ocrx_word' id='word_1_673' title='bbox 3608 3877 3737 3924; x_wconf 91' lang='lat' dir='ltr'><strong>sunt</strong></span> <span class='ocrx_word' id='word_1_674' title='bbox 3768 3885 3856 3926; x_wconf 73' lang='grc' dir='ltr'><strong>ιι..</strong></span> <span class='ocrx_word' id='word_1_675' title='bbox 3904 3869 4131 3940; x_wconf 82' lang='lat' dir='ltr'><strong>Tempo-</strong></span> 
     </span>
    </p>
   </div>
   <div class='ocr_carea' id='block_1_83' title="bbox 2554 3960 4132 4017">
    <p class='ocr_par' dir='ltr' id='par_1_83' title="bbox 2554 3960 4132 4017">
     <span class='ocr_line' id='line_1_83' title="bbox 2554 3960 4132 4017; baseline -0.001 -2"><span class='ocrx_word' id='word_1_676' title='bbox 2554 3962 2701 4016; x_wconf 85' lang='lat' dir='ltr'><strong>ribus</strong></span> <span class='ocrx_word' id='word_1_677' title='bbox 2729 3976 2914 4016; x_wconf 89' lang='lat' dir='ltr'><strong>eorum</strong></span> <span class='ocrx_word' id='word_1_678' title='bbox 2947 3971 3099 4016; x_wconf 86' lang='lat' dir='ltr'><strong>erant</strong></span> <span class='ocrx_word' id='word_1_679' title='bbox 3129 3961 3448 4017; x_wconf 85' lang='lat' dir='ltr'><strong>sacerdotes</strong></span> <span class='ocrx_word' id='word_1_680' title='bbox 3491 3961 3816 4016; x_wconf 88' lang='lat' dir='ltr'><strong>tabernaculi</strong></span> <span class='ocrx_word' id='word_1_681' title='bbox 3845 3960 4132 4016; x_wconf 67' lang='lat' dir='ltr'><strong>testimonii</strong></span> 
     </span>
    </p>
   </div>
   <div class='ocr_carea' id='block_1_84' title="bbox 2555 4051 4132 4122">
    <p class='ocr_par' dir='ltr' id='par_1_84' title="bbox 2555 4051 4132 4122">
     <span class='ocr_line' id='line_1_84' title="bbox 2555 4051 4132 4122; baseline 0.001 -16"><span class='ocrx_word' id='word_1_682' title='bbox 2555 4053 2741 4108; x_wconf 90' lang='lat' dir='ltr'><strong>decem</strong></span> <span class='ocrx_word' id='word_1_683' title='bbox 2785 4053 2951 4106; x_wconf 87' lang='lat' dir='ltr'><strong>millia</strong></span> <span class='ocrx_word' id='word_1_684' title='bbox 2995 4052 3212 4108; x_wconf 89' lang='lat' dir='ltr'><strong>ducenti</strong></span> <span class='ocrx_word' id='word_1_685' title='bbox 3262 4052 3560 4122; x_wconf 87' lang='lat' dir='ltr'><strong>sexaginta,</strong></span> <span class='ocrx_word' id='word_1_686' title='bbox 3611 4061 3667 4107; x_wconf 92' lang='lat' dir='ltr'><strong>et</strong></span> <span class='ocrx_word' id='word_1_687' title='bbox 3697 4051 3894 4107; x_wconf 77' lang='lat' dir='ltr'><strong>Levitzn</strong></span> <span class='ocrx_word' id='word_1_688' title='bbox 3921 4061 4132 4108; x_wconf 77' lang='lat' dir='ltr'><strong>centum</strong></span> 
     </span>
    </p>
   </div>
   <div class='ocr_carea' id='block_1_85' title="bbox 2556 4141 4132 4212">
    <p class='ocr_par' dir='ltr' id='par_1_85' title="bbox 2556 4141 4132 4212">
     <span class='ocr_line' id='line_1_85' title="bbox 2556 4141 4132 4212; baseline 0.001 -18"><span class='ocrx_word' id='word_1_689' title='bbox 2556 4143 2836 4196; x_wconf 90' lang='lat' dir='ltr'><strong>duodecim</strong></span> <span class='ocrx_word' id='word_1_690' title='bbox 2869 4142 3060 4196; x_wconf 90' lang='lat' dir='ltr'><strong>millia.</strong></span> <span class='ocrx_word' id='word_1_691' title='bbox 3103 4142 3443 4196; x_wconf 87' lang='lat' dir='ltr'><strong>sacerdotum</strong></span> <span class='ocrx_word' id='word_1_692' title='bbox 3477 4154 3654 4197; x_wconf 89' lang='lat' dir='ltr'><strong>autem</strong></span> <span class='ocrx_word' id='word_1_693' title='bbox 3683 4152 3836 4196; x_wconf 87' lang='lat' dir='ltr'><strong>erant</strong></span> <span class='ocrx_word' id='word_1_694' title='bbox 3869 4141 4132 4212; x_wconf 83' lang='lat' dir='ltr'><strong>principes</strong></span> 
     </span>
    </p>
   </div>
   <div class='ocr_carea' id='block_1_86' title="bbox 2559 4235 4132 4306">
    <p class='ocr_par' dir='ltr' id='par_1_86' title="bbox 2559 4235 4132 4306">
     <span class='ocr_line' id='line_1_86' title="bbox 2559 4235 4132 4306; baseline 0.003 -21"><span class='ocrx_word' id='word_1_695' title='bbox 2559 4235 2744 4302; x_wconf 88' lang='lat' dir='ltr'><strong>viginti</strong></span> <span class='ocrx_word' id='word_1_696' title='bbox 2776 4245 3039 4304; x_wconf 89' lang='lat' dir='ltr'><strong>quatuor;</strong></span> <span class='ocrx_word' id='word_1_697' title='bbox 3087 4235 3178 4303; x_wconf 88' lang='lat' dir='ltr'><strong>qui</strong></span> <span class='ocrx_word' id='word_1_698' title='bbox 3211 4243 3334 4288; x_wconf 90' lang='lat' dir='ltr'><strong>sunt</strong></span> <span class='ocrx_word' id='word_1_699' title='bbox 3384 4237 3624 4292; x_wconf 89' lang='lat' dir='ltr'><strong>seniores</strong></span> <span class='ocrx_word' id='word_1_700' title='bbox 3654 4235 3839 4306; x_wconf 88' lang='lat' dir='ltr'><strong>viginti</strong></span> <span class='ocrx_word' id='word_1_701' title='bbox 3887 4247 4132 4304; x_wconf 83' lang='lat' dir='ltr'><strong>quatuor.</strong></span> 
     </span>
    </p>
   </div>
   <div class='ocr_carea' id='block_1_87' title="bbox 2556 4325 4132 4395">
    <p class='ocr_par' dir='ltr' id='par_1_87' title="bbox 2556 4325 4132 4395">
     <span class='ocr_line' id='line_1_87' title="bbox 2556 4325 4132 4395; baseline 0 -17"><span class='ocrx_word' id='word_1_702' title='bbox 2556 4333 2610 4378; x_wconf 89' lang='lat' dir='ltr'><strong>et</strong></span> <span class='ocrx_word' id='word_1_703' title='bbox 2642 4325 2738 4378; x_wconf 89' lang='lat' dir='ltr'><strong>ista</strong></span> <span class='ocrx_word' id='word_1_704' title='bbox 2770 4325 2982 4379; x_wconf 90' lang='lat' dir='ltr'><strong>nomina</strong></span> <span class='ocrx_word' id='word_1_705' title='bbox 3006 4339 3216 4380; x_wconf 91' lang='lat' dir='ltr'><strong>eorum.</strong></span> <span class='ocrx_word' id='word_1_706' title='bbox 3254 4325 3330 4380; x_wconf 81' lang='lat' dir='ltr'><strong>Ex</strong></span> <span class='ocrx_word' id='word_1_707' title='bbox 3356 4340 3550 4395; x_wconf 89' lang='lat' dir='ltr'><strong>genere</strong></span> <span class='ocrx_word' id='word_1_708' title='bbox 3572 4325 3714 4380; x_wconf 89' lang='lat' dir='ltr'><strong>enim</strong></span> <span class='ocrx_word' id='word_1_709' title='bbox 3739 4335 3888 4380; x_wconf 88' lang='lat' dir='ltr'><strong>erant</strong></span> <span class='ocrx_word' id='word_1_710' title='bbox 3915 4325 4132 4379; x_wconf 80' lang='lat' dir='ltr'><strong>Eleazar</strong></span> 
     </span>
    </p>
   </div>
   <div class='ocr_carea' id='block_1_88' title="bbox 2557 4415 4134 4478">
    <p class='ocr_par' dir='ltr' id='par_1_88' title="bbox 2557 4415 4134 4478">
     <span class='ocr_line' id='line_1_88' title="bbox 2557 4415 4134 4478; baseline 0.003 -10"><span class='ocrx_word' id='word_1_711' title='bbox 2557 4425 2611 4468; x_wconf 89' lang='lat' dir='ltr'><strong>et</strong></span> <span class='ocrx_word' id='word_1_712' title='bbox 2637 4416 2869 4469; x_wconf 87' lang='lat' dir='ltr'><strong>Ithamar</strong></span> <span class='ocrx_word' id='word_1_713' title='bbox 2899 4415 3125 4469; x_wconf 82' lang='lat' dir='ltr'><strong>ﬁliorum</strong></span> <span class='ocrx_word' id='word_1_714' title='bbox 3155 4417 3352 4469; x_wconf 83' lang='lat' dir='ltr'><strong>Aaron.</strong></span> <span class='ocrx_word' id='word_1_715' title='bbox 3402 4415 3575 4470; x_wconf 87' lang='lat' dir='ltr'><strong>Prima</strong></span> <span class='ocrx_word' id='word_1_716' title='bbox 3613 4430 3728 4470; x_wconf 89' lang='lat' dir='ltr'><strong>sors</strong></span> <span class='ocrx_word' id='word_1_717' title='bbox 3755 4415 3940 4478; x_wconf 84' lang='lat' dir='ltr'><strong>Jarim.</strong></span> <span class='ocrx_word' id='word_1_718' title='bbox 3993 4415 4134 4472; x_wconf 88' lang='lat' dir='ltr'><strong>unde</strong></span> 
     </span>
    </p>
   </div>
   <div class='ocr_carea' id='block_1_89' title="bbox 2560 4505 4134 4576">
    <p class='ocr_par' dir='ltr' id='par_1_89' title="bbox 2560 4505 4134 4576">
     <span class='ocr_line' id='line_1_89' title="bbox 2560 4505 4134 4576; baseline 0.003 -18"><span class='ocrx_word' id='word_1_719' title='bbox 2560 4505 2660 4561; x_wconf 79' lang='lat' dir='ltr'><strong>fuit</strong></span> <span class='ocrx_word' id='word_1_720' title='bbox 2684 4506 3028 4569; x_wconf 75' lang='lat' dir='ltr'><strong>Mathalhias;</strong></span> <span class='ocrx_word' id='word_1_721' title='bbox 3050 4507 3283 4562; x_wconf 89' lang='lat' dir='ltr'><strong>secunda</strong></span> <span class='ocrx_word' id='word_1_722' title='bbox 3309 4507 3480 4572; x_wconf 64' lang='lat' dir='ltr'><strong>Didae;</strong></span> <span class='ocrx_word' id='word_1_723' title='bbox 3513 4507 3921 4572; x_wconf 73' lang='lat' dir='ltr'><strong>tcrtiaChoreb;</strong></span> <span class='ocrx_word' id='word_1_724' title='bbox 3949 4517 4134 4576; x_wconf 83' lang='lat' dir='ltr'><strong>quarta</strong></span> 
     </span>
    </p>
   </div>
   <div class='ocr_carea' id='block_1_90' title="bbox 887 4575 4134 4666">
    <p class='ocr_par' dir='ltr' id='par_1_90' title="bbox 887 4575 4134 4666">
     <span class='ocr_line' id='line_1_90' title="bbox 887 4575 4134 4666; baseline 0.004 -27"><span class='ocrx_word' id='word_1_725' title='bbox 887 4584 1088 4654; x_wconf 87' lang='lat' dir='ltr'><strong>Dalyla,</strong></span> <span class='ocrx_word' id='word_1_726' title='bbox 1118 4584 1377 4654; x_wconf 87' lang='lat' dir='ltr'><strong>judicavit</strong></span> <span class='ocrx_word' id='word_1_727' title='bbox 1407 4600 1500 4642; x_wconf 88' lang='lat' dir='ltr'><strong>eos</strong></span> <span class='ocrx_word' id='word_1_728' title='bbox 1527 4588 1681 4642; x_wconf 90' lang='lat' dir='ltr'><strong>annis</strong></span> <span class='ocrx_word' id='word_1_729' title='bbox 1716 4605 1802 4643; x_wconf 87' lang='lat' dir='ltr'><strong>xx.</strong></span> <span class='ocrx_word' id='word_1_730' title='bbox 1832 4589 1999 4661; x_wconf 86' lang='lat' dir='ltr'><strong>Cujus</strong></span> <span class='ocrx_word' id='word_1_731' title='bbox 2026 4591 2197 4647; x_wconf 78' lang='lat' dir='ltr'><strong>virtus</strong></span> <span class='ocrx_word' id='word_1_732' title='bbox 2227 4608 2328 4648; x_wconf 93' lang='lat' dir='ltr'><strong>non</strong></span> <span class='ocrx_word' id='word_1_733' title='bbox 2363 4611 2457 4664; x_wconf 83' lang='grc' dir='ltr'><strong>ρο-</strong></span> <span class='ocrx_word' id='word_1_734' title='bbox 2486 4575 2784 4661; x_wconf 85' lang='lat' dir='ltr'><strong>DSeroib;</strong></span> <span class='ocrx_word' id='word_1_735' title='bbox 2839 4600 3021 4666; x_wconf 87' lang='lat' dir='ltr'><strong>quinta</strong></span> <span class='ocrx_word' id='word_1_736' title='bbox 3069 4598 3296 4660; x_wconf 72' lang='lat' dir='ltr'><strong>biit-Ine;</strong></span> <span class='ocrx_word' id='word_1_737' title='bbox 3357 4607 3503 4653; x_wconf 87' lang='lat' dir='ltr'><strong>sexta</strong></span> <span class='ocrx_word' id='word_1_738' title='bbox 3543 4598 3860 4660; x_wconf 83' lang='lat' dir='ltr'><strong>Beniamin,</strong></span> <span class='ocrx_word' id='word_1_739' title='bbox 3909 4575 4134 4666; x_wconf 85' lang='lat' dir='ltr'><strong>septima</strong></span> 
     </span>
    </p>
   </div>
   <div class='ocr_carea' id='block_1_91' title="bbox 885 4678 2451 4749">
    <p class='ocr_par' dir='ltr' id='par_1_91' title="bbox 885 4678 2451 4749">
     <span class='ocr_line' id='line_1_91' title="bbox 885 4678 2451 4749; baseline 0.008 -19"><span class='ocrx_word' id='word_1_740' title='bbox 885 4686 1018 4731; x_wconf 85' lang='lat' dir='ltr'><strong>terat</strong></span> <span class='ocrx_word' id='word_1_741' title='bbox 1065 4678 1466 4746; x_wconf 81' lang='lat' dir='ltr'><strong>comprehendi,</strong></span> <span class='ocrx_word' id='word_1_742' title='bbox 1511 4681 1598 4748; x_wconf 91' lang='lat' dir='ltr'><strong>qni</strong></span> <span class='ocrx_word' id='word_1_743' title='bbox 1645 4681 1761 4749; x_wconf 89' lang='lat' dir='ltr'><strong>plus</strong></span> <span class='ocrx_word' id='word_1_744' title='bbox 1805 4683 2000 4737; x_wconf 87' lang='lat' dir='ltr'><strong>occidit</strong></span> <span class='ocrx_word' id='word_1_745' title='bbox 2046 4685 2096 4736; x_wconf 91' lang='lat' dir='ltr'><strong>in</strong></span> <span class='ocrx_word' id='word_1_746' title='bbox 2145 4695 2316 4740; x_wconf 86' lang='lat' dir='ltr'><strong>morte</strong></span> <span class='ocrx_word' id='word_1_747' title='bbox 2357 4703 2451 4742; x_wconf 86' lang='lat' dir='ltr'><strong>sua</strong></span> 
     </span>
    </p>
   </div>
   <div class='ocr_carea' id='block_1_92' title="bbox 883 4771 2454 4846">
    <p class='ocr_par' dir='ltr' id='par_1_92' title="bbox 883 4771 2454 4846">
     <span class='ocr_line' id='line_1_92' title="bbox 883 4771 2454 4846; baseline 0.01 -26"><span class='ocrx_word' id='word_1_748' title='bbox 883 4785 1040 4838; x_wconf 89' lang='lat' dir='ltr'><strong>quam</strong></span> <span class='ocrx_word' id='word_1_749' title='bbox 1086 4771 1224 4838; x_wconf 87' lang='lat' dir='ltr'><strong>quod</strong></span> <span class='ocrx_word' id='word_1_750' title='bbox 1266 4771 1317 4825; x_wconf 91' lang='lat' dir='ltr'><strong>iu</strong></span> <span class='ocrx_word' id='word_1_751' title='bbox 1355 4773 1459 4826; x_wconf 89' lang='lat' dir='ltr'><strong>vita</strong></span> <span class='ocrx_word' id='word_1_752' title='bbox 1505 4788 1622 4827; x_wconf 79' lang='lat' dir='ltr'><strong>sua.</strong></span> <span class='ocrx_word' id='word_1_753' title='bbox 1679 4774 1875 4828; x_wconf 90' lang='lat' dir='ltr'><strong>Deinde</strong></span> <span class='ocrx_word' id='word_1_754' title='bbox 1922 4775 2160 4832; x_wconf 86' lang='lat' dir='ltr'><strong>Samicra</strong></span> <span class='ocrx_word' id='word_1_755' title='bbox 2197 4780 2454 4846; x_wconf 86' lang='lat' dir='ltr'><strong>judicavit</strong></span> 
     </span>
    </p>
   </div>
   <div class='ocr_carea' id='block_1_93' title="bbox 885 4862 2453 4935">
    <p class='ocr_par' dir='ltr' id='par_1_93' title="bbox 885 4862 2453 4935">
     <span class='ocr_line' id='line_1_93' title="bbox 885 4862 2453 4935; baseline 0.008 -22"><span class='ocrx_word' id='word_1_756' title='bbox 885 4875 977 4914; x_wconf 90' lang='lat' dir='ltr'><strong>eos</strong></span> <span class='ocrx_word' id='word_1_757' title='bbox 1005 4876 1144 4915; x_wconf 92' lang='lat' dir='ltr'><strong>anno</strong></span> <span class='ocrx_word' id='word_1_758' title='bbox 1172 4877 1295 4916; x_wconf 90' lang='lat' dir='ltr'><strong>uno.</strong></span> <span class='ocrx_word' id='word_1_759' title='bbox 1331 4862 1425 4917; x_wconf 90' lang='lat' dir='ltr'><strong>IIie</strong></span> <span class='ocrx_word' id='word_1_760' title='bbox 1452 4864 1715 4932; x_wconf 89' lang='lat' dir='ltr'><strong>percussit</strong></span> <span class='ocrx_word' id='word_1_761' title='bbox 1748 4879 1810 4918; x_wconf 93' lang='lat' dir='ltr'><strong>ex</strong></span> <span class='ocrx_word' id='word_1_762' title='bbox 1849 4865 2131 4935; x_wconf 84' lang='lat' dir='ltr'><strong>Allophilis</strong></span> <span class='ocrx_word' id='word_1_763' title='bbox 2169 4881 2453 4926; x_wconf 80' lang='lat' dir='ltr'><strong>sexcentos</strong></span> 
     </span>
    </p>
   </div>
   <div class='ocr_carea' id='block_1_94' title="bbox 886 4951 2450 5028">
    <p class='ocr_par' dir='ltr' id='par_1_94' title="bbox 886 4951 2450 5028">
     <span class='ocr_line' id='line_1_94' title="bbox 886 4951 2450 5028; baseline 0.008 -25"><span class='ocrx_word' id='word_1_764' title='bbox 886 4951 1030 5005; x_wconf 87' lang='lat' dir='ltr'><strong>viros</strong></span> <span class='ocrx_word' id='word_1_765' title='bbox 1056 4961 1264 5021; x_wconf 86' lang='lat' dir='ltr'><strong>praeter</strong></span> <span class='ocrx_word' id='word_1_766' title='bbox 1286 4954 1522 5022; x_wconf 87' lang='lat' dir='ltr'><strong>jumcnta</strong></span> <span class='ocrx_word' id='word_1_767' title='bbox 1553 4965 1605 5010; x_wconf 89' lang='lat' dir='ltr'><strong>et</strong></span> <span class='ocrx_word' id='word_1_768' title='bbox 1633 4957 1836 5010; x_wconf 89' lang='lat' dir='ltr'><strong>salvum</strong></span> <span class='ocrx_word' id='word_1_769' title='bbox 1881 4958 2005 5012; x_wconf 80' lang='lat' dir='ltr'><strong>fecit</strong></span> <span class='ocrx_word' id='word_1_770' title='bbox 2039 4968 2091 5014; x_wconf 90' lang='lat' dir='ltr'><strong>et</strong></span> <span class='ocrx_word' id='word_1_771' title='bbox 2124 4960 2236 5028; x_wconf 88' lang='lat' dir='ltr'><strong>ipse</strong></span> <span class='ocrx_word' id='word_1_772' title='bbox 2269 4962 2450 5018; x_wconf 88' lang='lat' dir='ltr'><strong>Israel.</strong></span> 
     </span>
    </p>
   </div>
   <div class='ocr_carea' id='block_1_95' title="bbox 887 5042 2454 5120">
    <p class='ocr_par' dir='ltr' id='par_1_95' title="bbox 887 5042 2454 5120">
     <span class='ocr_line' id='line_1_95' title="bbox 887 5042 2454 5120; baseline 0.011 -26"><span class='ocrx_word' id='word_1_773' title='bbox 887 5042 1087 5097; x_wconf 88' lang='lat' dir='ltr'><strong>Deinde</strong></span> <span class='ocrx_word' id='word_1_774' title='bbox 1118 5059 1296 5111; x_wconf 88' lang='lat' dir='ltr'><strong>pacem</strong></span> <span class='ocrx_word' id='word_1_775' title='bbox 1328 5043 1628 5100; x_wconf 84' lang='lat' dir='ltr'><strong>habuerunt</strong></span> <span class='ocrx_word' id='word_1_776' title='bbox 1650 5052 1802 5100; x_wconf 69' lang='lat' dir='ltr'><strong>annis</strong></span> <span class='ocrx_word' id='word_1_777' title='bbox 1834 5064 1958 5103; x_wconf 83' lang='lat' dir='ltr'><strong>xxx.</strong></span> <span class='ocrx_word' id='word_1_778' title='bbox 2002 5050 2096 5105; x_wconf 87' lang='lat' dir='ltr'><strong>llis</strong></span> <span class='ocrx_word' id='word_1_779' title='bbox 2129 5054 2454 5120; x_wconf 84' lang='lat' dir='ltr'><strong>temporibus</strong></span> 
     </span>
    </p>
   </div>
   <div class='ocr_carea' id='block_1_96' title="bbox 887 5135 2456 5210">
    <p class='ocr_par' dir='ltr' id='par_1_96' title="bbox 887 5135 2456 5210">
     <span class='ocr_line' id='line_1_96' title="bbox 887 5135 2456 5210; baseline 0.009 -24"><span class='ocrx_word' id='word_1_780' title='bbox 887 5150 989 5188; x_wconf 92' lang='lat' dir='ltr'><strong>non</strong></span> <span class='ocrx_word' id='word_1_781' title='bbox 1022 5145 1136 5188; x_wconf 65' lang='lat' dir='ltr'><strong>erat</strong></span> <span class='ocrx_word' id='word_1_782' title='bbox 1163 5137 1265 5189; x_wconf 90' lang='lat' dir='ltr'><strong>dux</strong></span> <span class='ocrx_word' id='word_1_783' title='bbox 1295 5136 1346 5190; x_wconf 88' lang='lat' dir='ltr'><strong>in</strong></span> <span class='ocrx_word' id='word_1_784' title='bbox 1378 5135 1569 5201; x_wconf 89' lang='lat' dir='ltr'><strong>Israel,</strong></span> <span class='ocrx_word' id='word_1_785' title='bbox 1598 5147 1651 5191; x_wconf 92' lang='lat' dir='ltr'><strong>et</strong></span> <span class='ocrx_word' id='word_1_786' title='bbox 1680 5141 2039 5210; x_wconf 81' lang='lat' dir='ltr'><strong>unusquisque</strong></span> <span class='ocrx_word' id='word_1_787' title='bbox 2072 5144 2212 5210; x_wconf 84' lang='lat' dir='ltr'><strong>quod</strong></span> <span class='ocrx_word' id='word_1_788' title='bbox 2246 5145 2456 5200; x_wconf 90' lang='lat' dir='ltr'><strong>volebat</strong></span> 
     </span>
    </p>
   </div>
   <div class='ocr_carea' id='block_1_97' title="bbox 886 5223 2452 5300">
    <p class='ocr_par' dir='ltr' id='par_1_97' title="bbox 886 5223 2452 5300">
     <span class='ocr_line' id='line_1_97' title="bbox 886 5223 2452 5300; baseline 0.009 -24"><span class='ocrx_word' id='word_1_789' title='bbox 886 5223 986 5278; x_wconf 90' lang='lat' dir='ltr'><strong>hoc</strong></span> <span class='ocrx_word' id='word_1_790' title='bbox 1025 5223 1264 5278; x_wconf 80' lang='lat' dir='ltr'><strong>faciebat.</strong></span> <span class='ocrx_word' id='word_1_791' title='bbox 1305 5225 1454 5280; x_wconf 85' lang='lat' dir='ltr'><strong>&#39;I‘unc</strong></span> <span class='ocrx_word' id='word_1_792' title='bbox 1489 5226 1658 5281; x_wconf 90' lang='lat' dir='ltr'><strong>tribus</strong></span> <span class='ocrx_word' id='word_1_793' title='bbox 1698 5227 1975 5282; x_wconf 84' lang='lat' dir='ltr'><strong>Beniamin</strong></span> <span class='ocrx_word' id='word_1_794' title='bbox 2022 5230 2361 5300; x_wconf 87' lang='lat' dir='ltr'><strong>delinquerat</strong></span> <span class='ocrx_word' id='word_1_795' title='bbox 2399 5236 2452 5290; x_wconf 91' lang='lat' dir='ltr'><strong>in</strong></span> 
     </span>
    </p>
   </div>
   <div class='ocr_carea' id='block_1_98' title="bbox 883 5312 2450 5394">
    <p class='ocr_par' dir='ltr' id='par_1_98' title="bbox 883 5312 2450 5394">
     <span class='ocr_line' id='line_1_98' title="bbox 883 5312 2450 5394; baseline 0.009 -27"><span class='ocrx_word' id='word_1_796' title='bbox 883 5312 1023 5368; x_wconf 88' lang='lat' dir='ltr'><strong>l&#39;acto</strong></span> <span class='ocrx_word' id='word_1_797' title='bbox 1053 5315 1447 5370; x_wconf 88' lang='lat' dir='ltr'><strong>Sodomitarum</strong></span> <span class='ocrx_word' id='word_1_798' title='bbox 1477 5328 1528 5371; x_wconf 88' lang='lat' dir='ltr'><strong>et</strong></span> <span class='ocrx_word' id='word_1_799' title='bbox 1554 5320 1893 5373; x_wconf 87' lang='lat' dir='ltr'><strong>exterminati</strong></span> <span class='ocrx_word' id='word_1_800' title='bbox 1917 5333 2037 5375; x_wconf 89' lang='lat' dir='ltr'><strong>sunt</strong></span> <span class='ocrx_word' id='word_1_801' title='bbox 2061 5338 2090 5376; x_wconf 90' lang='lat' dir='ltr'><strong>a</strong></span> <span class='ocrx_word' id='word_1_802' title='bbox 2111 5323 2234 5378; x_wconf 87' lang='lat' dir='ltr'><strong>liliis</strong></span> <span class='ocrx_word' id='word_1_803' title='bbox 2264 5325 2450 5394; x_wconf 86' lang='lat' dir='ltr'><strong>Israel,</strong></span> 
     </span>
    </p>
   </div>
   <div class='ocr_carea' id='block_1_99' title="bbox 883 5404 2452 5481">
    <p class='ocr_par' dir='ltr' id='par_1_99' title="bbox 883 5404 2452 5481">
     <span class='ocr_line' id='line_1_99' title="bbox 883 5404 2452 5481; baseline 0.013 -26"><span class='ocrx_word' id='word_1_804' title='bbox 883 5413 933 5456; x_wconf 90' lang='lat' dir='ltr'><strong>et</strong></span> <span class='ocrx_word' id='word_1_805' title='bbox 955 5404 1194 5458; x_wconf 89' lang='lat' dir='ltr'><strong>derelicti</strong></span> <span class='ocrx_word' id='word_1_806' title='bbox 1226 5416 1349 5458; x_wconf 89' lang='lat' dir='ltr'><strong>sunt</strong></span> <span class='ocrx_word' id='word_1_807' title='bbox 1374 5407 1472 5460; x_wconf 89' lang='lat' dir='ltr'><strong>viri</strong></span> <span class='ocrx_word' id='word_1_808' title='bbox 1500 5409 1758 5475; x_wconf 88' lang='lat' dir='ltr'><strong>sexcenti,</strong></span> <span class='ocrx_word' id='word_1_809' title='bbox 1791 5411 1881 5479; x_wconf 76' lang='lat' dir='ltr'><strong>qui</strong></span> <span class='ocrx_word' id='word_1_810' title='bbox 1912 5413 2153 5481; x_wconf 76' lang='lat' dir='ltr'><strong>fugerant</strong></span> <span class='ocrx_word' id='word_1_811' title='bbox 2181 5428 2235 5469; x_wconf 91' lang='lat' dir='ltr'><strong>ut</strong></span> <span class='ocrx_word' id='word_1_812' title='bbox 2257 5421 2452 5475; x_wconf 82' lang='lat' dir='ltr'><strong>evade-</strong></span> 
     </span>
    </p>
   </div>
   <div class='ocr_carea' id='block_1_100' title="bbox 885 5493 2450 5573">
    <p class='ocr_par' dir='ltr' id='par_1_100' title="bbox 885 5493 2450 5573">
     <span class='ocr_line' id='line_1_100' title="bbox 885 5493 2450 5573; baseline 0.013 -30"><span class='ocrx_word' id='word_1_813' title='bbox 885 5503 1021 5546; x_wconf 88' lang='lat' dir='ltr'><strong>rent.</strong></span> <span class='ocrx_word' id='word_1_814' title='bbox 1068 5493 1268 5549; x_wconf 89' lang='lat' dir='ltr'><strong>Deinde</strong></span> <span class='ocrx_word' id='word_1_815' title='bbox 1313 5495 1393 5548; x_wconf 81' lang='lat' dir='ltr'><strong>Eli</strong></span> <span class='ocrx_word' id='word_1_816' title='bbox 1432 5497 1702 5562; x_wconf 85' lang='lat' dir='ltr'><strong>sacerdos,</strong></span> <span class='ocrx_word' id='word_1_817' title='bbox 1733 5501 1824 5568; x_wconf 89' lang='lat' dir='ltr'><strong>qui</strong></span> <span class='ocrx_word' id='word_1_818' title='bbox 1857 5500 2028 5556; x_wconf 76' lang='lat' dir='ltr'><strong>fuerat</strong></span> <span class='ocrx_word' id='word_1_819' title='bbox 2065 5504 2116 5558; x_wconf 91' lang='lat' dir='ltr'><strong>in</strong></span> <span class='ocrx_word' id='word_1_820' title='bbox 2149 5504 2331 5573; x_wconf 88' lang='lat' dir='ltr'><strong>Selon,</strong></span> <span class='ocrx_word' id='word_1_821' title='bbox 2362 5509 2450 5564; x_wconf 91' lang='lat' dir='ltr'><strong>ubi</strong></span> 
     </span>
    </p>
   </div>
   <div class='ocr_carea' id='block_1_101' title="bbox 883 5585 2452 5664">
    <p class='ocr_par' dir='ltr' id='par_1_101' title="bbox 883 5585 2452 5664">
     <span class='ocr_line' id='line_1_101' title="bbox 883 5585 2452 5664; baseline 0.014 -28"><span class='ocrx_word' id='word_1_822' title='bbox 883 5599 1003 5639; x_wconf 88' lang='lat' dir='ltr'><strong>arca</strong></span> <span class='ocrx_word' id='word_1_823' title='bbox 1032 5585 1124 5640; x_wconf 90' lang='lat' dir='ltr'><strong>Dei</strong></span> <span class='ocrx_word' id='word_1_824' title='bbox 1153 5587 1440 5644; x_wconf 74' lang='lat' dir='ltr'><strong>conatituta</strong></span> <span class='ocrx_word' id='word_1_825' title='bbox 1480 5599 1598 5645; x_wconf 88' lang='lat' dir='ltr'><strong>erat</strong></span> <span class='ocrx_word' id='word_1_826' title='bbox 1652 5602 1706 5647; x_wconf 92' lang='lat' dir='ltr'><strong>et</strong></span> <span class='ocrx_word' id='word_1_827' title='bbox 1743 5593 1832 5648; x_wconf 84' lang='lat' dir='ltr'><strong>lilii</strong></span> <span class='ocrx_word' id='word_1_828' title='bbox 1873 5595 1988 5664; x_wconf 90' lang='lat' dir='ltr'><strong>ejus</strong></span> <span class='ocrx_word' id='word_1_829' title='bbox 2015 5596 2135 5652; x_wconf 83' lang='lat' dir='ltr'><strong>Olni</strong></span> <span class='ocrx_word' id='word_1_830' title='bbox 2167 5611 2219 5653; x_wconf 92' lang='lat' dir='ltr'><strong>et</strong></span> <span class='ocrx_word' id='word_1_831' title='bbox 2262 5600 2452 5657; x_wconf 87' lang='lat' dir='ltr'><strong>Fiuees</strong></span> 
     </span>
    </p>
   </div>
   <div class='ocr_carea' id='block_1_102' title="bbox 882 5677 2454 5756">
    <p class='ocr_par' dir='ltr' id='par_1_102' title="bbox 882 5677 2454 5756">
     <span class='ocr_line' id='line_1_102' title="bbox 882 5677 2454 5756; baseline 0.016 -29"><span class='ocrx_word' id='word_1_832' title='bbox 882 5677 1184 5733; x_wconf 86' lang='lat' dir='ltr'><strong>sacerdotes</strong></span> <span class='ocrx_word' id='word_1_833' title='bbox 1223 5681 1456 5736; x_wconf 89' lang='lat' dir='ltr'><strong>Domini.</strong></span> <span class='ocrx_word' id='word_1_834' title='bbox 1506 5680 1696 5738; x_wconf 82' lang='lat' dir='ltr'><strong>Finees</strong></span> <span class='ocrx_word' id='word_1_835' title='bbox 1728 5699 1854 5740; x_wconf 82' lang='lat' dir='ltr'><strong>vero</strong></span> <span class='ocrx_word' id='word_1_836' title='bbox 1892 5687 2076 5756; x_wconf 89' lang='lat' dir='ltr'><strong>genuit</strong></span> <span class='ocrx_word' id='word_1_837' title='bbox 2119 5689 2348 5746; x_wconf 77' lang='lat' dir='ltr'><strong>Aehitob</strong></span> <span class='ocrx_word' id='word_1_838' title='bbox 2398 5705 2454 5751; x_wconf 87' lang='lat' dir='ltr'><strong>et</strong></span> 
     </span>
    </p>
   </div>
   <div class='ocr_carea' id='block_1_103' title="bbox 884 5763 2449 5857">
    <p class='ocr_par' dir='ltr' id='par_1_103' title="bbox 884 5763 2449 5857">
     <span class='ocr_line' id='line_1_103' title="bbox 884 5763 2449 5857; baseline 0.017 -36"><span class='ocrx_word' id='word_1_839' title='bbox 884 5763 1242 5843; x_wconf 80' lang='lat' dir='ltr'><strong>Bcrioehabel,</strong></span> <span class='ocrx_word' id='word_1_840' title='bbox 1285 5774 1374 5843; x_wconf 87' lang='lat' dir='ltr'><strong>qui</strong></span> <span class='ocrx_word' id='word_1_841' title='bbox 1405 5773 1638 5834; x_wconf 81' lang='lat' dir='ltr'><strong>Acbitob</strong></span> <span class='ocrx_word' id='word_1_842' title='bbox 1665 5777 2001 5848; x_wconf 82' lang='lat' dir='ltr'><strong>Abimelech,</strong></span> <span class='ocrx_word' id='word_1_843' title='bbox 2055 5791 2108 5839; x_wconf 90' lang='lat' dir='ltr'><strong>et</strong></span> <span class='ocrx_word' id='word_1_844' title='bbox 2150 5783 2237 5841; x_wconf 85' lang='lat' dir='ltr'><strong>hic</strong></span> <span class='ocrx_word' id='word_1_845' title='bbox 2267 5789 2449 5857; x_wconf 75' lang='lat' dir='ltr'><strong>genuit</strong></span> 
     </span>
    </p>
   </div>
   <div class='ocr_carea' id='block_1_104' title="bbox 2561 4689 4136 4754">
    <p class='ocr_par' dir='ltr' id='par_1_104' title="bbox 2561 4689 4136 4754">
     <span class='ocr_line' id='line_1_104' title="bbox 2561 4689 4136 4754; baseline -0.001 -10"><span class='ocrx_word' id='word_1_846' title='bbox 2561 4691 2772 4753; x_wconf 86' lang='lat' dir='ltr'><strong>Clmos;</strong></span> <span class='ocrx_word' id='word_1_847' title='bbox 2830 4699 3013 4744; x_wconf 87' lang='lat' dir='ltr'><strong>octava</strong></span> <span class='ocrx_word' id='word_1_848' title='bbox 3070 4691 3220 4748; x_wconf 81' lang='lat' dir='ltr'><strong>Abia.</strong></span> <span class='ocrx_word' id='word_1_849' title='bbox 3267 4690 3411 4743; x_wconf 90' lang='lat' dir='ltr'><strong>unde</strong></span> <span class='ocrx_word' id='word_1_850' title='bbox 3462 4690 3558 4743; x_wconf 74' lang='lat' dir='ltr'><strong>luit</strong></span> <span class='ocrx_word' id='word_1_851' title='bbox 3611 4689 3957 4754; x_wconf 86' lang='lat' dir='ltr'><strong>Zaccharias;</strong></span> <span class='ocrx_word' id='word_1_852' title='bbox 3993 4704 4136 4743; x_wconf 84' lang='lat' dir='ltr'><strong>nona</strong></span> 
     </span>
    </p>
   </div>
   <div class='ocr_carea' id='block_1_105' title="bbox 2562 4780 4136 4845">
    <p class='ocr_par' dir='ltr' id='par_1_105' title="bbox 2562 4780 4136 4845">
     <span class='ocr_line' id='line_1_105' title="bbox 2562 4780 4136 4845; baseline -0.001 -9"><span class='ocrx_word' id='word_1_853' title='bbox 2562 4782 2686 4836; x_wconf 81' lang='lat' dir='ltr'><strong>Jcsu</strong></span> <span class='ocrx_word' id='word_1_854' title='bbox 2713 4798 2727 4845; x_wconf 90' lang='lat'><strong>;</strong></span> <span class='ocrx_word' id='word_1_855' title='bbox 2761 4782 2967 4834; x_wconf 80' lang='lat' dir='ltr'><strong>decima</strong></span> <span class='ocrx_word' id='word_1_856' title='bbox 2992 4780 3309 4845; x_wconf 88' lang='lat' dir='ltr'><strong>Jecchenir;</strong></span> <span class='ocrx_word' id='word_1_857' title='bbox 3356 4797 3387 4834; x_wconf 90' lang='lat' dir='ltr'><strong>u</strong></span> <span class='ocrx_word' id='word_1_858' title='bbox 3417 4782 3634 4835; x_wconf 83' lang='lat' dir='ltr'><strong>decima</strong></span> <span class='ocrx_word' id='word_1_859' title='bbox 3662 4780 3859 4834; x_wconf 85' lang='lat' dir='ltr'><strong>Enasb</strong></span> <span class='ocrx_word' id='word_1_860' title='bbox 3884 4797 3898 4844; x_wconf 89' lang='lat'><strong>;</strong></span> <span class='ocrx_word' id='word_1_861' title='bbox 3927 4781 4136 4834; x_wconf 82' lang='lat' dir='ltr'><strong>duode-</strong></span> 
     </span>
    </p>
   </div>
   <div class='ocr_carea' id='block_1_106' title="bbox 2559 4869 4135 4940">
    <p class='ocr_par' dir='ltr' id='par_1_106' title="bbox 2559 4869 4135 4940">
     <span class='ocr_line' id='line_1_106' title="bbox 2559 4869 4135 4940; baseline -0.001 -13"><span class='ocrx_word' id='word_1_862' title='bbox 2559 4877 2699 4927; x_wconf 65' lang='lat' dir='ltr'><strong>cinia</strong></span> <span class='ocrx_word' id='word_1_863' title='bbox 2731 4871 2954 4926; x_wconf 84' lang='lat' dir='ltr'><strong>Jachib:</strong></span> <span class='ocrx_word' id='word_1_864' title='bbox 3015 4872 3380 4926; x_wconf 83' lang='lat' dir='ltr'><strong>tertiadecima</strong></span> <span class='ocrx_word' id='word_1_865' title='bbox 3427 4873 3684 4935; x_wconf 72' lang='lat' dir='ltr'><strong>tLhohra;</strong></span> <span class='ocrx_word' id='word_1_866' title='bbox 3739 4869 4135 4940; x_wconf 86' lang='lat' dir='ltr'><strong>quartadecima</strong></span> 
     </span>
    </p>
   </div>
   <div class='ocr_carea' id='block_1_107' title="bbox 2564 4965 4133 5036">
    <p class='ocr_par' dir='ltr' id='par_1_107' title="bbox 2564 4965 4133 5036">
     <span class='ocr_line' id='line_1_107' title="bbox 2564 4965 4133 5036; baseline -0.001 -16"><span class='ocrx_word' id='word_1_867' title='bbox 2564 4967 2709 5030; x_wconf 87' lang='lat' dir='ltr'><strong>Isba;</strong></span> <span class='ocrx_word' id='word_1_868' title='bbox 2761 4966 3158 5036; x_wconf 70' lang='lat' dir='ltr'><strong>qu’ntadccima</strong></span> <span class='ocrx_word' id='word_1_869' title='bbox 3206 4967 3424 5026; x_wconf 84' lang='lat' dir='ltr'><strong>Daune;</strong></span> <span class='ocrx_word' id='word_1_870' title='bbox 3472 4965 3830 5020; x_wconf 74' lang='lat' dir='ltr'><strong>sextadecima</strong></span> <span class='ocrx_word' id='word_1_871' title='bbox 3879 4965 4133 5030; x_wconf 83' lang='lat' dir='ltr'><strong>Emmer;</strong></span> 
     </span>
    </p>
   </div>
   <div class='ocr_carea' id='block_1_108' title="bbox 2558 5055 4135 5124">
    <p class='ocr_par' dir='ltr' id='par_1_108' title="bbox 2558 5055 4135 5124">
     <span class='ocr_line' id='line_1_108' title="bbox 2558 5055 4135 5124; baseline -0.004 -11"><span class='ocrx_word' id='word_1_872' title='bbox 2558 5059 2994 5124; x_wconf 77' lang='lat' dir='ltr'><strong>septimadecima</strong></span> <span class='ocrx_word' id='word_1_873' title='bbox 3032 5057 3264 5121; x_wconf 79' lang='lat' dir='ltr'><strong>Cbeair;</strong></span> <span class='ocrx_word' id='word_1_874' title='bbox 3298 5057 3691 5112; x_wconf 81' lang='lat' dir='ltr'><strong>octavadeeima</strong></span> <span class='ocrx_word' id='word_1_875' title='bbox 3719 5055 3941 5119; x_wconf 81' lang='lat' dir='ltr'><strong>Afesor;</strong></span> <span class='ocrx_word' id='word_1_876' title='bbox 3969 5069 4135 5108; x_wconf 88' lang='lat' dir='ltr'><strong>nona-</strong></span> 
     </span>
    </p>
   </div>
   <div class='ocr_carea' id='block_1_109' title="bbox 2557 5145 4132 5216">
    <p class='ocr_par' dir='ltr' id='par_1_109' title="bbox 2557 5145 4132 5216">
     <span class='ocr_line' id='line_1_109' title="bbox 2557 5145 4132 5216; baseline -0.004 -14"><span class='ocrx_word' id='word_1_877' title='bbox 2557 5149 2765 5204; x_wconf 89' lang='lat' dir='ltr'><strong>decima</strong></span> <span class='ocrx_word' id='word_1_878' title='bbox 2797 5149 3036 5212; x_wconf 79' lang='lat' dir='ltr'><strong>Phaner;</strong></span> <span class='ocrx_word' id='word_1_879' title='bbox 3080 5148 3334 5216; x_wconf 79' lang='lat' dir='ltr'><strong>vigesima</strong></span> <span class='ocrx_word' id='word_1_880' title='bbox 3375 5146 3655 5210; x_wconf 83' lang='lat' dir='ltr'><strong>Ezechiel;</strong></span> <span class='ocrx_word' id='word_1_881' title='bbox 3702 5145 4132 5216; x_wconf 85' lang='lat' dir='ltr'><strong>vigesimaprima</strong></span> 
     </span>
    </p>
   </div>
   <div class='ocr_carea' id='block_1_110' title="bbox 2558 5238 4130 5310">
    <p class='ocr_par' dir='ltr' id='par_1_110' title="bbox 2558 5238 4130 5310">
     <span class='ocr_line' id='line_1_110' title="bbox 2558 5238 4130 5310; baseline -0.003 -15"><span class='ocrx_word' id='word_1_882' title='bbox 2558 5242 2756 5306; x_wconf 75' lang='lat' dir='ltr'><strong>Aeliin;</strong></span> <span class='ocrx_word' id='word_1_883' title='bbox 2793 5239 3290 5310; x_wconf 46' lang='lat' dir='ltr'><strong>\‘igesimasccunda</strong></span> <span class='ocrx_word' id='word_1_884' title='bbox 3319 5239 3564 5304; x_wconf 88' lang='lat' dir='ltr'><strong>Samuel;</strong></span> <span class='ocrx_word' id='word_1_885' title='bbox 3598 5239 4007 5309; x_wconf 82' lang='lat' dir='ltr'><strong>vigesimatertia</strong></span> <span class='ocrx_word' id='word_1_886' title='bbox 4035 5238 4130 5290; x_wconf 90' lang='lat' dir='ltr'><strong>Da-</strong></span> 
     </span>
    </p>
   </div>
   <div class='ocr_carea' id='block_1_111' title="bbox 2556 5330 4130 5403">
    <p class='ocr_par' dir='ltr' id='par_1_111' title="bbox 2556 5330 4130 5403">
     <span class='ocr_line' id='line_1_111' title="bbox 2556 5330 4130 5403; baseline -0.002 -17"><span class='ocrx_word' id='word_1_887' title='bbox 2556 5332 2636 5388; x_wconf 87' lang='lat' dir='ltr'><strong>lea</strong></span> <span class='ocrx_word' id='word_1_888' title='bbox 2657 5349 2670 5397; x_wconf 92' lang='lat'><strong>;</strong></span> <span class='ocrx_word' id='word_1_889' title='bbox 2695 5334 3140 5403; x_wconf 84' lang='lat' dir='ltr'><strong>vigesimaquarta</strong></span> <span class='ocrx_word' id='word_1_890' title='bbox 3169 5333 3356 5387; x_wconf 73' lang='lat' dir='ltr'><strong>Malia.</strong></span> <span class='ocrx_word' id='word_1_891' title='bbox 3390 5332 3452 5385; x_wconf 92' lang='lat' dir='ltr'><strong>Ili</strong></span> <span class='ocrx_word' id='word_1_892' title='bbox 3481 5341 3605 5386; x_wconf 90' lang='lat' dir='ltr'><strong>sunt</strong></span> <span class='ocrx_word' id='word_1_893' title='bbox 3635 5347 3776 5386; x_wconf 86' lang='lat' dir='ltr'><strong>xxtv.</strong></span> <span class='ocrx_word' id='word_1_894' title='bbox 3800 5344 3934 5401; x_wconf 87' lang='lat' dir='ltr'><strong>quos</strong></span> <span class='ocrx_word' id='word_1_895' title='bbox 3964 5330 4130 5385; x_wconf 82' lang='lat' dir='ltr'><strong>David</strong></span> 
     </span>
    </p>
   </div>
   <div class='ocr_carea' id='block_1_112' title="bbox 2557 5421 4130 5493">
    <p class='ocr_par' dir='ltr' id='par_1_112' title="bbox 2557 5421 4130 5493">
     <span class='ocr_line' id='line_1_112' title="bbox 2557 5421 4130 5493; baseline -0.003 -15"><span class='ocrx_word' id='word_1_896' title='bbox 2557 5424 2936 5493; x_wconf 81' lang='lat' dir='ltr'><strong>sacerdotibus‘</strong></span> <span class='ocrx_word' id='word_1_897' title='bbox 2974 5431 3341 5493; x_wconf 72' lang='lat' dir='ltr'><strong>praeposuerat</strong></span> <span class='ocrx_word' id='word_1_898' title='bbox 3387 5423 3677 5490; x_wconf 51' lang='lat' dir='ltr'><strong>principes.</strong></span> <span class='ocrx_word' id='word_1_899' title='bbox 3726 5421 3950 5490; x_wconf 80' lang='lat' dir='ltr'><strong>Quando</strong></span> <span class='ocrx_word' id='word_1_900' title='bbox 3985 5422 4130 5476; x_wconf 90' lang='lat' dir='ltr'><strong>enim</strong></span> 
     </span>
    </p>
   </div>
   <div class='ocr_carea' id='block_1_113' title="bbox 2556 5490 4132 5579">
    <p class='ocr_par' dir='ltr' id='par_1_113' title="bbox 2556 5490 4132 5579">
     <span class='ocr_line' id='line_1_113' title="bbox 2556 5490 4132 5579; baseline -0.002 -11"><span class='ocrx_word' id='word_1_901' title='bbox 2556 5515 2624 5568; x_wconf 86' lang='lat' dir='ltr'><strong>de</strong></span> <span class='ocrx_word' id='word_1_902' title='bbox 2654 5513 2814 5568; x_wconf 92' lang='lat' dir='ltr'><strong>domo</strong></span> <span class='ocrx_word' id='word_1_903' title='bbox 2847 5490 3048 5569; x_wconf 73' lang='lat' dir='ltr'><strong>Abidda</strong></span> <span class='ocrx_word' id='word_1_904' title='bbox 3079 5490 3264 5568; x_wconf 81' lang='lat' dir='ltr'><strong>retulit</strong></span> <span class='ocrx_word' id='word_1_905' title='bbox 3308 5528 3482 5567; x_wconf 88' lang='lat' dir='ltr'><strong>arcam</strong></span> <span class='ocrx_word' id='word_1_906' title='bbox 3515 5513 3837 5576; x_wconf 79' lang='lat' dir='ltr'><strong>te-tamcnti,</strong></span> <span class='ocrx_word' id='word_1_907' title='bbox 3876 5521 3927 5566; x_wconf 89' lang='lat' dir='ltr'><strong>et</strong></span> <span class='ocrx_word' id='word_1_908' title='bbox 3958 5513 4132 5579; x_wconf 82' lang='lat' dir='ltr'><strong>posuit</strong></span> 
     </span>
    </p>
   </div>
   <div class='ocr_carea' id='block_1_114' title="bbox 2555 5603 4131 5673">
    <p class='ocr_par' dir='ltr' id='par_1_114' title="bbox 2555 5603 4131 5673">
     <span class='ocr_line' id='line_1_114' title="bbox 2555 5603 4131 5673; baseline -0.001 -12"><span class='ocrx_word' id='word_1_909' title='bbox 2555 5620 2676 5661; x_wconf 90' lang='lat' dir='ltr'><strong>eam</strong></span> <span class='ocrx_word' id='word_1_910' title='bbox 2708 5605 2760 5658; x_wconf 91' lang='lat' dir='ltr'><strong>in</strong></span> <span class='ocrx_word' id='word_1_911' title='bbox 2789 5603 2914 5660; x_wconf 89' lang='lat' dir='ltr'><strong>Sion</strong></span> <span class='ocrx_word' id='word_1_912' title='bbox 2956 5605 3010 5659; x_wconf 90' lang='lat' dir='ltr'><strong>in</strong></span> <span class='ocrx_word' id='word_1_913' title='bbox 3042 5605 3205 5661; x_wconf 90' lang='lat' dir='ltr'><strong>domo</strong></span> <span class='ocrx_word' id='word_1_914' title='bbox 3241 5603 3557 5673; x_wconf 75' lang='lat' dir='ltr'><strong>Aminadab,</strong></span> <span class='ocrx_word' id='word_1_915' title='bbox 3602 5614 3658 5660; x_wconf 89' lang='lat' dir='ltr'><strong>et</strong></span> <span class='ocrx_word' id='word_1_916' title='bbox 3699 5604 3821 5660; x_wconf 89' lang='lat' dir='ltr'><strong>inde</strong></span> <span class='ocrx_word' id='word_1_917' title='bbox 3860 5604 4131 5659; x_wconf 80' lang='lat' dir='ltr'><strong>transtu‘it</strong></span> 
     </span>
    </p>
   </div>
   <div class='ocr_carea' id='block_1_115' title="bbox 2554 5695 4127 5766">
    <p class='ocr_par' dir='ltr' id='par_1_115' title="bbox 2554 5695 4127 5766">
     <span class='ocr_line' id='line_1_115' title="bbox 2554 5695 4127 5766; baseline -0.001 -13"><span class='ocrx_word' id='word_1_918' title='bbox 2554 5713 2693 5763; x_wconf 89' lang='lat' dir='ltr'><strong>eam,</strong></span> <span class='ocrx_word' id='word_1_919' title='bbox 2725 5707 2779 5753; x_wconf 89' lang='lat' dir='ltr'><strong>et</strong></span> <span class='ocrx_word' id='word_1_920' title='bbox 2801 5695 2974 5766; x_wconf 89' lang='lat' dir='ltr'><strong>posuit</strong></span> <span class='ocrx_word' id='word_1_921' title='bbox 3002 5713 3119 5753; x_wconf 90' lang='lat' dir='ltr'><strong>eam</strong></span> <span class='ocrx_word' id='word_1_922' title='bbox 3164 5697 3218 5752; x_wconf 93' lang='lat' dir='ltr'><strong>iu</strong></span> <span class='ocrx_word' id='word_1_923' title='bbox 3249 5697 3408 5752; x_wconf 89' lang='lat' dir='ltr'><strong>domo</strong></span> <span class='ocrx_word' id='word_1_924' title='bbox 3439 5712 3554 5763; x_wconf 82' lang='lat' dir='ltr'><strong>sua.</strong></span> <span class='ocrx_word' id='word_1_925' title='bbox 3592 5709 3717 5753; x_wconf 88' lang='lat' dir='ltr'><strong>tunc</strong></span> <span class='ocrx_word' id='word_1_926' title='bbox 3748 5698 3844 5752; x_wconf 89' lang='lat' dir='ltr'><strong>hos</strong></span> <span class='ocrx_word' id='word_1_927' title='bbox 3872 5697 4127 5755; x_wconf 79' lang='lat' dir='ltr'><strong>sacerdo-</strong></span> 
     </span>
    </p>
   </div>
   <div class='ocr_carea' id='block_1_116' title="bbox 2559 5790 4124 5862">
    <p class='ocr_par' dir='ltr' id='par_1_116' title="bbox 2559 5790 4124 5862">
     <span class='ocr_line' id='line_1_116' title="bbox 2559 5790 4124 5862; baseline -0.001 -14"><span class='ocrx_word' id='word_1_928' title='bbox 2559 5793 2699 5848; x_wconf 84' lang='lat' dir='ltr'><strong>tibus</strong></span> <span class='ocrx_word' id='word_1_929' title='bbox 2727 5790 2997 5862; x_wconf 77' lang='lat' dir='ltr'><strong>principcs</strong></span> <span class='ocrx_word' id='word_1_930' title='bbox 3021 5790 3331 5860; x_wconf 84' lang='lat' dir='ltr'><strong>constituit,</strong></span> <span class='ocrx_word' id='word_1_931' title='bbox 3362 5791 3448 5862; x_wconf 87' lang='lat' dir='ltr'><strong>qui</strong></span> <span class='ocrx_word' id='word_1_932' title='bbox 3484 5792 3843 5861; x_wconf 70' lang='lat' dir='ltr'><strong>prafcedcreut</strong></span> <span class='ocrx_word' id='word_1_933' title='bbox 3877 5793 4124 5859; x_wconf 71' lang='lat' dir='ltr'><strong>populum</strong></span> 
     </span>
    </p>
   </div>
  </div>
