4322 6418
121 459 226 517 541

1040 450 1127 504 DE
1169 440 1625 505 GENEALOGIIS
1666 392 2259 493 mrutsucusuun
2300 434 2503 489 Lmen

3330 436 3436 493 5i2

119 585 255 630 ante
283 585 463 628 arcam
492 568 824 635 testamenti,
860 573 915 622 et
952 564 1151 621 Levita
1200 562 1417 617 fuerunt
1450 571 1600 612 xxiv.
1630 550 1720 623 qui
1753 554 1801 611 Α
1834 553 2048 620 quando
2077 553 2240 607 occisi
2282 562 2406 608 sunt
2438 552 2661 609 trecenti
2702 552 3087 622 quinquaginta
3117 556 3433 611 sacerdotes

120 666 337 722 Levitis
355 660 714 729 imperabant,
742 674 807 713 ex
835 670 1034 727 genere
1055 655 1199 711 enim
1234 660 1388 707 erant
1414 651 1564 710 Caal,
1591 647 1727 702 Ges-

116 772 251 823 son,
307 752 634 815 Elmencrii;
688 764 809 803 nam
854 761 1018 813 super
1070 759 1165 800 eos
1198 746 1408 797 fuerant
1447 746 1723 809 quattuor,

117 861 358 916 quorum
390 844 605 900 nomina
640 842 754 895 lucc
781 848 927 894 sunt.
969 837 1185 892 Primus
1224 836 1415 895 Eman,
1458 830 1727 884 secundus

117 939 280 1006 As:if,
313 938 503 995 tertius
532 936 750 998 lditum,
793 942 1019 1003 quartus
1049 930 1286 992 Etham;
1326 927 1425 981 fuit
1469 936 1728 978 numerus

119 1034 370 1101 ipsorum
400 1042 521 1083 cum
554 1024 807 1079 fratribus
844 1024 1085 1093 ipsorum
1117 1018 1261 1074 docti
1294 1026 1513 1072 cantare
1542 1014 1727 1068 Domi-

115 1136 216 1188 no,
248 1119 429 1175 omnis
457 1118 548 1189 qui
578 1116 846 1185 intelligit,
880 1113 1099 1169 ducenti
1131 1111 1403 1180 octoginta
1438 1116 1583 1162 octo.
1617 1107 1724 1159 Ac-

114 1218 387 1281 ceperunt
414 1209 576 1264 etiam
601 1207 700 1276 ipsi
732 1216 908 1261 sortes
930 1203 1143 1257 diurnae
1166 1199 1533 1270 apparitiones
1567 1195 1725 1266 juxta

115 1313 381 1369 magnum
425 1307 480 1351 et
520 1297 670 1365 juxta
722 1293 969 1361 pusillum
1016 1290 1381 1361 perfecturum
1418 1296 1472 1342 et
1506 1286 1724 1341 discen-

118 1392 296 1455 tium;
328 1386 531 1443 excidit
576 1401 697 1441 sors
736 1385 902 1453 prima
946 1384 1178 1436 ﬁliorum
1225 1381 1342 1448 ejus
1387 1387 1441 1432 et
1495 1378 1722 1432 fratrum

114 1483 242 1551 ejus
265 1480 434 1549 ipsius
461 1478 661 1547 Asaph,
684 1476 759 1530 illi
789 1474 988 1543 .loseph
1019 1474 1153 1542 ipse,
1180 1480 1234 1525 et
1262 1470 1356 1523 lilii
1390 1469 1506 1536 ejus
1543 1478 1597 1523 et
1624 1468 1731 1521 fra-

117 1581 233 1627 tres
265 1571 384 1642 ejus
413 1568 717 1624 duodecim.
765 1565 1048 1622 Secundus
1096 1562 1351 1617 Godolias
1396 1561 1491 1615 lilii
1532 1561 1649 1629 ejus
1673 1570 1727 1615 et

116 1663 321 1718 fratres
346 1661 464 1731 ejus
490 1659 795 1717 duodecim.
830 1656 1048 1713 Tertius
1090 1654 1355 1720 Zaccbnr,
1404 1653 1500 1707 lilii
1530 1653 1649 1721 ejus
1675 1660 1730 1707 et

116 1752 321 1807 fratres
353 1752 471 1820 ejus
508 1749 815 1805 duodecim.
857 1738 1094 1815 Quartus
1130 1746 1330 1812 Jesdri,
1378 1745 1475 1800 lilii
1520 1745 1637 1813 ejus
1675 1752 1731 1798 et

118 1845 325 1902 fratres
355 1845 473 1915 ejus
495 1860 588 1899 xu.
622 1842 849 1908 Quintus
873 1840 1149 1903 Natanias,
1186 1839 1277 1891 ﬁlii
1302 1838 1419 1907 ejus
1444 1846 1501 1892 et
1534 1835 1729 1891 fratres

120 1939 246 2007 ejus
282 1910 618 1991 xn.vSextus
644 1934 800 1988 Bocia
822 1974 838 1999 ,
886 1932 981 1987 ﬁlii
1014 1932 1132 2000 ejus
1160 1938 1216 1985 et
1247 1929 1442 1984 fratres
1476 1928 1596 1996 ejus
1627 1944 1721 1983 xu.
1760 1910 1808 1971 Β

115 2029 401 2097 Septimus
434 2026 619 2091 Israel,
652 2025 745 2079 ﬁlii
773 2024 889 2093 ejus
914 2034 967 2079 et
991 2024 1184 2077 fratres
1204 2022 1323 2090 ejus
1357 2035 1451 2074 xu.
1485 2019 1726 2075 Octavus

115 2122 323 2191 Ageas,
350 2120 440 2173 lilii
465 2120 585 2185 ejus
608 2128 662 2173 et
684 2117 874 2172 fratres
896 2117 1013 2185 ejus
1043 2108 1137 2171 xu.
1171 2114 1357 2170 Nonus
1384 2113 1726 2178 Matthanias,

116 2210 210 2265 lilii
243 2209 368 2279 ejus
387 2220 440 2265 et
467 2208 660 2264 fratres
687 2209 803 2277 ejus
835 2222 928 2260 xu.
963 2208 1216 2262 Decimus
1236 2206 1441 2270 Semei,
1475 2204 1571 2259 ﬁlii
1605 2206 1725 2275 ejus

115 2312 166 2356 et
197 2299 399 2356 fratres
431 2299 551 2366 ejus
590 2314 683 2352 xu.
741 2296 1065 2352 Undecimus
1106 2297 1334 2364 Esdriel,
1376 2297 1473 2351 lilii
1511 2296 1631 2366 ejus
1674 2304 1729 2351 et

116 2393 322 2446 fratres
357 2391 478 2459 ejus
509 2406 602 2444 xu.
654 2390 1018 2445 Duodecimus
1067 2390 1319 2455 Asabias,
1377 2390 1472 2443 filii
1518 2388 1637 2458 ejus
1670 2397 1725 2445 et

117 2486 321 2538 fratres
350 2483 467 2552 ejus
498 2497 592 2535 xu.
632 2479 1101 2535 Tertiusdecimus
1138 2480 1357 2547 Sabaei,
1402 2480 1496 2535 lilii
1524 2482 1643 2549 ejus
1674 2487 1729 2535 et

117 2574 322 2631 fratres
349 2574 465 2644 ejus
488 2590 583 2628 xu.
610 2572 1087 2640 Quartusdeciutns
1115 2572 1447 2637 Matthatias,
1478 2570 1572 2625 ﬁlii
1603 2573 1721 2639 ejus

118 2678 170 2721 et
222 2665 419 2719 fratres
464 2662 582 2732 ejus
634 2678 729 2717 xu.
784 2661 1263 2730 Quintusdecimus
1296 2663 1587 2731 Jarimoth,
1632 2661 1726 2717 lilii

118 2758 237 2826 ejus
265 2764 321 2811 ct
350 2756 543 2811 fratres
574 2754 692 2823 ejus
718 2771 809 2808 xu.
848 2754 1289 2814 Sextusdecimus
1321 2756 1582 2821 Ananias,
1627 2754 1725 2809 filii

120 2852 239 2919 ejus
266 2860 323 2905 et
348 2848 547 2905 fratres
571 2849 689 2917 ejus
722 2864 815 2903 xu.
860 2848 1385 2918 Septimusdecimus
1406 2848 1723 2914 Jesbachas,

121 2944 214 2997 ﬁlii
251 2944 374 3010 ejus
409 2953 463 2997 et
500 2942 694 2998 fratres
744 2942 862 3011 ejus
908 2958 1003 2996 xu.
1048 2943 1529 2997 Oetavusdecimus
1582 2942 1724 2996 Ana-

121 3036 259 3097 nias,
299 3035 393 3087 filii
418 3033 535 3104 ejus
563 3044 618 3089 et
645 3034 838 3088 fratres
880 3034 995 3103 ejus
1024 3050 1119 3089 xtl.
1172 3033 1601 3088 Nonusdecimus
1632 3032 1724 3087 Mi-

120 3128 257 3192 sael,
309 3127 403 3180 lilii
451 3127 569 3196 ejus
609 3132 662 3181 et
698 3127 893 3180 fratres
914 3126 1031 3195 ejus
1056 3142 1151 3179 xu.
1183 3126 1486 3195 \‘dgesimus
1521 3124 1721 3190 Eliatb,

122 3219 220 3273 filii
249 3219 370 3289 ejus
392 3226 448 3273 ct
478 3220 670 3275 fratres
701 3220 816 3286 ejus
844 3234 935 3272 xu.
984 3218 1289 3288 Vigesimus
1327 3218 1529 3286 primus
1570 3215 1719 3279 Etth,

125 3314 216 3366 lilii
245 3283 367 3380 ejus
396 3320 450 3367 et
489 3311 682 3366 fratres
711 3283 826 3380 ejus
854 3327 947 3365 xu.
993 3283 1295 3380 \‘igesimus
1319 3283 1585 3364 secundus
1616 3307 1724 3363 Go~
1751 3283 1796 3344 θ

125 3404 348 3467 thnlias,
378 3400 469 3455 ﬁlii
496 3401 613 3469 ejus
639 3412 691 3455 et
715 3402 907 3454 fratres
931 3399 1047 3469 ejus
1063 3415 1154 3452 xu.
1184 3398 1488 3468 Vigesimns
1505 3398 1719 3464 tertius,

126 3499 358 3565 Mazoh,
395 3497 487 3550 filii
513 3497 627 3563 ejus
651 3504 702 3550 et
735 3495 927 3548 fratres
946 3494 1064 3561 ejus
1091 3509 1185 3547 xu.
1223 3492 1530 3562 Vigesimus
1557 3505 1722 3561 quar-

126 3600 207 3644 tus
237 3588 482 3658 Ramagi,
514 3586 607 3641 lilii
638 3587 753 3655 ejus
776 3594 830 3640 et
862 3588 1050 3641 fratres
1080 3585 1197 3653 ejus
1229 3600 1324 3641 xtl.
1362 3584 1425 3638 lli
1454 3593 1579 3639 situt
1621 3584 1721 3636 du-

128 3682 268 3736 centi
313 3680 587 3749 octoginta
630 3690 774 3747 octo,
829 3678 921 3745 qui
975 3676 1371 3746 praecedebant
1423 3675 1722 3730 exercitum

128 3774 363 3826 filiarum
402 3771 588 3830 Israel.
615 3779 669 3824 et
696 3769 983 3825 cantabant
1011 3770 1235 3823 Domino
1257 3769 1545 3823 canticum.
1575 3767 1726 3822 'l‘uuc

128 3862 288 3917 e;iam
312 3870 366 3913 cl
388 3861 556 3914 David
588 3874 707 3914 cum
731 3859 809 3914 eis
840 3859 1091 3927 impletus
1117 3858 1309 3927 spiritu
1340 3868 1529 3913 sancto
1559 3858 1723 3913 simul

127 3953 585 4023 prophetaverunt
616 3951 854 4019 psalmos
877 3960 1092 4006 centum
1126 3952 1532 4021 quinquaginta.
1560 3952 1725 4017 Quat-

130 4053 249 4097 tuor
294 4044 441 4098 enim
496 4051 652 4097 erant
696 4042 789 4111 qui
848 4042 1139 4096 cantabant
1187 4043 1407 4097 domino
1453 4042 1726 4111 prim-ipes

131 4133 430 4197 ενηειὶιιιιί,
462 4141 517 4185 ιιι
548 4132 813 4197 diximus;
836 4132 1039 4200 primus
1068 4132 1259 4200 Etnan,
1282 4133 1550 4188 secundus
1574 4132 1722 4198 Asaf,

132 4224 320 4278 tertius
347 4223 559 4285 Iditum,
594 4231 815 4291 quartus
836 4222 1030 4287 Ethan,
1067 4222 1337 4279 habebant
1364 4232 1725 4295 septuagenos

132 4314 306 4378 binos,
357 4313 744 4382 respondentes
797 4313 897 4367 sibi
949 4315 1001 4368 in
1057 4314 1338 4384 cymbalis,
1381 4324 1436 4370 et
1474 4317 1646 4370 uallis
1674 4326 1727 4369 et

133 4405 394 4475 cytbaris.
444 4405 593 4461 Tunc
620 4421 728 4460 non
770 4405 910 4474 quod
952 4406 1225 4471 volebant,
1282 4408 1383 4462 hoc
1425 4408 1728 4476 psallebant

124 4500 222 4554 sed
252 4499 395 4566 quod
430 4514 523 4567 per
551 4513 645 4552 eos
676 4497 895 4565 spiritus
934 4498 1305 4553 ailuuntiabat.
1354 4497 1547 4566 Viginti
1580 4500 1724 4555 enim

131 4592 283 4647 annis
325 4592 426 4646 fuit
453 4593 591 4646 Area
622 4591 677 4645 in
707 4591 1036 4660 captivitate,
1075 4602 1132 4647 et
1174 4591 1528 4662 quadraginta
1570 4593 1726 4646 annis

128 4679 226 4737 fuit
261 4684 315 4739 in
346 4682 510 4737 domo
537 4657 831 4747 Abiddare,
856 4698 946 4738 xx.
978 4684 1134 4736 annis
1169 4657 1267 4738 fuit
1290 4684 1341 4738 in
1367 4657 1528 4738 domo
1560 4684 1725 4739 David
1754 4657 1805 4716 D

133 4777 292 4844 regis,
322 4776 415 4846 qui
443 4773 684 4843 regnavit
706 4776 757 4829 in
792 4775 951 4830 Israel
988 4775 1143 4828 annis
1174 4791 1261 4831 xt..
1296 4776 1573 4830 mensibus
1604 4792 1722 4841 sex,

135 4865 199 4921 de
227 4868 386 4936 cujus
414 4864 579 4919 domo
611 4864 730 4919 tulit
769 4864 986 4920 Saddoc
1022 4864 1162 4917 filius
1204 4866 1484 4932 Sachitob,
1535 4868 1623 4935 qui
1673 4869 1727 4920 in

137 4961 326 5015 nomba
361 4959 461 5014 fuit
485 4973 733 5014 cornum.
767 4958 832 5012 Et
865 4959 1015 5012 unxit
1044 4959 1388 5016 Salomonem
1426 4976 1521 5026 pro
1562 4962 1727 5015 David

136 5058 281 5119 patre
309 5064 414 5105 suo
444 5050 499 5104 in
527 5064 729 5119 regem.
763 5049 1029 5119 Regnavit
1055 5059 1232 5105 autem
1254 5053 1416 5107 David
1449 5054 1604 5108 anuis
1632 5071 1728 5109 νη.

136 5140 188 5196 in
216 5141 467 5197 Chebron
500 5150 552 5195 et
576 5140 792 5210 triginta
838 5140 1009 5195 tribus
1040 5141 1093 5195 in
1134 5142 1452 5198 Jerusalem.
1508 5146 1565 5199 In
1594 5146 1731 5202 (Lbe-

139 5232 265 5288 bron
292 5243 473 5287 autem
502 5235 685 5301 genuit
726 5232 867 5286 ﬁlios
892 5242 1121 5301 septem,
1166 5244 1220 5289 et
1251 5236 1350 5291 ista
1384 5238 1603 5292 nomina
1641 5254 1735 5294 eo-

142 5338 292 5377 rum:
332 5322 640 5393 primitivns
686 5321 919 5377 Ammon
958 5340 1117 5393 quem
1165 5326 1362 5379 occidit
1405 5327 1728 5396 Aliessaloa,

140 5431 255 5472 cum
287 5420 613 5472 incestasset
643 5416 913 5478 Thamar;
960 5416 1233 5471 secundus
1266 5418 1501 5484 Chaleb;
1541 5421 1736 5476 tertius

142 5508 465 5573 Abessalon;
493 5517 714 5577 quartus
736 5506 953 5572 Ornias,
978 5508 1065 5577 qui
1098 5518 1319 5578 propter
1350 5509 1548 5566 Abisac
1570 5526 1736 5567 suna-

144 5601 318 5656 mitem
346 5601 545 5656 Ornias
587 5612 616 5651 a
648 5598 943 5653 Salomone
987 5599 1299 5655 interfectus
1330 5610 1434 5666 est,
1478 5604 1731 5671 quoniam

146 5693 424 5757 postulavit
465 5705 584 5747 eam
626 5689 913 5759 eonjugem
959 5691 1084 5747 sibi.
1127 5692 1277 5749 Tunc
1307 5694 1569 5750 Ahiathar
1593 5698 1735 5753 rele-

147 5793 287 5853 gatus
314 5795 419 5850 est,
442 5782 586 5853 quod
617 5783 728 5851 ipse
757 5796 878 5837 eum
907 5793 1143 5841 unxerat
1170 5785 1223 5840 in
1249 5802 1454 5857 regem,
1474 5787 1735 5846 Abiathar

150 5876 279 5935 lilius
309 5888 387 5937 est
419 5874 770 5941 Abimelcch,
804 5876 893 5945 qui
923 5877 1127 5948 fugiens
1152 5879 1323 5947 solus,
1356 5878 1593 5937 salvatus
1628 5891 1731 5950 est,

1828 660 1857 697 a
1893 646 2035 700 Doec
2065 646 2225 715 Syro,
2259 661 2415 715 quem
2452 662 2543 700 rex
2582 646 2707 701 Saul
2740 647 3003 701 miserat:
3032 647 3111 701 De
3146 647 3262 715 ipso
3298 650 3432 705 dixit

1832 737 1997 791 David
2029 738 2095 791 ad
2120 738 2246 792 Saul
2280 754 2293 790 :
2328 738 2561 793 dilexisti
2590 738 2848 793 malitiam
2874 753 3037 807 super
3061 737 3351 794 bonitatem
3376 750 3433 796 et

1829 827 2166 897 iniquitatem
2204 842 2367 896 super
2396 843 2557 898 quam
2587 827 2825 897 loqueris
2860 828 3125 895 justitiam
3169 827 3433 884 callidita-

1828 927 1935 973 tem
1964 921 2105 976 Docc
2136 921 2257 992 Syri
2292 922 2523 988 incusat,
2578 921 2669 991 qui
2700 935 2759 975 se
2782 921 2985 989 justum
3011 920 3065 974 in
3092 920 3433 975 sermonibus

1828 1010 2262 1080 demonstrabat,
2293 1020 2349 1067 et
2374 1013 2713 1083 iniquitatem
2751 1014 2895 1067 circa
2930 1013 3248 1067 innocentes
3272 1026 3432 1067 excr-

1829 1105 1969 1159 cuit.
1993 1103 2058 1157 Et
2091 1103 2285 1157 iterum
2331 1103 2571 1157 dilexisti
2601 1104 2779 1159 omnia
2809 1103 2970 1157 verba
3003 1104 3300 1173 praeeipitii
3334 1104 3433 1158 lin-

1831 1210 1931 1263 gua
1957 1193 2206 1258 subdola,
2253 1194 2447 1262 quibus
2484 1194 2732 1249 incautos
2771 1193 2951 1249 subito
2973 1194 3169 1263 dejecit
3197 1194 3250 1247 in
3284 1210 3435 1248 mor-

1833 1296 1962 1341 tem.
1997 1286 2089 1339 llic
2118 1295 2294 1340 autem
2320 1286 2601 1351 Abiatliar,
2636 1286 2726 1355 qui
2761 1294 2887 1341 tunc
2911 1300 2940 1340 a
2965 1294 3139 1342 morte
3165 1296 3435 1354 evaserat,

1832 1386 2055 1447 propter
2078 1376 2299 1431 Orniam
2326 1392 2352 1431 a
2386 1376 2682 1433 Salomone
2711 1379 2999 1449 relegatur,
3033 1387 3091 1433 ut
3136 1381 3434 1435 secundum

1833 1467 2156 1522 sententiam
2207 1468 2418 1522 Domini
2470 1470 2647 1523 nullus
2705 1483 2769 1523 ex
2820 1469 3031 1523 semine
3064 1469 3145 1524 Eli
3185 1470 3238 1525 in
3273 1470 3438 1525 domo

1836 1562 2047 1616 Domini
2079 1562 2403 1616 sacriﬁcium
2426 1562 2853 1619 administraret.
2879 1565 3111 1633 Quintus
3142 1565 3435 1636 Aphatias;

1834 1661 2021 1706 sextus
2055 1652 2337 1716 Ethoram,
2371 1662 2425 1707 et
2457 1653 2696 1708 Thamar
2740 1668 2899 1708 Soror
2930 1655 3255 1712 Abessalon.
3303 1654 3439 1711 Nam

1835 1743 1887 1795 in
1932 1741 2269 1796 Hierusalem
2320 1743 2387 1797 de
2437 1743 2671 1798 Dersabe
2722 1743 2881 1800 Uriae
2926 1746 3096 1801 Cettei
3144 1747 3343 1804 Saman
3388 1758 3440 1805 et

1834 1833 2017 1889 Soban
2050 1834 2141 1889 ﬁlii
2172 1843 2299 1889 sunt
2325 1835 2513 1905 David,
2542 1838 2739 1891 fratres
2770 1837 3078 1893 Salomonis
3112 1848 3168 1894 et
3208 1840 3437 1906 Natliae,

1834 1927 1987 1996 cujus
2039 1928 2211 1984 Lucas
2264 1930 2606 1999 Evangelista
2663 1932 2731 1985 ad
2782 1931 3002 1987 Mariam
3050 1934 3313 2005 originem
3347 1936 3441 1991 de-

1834 2023 2175 2077 monstravit.
2221 2024 2480 2079 Similiter
2512 2025 2673 2079 etiam
2706 2032 2760 2079 et
2792 2025 3103 2081 Salomonis
3140 2027 3442 2083 Matthacus

1836 2116 2179 2187 Evangelista
2246 2115 2312 2170 ad
2368 2115 2571 2183 Joseph
2636 2116 2900 2186 originem
2957 2117 3322 2181 demonstrat,
3384 2125 3443 2173 ut

1833 2216 2089 2278 appareat
2116 2223 2210 2263 eos
2240 2208 2439 2263 de'una
2467 2207 2612 2262 tribu
2644 2208 2817 2272 exire,
2852 2216 2907 2262 et
2950 2208 3029 2263 sic
3070 2208 3137 2262 ad
3160 2207 3440 2263 Christum

1833 2302 2129 2358 secundum
2196 2316 2412 2357 carnem
2470 2302 2693 2366 venire,
2766 2310 2827 2357 ut
2884 2303 3225 2371 compleatur
3289 2301 3435 2371 quod

1838 2393 2098 2462 scriptum
2146 2404 2229 2448 est
2278 2412 2293 2448 :
2346 2409 2461 2449 ecce
2506 2394 2624 2447 uicit
2680 2393 2759 2447 leo
2805 2394 2869 2447 de
2917 2394 3051 2448 tribu
3098 2392 3243 2448 Juda
3289 2394 3443 2449 radis

1833 2484 2044 2551 David;
2098 2486 2206 2541 Leo
2261 2500 2328 2541 ex
2372 2486 2710 2553 Salomone;
2761 2497 2812 2538 et
2864 2485 3020 2541 radix
3077 2502 3142 2542 ex
3200 2487 3435 2555 Nathan,

1834 2576 2091 2631 Salomon
2151 2586 2329 2631 autem
2391 2577 2579 2647 genuit
2630 2576 2906 2642 Bobnam,
2965 2587 3017 2632 et
3076 2577 3287 2631 Nathan
3344 2594 3440 2645 ge-

1834 2667 1951 2721 nuit
1981 2667 2243 2722 lllatthan.
2285 2667 2437 2722 Tunc
2465 2668 2674 2737 accepit
2712 2682 2938 2737 regnum
2967 2666 3258 2723 Jeroboam
3300 2670 3443 2725 ﬁlius

1832 2757 2043 2813 Nabath
2068 2772 2133 2813 ex
2162 2774 2331 2813 uxore
2362 2760 2582 2813 nomine
2611 2758 2832 2824 Serum,
2864 2772 3001 2829 quae
3032 2759 3190 2813 vidua
3222 2761 3438 2816 mansit.

1832 2847 2189 2918 Temporibus
2237 2848 2424 2903 multis
2487 2862 2678 2903 servus
2726 2848 3030 2904 Salomonis
3082 2859 3269 2904 contra
3328 2850 3442 2904 Ri.-

1832 2939 1991 2995 boam
2044 2939 2211 2995 lilium
2262 2940 2598 3009 Salomonis,
2652 2954 2845 2996 servus
2899 2954 3024 2995 cum
3072 2939 3292 2996 domino
3350 2959 3441 2998 re-

1830 3048 1994 3103 gnum
2018 3034 2246 3105 adeptus
2276 3043 2382 3099 est,
2424 3044 2478 3091 et
2511 3036 2563 3089 in
2599 3036 2774 3104 primo
2800 3051 2945 3092 anno
2983 3038 3135 3108 regni
3182 3036 3265 3091 sui
3310 3036 3442 3091 fecit

1833 3140 2022 3180 vaccas
2052 3140 2242 3183 aureas
2267 3127 2423 3195 duas,
2460 3142 2619 3182 unam
2649 3127 2798 3183 dedit
2829 3132 2881 3184 in
2913 3129 3024 3185 Dan
3052 3139 3106 3184 et
3151 3145 3311 3183 unam
3340 3144 3441 3199 po-

1830 3217 1937 3271 suit
1966 3219 2018 3270 in
2054 3217 2265 3273 Dethel.
2300 3218 2451 3275 Tunc
2480 3220 2616 3275 dixit
2642 3222 2709 3276 ad
2740 3221 2950 3292 plebem
2982 3238 2993 3271 :
3022 3220 3257 3275 sufﬁciat
3284 3220 3438 3275 vobis

1828 3307 2123 3363 ascendere
2162 3309 2214 3363 in
2258 3310 2585 3377 Jerusalem;
2614 3326 2739 3368 ecce
2786 3312 2869 3366 Dii
2914 3312 2995 3366 tui
3044 3312 3233 3376 Israel,
3265 3311 3353 3379 qui
3388 3319 3441 3365 te

1828 3382 2129 3455 eduxerunt
2158 3399 2225 3453 de
2250 3410 2390 3454 terra
2415 3401 2657 3472 Egypti.
2689 3402 2786 3456 Hie
2807 3402 3095 3457 Jeroboam
3121 3403 3362 3470 regnavit
3388 3402 3438 3454 in

1829 3492 2072 3547 Samaria
2114 3494 2269 3548 annis
2320 3509 2499 3549 xxxiv.
2536 3503 2592 3549 et
2631 3495 2729 3549 fuit
2777 3496 2974 3549 scisma
3022 3495 3164 3547 inter
3198 3495 3439 3547 lioboam

1830 3584 1999 3637 lilium
2044 3582 2371 3648 Salomonis,
2419 3593 2471 3638 et
2518 3583 2810 3639 Jeroboam
2862 3585 3030 3638 ﬁlium
3090 3582 3319 3647 Nabatli,
3384 3592 3440 3638 et

1828 3674 2089 3741 praelium
2115 3683 2231 3727 erat
2264 3674 2401 3728 inter
2430 3688 2521 3728 eos
2551 3674 2805 3729 omnibus
2838 3674 3029 3728 diebus
3058 3672 3196 3728 vitae
3225 3688 3439 3741 eorum,

1828 3766 1987 3822 sicuti
2016 3780 2157 3822 nunc
2188 3768 2326 3822 inter
2350 3781 2513 3822 veros
2542 3766 2885 3823 Christianos
2922 3776 2977 3823 et
3000 3766 3167 3821 falsos
3201 3766 3441 3821 Catholi-

1829 3873 1945 3912 cos.
1992 3858 2088 3913 llic
2119 3857 2407 3913 Jeroboam
2452 3860 2639 3928 genuit
2686 3858 2873 3913 Nadab
2902 3874 2965 3913 ex
3008 3871 3175 3913 ux0re
3222 3859 3442 3914 nomine

1828 3952 2013 4014 Anna;
2044 3959 2099 4004 et
2128 3950 2372 4018 regnavit
2411 3953 2569 4005 annis
2598 3950 2830 4005 duobus.
2881 3951 3152 4005 Successit
3184 3950 3350 4004 Basaa
3382 3951 3443 4003 li-

1829 4038 1933 4095 lius
1960 4041 2151 4104 Achia,
2184 4051 2236 4095 et
2269 4042 2513 4111 regnavit
2552 4044 2707 4097 annis
2739 4058 2885 4097 xXIv.
2916 4042 3045 4097 Post
3083 4044 3224 4097 hunc
3254 4043 3346 4096 Eia
3382 4044 3443 4096 ﬁ~

1832 4133 1937 4187 lius
1967 4134 2100 4187 Basa
2141 4135 2389 4204 regnavit
2424 4136 2581 4191 annis
2610 4135 2844 4190 duobus.
2890 4136 3019 4191 Post
3066 4135 3163 4190 Eia
3201 4136 3443 4206 regnavit

1830 4228 1869 4282 Ζ
1889 4227 2043 4283 «ωδε-ἰ
2073 4229 2231 4283 annis
2263 4244 2409 4282 xvm.
2442 4242 2563 4283 cum
2597 4228 2858 4284 Thameni
2886 4229 3043 4283 annis
3069 4243 3188 4296 sex,
3216 4237 3269 4283 et
3296 4228 3445 4283 solus

1830 4322 1985 4373 annis
2008 4334 2101 4372 xu.
2134 4320 2252 4388 Ipse
2282 4328 2367 4374 est
2394 4320 2631 4389 Zambri,
2662 4320 2753 4389 qui
2785 4320 2974 4390 genuit
2994 4318 3200 4383 Achab,
3232 4320 3321 4387 qui
3350 4320 3445 4375 ha-

1834 4410 1947 4464 buit
1997 4411 2250 4465 Hiezahel
2286 4410 2450 4465 filiam
2499 4411 2631 4466 Elan
2673 4412 2817 4479 regis
2867 4410 3291 4466 Sidoniensium.
3343 4411 3443 4467 Hie

1834 4502 2019 4557 Achab
2052 4504 2298 4572 regnavit
2327 4505 2483 4558 annis
2514 4519 2623 4558 χιι.
2658 4514 2712 4557 et
2736 4503 2921 4572 genuit
2950 4502 3241 4557 Ochoziam
3272 4511 3326 4557 et
3351 4517 3439 4559 re-

1832 4594 2014 4659 gnavit
2037 4594 2193 4647 annis
2216 4593 2454 4659 duobus;
2480 4604 2533 4648 et
2555 4595 2694 4648 allus
2721 4593 2863 4648 ﬁlius
2885 4593 3073 4648 Achab
3094 4594 3313 4649 nomine
3341 4594 3438 4649 Jo-

1836 4698 1950 4737 ram
1974 4693 2076 4737 etc.
2108 4685 2353 4753 regnavit
2378 4686 2535 4739 annis
2561 4698 2653 4738 xu.
2689 4685 2817 4739 l’ost
2850 4685 2993 4739 hunc
3029 4684 3276 4754 regnavit
3306 4682 3444 4739 llieu

1840 4776 1983 4829 lilius
2014 4776 2269 4829 Manuase
2298 4778 2456 4831 annis
2484 4793 2673 4831 xxvm.
2701 4778 2852 4831 Tunc
2880 4777 3137 4832 Josebcth
3164 4778 3271 4831 ﬁlia
3306 4780 3448 4847 regis

1836 4867 2008 4921 Judae
2041 4868 2177 4921 idest
2204 4865 2309 4921 ﬁlia
2338 4866 2502 4921 Joran
2526 4882 2683 4922 soror
2710 4868 2981 4923 Ochoziae
3009 4867 3293 4923 abscondit
3317 4868 3411 4923 ἆορ
3433 4903 3448 4922 .

1839 4962 2006 5015 tilium
2049 4962 2166 5015 frat.
2186 4964 2231 5015 is
2276 4965 2357 5014 sui
2390 4961 2663 5016 Ochoziae
2704 4963 2848 5031 regis
2876 4960 3050 5017 Judae
3090 4976 3119 5015 a
3170 4960 3309 5016 facie
3350 4960 3377 5016 J
3403 4977 3448 5016 ,ιι

1839 5055 1996 5109 anuis
2036 5067 2160 5108 octo
2192 5056 2243 5108 in
2268 5054 2429 5108 domo
2462 5054 2673 5108 Domini
2707 5055 2809 5110 sub
2840 5054 2957 5108 Aod
2998 5051 3315 5119 sacerdote;
3349 5053 3448 5108 sub

1838 5150 1956 5217 ipso
1988 5149 2086 5203 Jeu
2120 5148 2284 5202 Azael
2316 5163 2409 5203 rex
2437 5147 2630 5217 Syriae
2661 5147 2878 5216 reliquit
2906 5142 2981 5203 de
3015 5146 3256 5201 exercitu
3286 5145 3451 5200 isra..

1840 5236 2226 5308 quinquaginta
2278 5238 2509 5306 equites,
2550 5236 2680 5294 decc
2769 5251 2960 5292 curros
3010 5245 3066 5293 et
3113 5236 3261 5291 mille
3304 5236 3450 5290 viros

1840 5330 2137 5384 secundum
2171 5330 2368 5384 Etisaei
2401 5329 2761 5401 prophetiam.
2791 5329 2923 5385 lluie
2944 5328 3043 5384 Jeu
3074 5328 3338 5384 successit
3365 5326 3452 5382 Jo-

1842 5422 1974 5476 chas
2008 5423 2148 5478 filius
2175 5424 2315 5489 ejus,
2347 5433 2401 5478 et
2428 5426 2677 5495 regnavit
2706 5424 2863 5478 annis
2886 5438 3016 5477 xvn.
3047 5422 3113 5476 Et
3137 5421 3333 5477 Jochas
3360 5434 3452 5490 ge-

1842 5515 1959 5568 nuit
1989 5514 2116 5567 .loas
2137 5524 2187 5568 et
2208 5516 2451 5585 regnavit
2473 5515 2633 5571 annis
2654 5532 2765 5569 xvi.
2782 5516 2909 5571 Joas
2934 5514 3118 5585 genuit
3138 5512 3450 5577 Jeroboam,

1844 5614 1900 5662 et
1943 5605 2190 5675 regnavit
2230 5605 2388 5659 annis
2428 5621 2523 5662 xu.
2556 5605 2818 5662 Jeroboas
2860 5606 3047 5676 genuit
3077 5603 3449 5671 Zacchariam,

1843 5707 1901 5753 et
1929 5698 2171 5768 regnavit
2201 5712 2415 5754 menses
2454 5712 2572 5756 sex.
2619 5700 2748 5755 Post
2779 5700 2928 5754 hunc
2972 5696 3219 5767 regnavit
3251 5695 3452 5752 Sellem

1847 5792 1986 5845 filius
2016 5789 2199 5846 Narmi
2238 5805 2483 5847 mensem
2516 5808 2704 5848 unum.
2738 5792 2869 5848 Post
2904 5792 3049 5847 hunc
3085 5790 3270 5845 Maneo
3310 5788 3454 5843 filius

1846 5882 2020 5940 Gaddi
2053 5883 2296 5955 regnavit
2328 5884 2484 5944 annis
2520 5901 2575 5943 x.
2617 5883 2715 5941 llic
2744 5884 2932 5943 Maneo
2958 5883 3144 5958 genuit
3186 5879 3368 5951 Facit,
3400 5888 3455 5939 et
