4504 6408
811 401 921 462 813

2059 368 2357 432 ANONYIII
2397 365 2739 428 AUCTORIS

3962 362 4068 420 δη

810 509 1050 582 regnavit
1090 506 1246 563 annis
1287 501 1515 561 duobus.
1562 497 1697 554 Iluic
1740 491 2000 550 successit
2038 487 2210 543 Facee
2245 485 2384 540 iilius
2413 481 2464 539 A
2492 481 2706 582 pientis
2723 481 2948 538 vertitur
2977 487 3032 536 ut
3056 487 3398 552 cumputetur
3420 492 3515 551 per
3542 492 3662 536 eras
3691 491 3887 536 nomen
3919 477 4067 532 illius

811 579 1104 666 Romeliae,
1151 606 1206 654 et
1256 592 1497 663 regnavit
1545 588 1699 643 annis
1752 598 1886 638 xxn.
1937 579 2151 636 conlato
2199 579 2376 666 autem

811 692 968 748 libro.
1015 730 1030 745 .
1073 665 1093 744 ,ν
1134 727 1150 744 .
1192 725 1209 741 .
1252 725 1266 739 .
1308 723 1325 738 .
1367 725 1384 738 .
1414 698 1475 735 ru
1506 681 1778 734 inventum
1817 682 1901 729 est
1928 670 2068 742 quod
2119 665 2378 737 tempori-

809 752 1109 836 busFacee
1140 775 1232 831 Iilii
1278 768 1550 826 Romeliae
1593 764 1836 820 ascendit
1868 759 2250 831 Teglal'ellasar
2283 771 2378 811 rex

811 868 1174 942 Assyriorum,
1204 870 1258 918 et
1285 857 1555 915 transtulit
1586 856 1729 912 tribu
1757 853 1870 910 Gad
1904 858 1960 908 et
1993 849 2212 942 dimidia
2242 845 2378 902 tribu

813 941 1054 1017 Manasse
1073 969 1239 1025 usque
1263 953 1330 1009 ad
1355 950 1612 1008 terminos
1639 946 1867 1017 Neptali,
1903 953 1960 1000 et
1987 941 2248 1012 diSperdit
2285 953 2379 994 eos

812 1049 865 1105 In
907 1057 1126 1102 terram.
1165 1082 1181 1099 .
1231 1082 1247 1098 .
1290 1080 1305 1097 .
1350 1081 1365 1097 .
1407 1079 1426 1097 .
1467 1079 1482 1095 .
1526 1077 1539 1095 .
1582 1077 1597 1092 .
1640 1076 1658 1095 .
1701 1075 1717 1091 .
1760 1037 1931 1091 ﬁlium
1975 1031 2246 1089 Romeliae
2292 1043 2375 1084 re-

810 1139 987 1210 gnavit
1012 1136 1184 1192 Oscae
1221 1133 1372 1188 annis
1407 1146 1537 1187 vnn.
1579 1129 1733 1184 IIunc
1777 1127 2144 1182 hnmiliaverat
2174 1121 2379 1179 Salma-

811 1243 970 1283 narar
989 1242 1080 1282 rex
1104 1224 1465 1296 Assyriorum,
1486 1231 1543 1278 et
1569 1220 1664 1275 l’uit
1687 1220 1732 1276 ei
1763 1218 1992 1273 oﬂ‘erens
2019 1227 2257 1269 munera.
2302 1251 2314 1266 .
2359 1248 2375 1264 .

810 1335 902 1375 an.
946 1335 1000 1373 v.
1041 1318 1192 1373 Tunc
1219 1324 1508 1385 conpertus
1541 1322 1624 1368 est
1660 1311 2000 1367 Salmanasar
2040 1308 2212 1375 ipsum
2239 1304 2378 1358 Osee

811 1410 1106 1476 mittentem
1153 1408 1222 1461 ad
1261 1405 1569 1475 Egyptnm,
1603 1409 1656 1456 et
1697 1409 1967 1468 parantem
1999 1397 2045 1453 ei
2079 1395 2314 1450 insidias.
2360 1431 2375 1447 .

873 1542 889 1558 .
932 1540 948 1558 .
990 1539 1005 1556 .
1033 1511 1224 1557 octavo
1253 1513 1395 1553 anno
1417 1496 1562 1564 regni
1590 1494 1706 1562 ejus
1728 1493 1904 1546 vinxit
1927 1505 2049 1545 eum
2077 1496 2130 1543 et
2160 1485 2303 1540 misit
2323 1486 2375 1540 in

813 1606 1110 1656 carcerem;
1140 1591 1191 1644 in
1223 1601 1363 1645 nono
1391 1599 1531 1640 anno
1556 1580 1948 1649 transmigravit
1980 1593 2099 1634 eum
2132 1591 2249 1630 cum
2282 1589 2378 1643 po-

812 1680 939 1753 pulo
960 1679 1122 1734 Israel
1147 1678 1212 1731 ad
1247 1676 1440 1731 ﬂumen
1473 1673 1648 1729 Cozae
1670 1672 1724 1726 in
1752 1670 2054 1725 civitatibus
2081 1668 2374 1727 Medorum,

2484 573 2573 643 qui
2603 572 2800 627 dicitur

3095 659 3466 716 Antichristus

2434 791 2444 798 ο
2484 766 2521 806 Ι.
2560 767 2671 807 XIII.
2725 767 2870 808 XVIII.
2909 767 3044 807 VIIII.
3096 767 3176 806 III.
3222 767 3352 807 XVII.
3385 766 3496 805 νιιι.
3529 764 3662 804 VIIII.
3710 763 3840 803 ινιι.
3880 764 3972 802 ΣΧ.
4014 754 4066 802 ει

2485 857 2656 902 xvtnt.
2699 885 2712 900 .
2757 883 2772 897 .
2816 884 2830 898 .
2872 880 2888 896 .
2933 882 2949 898 .
2980 842 3265 911 desumpta
3302 843 3474 897 sexis.
3514 879 3531 896 .
3578 839 3631 895 Iit
3669 852 3928 894 numerus
3954 837 4064 893 col-

2485 932 2657 990 Ieelua
2685 942 2984 991 sescentum
3010 948 3142 987 LIIII.
3169 931 3271 986 hoc
3290 931 3378 1001 qui
3409 933 3694 988 intersunt.
3739 970 3753 984 .
3801 966 3818 990 .

2486 1028 2708 1096 nomine
2754 1024 3108 1089 Antichristi;
3154 1038 3274 1078 nam
3327 1034 3381 1079 et
3435 1024 3488 1078 in
3545 1022 3770 1100 secretis
3815 1019 4063 1089 legimus,

2481 1116 2646 1186 quod.
2689 1153 2706 1169 .
2749 1153 2764 1168 .
2807 1153 2822 1168 .
2866 1153 2881 1169 .
2909 1123 3014 1169 tus.
3057 1151 3073 1166 .
3120 1150 3135 1166 .
3178 1153 3193 1168 .
3238 1152 3254 1170 .
3298 1112 3567 1169 .Neronis
3587 1107 3640 1169 et
3658 1110 4065 1167 diciturcivitas

2481 1204 2536 1260 in
2556 1205 2938 1262 oecidenteub'
2965 1205 3140 1262 adhuc
3162 1213 3374 1261 tenetur
3401 1203 3532 1258 incl.
3576 1241 3592 1257 .
3634 1239 3651 1256 .
3691 1240 3709 1256 .
3746 1236 3764 1253 .
3807 1239 3822 1254 .
3865 1235 3883 1253 .
3927 1237 3945 1254 .
3985 1238 4002 1254 .
4046 1236 4061 1252 .

2482 1298 2698 1368 quibus.
2747 1337 2763 1354 .
2808 1337 2822 1353 .
2866 1339 2880 1353 .
2931 1337 2944 1353 .
2972 1299 3146 1355 stellis
3184 1297 3398 1369 quando
3440 1297 3619 1351 veniet
3673 1293 4064 1350 Antichristus.

2480 1387 2632 1445 Nunc
2660 1398 2836 1444 autem
2885 1390 3061 1444 multi.
3109 1427 3123 1442 .
3166 1427 3182 1443 .
3225 1427 3241 1444 .
3285 1426 3300 1443 .
3346 1427 3360 1444 .
3387 1387 3492 1443 acti
3515 1393 3658 1442 sunt.
3705 1426 3719 1443 .
3761 1424 3778 1441 .
3821 1425 3836 1439 .
3883 1423 3898 1438 .
3943 1423 3958 1438 .
3999 1399 4062 1440 ex

2481 1479 2635 1534 nobis
2657 1495 2709 1534 n.
2753 1518 2769 1534 .
2812 1519 2825 1533 .
2871 1519 2886 1535 .
2928 1517 2942 1533 .
2987 1518 3001 1532 .
3033 1478 3261 1534 fuissent
3290 1487 3345 1533 et
3387 1477 3542 1532 nobis
3575 1475 3853 1530 nobiseum
3878 1475 4067 1542 utique

2481 1569 2924 1637 permansissent.
2956 1569 3035 1624 Ah
3067 1569 3185 1637 ipso
3209 1567 3438 1623 Nerone.
3483 1606 3498 1621 .
3545 1605 3558 1620 .
3591 1566 3718 1620 anui
3762 1578 3946 1620 uxtu.
3978 1563 4066 1617 hic

2481 1660 2685 1730 pseudo
2731 1661 3006 1729 apostolus
3063 1661 3153 1730 qui
3209 1659 3478 1715 secundus
3530 1657 3714 1713 extitit
3767 1656 4066 1712 acerrimus

813 1747 833 1831 ξ
874 1811 890 1827 .
932 1809 946 1824 .
991 1807 1007 1824 .
1049 1806 1065 1824 .
1095 1778 1148 1826 et
1177 1769 1426 1837 dispersit
1451 1781 1544 1822 eos
1571 1766 1697 1822 illic.
1732 1765 1844 1818 Hoc
1868 1762 2042 1834 primo
2068 1775 2206 1815 anno
2229 1758 2373 1828 regni
2409 1832 2448 1837 _
2479 1748 2906 1805 Christianorum
2942 1750 3256 1806 debellator.
3303 1789 3320 1804 .
3363 1789 3377 1806 .
3419 1786 3436 1805 .
3481 1785 3496 1804 .
3541 1786 3558 1804 .
3602 1789 3618 1805 .
3662 1787 3678 1804 .
3723 1785 3737 1800 .
3781 1786 3796 1802 .
3841 1786 3857 1801 .
3901 1788 3916 1802 .
3965 1747 4068 1803 Ne-

812 1861 990 1918 Acha;
1015 1860 1210 1915 factum
1241 1832 1322 1914 θέε
1351 1860 1491 1930 regis
1518 1857 1736 1923 Judeac,
1771 1832 1880 1909 ιιιηί
1919 1861 1973 1909 ει
2009 1853 2207 1907 Tobias
2234 1863 2371 1905 cum,
2408 1832 2457 1892 Β
2485 1841 2632 1896 renis
2667 1850 2722 1895 et
2751 1841 2926 1910 portio
2954 1841 3202 1910 episeOpi
3249 1841 3460 1897 scilicet
3495 1855 3643 1896 cun.
3686 1878 3703 1894 .
3725 1878 3763 1930 7.
3807 1878 3822 1893 .
3869 1878 3883 1893 .
3929 1877 3944 1892 .
3992 1877 4006 1892 .
4051 1876 4066 1893 .

816 1986 832 2004 .
874 1988 889 2004 .
935 1988 951 2003 .
994 1988 1008 2003 .
1054 1987 1070 2003 .
1113 1988 1127 2003 .
1170 1987 1186 2002 .
1231 1988 1247 2003 .
1291 1986 1308 2002 .
1349 1987 1364 2002 .
1409 1928 1429 2001 ζ
1469 1987 1484 2001 .
1527 1948 1662 2001 .[iic
1685 1946 2025 2001 Salmanasar
2045 1943 2227 2012 genuit
2249 1940 2382 1994 Sen-
2490 1967 2504 1982 -
2549 1967 2566 1985 ο
2611 1973 2625 1983 ο
2668 1967 2684 1984 ο
2728 1969 2742 1983 ο
2787 1968 2804 1984 ο
2845 1967 2860 1986 ο
2908 1969 2920 1982 ι
2958 1946 3155 1984 xxvtn.
3195 1945 3372 2001 neque
3405 1928 3521 2000 ipse
3560 1929 3857 1985 inmodicus
3889 1943 4071 1998 perseo

813 2037 1096 2103 nacherib;
1125 2038 1241 2107 ipse
1274 2045 1359 2093 e~t
1392 2052 1421 2090 a
1454 2051 1558 2106 quo
1589 2044 1744 2090 nocte
1787 2049 1891 2089 una
1929 2032 2123 2088 occidit
2169 2029 2386 2099 angelus
2486 2032 2639 2078 cutor
2667 2022 2923 2092 evangelii
2969 2030 3228 2091 tempore.
3271 2059 3289 2077 .
3332 2060 3347 2075 .
3392 2059 3407 2075 .
3450 2059 3468 2077 .
3513 2059 3526 2074 .
3573 2059 3589 2075 .
3631 2060 3647 2077 .
3685 2021 3840 2092 cujus
3881 2034 4068 2090 perse-

819 2127 1031 2182 Domini
1058 2128 1297 2181 vivorum
1327 2134 1539 2182 centum
1570 2134 1623 2181 et
1660 2123 1958 2192 octuaginta
1987 2123 2222 2190 quinque
2262 2119 2385 2173 mil-
2487 2111 2705 2168 cutione
2743 2111 3008 2182 plurimos
3049 2113 3340 2184 prephetas
3381 2112 3522 2182 passi
3559 2120 3706 2178 sunt,
3730 2126 3887 2182 quos.
3933 2149 3948 2164 .
3990 2147 4008 2164 .
4055 2148 4071 2164 .

818 2217 886 2273 lia
919 2220 1058 2274 inter
1080 2220 1440 2287 captivitatem
1469 2217 1762 2282 Samariae,
1804 2196 2106 2279 ini'ANineVe,
2142 2221 2197 2269 et
2234 2211 2392 2267 Jeru-
2485 2200 2597 2271 εὀτ

2293 2226 2392 2265 ἱι-ιι.
2485 2200 2748 2271 gloriosos
2776 2201 2829 2254 in
2857 2200 3010 2256 orbe.
3052 2240 3069 2258 .
3112 2241 3126 2257 .
3171 2238 3188 2256 .
3230 2239 3245 2256 .
3291 2240 3305 2255 .
3352 2241 3367 2255 .
3408 2240 3422 2256 .
3468 2239 3483 2258 .
3527 2240 3540 2253 .
3566 2200 3842 2269 presidere
3865 2200 4072 2269 ab’pso

813 2310 979 2364 salem
1009 2309 1061 2364 in
1084 2308 1431 2378 Babyloniam
1456 2309 1580 2362 anni
1615 2317 1736 2361 sunt
1765 2321 1938 2361 chtv.
1971 2320 2141 2360 mens.
2172 2318 2245 2357 vt.
2271 2302 2386 2357 dies
2490 2329 2506 2345 ο
2553 2328 2570 2344 ο

2295 2302 2386 2357 lies
2490 2289 4074 2350 ...................etestAthenis

813 2414 867 2453 x.
899 2399 1058 2454 ambo
1085 2398 1159 2453 ad
1181 2400 1540 2468 captivitatem
1567 2397 1728 2453 simul
1749 2397 2102 2468 indulgentias
2129 2408 2386 2466 pereepe-
2490 2380 2592 2435 ιοιι·

2294 2410 2386 2465 ρο-
2490 2379 2786 2437 tolerabilis
2816 2392 3130 2452 persecutor
3149 2381 3386 2438 Labiano
3407 2383 3664 2452 episcopo
3683 2382 3736 2436 in
3757 2381 3890 2436 urbe
3916 2395 4073 2449 praes

815 2497 962 2555 runt,
992 2497 1047 2545 et
1077 2505 1182 2544 uno
1209 2499 1447 2559 tempore
1478 2505 1574 2559 per
1617 2489 1847 2545 Exdram
1886 2494 1941 2545 et
1981 2487 2277 2544 Zorobahel
2319 2486 2386 2542 ad
2483 2472 2594 2528 εἶδε

2319 2486 2386 2542 ad
2483 2472 2717 2528 sidente.
2763 2513 2778 2528 .
2819 2513 2836 2528 .
2883 2513 2897 2529 .
2929 2475 3138 2529 ruinam
3164 2474 3322 2528 aliam
3355 2474 3497 2542 plac.
3539 2513 3554 2528 .
3597 2511 3614 2527 .
3657 2510 3673 2529 .
3715 2512 3734 2529 .
3777 2509 3794 2527 .
3836 2511 3850 2525 .
3897 2511 3911 2525 .
3942 2471 4073 2528 Kar-

813 2594 966 2635 suam
1002 2589 1197 2636 terram
1228 2581 1619 2638 adscenderunt
1665 2581 1758 2636 illi.
1791 2581 2138 2637 Samarritani
2179 2593 2392 2635 manse-

815 2681 942 2726 runt
965 2671 1016 2725 in
1040 2671 1348 2740 captivitate
1370 2671 1569 2728 Nineve
1595 2671 1749 2728 annis
1780 2685 1913 2726 xxu.
1942 2680 1996 2726 et
2019 2671 2070 2724 hi
2092 2671 2305 2726 fuerunt
2335 2670 2390 2724 in

817 2759 1168 2832 Jerosolymis
1196 2763 1350 2817 annis
1381 2778 1508 2817 ιιι.
1533 2763 1747 2818 fuerunt
1773 2763 1824 2818 in
1854 2762 2146 2818 Babilonia.

891 2850 1191 2906 Redeamus
1238 2852 1305 2905 ad
1355 2852 1576 2908 Natham
1620 2852 1835 2908 fratrem
1882 2852 2204 2918 Salomonis,
2244 2853 2389 2910 unde

815 2941 984 2997 Maria
1013 2942 1269 3012 originem
1310 2935 1492 2997 trahit.
1528 2943 1622 3000 IIic
1661 2944 1884 2999 Natham
1916 2947 2098 3015 genuit
2129 2945 2384 3000 Ilatham.

815 3032 1064 3089 Mattham
1097 3043 1272 3089 autem
1304 3038 1486 3105 genuit
1536 3037 1722 3093 Euam.
1771 3038 1882 3092 Eua
1919 3040 2102 3108 genuit
2138 3037 2386 3093 Eliacim.

818 3123 1042 3178 Eliaeim
1076 3126 1264 3194 genuit
1305 3127 1506 3182 Iuram.
1539 3129 1692 3183 Joras
1721 3137 1897 3184 autem
1927 3131 2113 3200 genuit
2153 3130 2383 3185 Josram.

815 3211 1023 3269 Josram
1051 3216 1229 3284 genuit
1259 3216 1470 3272 Juulam.
1499 3217 1661 3275 Judas
1686 3221 1868 3289 genuit
1895 3221 2134 3275 Simeon.
2163 3220 2382 3278 Simeon

814 3305 997 3371 genuit
1031 3304 1181 3360 Levi.
1211 3305 1334 3362 Levi
1368 3311 1554 3377 genuit
1593 3310 1919 3366 Mathatiam.
1971 3312 2252 3367 Mathat‘as
2293 3328 2384 3382 go-

816 3393 930 3446 nult
959 3393 1159 3449 Joram.
1189 3395 1342 3452 Joras
1382 3399 1564 3467 genuit
1601 3397 1830 3454 Eliezer.
1880 3400 2089 3457 Eliezer
2117 3405 2320 3472 genuit.
2363 3441 2379 3459 .

818 3493 2381 3560 ....................genuitErcn,

815 3571 957 3626 Eren
986 3574 1167 3641 genuit
1189 3574 1400 3641 Eldam,
1431 3576 1609 3630 [Sidam
1632 3578 1816 3647 genuit
1841 3579 2068 3633 Chosam
2103 3580 2276 3636 ECIIOS
2296 3596 2388 3651 ge-

815 3664 932 3718 nuit
983 3663 1198 3721 Addim.
1243 3666 1435 3720 Addim
1479 3670 1658 3738 genuit
1705 3669 1918 3725 Melchi.
1965 3671 2154 3725 IIeIchi
2205 3675 2389 3742 genuit

812 3752 959 3808 Neri.
989 3754 1113 3809 Neri
1139 3757 1325 3826 genuit
1352 3757 1626 3814 Salathiel.
1657 3759 1920 3815 Salathiel
1943 3763 2120 3832 genuit
2153 3764 2390 3820 Zoroba-

812 3842 922 3909 bel,
968 3843 1264 3901 Zorobabel
1318 3849 1504 3916 genuit
1541 3848 1749 3904 Besam.
1807 3851 1937 3906 Desa
1985 3854 2168 3921 genuit
2210 3856 2382 3908 Anna.

811 3937 962 3991 Anna
995 3937 1179 4007 genu't
1207 3938 1418 3993 Iudam.
1464 3939 1596 3994 Iuda
1624 3942 1809 4010 genuit
1843 3942 2037 4005 Asecb.
2078 3944 2250 3998 Asecb
2291 3960 2387 4014 per

809 4025 971 4081 Sech.
1014 4065 1031 4082 .
1072 4065 1088 4083 .
1133 4066 1148 4080 .
1176 4029 1375 4083 Mesen.
1406 4029 1583 4086 Mesen
1613 4033 1797 4101 genuit
1817 4033 2098 4089 Mathathi.
2126 4036 2387 4092 Matltathi

810 4118 997 4188 genuit
1020 4118 1251 4191 Nahum.
1278 4117 1482 4174 Nahum
1501 4122 1685 4189 genuit
1709 4121 1852 4176 Jose.
1879 4121 2006 4178 lose
2031 4124 2216 4191 genuit
2241 4125 2386 4180 Gen-

810 4221 955 4263 nem.
979 4190 1215 4264 (fenuem
1239 4210 1441 4278 genuit.
1485 4249 1499 4264 .
1543 4249 1558 4265 .
1602 4249 1617 4266 .
1659 4249 1674 4265 .
1720 4249 1736 4267 .
1779 4247 1797 4267 .
1837 4251 1852 4268 .
1885 4190 2391 4284 Levi.iLevigenuIt

809 4299 1054 4354 Natham.
1087 4299 1310 4355 Natham
1341 4301 1525 4372 genuit
1561 4300 1666 4356 Eli.
1711 4303 1793 4356 Eli
1829 4306 2013 4373 genuit
2050 4304 2270 4376 Ioseph.
2296 4307 2385 4362 Jo-

809 4391 940 4460 seph
969 4391 1233 4446 Joarhim.
1263 4392 1505 4448 Joacbim
1533 4404 1709 4450 autem
1743 4398 1933 4466 genuit
1972 4399 2214 4456 Mariam.
2259 4401 2385 4456 Ilaec

807 4481 1072 4535 estlllaria
1096 4482 1261 4538 Mater
1291 4482 1524 4551 Domini,
1572 4499 1634 4540 ex
1661 4502 1763 4557 qua
1804 4495 1961 4542 natus
2004 4497 2085 4544 est
2135 4489 2381 4545 Salvator

806 4587 948 4627 anno
978 4574 1380 4641 quadra..esimo
1412 4576 1584 4646 primo
1625 4579 1834 4648 imperii
1875 4582 2097 4651 Augusti
2144 4583 2375 4653 Impera~

809 4665 959 4720 toris.
994 4666 1303 4733 Supervixit
1330 4679 1504 4724 autem
1531 4672 1797 4740 Augustus
1818 4673 1886 4729 ab
1905 4690 2047 4730 anno
2077 4676 2128 4729 in
2157 4693 2259 4745 quo
2284 4692 2378 4732 na-

807 4764 890 4810 tu.
920 4766 1001 4813 est
1031 4758 1286 4815 Dominus
1317 4759 1562 4816 Christus
1599 4778 1765 4819 annos
1799 4781 1889 4819 xv.
1941 4767 2075 4823 lluic
2117 4770 2376 4824 sucerssit

805 4848 1053 4903 Tiberius
1077 4850 1255 4905 Caesar
1283 4852 1433 4918 cujus
1461 4867 1602 4908 anno
1640 4869 1747 4908 xvi.
1782 4869 1966 4922 passus
1997 4866 2079 4911 est
2123 4859 2376 4913 Dominus

805 4939 1051 4994 Christus
1073 4942 1219 4996 Anna
1249 4952 1301 4996 et
1329 4941 1527 5011 Caipha
1568 4945 1956 5001 sacerdmibus.
2003 4947 2103 5004 IIic
2132 4948 2372 5004 conclusi

805 5033 932 5079 sunt
958 5025 1086 5078 anui
1112 5026 1382 5096 quingenti
1415 5043 1586 5082 txuv.
1621 5029 1752 5083 inibi
1780 5031 2018 5087 Cassius.

804 5117 994 5172 Gziniel
1021 5132 1185 5184 usque
1201 5119 1264 5173 ad
1291 5121 1588 5188 passionem
1613 5121 1816 5176 Domini
1845 5123 2009 5179 nostri
2031 5123 2193 5180 .Ihesu
2215 5125 2374 5180 Chri-

803 5209 961 5263 stiah
991 5209 1272 5264 undecimo
1311 5223 1450 5264 anno
1475 5211 1718 5267 Joaehim
1769 5215 1911 5284 regis
1951 5215 2090 5270 idem
2128 5231 2157 5271 a
2199 5219 2373 5287 primo

804 5315 947 5354 anno
973 5301 1299 5369 captivitatis
1340 5302 1666 5357 Hierusalem
1698 5312 1753 5359 et
1788 5307 2027 5362 Jeconite
2074 5307 2170 5361 filii
2199 5308 2314 5377 ejus
2340 5325 2371 5364 a

805 5392 1051 5459 passione
1082 5402 1262 5447 autem
1306 5391 1514 5447 Domini
1547 5410 1713 5465 usque
1735 5397 2109 5465 Aposmlorum
2142 5397 2284 5455 Petri
2317 5410 2370 5456 et

804 5481 951 5535 Pauli
979 5496 1149 5535 annos
1176 5485 1522 5551 “vnnpassi
1552 5485 1761 5540 Ner-oue
1789 5487 1890 5542 his.
1935 5525 1950 5540 .
1995 5525 2011 5541 .
2053 5527 2065 5540 .
2111 5525 2126 5541 .
2167 5525 2186 5544 .
2227 5528 2242 5544 .
2288 5529 2302 5544 .
2350 5531 2365 5545 .

807 5608 821 5622 .
867 5611 878 5624 .
923 5610 936 5624 .
972 5574 1140 5638 prima
1171 5573 1299 5628 haec
1342 5573 1440 5627 fuit
1472 5573 1803 5645 Neronisqne
1841 5579 2035 5633 iterum
2069 5579 2242 5634 futura
2271 5583 2370 5636 sub

804 5661 984 5716 Enoch
1010 5671 1063 5716 et
1093 5662 1131 5716 Il
1173 5663 1260 5716 l'a.
1298 5663 1392 5718 llic
1423 5665 1560 5718 Nero
1597 5666 1711 5733 ipse
1731 5677 1832 5733 est,
1862 5669 2012 5737 cujus
2035 5685 2223 5724 nomen
2253 5671 2365 5726 La-

803 5751 1010 5806 hanfus.
1057 5793 1070 5808 .
1114 5793 1126 5805 .
1176 5793 1186 5808 .
1234 5796 1244 5806 .
1277 5757 1738 5812 vueathsescenti
1761 5756 1943 5814 decem
1974 5761 2129 5816 sexis.
2166 5758 2208 5816 Il
2234 5777 2261 5816 c
2284 5776 2366 5816 sa-

2489 2566 2684 2635 taginis
2704 2567 2988 2638 episcopus
3019 2566 3139 2621 fuit.
3175 2566 3285 2622 Sub
3315 2566 3435 2635 ipso
3463 2566 3624 2622 Decio
3646 2566 3789 2636 passi
3818 2573 3942 2619 sunt
3968 2562 4076 2620 Ro-

2491 2670 2612 2709 mae
2652 2657 2990 2727 sempronius
3026 2655 3163 2712 .Iuli.
3208 2696 3224 2711 .
3268 2695 3282 2710 .
3317 2665 3469 2726 pater
3497 2656 3776 2711 Montanus
3808 2669 3983 2726 usque
4010 2655 4078 2712 ad

2492 2745 2832 2802 Valerianum
2862 2749 3018 2803 annis
3048 2759 3175 2805 sunt
3207 2763 3300 2805 vn.
3347 2788 3361 2804 .
3409 2788 3424 2805 .
3467 2791 3481 2805 .
3527 2788 3542 2803 .
3584 2788 3602 2804 .
3642 2787 3659 2806 .
3702 2789 3717 2804 .
3761 2789 3776 2805 .
3820 2789 3835 2804 .
3883 2788 3898 2804 .
3939 2786 3954 2803 .
4001 2788 4018 2804 .
4060 2787 4076 2804 .

2489 2845 2544 2892 et
2571 2835 3192 2909 KartagineCyprianus.
3221 2877 3235 2893 .
3281 2878 3294 2894 .
3339 2878 3355 2894 .
3401 2881 3413 2893 .
3461 2879 3476 2893 .
3519 2879 3533 2896 .
3580 2877 3596 2894 .
3639 2878 3654 2895 .
3701 2883 3718 2899 .
3760 2880 3775 2895 .
3820 2879 3835 2898 .
3881 2879 3896 2894 .
3941 2878 3955 2893 .
3999 2877 4015 2894 .
4061 2879 4076 2895 .

2488 2926 2866 2982 Maximianum
2897 2930 3022 2982 anui
3050 2939 3176 2983 sunt
3214 2945 3333 2983 va.
3370 2930 3475 2999 ipsi
3507 2937 3632 2984 sunt
3668 2929 3884 2999 septimi
3913 2928 4070 2986 Chri-

2489 3021 2785 3075 stianorum
2837 3021 3088 3075 acerrimi
3133 3029 3530 3090 persecutores.
3577 3056 3592 3075 .
3636 3060 3651 3074 .
3693 3059 3708 3075 .
3752 3059 3766 3072 .
3812 3059 3827 3074 .
3873 3057 3891 3074 .
3936 3061 3950 3075 .
3997 3061 4010 3074 .
4056 3058 4071 3074 .

2498 3147 2511 3163 .
2557 3149 2572 3164 .
2619 3148 2631 3164 .
2679 3149 2694 3164 .
2726 3109 2877 3164 urbis
2901 3119 2957 3165 et
2979 3113 3230 3165 ensurius
3258 3111 3602 3180 Karthaginis
3632 3110 3845 3173 Sirano,
3876 3121 3931 3166 et
3951 3110 4076 3166 Cas.

2493 3203 2677 3256 siauus
2703 3201 2918 3256 diaconi
2959 3202 3129 3256 urbis.
3173 3239 3187 3256 .
3233 3240 3248 3256 .
3293 3242 3306 3256 .
3340 3202 3536 3257 omelia
3575 3211 4076 3256 concremaverunt.

2491 3295 2572 3350 Ab
2604 3296 2737 3365 ipsis
2757 3307 2929 3362 usque
2958 3293 3023 3347 ad
3057 3293 3371 3348 Stiliconem
3412 3293 3604 3347 iterum
3635 3292 3908 3346 consulem
3950 3295 4076 3348 anni

2490 3394 2612 3440 sunt
2644 3396 2858 3440 centum
2900 3383 3029 3438 duo.
3069 3382 3192 3452 Ipso
3239 3383 3520 3438 consulatu
3569 3383 3715 3437 venit
3765 3385 4075 3451 persecutio

2493 3480 2780 3534 Donatistis
2813 3495 2882 3533 vi.
2933 3477 3051 3532 Kal.
3093 3477 3263 3533 Iulias
3294 3477 3416 3532 data
3448 3478 3622 3548 pridie
3662 3478 3932 3534 Kalendas
3971 3478 4075 3536 Fe-

2490 3572 2693 3627 bruarii
2725 3572 3031 3626 Rauennae.
3075 3609 3090 3625 .
3134 3609 3149 3624 .
3195 3608 3209 3624 .
3242 3585 3411 3640 usque
3436 3571 3503 3625 ad
3531 3584 3701 3624 annos
3727 3586 3899 3626 xxnn.
3934 3571 4077 3640 regis

2491 3663 2750 3720 Geiseriei
2776 3663 2902 3716 anni
2929 3662 3456 3731 suntquiuquaginta
3487 3671 3630 3716 octo.
3661 3660 3761 3716 IIic
3779 3671 3864 3716 est
3890 3677 4076 3718 nume-

2491 3769 2580 3809 rus
2610 3767 2891 3808 annorum.
2940 3791 2953 3808 .
2995 3789 3012 3804 .
3057 3790 3072 3806 .
3115 3789 3131 3807 .
3155 3751 3411 3807 Dominus
3431 3750 3678 3808 Christus
3700 3767 3887 3823 passus
3910 3769 4075 3823 usque

2489 3842 2556 3898 ad
2599 3858 2796 3898 annum
2831 3849 3193 3912 praesentem,
3241 3841 3385 3897 idest
3427 3841 3564 3897 sicut
3604 3857 3764 3913 supra
3812 3845 4074 3899 scrilitum

2489 3941 2573 3988 est
2609 3934 2738 3988 anni
2776 3940 2902 3989 sunt
2926 3932 3303 4003 quadringenti
3352 3933 3572 4003 triginta
3619 3941 3892 4005 quattuor.
3941 3936 4073 3992 Nam

2489 4031 2550 4079 ut
2579 4024 2783 4080 saeculi
2818 4038 2990 4079 annos
3016 4038 3112 4095 per
3137 4023 3384 4080 ordinem
3410 4023 3756 4079 decurramus
3802 4025 3956 4094 legis.
4001 4065 4015 4080 .
4055 4065 4072 4082 .

2493 4152 2509 4168 .
2553 4153 2568 4168 .
2614 4153 2629 4170 .
2674 4153 2688 4167 .
2732 4152 2748 4169 .
2791 4153 2806 4167 .
2850 4151 2867 4168 .
2910 4155 2925 4170 .
2969 4151 2985 4168 .
3026 4153 3042 4170 .
3086 4153 3102 4170 .
3147 4154 3162 4171 .
3204 4113 4070 4185 .AbAdamusqueaddiluvium

2492 4204 2617 4259 anni
2640 4212 2764 4259 sunt
2783 4204 3036 4259 duomilia
3068 4204 3320 4260 duoccnti
3345 4204 3697 4274 quadraginta
3719 4205 3846 4260 duo.
3875 4205 3955 4260 Ab
3979 4206 4070 4260 illo

2493 4308 2660 4362 usque
2689 4294 2756 4348 ad
2784 4297 3119 4349 vocationem
3150 4295 3397 4350 Abrahae
3433 4297 3559 4349 anni
3591 4306 3716 4350 sunt
3758 4297 3907 4352 mille
3937 4311 4068 4352 cen-

2493 4394 2603 4439 tum
2631 4387 2898 4451 octoginta
2924 4393 3063 4440 octo.
3086 4385 3132 4440 Α
3162 4385 3441 4441 vocatione
3474 4385 3720 4442 Abrahae
3767 4402 3937 4456 usque
3965 4402 4070 4456 quo

2495 4475 2589 4530 lilii
2620 4477 2780 4530 Israel
2819 4477 3131 4531 introissent
3162 4479 3214 4531 in
3243 4477 3531 4549 Emptum
3569 4494 3691 4534 cum
3722 4479 3888 4534 Jacob
3917 4490 4069 4550 patre

2486 4582 2584 4624 suo
2611 4569 2735 4622 anni
2766 4576 2889 4621 sunt
2914 4567 3126 4622 ducenti
3156 4567 3459 4636 ψιίηάοαηη
3492 4575 3546 4623 et
3574 4583 3696 4624 cum
3728 4570 3934 4639 Moyse.
3981 4610 3998 4627 .
4043 4610 4060 4627 .

2489 4697 2505 4716 .
2549 4698 2562 4712 .
2607 4697 2621 4714 .
2667 4697 2682 4713 .
2724 4696 2739 4711 .
2787 4696 2801 4711 .
2845 4695 2859 4712 .
2888 4657 3098 4728 judiccs
3120 4659 3200 4712 eis
3221 4666 3274 4712 et
3301 4665 3544 4712 erantex
3577 4658 3700 4712 ﬁliis
3729 4659 3889 4714 Israel
3914 4661 4066 4714 annis

2484 4752 2887 4822 quadringentis
2917 4750 3321 4820 quinquaginta.
3363 4749 3580 4806 Oll'enso
3621 4752 3730 4806 Deo
3764 4767 3883 4820 usq.
3929 4793 3944 4808 .
3990 4793 4004 4806 .
4049 4793 4062 4806 .

2488 4882 2501 4896 .
2549 4883 2562 4896 .
2608 4882 2624 4896 .
2654 4844 2967 4897 dicaverunt
2996 4856 3088 4897 eos
3111 4842 3441 4911 alienigenae
3471 4845 3627 4897 annis
3655 4853 3870 4900 centum
3898 4846 4064 4902 unde-

2485 4935 2608 4989 cim.
2652 4933 2824 5004 Reges
2853 4933 2931 4988 eis
2963 4932 3175 4987 fuerunt
3215 4934 3370 4987 annis
3391 4934 3702 5004 quingentis
3730 4937 3881 5004 quin.
3927 4973 3943 4991 .
3987 4977 4002 4991 .
4046 4975 4062 4990 .

2476 5041 2688 5082 menses
2737 5041 2829 5078 sex
2870 5023 2985 5078 dies
3025 5025 3230 5078 decem.
3280 5024 3335 5077 In
3378 5026 3686 5093 captivitate
3736 5026 4064 5097 Babyloniae

2476 5117 2688 5172 fuerunt
2724 5115 2882 5169 annis
2929 5115 3286 5184 septuaginta.
3347 5115 3776 5171 Ehdomadarum
3826 5117 4065 5174 Danielis

2476 5220 2677 5278 septem
2709 5211 2762 5263 in
2787 5209 2972 5278 quibus
2996 5217 3080 5261 est
3120 5206 3376 5275 templum
3415 5208 3507 5262 Dei
3549 5218 3908 5264 restauratum
3936 5213 4064 5268 anni

2477 5311 2600 5357 sunt
2636 5317 2842 5356 xcvtnt.
2881 5299 3565 5357 Aliarumehdomadarum
3613 5304 3889 5374 sexaginta
3935 5306 4064 5360 dua-

2483 5410 2624 5460 rum,
2661 5394 2933 5463 inquibus
2974 5391 3280 5446 sacerdotes
3318 5393 3498 5462 templi
3543 5394 3622 5449 eis
3651 5394 4063 5450 dominabantur

2479 5501 2648 5554 usque
2675 5487 2738 5538 ad
2763 5486 2957 5540 Christi
2987 5482 3200 5537 Domini
3246 5483 3578 5538 nativitatem
3609 5485 3733 5538 anni
3775 5496 3901 5540 sunt
3931 5500 4062 5556 qua-

2478 5576 2745 5644 dringenti
2770 5589 2944 5628 xxxiv.
2982 5575 3045 5628 Et
3069 5589 3096 5627 a
3130 5574 3406 5630 nativitate
3432 5576 3828 5645 Dominiusque
3854 5578 3922 5630 ad
3951 5577 4062 5646 ejus

2480 5669 2777 5738 passionem
2809 5668 2932 5721 anni
2965 5676 3090 5721 sunt
3118 5682 3266 5720 xxxi.
3303 5667 3366 5721 Et
3395 5681 3423 5721 a
3457 5669 3705 5736 passione
3741 5669 3953 5724 Domini
3979 5684 4060 5722 nso

2477 5777 2579 5827 que
2625 5760 2689 5814 ad
2735 5775 2929 5814 annum
2967 5759 3278 5828 vigesimum
3327 5772 3574 5828 quartum
3623 5763 3764 5828 regis
3801 5759 4061 5820 Geiseriei
