4504 6468
157 439 260 496 545

1243 431 1333 486 DE
1370 427 1702 487 COMPUN
1741 424 2083 484 PASCIIAIJ
2124 424 2253 481 LIB.
2298 420 2337 477 I.

3359 420 3466 477 διο

152 550 279 607 anni
295 559 421 606 sunt
442 547 817 619 quadringenti
850 560 1061 610 xxxtnt.
1098 542 1564 599 lt'ioutomnes'ah
1585 542 1755 598 Adam
1788 550 1839 606 Α
1939 538 2172 608 Expliclt
2218 537 2356 592 liber
2388 534 2799 605 Getiealugicue,
2835 536 2887 589 in
2920 550 3026 606 quo
3065 533 3289 605 praelati
3338 535 3465 591 anni

157 656 250 709 per
274 640 411 712 legis
431 640 677 696 ordinem
705 636 969 693 numerati
1000 650 1169 706 usque
1188 634 1253 688 atl
1278 649 1477 689 annum
1504 647 1759 703 praesen-

154 740 258 786 tem
287 730 415 786 anni
445 729 631 801 quing.
676 768 699 784 .
738 764 754 781 .
798 766 814 781 .
859 765 874 781 .
905 724 1161 796 nongenti
1181 724 1455 795 octoginta
1477 732 1757 793 quattuor.

1866 631 2759 688 conclusio...........

154 850 3417 883 Μὴ

1558 1160 2055 1241 LIBELLUS

934 1342 1115 1457 DE
1201 1340 1882 1458 COMPUTO
1962 1335 2708 1454 PASCHALI.

1394 1639 1739 1727 LIBER
1795 1635 2282 1720 PRIMUS.

233 1787 370 1843 Dum
406 1784 559 1841 me'ns
581 1783 793 1839 curiosa
826 1782 879 1837 in
904 1796 963 1837 re
993 1788 1103 1836 tam
1131 1773 1363 1851 graviori
1395 1789 1443 1833 et
1478 1772 1769 1831 admodum
1804 1771 1851 1831 B
1877 1770 2050 1824 cunda
2096 1767 2165 1824 ad
2217 1775 2379 1839 caput
2419 1768 2615 1824 iterum
2657 1767 2971 1825 revolvatur
2998 1811 3013 1836 ,
3057 1771 3199 1829 hunc
3236 1771 3478 1831 Lunares

162 1879 297 1933 satis
327 1876 549 1946 optabili
577 1875 897 1946 propensius
920 1871 1230 1941 desudaret,
1259 1877 1314 1926 et
1335 1868 1427 1923 diu
1459 1862 1766 1921 anhelando

162 1970 422 2025 lectitatis
476 1967 855 2038 perdurasset,
904 1963 994 2020 illa
1047 1961 1258 2019 scilicet
1304 1976 1424 2032 quas
1483 1959 1759 2014 hominem

159 2057 485 2114 mortalibus
518 2056 724 2127 laqueis
750 2061 1094 2124 occupatum,
1123 2051 1345 2121 jejttniis
1376 2065 1407 2104 a
1436 2048 1649 2105 delictis
1672 2062 1771 2102 ex-

160 2149 367 2219 piatum
400 2155 611 2217 purgat,
651 2155 705 2199 et
747 2145 1024 2198 beatorum
1064 2141 1234 2197 choro
1274 2138 1570 2203 consociat,
1594 2137 1769 2192 cocci-

162 2236 283 2293 neis
309 2234 531 2291 maculis
561 2240 620 2290 et
648 2233 827 2288 alieno
867 2232 1063 2286 rubore
1103 2243 1381 2299 aspersam
1432 2226 1771 2298 baptismatis

162 2329 405 2384 tunicam
456 2337 514 2381 ut
565 2326 743 2381 nivem
799 2322 1019 2379 exhibet
1065 2322 1407 2378 candidatum
1441 2331 1489 2387 ι,
1546 2319 1773 2391 suscipit

164 2421 334 2477 etiam
368 2420 421 2475 in
457 2418 578 2489 agni
610 2418 823 2487 nuptias
852 2415 1156 2471 veternosis
1197 2415 1433 2485 peccatis
1484 2412 1656 2468 bonus
1688 2424 1772 2468 tu-

164 2518 304 2577 met,
334 2506 392 2563 in
416 2508 583 2562 ruina!
606 2521 731 2562 casu
759 2504 1024 2575 dilapsum
1046 2503 1205 2575 erigit
1226 2502 1569 2559 sacerdotum
1598 2503 1774 2572 preci-

163 2598 269 2655 bus
304 2597 540 2654 recivum
568 2596 801 2651 Domino
831 2595 1087 2665 templum
1119 2603 1175 2650 et
1215 2593 1359 2650 subit
1398 2594 1580 2649 odium
1611 2593 1773 2648 mise-

163 2689 399 2746 rationis
429 2688 638 2759 l‘ulgore
663 2688 871 2755 micuit,
890 2686 1064 2757 adque
1092 2686 1334 2744 scientiae
1357 2687 1535 2741 lumen
1549 2684 1771 2751 eﬂ'uisit,

163 2789 224 2836 ut
253 2780 346 2837 illa
382 2794 504 2850 qum
534 2778 856 2834 videbantur
884 2777 1152 2848 quarenti
1181 2786 1237 2833 et
1278 2776 1608 2832 desideranti
1654 2775 1774 2846 qui-

166 2868 395 2927 busdam
417 2868 625 2925 nebulis
651 2868 934 2923 obscurata
961 2867 1297 2937 pateﬁerent,
1329 2866 1580 2921 universa
1606 2867 1655 2920 ei
1677 2864 1774 2919 de-

164 2969 482 3033 tegerentur
515 2959 749 3026 occulta,
790 2973 821 3013 a
863 2972 972 3029 quo
1000 2959 1221 3014 lunares
1249 2972 1442 3014 cursus
1473 2957 1525 3011 in
1555 2957 1773 3027 integro

168 3054 543 3120 llrmarentur,
573 3059 628 3106 et
654 3049 936 3120 paschales
965 3049 1151 3106 circuli
1182 3050 1284 3103 sibi
1316 3048 1548 3105 invicem
1577 3062 1777 3104 conso—

1873 1862 2122 1919 minutia
2147 1868 2471 1931 genuerunt,
2495 1874 2563 1916 eo
2588 1858 2730 1931 quod
2755 1862 2896 1917 inter
2914 1860 3200 1919 duodecim
3218 1878 3392 1922 annos
3424 1874 3482 1922 ut

1870 1953 2083 2024 integro
2123 1951 2405 2022 paschales
2451 1950 2575 2007 dies
2607 1950 2957 2018 pronuntiare
2980 1966 3263 2021 possemus
3289 1995 3304 2022 ,
3340 1958 3482 2009 assis

1870 2059 2013 2100 unus
2029 2045 2097 2100 de
2110 2043 2421 2099 accentibus
2448 2043 2619 2099 unciis
2648 2043 2932 2114 perspicre
2958 2044 3263 2101 invenietur
3282 2053 3481 2113 praeter

1870 2136 2022 2192 illum
2050 2149 2228 2190 assem
2253 2135 2506 2191 videlicet
2532 2134 2813 2201 feriarum,
2845 2136 2938 2205 qui
2961 2134 3101 2191 inter
3122 2150 3296 2191 annos
3320 2146 3475 2207 quat-

1874 2237 1997 2284 tuor
2024 2244 2120 2299 pro
2135 2227 2433 2283 bissextum
2462 2226 2762 2296 saepissime
2788 2226 3133 2298 snbrogatur.
3160 2227 3304 2298 Ergo
3325 2237 3478 2285 octo-

1873 2321 1991 2391 gies
2019 2329 2207 2390 quater
2238 2320 2430 2375 unciae
2458 2326 2643 2388 septus
2680 2326 2735 2389 et
2774 2319 2976 2388 septies
3020 2319 3481 2391 decusdipunilius

1876 2411 2077 2466 habeas
2102 2424 2271 2465 annos
2300 2408 2570 2479 octoginta
2600 2417 2873 2478 quattuor,
2906 2408 3101 2479 quibus
3125 2412 3481 2468 sanctissimas

1874 2516 2068 2557 inemo:
2084 2500 2167 2555 ine
2190 2500 2499 2570 Augustalis
2520 2512 2613 2555 sex
2628 2498 2695 2555 de
2716 2508 2925 2570 septem
2950 2499 3159 2556 assibus
3190 2502 3242 2555 in
3274 2500 3479 2557 ocdoa-

1875 2593 2034 2649 dibus
2073 2604 2129 2649 et
2153 2591 2518 2648 endecadibus
2554 2591 2667 2646 suis
2696 2606 2803 2647 non
2837 2592 3071 2661 propriis
3099 2592 3233 2647 locis
3254 2601 3308 2648 et
3337 2594 3482 2649 sedi-

1876 2684 1977 2740 bus
2026 2683 2340 2749 adnotavit;
2389 2697 2527 2753 quos
2575 2698 2673 2752 per
2723 2697 2897 2738 annos
2926 2682 3198 2754 octnginta
3227 2693 3484 2752 quattuor

1875 2775 2097 2831 annales
2122 2775 2293 2830 unciae
2322 2773 2667 2829 invenerunt.
2708 2772 2789 2828 0b
2811 2787 2972 2843 quam
3005 2788 3119 2829 rem
3155 2774 3208 2828 in
3236 2773 3482 2844 ejusdem

1877 2865 2097 2922 circulis
2146 2880 2301 2921 error
2327 2863 2655 2934 aliquotiens
2692 2864 2965 2919 invenitur
2988 2905 3003 2930 ,
3050 2863 3177 2919 dum
3209 2879 3477 2921 annorum

1880 2974 2111 3015 numero
2135 2999 2151 3026 ,
2182 2968 2235 3015 et
2264 2960 2653 3014 elementorum
2678 2957 2926 3013 cursibus
2960 2956 3216 3027 liquidius
3248 2972 3354 3012 non
3381 2958 3483 3012 ad.

1880 3051 2119 3106 tenditur
2137 3090 2153 3115 ,
2179 3050 2427 3119 quamvis
2460 3062 2598 3104 unus
2627 3049 2768 3103 assis
2794 3048 2863 3104 de
2891 3056 3099 3117 septem
3126 3047 3179 3103 in
3209 3046 3482 3118 octoginta

162 3152 364 3200 nantes
395 3158 519 3199 cum
548 3141 826 3198 lunaribus
850 3141 1028 3209 annis,
1060 3148 1115 3197 et
1140 3140 1582 3197 embolismorom
1608 3140 1775 3195 titulis
1802 3130 1850 3195 C
1880 3150 2134 3215 quattuor
2152 3142 2307 3197 annis
2332 3155 2549 3212 semper
2562 3139 2864 3208 deducitur,
2880 3148 2933 3196 et
2948 3139 3188 3211 paschali
3210 3155 3484 3211 nunquam

161 3235 285 3292 sine
306 3235 421 3291 ullo
448 3248 636 3291 errore
667 3234 735 3290 ab
763 3234 1133 3306 ignorantibus
1164 3241 1537 3297 noscerentur,
1570 3233 1621 3287 in
1653 3233 1774 3303 qui-

162 3325 265 3381 bus
291 3324 657 3381 ocdoadarum
686 3333 743 3380 et
762 3322 1157 3379 endecadarum
1188 3324 1315 3377 anni
1344 3322 1421 3377 ita
1449 3322 1774 3392 investigati,

161 3414 346 3487 adque
374 3415 562 3471 divino
612 3423 742 3470 nutu
786 3413 1023 3471 conlecti"
1064 3413 1366 3485 signantur,
1421 3424 1479 3468 ut
1526 3413 1580 3468 in
1628 3414 1777 3468 nullo

163 3520 397 3575 prorsus
426 3504 679 3560 vacillare
719 3506 1060 3577 aliquatenus
1090 3506 1399 3560 videantur.
1425 3504 1629 3573 Quibus
1655 3519 1778 3572 pro-

168 3595 417 3651 videntia
447 3595 743 3651 conditoris
774 3604 919 3651 tanta
944 3583 1178 3650 titnla’tio
1204 3594 1380 3651 deﬁxa
1410 3595 1775 3666 cognoscitur,

162 3698 221 3743 ut
254 3689 312 3745 in
343 3704 489 3743 anno
521 3688 734 3743 decimo
763 3688 906 3758 regis
937 3685 1196 3743 Geiserici
1228 3694 1353 3743 anni
1376 3687 1782 3759 quadringenti-

162 3784 363 3855 viginti
395 3798 423 3835 a
457 3781 711 3853 passione
734 3780 1011 3836 Dominica
1043 3782 1094 3835 in
1121 3780 1295 3851 capite
1317 3780 1503 3851 prima:
1528 3779 1781 3836 ocdoadis

162 3872 604 3943 complerentur,
637 3880 690 3952 e_t
729 3871 855 3933 tale,
882 3878 994 3927 tam
1041 3870 1376 3935 indecorum,
1414 3885 1576 3941 quam
1625 3870 1783 3924 Citri-

159 3965 472 4019 stianorum
501 3962 777 4018 inventum
802 3973 880 4017 est
913 3961 1132 4032 pascha,
1152 3962 1313 4034 quale
1340 3972 1469 4017 tunc
1496 3976 1531 4016 ar
1556 3961 1781 4017 Domino

158 4073 289 4113 cum
320 4056 615 4127 Discipulis
646 4056 808 4111 luerit
837 4055 1192 4111 celebratum.
1220 4055 1419 4110 Passus
1443 4054 1649 4110 interea
1682 4069 1781 4125 pro

160 4150 323 4205 nobis
352 4148 552 4204 octabu
572 4147 832 4204 kalendas
862 4149 1097 4218 Aprilee,
1122 4148 1247 4203 luna
1268 4148 1632 4205 sextadecima
1654 4193 1669 4217 ,
1705 4149 1785 4204 le-

158 4244 243 4299 ria
286 4249 486 4308 sexta,
535 4248 591 4295 et
626 4241 919 4295 resurrexit
967 4255 997 4294 a
1043 4242 1272 4296 mortuis
1312 4249 1466 4297 sextu
1522 4240 1785 4297 kalendas

158 4334 392 4390 easdem
418 4374 433 4397 ,
468 4331 593 4386 luna
640 4331 1075 4403 duodevigesima
1103 4372 1119 4398 ,
1152 4331 1282 4387 feria
1312 4333 1484 4402 prima
1509 4371 1526 4399 ,
1556 4331 1696 4387 sicut
1728 4334 1783 4388 in

158 4441 309 4482 anno
332 4426 518 4496 primo
538 4423 726 4494 prima:
757 4422 1011 4477 ocdoadis
1033 4424 1217 4493 operis
1244 4422 1386 4492 cepti
1420 4422 1783 4492 proculdubio

1880 3231 2509 3302 omnino‘suppntationi
2557 3230 2910 3293 conceditur;
2954 3231 3239 3301 ipsumque
3280 3245 3483 3298 assem,

1883 3325 1983 3380 nisi
1999 3324 2179 3393 lalfor,
2210 3325 2489 3394 proprium
2510 3324 2563 3377 in
2591 3322 2839 3379 lunarem
2860 3337 3081 3378 cursum
3114 3337 3221 3379 non
3246 3324 3488 3379 intentus

1881 3414 2107 3472 immisit
2132 3458 2147 3484 ,
2176 3431 2336 3487 quem
2362 3416 2544 3487 potius
2571 3430 2735 3485 super
2764 3429 2993 3470 vacuum
3038 3414 3261 3485 integris
3302 3414 3489 3471 adser-

1885 3507 2121 3564 tionibus
2150 3506 2445 3564 declinavit
2478 3525 2492 3562 :
2525 3507 2643 3577 ipse
2667 3515 2786 3574 est,
2834 3508 2923 3578 qui
2954 3506 3237 3579 paschales
3267 3522 3487 3564 errores

1882 3598 2154 3670 gignendo
2184 3599 2517 3667 dinoscitur,
2552 3599 2696 3656 sicut
2722 3615 2988 3656 annorum
3017 3601 3160 3657 serie
3184 3602 3490 3669 conscripta

1886 3700 2237 3749 monstratur.
2283 3690 2354 3747 Ut
2384 3701 2567 3747 autem
2594 3696 2769 3762 ipsum
2801 3707 3010 3758 assem,
3036 3692 3129 3765 qui
3156 3692 3485 3758 excluditur,

1886 3786 2131 3840 mven're
2179 3785 2355 3853 possis
2393 3799 2421 3838 a
2454 3784 2611 3857 [forte
2635 3782 2760 3855 hac]
2800 3786 3183 3855 supputatione
3214 3786 3289 3840 uti
3322 3785 3491 3841 delle-

1886 3876 1991 3930 his.
2016 3875 2269 3945 Octogies
2297 3885 2490 3946 quater
2526 3876 2669 3931 enim
2709 3876 2937 3932 decus-is
2966 3878 3121 3933 uncia
3164 3876 3367 3932 faciunt
3394 3876 3493 3935 tibi

1887 3968 2004 4024 dies
2034 3977 2334 4038 nongentos
2364 3967 2582 4038 triginta
2623 3983 2821 4033 unum;
2870 3958 3456 4039 partiristrigesimum
3480 4008 3493 4030 .

1886 4060 2131 4116 invenies
2163 4062 2352 4116 triesas
2380 4077 2394 4091 ο
2442 4060 2542 4129 ipsi
2584 4069 2711 4115 sunt
2752 4060 2972 4131 triginta
3018 4071 3074 4115 et
3116 4076 3279 4115 unum
3310 4062 3496 4115 emitu-

1888 4152 2053 4218 lismi,
2076 4167 2212 4223 quos
2234 4151 2526 4207 laterculus
2555 4151 2733 4207 omnis
2766 4152 2968 4208 habere
2996 4152 3373 4222 cognoscitur;
3404 4167 3490 4207 re-

1890 4243 2081 4301 manet
2108 4258 2246 4299 unus
2276 4246 2415 4300 assis
2442 4244 2552 4309 ille,
2579 4244 2669 4313 qui
2704 4245 2755 4299 in
2790 4243 2897 4301 line
2925 4260 3193 4321 annorum
3224 4246 3497 4315 octoginta

1889 4345 2144 4405 quattuor
2164 4336 2229 4390 de
2253 4345 2463 4401 septem
2487 4348 2704 4405 semper
2722 4334 3029 4405 deducitur,
3057 4353 3239 4408 quem,
3264 4347 3323 4391 ut
3351 4338 3495 4392 (Ιίκὶ-

1891 4442 2009 4480 mus
2030 4440 2424 4495 supervacuum
2456 4426 2674 4482 lunares
2697 4428 2938 4483 minutim
2964 4437 3287 4499 genuerunt.
3316 4428 3497 4498 ipsum

159 4518 485 4589 aspectibus
529 4518 728 4571 nostris
772 4516 1025 4573 veridicis
1070 4517 1375 4591 ostenditur
1420 4515 1780 4572 documentis.
1816 4511 1866 4570 D
1892 4519 2051 4572 etiam
2081 4527 2136 4571 et
2178 4518 2443 4587 Agriustia
2485 4517 2602 4587 ejus
2632 4518 2907 4589 municipii
2941 4518 3373 4574 Titintidensium
3411 4535 3498 4575 re-

162 4613 255 4667 Est
281 4610 441 4667 enim
474 4623 646 4662 annus
669 4622 908 4678 praesens
931 4609 983 4662 in
1009 4607 1247 4663 ocdoada
1274 4609 1448 4678 prima
1476 4624 1507 4662 a
1533 4608 1785 4678 passione

164 4702 461 4759 Dominica
507 4700 1069 4770 quadringentesimus
1100 4699 1391 4772 vigesimus
1420 4708 1611 4755 sextus
1640 4715 1784 4753 anno

161 4790 553 4850 sextodecimo
569 4790 750 4860 Regis,
783 4790 1003 4845 secundi
1035 4806 1162 4847 vero
1185 4790 1371 4848 circuli
1402 4800 1563 4862 caput
1586 4807 1784 4846 annum

164 4886 337 4941 habet
364 4882 659 4945 consulatu
682 4881 973 4938 Theodosii
1003 4882 1190 4939 decem
1216 4892 1271 4938 et
1304 4884 1504 4952 septies
1530 4894 1584 4939 et
1614 4882 1782 4947 Festi,

165 4978 220 5033 in
252 4978 421 5047 cujus
454 4975 559 5030 line
580 4977 648 5029 ab
674 4974 906 5047 [Egypto
935 4975 1258 5032 exeuntibus
1282 4976 1407 5033 filiis
1435 4975 1601 5032 Israel
1633 4991 1785 5030 com-

168 5069 303 5139 pleti
353 5073 491 5121 sunt
525 5066 651 5119 anui
682 5066 789 5119 duo
821 5065 987 5120 millia
1017 5076 1235 5122 centum
1257 5107 1274 5134 ,
1306 5076 1359 5123 et
1391 5068 1681 5123 inventum
1708 5075 1794 5121 est

165 5160 377 5232 pascha
408 5198 426 5223 ,
456 5156 616 5225 quale
647 5158 699 5211 in
731 5156 966 5227 :Egypto
1008 5173 1036 5210 a
1068 5157 1315 5213 Patribus
1346 5159 1579 5229 primum
1618 5158 1794 5214 fuerat

166 5253 559 5315 immolatum;
589 5259 750 5320 atque
794 5265 935 5305 anno
958 5249 1331 5307 sextadecimo
1362 5250 1523 5322 itcgis
1551 5253 1793 5307 adnotati

169 5358 296 5404 sunt
327 5345 449 5401 duo
474 5342 639 5397 millia
665 5352 880 5398 centum
907 5343 1145 5400 sedecim
1177 5346 1230 5399 in
1268 5346 1533 5415 vigesimo
1560 5355 1613 5401 et
1638 5358 1795 5401 sexto

168 5444 383 5498 circulo
429 5452 575 5493 anno
602 5439 830 5507 Septimo
860 5439 1070 5494 decima
1101 5439 1342 5510 ejusdem
1385 5438 1570 5495 circuli
1596 5481 1610 5506 ,
1639 5439 1793 5509 cujus

170 5538 295 5591 anni
354 5532 707 5587 Dominicum
758 5531 956 5600 pascha
1004 5533 1177 5602 agitur
1228 5533 1471 5601 quintum
1521 5532 1791 5588 decimum

171 5626 457 5683 Kalendas
505 5623 703 5691 Majas,
738 5622 861 5676 luna
902 5623 1130 5693 septima
1163 5624 1394 5679 decima.
1429 5624 1535 5681 Sed
1568 5631 1627 5678 ut
1657 5639 1794 5679 unus

172 5722 311 5777 assis
353 5720 410 5772 in
467 5714 571 5769 hoe
619 5712 818 5767 circulo
866 5714 983 5783 plus
1029 5715 1356 5783 inveniatur,
1390 5724 1503 5771 eta
1532 5715 1656 5771 luna
1701 5728 1793 5770 se-

245 5866 271 5893 “
315 5855 539 5913 Sensus
571 5850 836 5905 turbatus.

1890 4611 2099 4680 giorum
2142 4612 2388 4667 scribens
2430 4610 2705 4664 ililariauo
2745 4612 2814 4666 de
2864 4610 3072 4667 ratione
3112 4613 3354 4683 paschali
3405 4628 3500 4683 per

1890 4702 2158 4771 scripulos
2184 4714 2305 4756 arte
2335 4701 2565 4772 quadam
2596 4700 2743 4757 volui
2798 4703 3091 4759 excludere
3117 4746 3133 4768 ,
3167 4704 3406 4759 innitens
3448 4704 3499 4757 in

1877 4808 2063 4847 annos
2090 4793 2333 4863 singulos
2365 4809 2471 4848 non
2506 4794 2757 4849 undecim
2790 4794 2910 4850 dies
2934 4804 2989 4850 et
3030 4794 3216 4851 uncias
3236 4838 3251 4862 ,
3286 4806 3369 4851 set
3400 4812 3502 4849 un-

1893 4884 2067 4939 decim
2096 4885 2212 4939 dies
2246 4885 2572 4940 seminncias
2595 4927 2609 4952 ,
2643 4885 2767 4941 dum
2808 4887 2939 4942 sein:
2964 4928 2979 4952 ,
3013 4887 3310 4958 scripulum
3344 4901 3503 4942 suum

1894 4977 2380 5043 semissemiuncia,
2414 4978 2533 5033 dua:
2560 4979 2709 5044 selae,
2747 4980 2925 5033 minus
2957 4978 3022 5034 ad
3050 4980 3263 5034 unciam
3292 4977 3504 5049 scripu-

1900 5067 1981 5121 los
2006 5068 2142 5121 duos
2164 5068 2496 5135 cincunsela,
2516 5069 2605 5138 qui
2641 5069 2843 5124 iaciunt
2867 5069 2918 5124 in
2951 5070 3223 5141 octoginta
3246 5080 3506 5142 quattuor

1897 5159 2054 5212 annis
2085 5159 2354 5229 scripulos
2403 5160 2665 5215 ducentos
2714 5172 2946 5231 quatuor
2994 5172 3197 5217 sestam
3246 5163 3339 5233 qui
3378 5170 3505 5217 sunt

1901 5252 2046 5308 hora:
2075 5263 2230 5319 octo,
2261 5252 2629 5323 semispuncta
2650 5296 2666 5319 ,
2699 5254 2915 5323 duoque
2940 5255 3133 5311 habeo.
3168 5255 3504 5311 Devidentur

1901 5344 2030 5399 loris
2054 5346 2305 5400 exclusae
2347 5345 2520 5401 Minus
2554 5362 2683 5417 ergo
2717 5347 2986 5402 habentur
3008 5346 3075 5402 ad
3108 5347 3325 5417 plenum
3359 5346 3506 5402 diem

1902 5440 1968 5494 de
1996 5439 2303 5507 septenario
2328 5454 2553 5493 numero
2581 5438 2976 5493 excludendum
3007 5440 3170 5494 horas
3196 5448 3303 5494 tres
3326 5480 3342 5504 ,
3373 5440 3509 5493 scri-

1904 5530 2087 5598 pulum
2110 5530 2380 5595 undeclm,
2418 5540 2611 5599 puncta
2644 5529 2867 5595 decem;
2906 5529 3028 5586 ideo
3054 5530 3237 5601 utique
3262 5529 3511 5599 aliquan-

1907 5634 1988 5679 tos
2019 5638 2188 5677 annos
2216 5629 2329 5676 suis
2370 5623 2777 5678 adsertiouibus
2818 5623 2869 5677 in
2908 5623 3120 5689 integro
3149 5621 3511 5676 determinare

1907 5716 2166 5785 nequivit.
2204 5714 2505 5773 Providens
2530 5716 2688 5785 igitur
2717 5717 2891 5785 ipsum
2922 5728 3097 5770 assem
3128 5712 3511 5769 declinandum
