4322 6456
917 345 1019 401 M‘l

2162 329 2464 387 ANUNYMI
2509 331 2847 389 AUCTORIS

4089 331 4185 387 518

917 453 1088 508 modis
1114 449 1364 505 omnibus
1387 461 1527 512 csse,
1556 443 1696 514 quod
1727 443 1770 498 si
1804 441 2114 512 Augustalis
2136 455 2252 508 sex,
2282 451 2338 496 ut
2365 440 2494 503 dixi,
2531 445 2575 498 A
2608 441 2771 497 fuisse
2794 483 2808 506 ,
2837 453 2890 496 et
2919 451 3109 512 quarta
3155 441 3241 497 die
3275 441 3414 511 quod
3445 448 3526 496 est
3555 442 3744 512 quinto
3767 441 4034 498 Kalendas
4057 445 4186 512 ejus

916 559 1067 599 asses
1094 544 1148 596 in
1173 541 1412 596 laterculi
1440 537 1692 591 membris
1710 536 1870 590 certis
1894 535 2132 588 numeris
2165 533 2496 593 immisisset,

919 635 1227 694 nullatenus
1251 633 1300 686 in
1327 629 1496 683 lunari
1525 608 1680 681 cursu
1705 637 1758 682 et
1789 625 2128 695 paschalibus
2143 629 2298 680 annis
2315 626 2499 678 vitium

919 725 1262 784 incurrisset,
1298 721 1490 788 quibus
1514 728 1903 787 exproventum
1934 719 2138 772 erroris
2159 718 2298 772 hunc
2328 731 2502 770 assem

920 815 972 868 in
1001 830 1098 867 suo
1131 813 1301 866 lunari
1325 825 1483 867 curso
1509 811 1776 878 superﬂue
1803 811 2228 872 variatimﬂisus
2256 819 2337 872 est
2353 825 2502 879 .przc-

919 919 1142 972 rogare;
1179 903 1374 957 minori
1405 911 1579 956 autem
1613 903 1880 956 elemento
1907 903 1956 956 in
1991 904 2151 958 tertio
2179 901 2378 955 circulo
2402 901 2499 954 tri-

918 991 1210 1063 gesimario
1256 1006 1397 1044 anno
1425 993 1685 1056 vigesimo
1719 1001 1912 1060 quarto
1942 991 2143 1045 lunaris
2171 989 2507 1044 concluditur

917 1097 1127 1136 cursus.
1160 1080 1429 1149 Competit
1472 1082 1634 1135 etiam
1678 1080 1762 1134 his
1802 1081 2018 1135 circulis
2043 1079 2384 1148 paschalibus
2414 1095 2508 1150 per

917 1189 1090 1230 annos
1120 1174 1392 1240 octoginta
1428 1181 1698 1241 quattuor,
1730 1171 1922 1239 quibus
1950 1171 2225 1238 explicitis
2257 1172 2321 1226 ad
2350 1183 2509 1239 caput

916 1264 1210 1318 reverteris
1242 1264 1354 1317 sive
1381 1262 1739 1316 inlunaribus
1767 1261 2049 1327 cancellis,
2074 1277 2166 1316 seu
2200 1263 2252 1315 in
2287 1263 2510 1331 pascha-

917 1355 1062 1409 libus
1097 1354 1271 1408 annis.
1305 1355 1542 1418 Quorum
1573 1367 1744 1406 annus
1793 1354 1954 1422 igitur
1977 1354 2239 1422 septimus
2266 1355 2510 1411 decimus

918 1461 1062 1500 anno
1090 1454 1250 1498 sexto
1275 1445 1486 1498 decimo
1521 1443 1712 1510 Regis;
1745 1443 1836 1497 sed
1863 1445 1912 1497 in
1948 1444 2140 1508 lunari,
2174 1452 2232 1499 ut
2257 1445 2506 1511 diximus,

916 1550 1077 1589 cursu
1109 1535 1250 1588 inter
1271 1549 1442 1586 annos
1479 1533 1760 1606 duodecim
1794 1547 1968 1587 assem
1996 1549 2160 1587 unum
2201 1536 2426 1590 inmittis
2456 1537 2508 1590 in

916 1626 1172 1695 primum,
1196 1625 1510 1687 secundum,
1540 1634 1592 1677 et
1619 1625 1829 1677 tertium
1857 1625 2150 1678 cauet-llum
2181 1641 2342 1694 super
2371 1626 2510 1695 quod

915 1716 1109 1770 aluerit
1139 1713 1366 1768 Kalend.
1413 1713 1532 1768 Jan.
1571 1711 1646 1765 sic
1679 1727 1890 1780 quoque
1935 1727 2106 1766 annos
2147 1728 2241 1782 per
2271 1715 2511 1782 singulos

2601 533 2722 585 dein
2751 533 2948 588 dixisse
2970 534 3392 600 onntipotentcm
3428 534 3593 587 Deum
3619 535 3746 602 ﬁant
3786 533 3887 586 duo
3908 533 4186 586 luminaria

2602 623 2653 675 in
2682 624 3000 691 ﬁrmamento
3031 624 3174 688 cwli,
3198 624 3271 675 sic
3304 635 3355 675 ut
3389 625 3590 677 luceant
3617 641 3770 693 super
3797 634 4010 689 terram,
4041 634 4089 676 et
4113 626 4185 674 di-

2603 713 2777 766 vidant
2825 715 2956 766 inter
3006 715 3138 766 diem
3185 724 3228 764 et
3259 723 3484 776 noctem,
3515 723 3560 766 et
3599 716 3700 767 sint
3748 715 3799 768 in
3847 713 4028 778 signis,
4065 723 4110 767 et
4137 715 4186 766 in

2606 807 2936 872 temporibus,
2978 816 3027 858 et
3057 806 3106 857 in
3140 806 3318 858 diebus
3363 816 3407 857 et
3440 806 3491 858 in
3522 806 3672 858 annis
3698 843 3714 868 ,
3742 815 3786 857 et
3808 810 3910 857 sint
3937 807 3988 858 in
4020 805 4184 876 splen~

2606 900 2729 957 dore
2755 901 2804 950 in
2836 899 3156 967 ﬁrmamento
3175 898 3288 950 σαιιὶ
3311 899 3382 950 sic
3405 907 3459 949 ut
3489 897 3692 950 luceant
3719 913 3871 964 super
3891 906 4078 949 terram
4099 912 4118 959 ;
4138 908 4185 951 et

2609 989 2686 1042 sic
2716 999 2797 1042 est
2843 987 3062 1042 factum.
3097 986 3159 1040 Et
3189 987 3308 1056 fecit
3354 986 3488 1041 Deus
3523 987 3625 1039 duo
3657 987 3934 1040 luminaria
3962 1001 4185 1054 magna;

2611 1078 2862 1131 luminare
2899 1079 3066 1146 majus
3116 1079 3318 1131 initium
3355 1078 3488 1142 diei,
3523 1087 3569 1130 et
3611 1079 3865 1130 luminare
3893 1079 4061 1130 minus
4092 1075 4194 1131 ini~

2610 1170 2736 1222 tium
2769 1169 2960 1231 noctis;
2993 1177 3046 1220 et
3075 1177 3278 1220 cetera.
3313 1166 3464 1222 Fecit
3493 1168 3650 1234 igitttr
3681 1169 4022 1235 omnipotens
4055 1167 4188 1244 lleus

2609 1261 2779 1312 sulem
2809 1257 3022 1314 initium
3065 1259 3169 1310 dici
3207 1266 3262 1311 et
3289 1257 3532 1313 cucurrit
3561 1267 3853 1326 antequam,
3878 1257 4030 1312 ﬁeret
4070 1258 4188 1312 luna

2614 1351 2774 1402 horas
2816 1349 3060 1403 undecim
3088 1356 3143 1401 et
3173 1358 3413 1416 quartam
3447 1357 3654 1418 partem
3682 1349 3880 1414 horae;
3928 1359 3978 1404 et
4011 1351 4190 1403 statim

2609 1439 2768 1507 jussit
2813 1440 2928 1494 fieri
2977 1441 3152 1494 lunam
3175 1481 3188 1505 ,
3219 1447 3274 1495 et
3303 1441 3550 1509 prosequi
3603 1456 3749 1506 eum,
3797 1457 3918 1495 cum
3948 1457 4054 1512 quo
4086 1454 4190 1497 tam

2614 1546 2864 1598 magnum
2908 1531 3143 1585 ollicium
3184 1533 3235 1586 iu
3267 1533 3406 1587 coelo
3439 1532 3614 1587 fuerat
3644 1532 3854 1601 adepta.
3888 1532 4192 1588 Constitnta

2614 1635 2696 1678 est
2729 1625 2889 1694 igitur
2912 1624 3303 1694 quintadecima
3353 1626 3530 1695 plena,
3573 1625 3696 1694 quia
3740 1625 3869 1679 nihil
3909 1625 4049 1693 quod
4092 1643 4192 1680 non

2617 1716 2831 1780 plenum
2885 1716 3286 1784 perfectumque
3329 1717 3558 1771 ediderit
3604 1717 3836 1784 potentia
3867 1715 4193 1772 Conditoris.

919 1808 1140 1863 veritate
1165 1805 1388 1859 fulciris.
1422 1803 1554 1859 Cum
1589 1803 1749 1872 igitur
1780 1807 1832 1857 iu
1859 1807 2072 1859 tertium
2113 1805 2410 1859 caucellum
2444 1806 2508 1859 ad
2549 1794 2592 1854 Β
2622 1805 2688 1858 Et
2728 1805 2849 1860 ideo
2881 1807 3061 1874 utique
3090 1805 3290 1859 dictum
3341 1816 3423 1859 est
3447 1847 3460 1870 ,
3498 1806 3780 1860 duodecim
3829 1806 4117 1860 minuentis
4146 1817 4196 1862 et

919 1913 1120 1952 annum
1181 1897 1492 1966 perveneris
1549 1898 1862 1966 vigesimum
1925 1908 2170 1966 quartum
2222 1898 2511 1951 reverteris

920 2001 1041 2060 post
1072 2005 1241 2044 annos
1297 1992 1564 2060 octoginta
1597 2001 1845 2062 quattuor
1870 2033 1884 2056 ,
1935 1994 2152 2046 excluso
2184 1993 2269 2046 die
2300 2009 2406 2046 uno
2443 1993 2512 2048 de

920 2083 1226 2149 septenario
1261 2097 1481 2135 numero
1516 2097 1577 2136 et
1629 2082 1918 2136 crementis
1970 2082 2244 2136 lunaribus
2287 2085 2505 2138 venien-

919 2185 1052 2238 tem,
1090 2183 1144 2229 et
1173 2175 1409 2228 invenies
1444 2175 1497 2227 in
1529 2176 1886 2229 cancellorum
1914 2176 2087 2244 capite
2113 2177 2290 2229 lunam
2313 2191 2509 2232 secun-

917 2265 1062 2331 dam,
1089 2267 1141 2319 in
1160 2266 1355 2335 quibus
1381 2266 1446 2317 ab
1481 2267 1518 2320 A
1545 2281 1711 2331 usque
1743 2265 1806 2318 ad
1836 2264 1877 2318 K
1898 2263 2083 2318 decem
2111 2267 2298 2320 literae
2320 2281 2508 2320 nume-

917 2367 1128 2423 rantur,
1160 2370 1296 2425 quae
1344 2356 1443 2408 sibi
1489 2354 1605 2425 (sic)
1640 2355 1884 2408 exsicunt
1915 2354 2059 2410 sinos
2106 2355 2248 2422 dies,
2280 2365 2337 2408 ut
2362 2371 2513 2409 men-

922 2445 1146 2500 strualis
1200 2460 1456 2500 numerus
1488 2447 1734 2514 agitetur.
1782 2446 1896 2514 Ipse
1941 2457 2114 2499 autem
2163 2462 2258 2515 per
2296 2461 2512 2499 menses

921 2534 1202 2589 dutidecim
1231 2535 1270 2587 Λ
1304 2536 1429 2588 loris
1456 2534 1668 2588 defixae
1697 2548 2006 2600 noscuntur,
2034 2537 2099 2589 de
2123 2535 2314 2603 quibus
2347 2536 2512 2589 litetis

920 2641 1016 2694 per
1047 2623 1157 2677 dies
1201 2623 1438 2692 singulos
1483 2639 1629 2678 eram
1662 2625 1952 2691 prostiicis;
1983 2635 2036 2678 et
2065 2628 2140 2678 sic
2172 2627 2222 2678 in
2251 2627 2508 2678 cancellis

919 2733 1016 2784 per
1048 2720 1218 2770 annos
1271 2717 1510 2784 singulos
1558 2717 1888 2771 descendens
1937 2719 1985 2770 in
2029 2718 2287 2772 directum
2325 2727 2508 2770 contia

921 2806 1089 2878 ipsam
1112 2823 1257 2862 eram
1290 2807 1484 2861 lini-am
1516 2808 1822 2876 adsecutus,
1848 2819 2006 2878 quota
2035 2810 2156 2862 luna
2182 2824 2311 2864 vero
2329 2810 2510 2865 verius

923 2900 1125 2967 poteris
1154 2900 1413 2963 invenire,
1435 2915 1562 2954 sane
1585 2901 1803 2955 scientia
1831 2901 2007 2954 cordis
2032 2902 2277 2957 edoctus.
2307 2901 2359 2955 lu
2385 2917 2514 2956 cm-

924 2989 1078 3042 cellis
1128 2997 1304 3053 autem
1352 2988 1601 3041 feriarum
1655 3004 1751 3057 per
1802 3005 2084 3044 numerum
2146 2995 2510 3058 septenarlnm

923 3081 1197 3151 quaerenti
1243 3080 1401 3134 datur
1433 3081 1746 3146 indiculum,
1782 3082 1849 3136 ab
1877 3083 1918 3134 Α
1975 3081 2118 3135 enim
2151 3096 2320 3150 usque
2345 3081 2409 3134 ad
2442 3082 2482 3136 G

2614 1895 2900 1950 duodecim
2946 1897 3240 1951 crescentis
3270 1914 3283 1959 ;
3319 1898 3438 1950 luna
3472 1899 3616 1951 enim
3662 1913 3758 1966 per
3789 1897 4070 1951 duodecim
4113 1913 4196 1952 se-

2615 1999 2850 2042 mcstrua
2901 1988 3188 2054 minuitur,
3223 1998 3276 2041 et
3308 2003 3403 2057 per
3437 1987 3716 2042 duodecim
3760 1997 4057 2041 semestrua
4086 2004 4199 2042 ere-

2578 2094 2581 2098 ·
2613 2081 2756 2144 scit,
2801 2092 2858 2134 ut
2895 2080 3034 2149 quod
3066 2083 3242 2135 minus
3275 2082 3353 2134 sol
3386 2081 3452 2134 ad
3486 2081 3698 2149 plenum
3728 2081 3868 2134 diem
3900 2083 4200 2134 cucurrisse

2613 2175 2978 2241 cognoscitur,
3004 2172 3103 2227 hoc
3135 2174 3257 2226 luna
3284 2157 3522 2226 divinum
3551 2173 3915 2242 magisterium
3945 2173 4200 2226 minuisse

2613 2278 2642 2316 a
2685 2264 3017 2332 sapientibus
3066 2266 3366 2328 invenitur;
3410 2273 3464 2318 et
3493 2264 3568 2318 sic
3596 2280 3718 2319 cum
3753 2264 4011 2318 Dominus
4035 2262 4197 2332 jussit

2614 2353 2967 2407 dodrantibus
3016 2368 3294 2416 crescere.
3344 2364 3399 2408 et
3446 2354 3799 2408 dodrantibus
3836 2353 4032 2419 ‘minui,
4065 2353 4204 2409 sicut

2615 2457 2675 2496 re
2699 2443 2781 2496 vel
2811 2453 2942 2497 ante
2963 2444 3078 2511 ipso
3105 2445 3405 2504 ostenditur
3424 2444 3680 2498 calculata
3707 2445 3942 2512 partiti).
3967 2446 4046 2509 Qu
4074 2445 4203 2498 nde-

2615 2534 2722 2587 cies
2772 2535 2917 2586 enim
2969 2536 3262 2588 dodrantcs
3289 2575 3304 2598 ,
3352 2536 3577 2588 decusas
3598 2579 3610 2602 ,
3641 2536 3879 2605 quatlran
3908 2551 3922 2600 ;
3959 2536 4052 2588 sed
4081 2537 4202 2603 quia

2615 2623 2748 2676 dixit
2795 2624 3078 2677 duodecim
3136 2625 3424 2677 mintnntis
3478 2633 3532 2677 et
3586 2625 3866 2678 duodecim
3911 2626 4204 2678 Crescentis

2613 2714 2931 2770 duodecima
2965 2717 3014 2768 in
3061 2716 3288 2770 decusas
3317 2717 3555 2785 quadrati
3582 2716 3740 2769 iaciat
3772 2717 3864 2770 tibi
3892 2716 4203 2771 dcttnsicili-

2613 2821 2729 2860 cus.
2765 2807 2988 2861 Lunaris
3030 2824 3157 2861 vero
3195 2823 3366 2862 annus
3413 2810 3576 2863 habet
3610 2809 3726 2862 dies
3756 2812 4017 2864 tricentos
4048 2811 4203 2877 quin-

2614 2899 2860 2968 quaginta
2891 2909 3161 2968 quattuor,
3194 2903 3243 2953 in
3268 2899 3422 2968 cujus
3449 2902 3574 2953 anni
3603 2914 3786 2954 mense
3819 2901 4058 2956 invenies
4090 2902 4202 2957 dies

2617 2990 2802 3058 viginti
2826 3006 3041 3054 novem,
3068 2990 3251 3056 semis,
3278 3006 3438 3059 super
3457 3005 3590 3059 quos
3612 2990 3777 3044 addes
3800 2990 4202 3058 deunsicilicus,

2616 3090 2668 3131 et
2702 3080 2834 3132 [lunt
2866 3079 2960 3132 tibi
2993 3082 3105 3132 dies
3137 3081 3372 3148 ιε’-δίκαι,
3413 3080 3866 3135 cincnnsicilicns.
3908 3081 4202 3136 Duodecies

924 3180 1129 3238 septem
1164 3170 1353 3224 literae
1404 3168 1762 3234 adnotantur,
1819 3170 1868 3221 in
1913 3170 2106 3238 quibus
2135 3183 2306 3223 annus
2337 3171 2512 3237 agitur
2541 3143 2588 3206 ο
2617 3185 2744 3239 ergo
2772 3171 3335 3225 triesciueunsicil.cus
3365 3171 3564 3226 iaciunt
3595 3171 3710 3236 tibi,
3741 3173 4038 3226 secundum
4069 3189 4194 3226 cur-

924 3263 1209 3330 septimus,
1228 3261 1316 3316 ubi
1344 3262 1399 3315 in
1428 3261 1719 3318 bissextum
1752 3273 1831 3317 ter
1855 3261 2265 3332 quadriennium
2289 3262 2513 3316 iumittis

927 3366 1102 3405 assem
1134 3367 1315 3417 unum,
1342 3352 1445 3406 hoc
1471 3361 1553 3406 est
1580 3367 1779 3411 annum
1811 3368 1972 3406 unum
1996 3352 2059 3404 K.
2090 3354 2216 3405 etin
2247 3353 2511 3406 mensium

927 3444 1120 3498 ordine
1167 3453 1388 3512 quotum
1435 3459 1706 3514 quaerere
1750 3445 2010 3513 volueris,
2040 3435 2216 3514 quam
2246 3447 2313 3500 ad
2358 3456 2518 3516 caput

929 3536 1122 3589 videris
1145 3550 1290 3588 cram
1320 3535 1504 3590 diebus
1532 3536 1757 3605 singulis
1773 3537 2102 3600 adnotatam,
2131 3547 2314 3590 contra
2348 3537 2512 3606 ipsam

927 3625 1198 3680 iniisdem
1220 3626 1473 3682 cancellis
1503 3626 1741 3682 invenies
1759 3625 1942 3681 leriam
1975 3626 2154 3682 lixam.
2182 3627 2238 3681 ln
2263 3628 2512 3681 columna

926 3731 1056 3793 vero
1089 3716 1353 3770 bissextili
1382 3758 1396 3781 ,
1442 3733 1579 3786 quae
1626 3718 1886 3771 cancellis
1938 3719 2212 3773 lunaribus
2255 3720 2511 3787 glutinata

927 3817 1076 3860 certo
1109 3807 1279 3860 limite
1306 3807 1561 3860 sociatur.
1611 3809 1794 3861 Annus
1841 3808 1999 3876 igitur
2029 3819 2083 3862 et
2112 3811 2227 3878 ipse
2255 3824 2369 3876 St‘pl
2398 3823 2514 3862 mus

927 3897 1168 3950 decimus
1193 3896 1320 3950 feria
1352 3899 1539 3960 terra;
1571 3899 1664 3949 sed
1694 3898 1781 3949 ubi
1812 3897 2171 3968 Kalendarum
2205 3901 2514 3952 martiirum

930 3987 1071 4041 diem
1105 3987 1380 4041 inveneris
1412 3987 1702 4039 mineatum
1731 4026 1744 4050 ,
1776 3985 1884 4041 illic
1913 3986 2080 4040 babes
2107 3988 2400 4041 bissextum
2436 3987 2518 4041 in-

930 4077 1092 4129 missa
1124 4075 1252 4157 feria
1283 4076 1639 4144 designatum.
1693 4075 1824 4128 Cum
1873 4085 2049 4130 autem
2103 4079 2416 4146 perveneris
2452 4078 2515 4130 ad

928 4167 1239 4237 vigesimum
1264 4175 1597 4233 etoctavum,
1628 4166 1692 4220 ad
1719 4168 1948 4236 primum
1977 4170 2271 4222 reverteris
2295 4186 2514 4232 annum;

927 4267 982 4311 et
1009 4258 1085 4311 sic
1107 4271 1274 4325 usque
1306 4257 1356 4310 in
1387 4255 1491 4310 line
1519 4257 1698 4310 mundi
1726 4257 2126 4327 recapitulando
2149 4259 2384 4327 singulos
2411 4269 2517 4313 tam

927 4353 1206 4422 paschales
1235 4368 1394 4420 quam
1429 4351 1734 4406 bissextiles
1763 4392 1777 4416 ,
1807 4353 1966 4406 simul
2013 4353 2174 4405 etiam
2218 4363 2271 4406 et
2303 4353 2517 4407 lunares

927 4458 1098 4496 annos
1121 4486 1134 4509 ,
1169 4442 1526 4512 feriarumque
1557 4443 1674 4497 dies
1711 4444 1950 4498 invenies
1983 4445 2289 4497 adnotatas.
2323 4445 2426 4500 Sed
2463 4455 2516 4497 nt

927 4534 1098 4602 ipsum
1121 4532 1260 4586 dem
1289 4533 1617 4587 hissextilem
1651 4536 1702 4586 in
1732 4535 1942 4603 integro
1973 4549 2348 4601 recognoscas,
2380 4535 2516 4588 hanc

926 4623 1187 4676 rationem
1217 4624 1366 4692 sequi
1398 4623 1618 4678 debebis
1668 4635 1721 4678 et
1752 4626 1890 4677 scire
1925 4625 2064 4677 hunc
2090 4625 2230 4678 diem
2265 4625 2516 4679 bissi-xti-

931 4713 1033 4766 lem
1067 4729 1171 4765 non
1207 4714 1494 4768 lavorabis.
1533 4713 1759 4767 llebraei
1791 4716 1964 4782 primo
1996 4714 2062 4768 ob
2095 4717 2216 4778 hoc,
2265 4731 2367 4768 non
2399 4731 2514 4780 sua,

929 4801 1021 4855 sed
1056 4801 1145 4855 Dei
1174 4804 1435 4869 sapientia
1481 4804 1688 4868 cdocti,
1720 4805 1864 4858 circa
1919 4819 2135 4858 Cllrrlllll
2186 4806 2380 4868 lunae,
2413 4825 2514 4860 non

929 4902 1215 4960 potuerunt
1246 4909 1453 4958 errare;
1479 4904 1533 4949 et
1560 4895 1676 4949 :deo
1705 4895 1917 4954 quando
1944 4897 2174 4965 primum
2203 4898 2251 4950 in
2285 4897 2516 4966 :Egypto

930 4982 1097 5049 pridie
1140 4982 1258 5034 idus
1287 4981 1496 5052 Apriles
1527 4995 1713 5053 quarta
1754 4987 1887 5039 feria
1930 4987 2330 5055 quartadecima
2367 4989 2513 5052 luna,

927 5070 1279 5138 bessieilicus,
1310 5074 1446 5125 duae
1475 5075 1618 5128 selae
1641 5074 1705 5128 de
1739 5077 1976 5144 scripulo
2006 5082 2165 5144 trion,
2194 5082 2482 5133 sentiuncia
2503 5121 2517 5145 ,

926 5161 1159 5215 sicilicus
1214 5163 1626 5217 immolaverunt
1681 5167 1900 5232 p-ischa,
1937 5166 2191 5220 dixerunt
2232 5169 2515 5224 duodecim

927 5249 1156 5305 inventis
1188 5292 1202 5314 ,
1234 5263 1288 5304 et
1314 5252 1593 5307 duodecim
1642 5259 1973 5320 crescentis;
2009 5273 2070 5309 νο
2101 5260 2240 5325 quod
2293 5261 2514 5315 invene-

927 5347 1031 5399 rint
1062 5347 1241 5403 lunam
1283 5349 1494 5416 quando
1525 5352 1657 5403 tacta
1701 5351 1770 5403 sit
1802 5365 1832 5404 a
1866 5352 2166 5406 minutione
2196 5369 2298 5405 nun
2333 5369 2358 5405 a
2391 5371 2508 5411 cre-

928 5439 1120 5492 mentis
1147 5440 1390 5493 incoasse
1410 5457 1422 5504 ;
1445 5441 1584 5495 unde
1610 5443 2084 5510 comprehenditur
2108 5447 2509 5512 aequinoctium

929 5540 1169 5586 octavum
1223 5533 1486 5588 Kalendas
1527 5536 1739 5604 Apriles
1788 5537 1928 5590 diem
1972 5539 2200 5607 prinnnn
2238 5539 2508 5596 inventum

1002 5713 1026 5741 ι
1049 5706 1159 5761 lloc
1188 5708 1394 5771 signum
1426 5713 1599 5780 reperi
1632 5712 1680 5765 in
1710 5711 1829 5765 cod.

2616 3273 2738 3314 sum
2776 3260 3172 3329 Reiitaiiormn,
3196 3262 3310 3316 dies
3343 3273 3613 3318 tteccntos
3644 3265 3920 3332 sexaginta
3942 3265 4202 3334 quinque,

2617 3352 2854 3421 quadran
2877 3369 2890 3416 ;
2916 3369 3074 3422 quem
3115 3354 3465 3423 quadrantem
3498 3369 3594 3423 per
3621 3355 4040 3424 quadriennium
4066 3367 4202 3412 tem-

2618 3442 2765 3510 poris
2813 3444 3022 3511 redigrs
3050 3486 3065 3509 ,
3093 3453 3150 3497 et
3183 3444 3307 3496 facit
3337 3444 3427 3498 tibi
3457 3460 3619 3498 unum
3665 3459 3840 3499 assem
3871 3446 4202 3513 bissextum,

2620 3534 2720 3586 hoc
2751 3543 2832 3588 est
2860 3544 3049 3602 quater
3079 3535 3406 3603 quadrantes
3429 3537 3569 3588 assis
3597 3552 3610 3599 ;
3641 3535 3772 3591 haec
3799 3546 3882 3592 est
3913 3537 4043 3592 feria
4067 3553 4202 3591 una.

2621 3626 2695 3680 De
2719 3626 2984 3681 columnis
3010 3637 3212 3693 autem,
3239 3629 3508 3697 quibusin
3533 3629 3856 3683 circulorum
3884 3631 4061 3698 capite
4083 3649 4204 3684 eum

2616 3720 2728 3772 suis
2769 3725 2896 3772 sunt
2939 3718 3094 3772 lineis
3131 3721 3424 3786 picturatae
3451 3760 3465 3784 ,
3498 3720 3630 3774 haec
3661 3722 3794 3774 ratio
3817 3721 4054 3790 cupienti
4085 3724 4204 3793 cty-

2617 3818 2775 3875 pcata
2827 3818 3176 3862 monstratur.
3205 3811 3381 3872 Quota
3402 3811 3546 3864 cnim
3591 3810 3749 3864 fuerit
3779 3810 3898 3864 Kal.
3926 3811 4047 3866 Jan.
4079 3811 4204 3865 luna

2618 3907 2802 3951 contra
2834 3899 3002 3966 ipsam
3033 3900 3236 3953 directa
3265 3900 3400 3953 linea
3433 3881 3722 3956 adsecutus
3753 3901 4012 3957 invenies.
4043 3905 4096 3956 ln
4121 3918 4206 3957 se-

2620 3989 2793 4042 cunda
2825 3991 3074 4044 columna
3107 3993 3306 4045 mensis
3347 3994 3498 4060 primi
3539 4007 3700 4062 quom
3743 3994 3829 4048 die
3874 3995 4052 4048 lunam
4087 3999 4200 4064 pri-

2623 4095 2761 4133 mam
2792 4088 2911 4134 tuos
2933 4092 3054 4135 ante
3077 4083 3261 4136 oculos
3289 4083 3478 4147 lixam;
3511 4084 3562 4137 in
3589 4086 3741 4137 tertia
3771 4095 3974 4152 autem,
3994 4097 4200 4155 quarta.

2621 4173 2826 4242 quinta,
2873 4183 2926 4226 et
2976 4182 3125 4227 sexta
3175 4173 3424 4227 columna
3481 4174 3602 4228 luna
3657 4175 3862 4229 decima
3891 4187 4057 4245 quotu
4105 4179 4207 4233 erit

2623 4280 2776 4318 mens
2799 4279 2824 4317 s
2846 4267 3040 4332 quarti,
3075 4266 3269 4334 quinti,
3305 4267 3516 4333 septimi
3545 4277 3599 4321 et
3629 4268 3823 4321 decimi
3848 4268 3982 4323 hanc
4012 4269 4205 4322 lineam

2622 4359 2778 4410 oculo
2807 4371 3057 4417 cernens.
3076 4358 3338 4424 prospicis
3370 4375 3462 4424 per
3490 4367 3746 4426 quattuor
3781 4360 4056 4413 columnas
4083 4376 4207 4416 esse

2622 4447 2938 4515 dispositam
2967 4458 2990 4485 ⁸
3017 4461 3058 4502 ι
3082 4449 3297 4516 jejuuiis
3326 4450 3472 4503 enim
3502 4451 3752 4517 legitimis
3773 4451 4081 4506 deserviens
4108 4455 4206 4504 atl-

2623 4550 2863 4603 notatur,
2882 4541 3018 4595 sicut
3041 4541 3108 4595 de
3131 4542 3341 4610 septimi
3375 4542 3576 4598 mensis
3606 4543 3810 4610 jejunio
3842 4543 4208 4612 praecipiente

2624 4631 2753 4683 Dum
2781 4647 2847 4683 no
2876 4631 3081 4699 Moyses
3125 4631 3495 4687 sanctissimus
3529 4644 3857 4701 protestetur
3891 4651 3903 4685 :
3939 4635 4045 4686 lucc
4083 4636 4208 4686 dicit

2622 4721 2873 4775 Dominus
2909 4737 2978 4775 :a
3004 4740 3137 4775 nona
3162 4725 3366 4780 mensis.
3396 4723 3590 4790 inquit,
3619 4725 3668 4775 in
3694 4724 3888 4777 decima
3928 4724 4110 4776 mendis
4139 4728 4208 4776 ad

2619 4829 2850 4881 vespera:
2891 4814 3269 4867 sabbatizabitia
3297 4816 3506 4867 sabbata
3539 4823 3736 4879 reslra;
3778 4826 3824 4868 et
3853 4817 4018 4869 omnis
4040 4819 4130 4886 qui
4157 4835 4207 4870 ρο

2621 4922 2720 4958 non
2748 4906 3092 4958 humiliaveri!
3123 4906 3175 4958 in
3207 4906 3414 4976 jg‘unio
3441 4907 3529 4958 illo
3557 4908 3768 4976 perdam
3804 4908 4028 4958 animum
4063 4907 4206 4960 illuni

2622 4998 2684 5049 de
2724 4999 2913 5064 populo
2953 5013 3066 5051 suo.
3101 4997 3192 5050 Sic
3237 5006 3292 5050 et
3337 5011 3430 5064 per
3460 4996 3769 5050 Zachariam
3813 4997 4206 5065 Prophetarum

2621 5089 2856 5141 omnium
2887 5087 3152 5151 deeus,de
3183 5087 3263 5140 his
3287 5089 3450 5142 Sacris
3476 5089 3725 5156 legitimis
3746 5103 3830 5155 ,ue
3852 5088 4069 5157 jejuniis
4102 5087 4206 5142 Da-

2622 5179 2796 5232 miuus
2841 5191 2962 5247 post
2990 5180 3330 5247 captivitati-3
3357 5188 3564 5245 tempus
3597 5181 3808 5235 loeutus
3831 5235 3833 5237 ,
3855 5190 3937 5234 est
3980 5180 4163 5234 dicens
4191 5199 4203 5234 :

2620 5268 2809 5336 factum
2838 5278 2911 5322 est
2937 5310 2950 5335 ,
2979 5271 3179 5337 inquit,
3234 5268 3438 5322 verbum
3482 5268 3693 5323 Domini
3741 5271 4098 5336 omnipotentis
4141 5272 4206 5323 ad

2625 5376 2724 5422 me,
2749 5362 2920 5412 dicens
2943 5377 2958 5425 ;
2989 5361 3068 5413 dic
3090 5363 3156 5413 ad
3182 5364 3424 5431 papa/um
3442 5371 3626 5428 terrae,
3653 5370 3698 5414 et
3731 5363 3797 5412 ad
3819 5362 4100 5414 sacerdotes
4122 5377 4141 5412 :
4161 5365 4206 5414 si

2613 5453 2970 5520 jejunaveritis
3001 5461 3044 5505 et
3070 5453 3370 5523 planxeritis
3394 5453 3446 5504 in
3475 5453 3660 5520 quintii
3689 5461 3778 5504 aut
3804 5453 3854 5504 in
3876 5452 4103 5517 septimis
4124 5455 4205 5522 je-

2619 5541 2802 5609 iuniis,
2823 5551 2868 5594 et
2895 5558 3004 5598 ecce
3031 5543 3352 5614 septuaginta
3377 5545 3524 5597 annis
3546 5543 3772 5613 nunquid
3787 5543 4044 5613 jejunium
4064 5542 4201 5613 jeju-
