4504 6432
242 373 344 430 549

1332 363 1422 418 DE
1460 361 1790 418 COMPUTO
1832 361 2169 417 PASCHALl
2213 361 2337 417 LIB.
2386 362 2447 417 ll.

3460 364 3565 420 5ξο

240 485 398 538 nostis
423 481 546 533 mihi
579 494 606 532 ο
635 481 819 534 domus
849 476 1058 530 Israel?
1084 485 1128 530 et
1167 476 1209 530 si
1245 475 1674 528 manduraveritis
1698 484 1742 524 et
1775 474 1845 525 bi-
1876 476 1925 534 Α
1958 489 2176 539 manae,
2212 490 2348 545 quac
2381 474 2432 527 in
2464 490 2523 528 se
2553 473 2716 527 habet
2747 474 2924 544 quarti
2977 473 3176 528 mensis
3211 473 3390 530 lunam
3423 477 3564 532 deci-

241 576 430 639 reritis,
475 586 641 624 nonne
685 585 772 622 eos
811 567 1132 620 manducetis
1162 578 1207 620 et
1238 582 1324 620 vos
1369 566 1534 618 bibitis
1560 605 1574 628 ,
1613 580 1716 617 non
1741 564 1850 615 lucc

239 665 389 720 verba
410 673 530 716 sunt
556 677 687 730 quae
726 661 926 714 locutus
959 668 1032 712 est
1068 658 1324 710 Domtnus
1358 657 1410 708 iu
1447 655 1682 708 manibus
1718 652 1854 707 Pto-

239 760 508 830 p/telarum
527 757 738 810 iliorum
768 753 855 823 qui
879 764 995 808 ante
1016 771 1112 808 nos
1141 753 1386 822 fuerunt?
1408 751 1540 808 Cum
1569 750 1667 805 fuit
1697 751 1851 805 Jeru-

240 850 410 905 saiem
442 849 702 912 habitata,
735 857 788 900 et
820 848 1035 915 copiosa
1065 887 1079 911 ,
1128 855 1182 897 et
1205 845 1452 913 civitates
1487 844 1626 896 illius
1659 843 1713 896 in
1747 842 1853 896 cir-

239 940 440 993 cuitum
471 979 486 1002 ,
517 946 571 990 et
605 945 862 990 montana
893 946 948 991 et
976 944 1306 1002 campestres
1339 933 1742 986 habitabantur.
1789 931 1854 984 Et

240 1031 436 1100 factum
467 1038 540 1082 est
582 1027 785 1081 verbum
813 1025 1020 1079 Domini
1045 1026 1113 1077 ad
1144 1024 1459 1078 Zachariam
1487 1025 1674 1077 dicens
1705 1039 1720 1077 :
1747 1023 1856 1076 lum:

241 1121 369 1172 dicit
399 1118 656 1172 Dominus
683 1117 1022 1186 Omnipotens
1046 1155 1060 1180 ,
1082 1115 1343 1186 judicium
1363 1117 1568 1184 justum
1589 1114 1853 1185 judicate,

243 1212 622 1264 miserationem
661 1219 708 1262 et
749 1210 1155 1262 misericordiam
1208 1209 1360 1278 facite
1399 1207 1747 1276 unusquisque
1787 1204 1856 1256 ad

242 1304 457 1372 fratrem
480 1318 651 1366 suum,
687 1311 734 1354 et
765 1302 930 1355 viduae
955 1311 1000 1354 et
1023 1299 1224 1369 pupillo
1249 1307 1292 1351 et
1317 1300 1548 1362 advenw,
1582 1308 1631 1350 et
1660 1313 1858 1367 pauper

241 1395 417 1449 inclite
458 1392 744 1458 dominari,
786 1401 834 1446 et
867 1393 1118 1444 malitiam
1168 1391 1356 1461 quique
1390 1391 1567 1458 fratris
1593 1389 1674 1441 sui
1702 1388 1859 1441 nolite

245 1501 506 1540 reservare
526 1485 578 1536 in
605 1483 842 1537 cordibus
874 1484 1071 1536 vestris.
1108 1482 1175 1535 Et
1207 1483 1366 1551 paulo
1392 1489 1512 1550 post
1547 1498 1558 1533 :
1594 1480 1703 1532 Itan:
1733 1480 1858 1532 dicit

245 1576 504 1630 Dominus
552 1577 906 1645 Omnipotens,
926 1577 1193 1647 jejunium
1214 1586 1476 1646 quartum,
1529 1584 1572 1628 et
1599 1575 1857 1643 jejunium

243 1670 496 1738 quintum,
547 1671 816 1739 jejunium
856 1662 1163 1738 septimum,
1210 1678 1260 1721 et
1301 1669 1560 1738 jejunium
1606 1670 1859 1720 decimtuu

250 1771 402 1813 erant
455 1760 628 1812 domui
678 1757 820 1812 Jnda
847 1761 896 1812 in
931 1761 1201 1828 gaudium,
1235 1769 1278 1812 et
1311 1761 1361 1811 in
1381 1761 1778 1827 jucunditatcm,
1813 1767 1855 1811 et

1961 582 2102 619 mam
2131 576 2185 620 ct
2213 565 2458 619 exsolves
2489 575 2606 632 post
2634 565 2960 619 sacriﬁcium
2990 564 3257 633 jejunium
3291 578 3560 634 quartum.

1956 656 2187 710 Centum
2235 655 2520 710 duodecim
2562 656 2827 724 jejunium
2860 657 3141 725 quintum;
3175 666 3393 711 centum
3439 673 3566 727 scp-

1960 747 2197 815 tuaginta
2221 748 2459 816 quinque
2484 746 2748 815 jejunium
2782 747 3106 814 septimum;
3132 745 3397 801 ducentos
3422 762 3568 802 sexa-

1957 836 2103 906 ginta
2150 851 2249 904 sex
2289 837 2555 904 jejunium
2588 836 2894 899 decimum;
2945 836 3022 890 sic
3052 835 3258 905 singula
3293 835 3346 890 in
3379 837 3571 892 ordine

1959 926 2292 982 recensendo
2316 928 2447 981 artis
2471 925 2629 995 hujus
2649 926 2904 994 magister
2921 935 2977 980 et
3005 924 3196 980 doctor
3224 927 3425 993 poterit
3451 941 3572 994 rep-

1959 1018 2168 1087 perire;
2200 1020 2239 1072 si
2275 1027 2454 1072 tamen
2501 1017 2861 1071 somnolentia
2891 1015 3105 1082 cordis,
3129 1031 3268 1083 quae
3299 1032 3326 1068 a
3357 1017 3574 1085 sapien-

1959 1113 2104 1169 tibus
2131 1113 2453 1178 declinatur,
2479 1126 2585 1164 non
2618 1113 2952 1179 obpresser‘t
2973 1124 3214 1164 sensum.
3235 1109 3328 1162 llis
3357 1124 3572 1178 quoique

1960 1203 2285 1275 Iupradictis
2311 1203 2579 1257 columnis
2615 1202 2754 1255 aliae
2784 1211 2991 1270 septem
3020 1200 3342 1269 junguntur,
3376 1201 3426 1252 in
3455 1202 3573 1269 qni-

1961 1299 2059 1354 bus
2092 1297 2848 1352 KalendarumJanuariarunt
2882 1293 3008 1347 luna
3035 1302 3090 1347 et
3119 1295 3353 1362 paschae
3389 1293 3573 1348 Denti-

1964 1391 2207 1445 nieorum
2236 1391 2351 1443 dies
2375 1387 2729 1451 adnotantur;
2767 1387 3157 1442 tricesimarius
3180 1387 3380 1440 etenim
3414 1387 3575 1440 lunae

1962 1497 2246 1535 numerum
2276 1521 2290 1545 ,
2327 1495 2421 1549 per
2459 1480 2887 1548 septemnarium
2939 1494 3222 1534 numerum
3257 1479 3576 1533 ebdomadls

1963 1574 2169 1627 divisus
2213 1572 2383 1634 spatia
2430 1585 2656 1623 numero
2696 1570 2926 1624 ducenta
2977 1570 3163 1625 decem
3211 1571 3576 1625 disterminat.

1965 1667 2032 1720 L't
2057 1675 2238 1718 autem
2266 1665 2423 1717 unius
2453 1664 2713 1732 cujusque
2742 1663 2976 1729 paschae
3006 1664 3148 1717 diem
3179 1664 3459 1728 invenias,
3494 1663 3576 1716 lu-

1968 1775 2089 1811 nam
2120 1765 2173 1812 et
2207 1757 2418 1822 feriam,
2448 1772 2583 1826 quae
2615 1757 2772 1810 fuerit
2795 1757 3048 1810 Kalendis
3068 1756 3359 1821 Ianuariis,
3391 1756 3576 1811 obser~

244 1851 299 1904 in
331 1851 681 1906 solenmitates
713 1851 868 1904 bonas
897 1861 941 1904 et
971 1852 1195 1917 jucundi
1225 1853 1365 1904 eritis
1409 1863 1455 1903 et
1504 1853 1763 1904 veritatem
1809 1864 1858 1904 et
1895 1836 1941 1895 Β
1971 1853 2153 1917 v:tbis,
2211 1862 2266 1904 ut
2302 1851 2460 1905 lunae
2492 1867 2712 1905 cursum
2763 1861 2954 1905 tenens
2987 1853 3039 1904 in
3069 1851 3258 1906 eadem
3289 1851 3536 1904 columna
3562 1890 3575 1915 ,

246 1958 424 2011 pacem
473 1942 733 1998 amabitis.
769 1942 904 1996 Ecce
933 1942 1133 2010 jejunia
1169 1944 1402 2011 legitima
1426 1981 1442 2007 ,
1476 1943 1709 2009 qualiter
1739 1944 1854 1995 ﬁeri

245 2033 571 2096 debeantur,
628 2047 658 2086 a
713 2033 941 2088 Domino
998 2036 1336 2088 nuntiantur.
1383 2033 1488 2089 Sed
1529 2050 1624 2088 cur
1658 2035 1706 2087 itt
1738 2034 1854 2089 iSLis

246 2128 515 2183 mensibus
548 2130 860 2198 dcs'gnatur
886 2170 899 2194 ,
945 2130 1255 2183 volentibus
1299 2131 1668 2186 ostendamus.
1705 2129 1854 2199 chtt-

244 2221 391 2274 nium
419 2221 561 2274 enim
595 2230 846 2288 quartum
882 2236 974 2284 pro
1008 2223 1257 2287 primitiis
1285 2232 1338 2276 et
1363 2224 1665 2285 mensibus;
1695 2232 1746 2275 et
1774 2224 1854 2290 je-

243 2310 496 2380 junamus
539 2310 803 2377 jejunium
850 2313 1092 2378 quintum
1136 2327 1232 2379 pro
1284 2312 1424 2364 areis
1456 2313 1763 2380 redigendis
1796 2322 1850 2366 et

244 2401 472 2455 decimis
507 2401 828 2463 oﬁerendis;
851 2401 1116 2469 jejunium
1141 2406 1420 2471 optimum
1450 2420 1544 2471 pro
1565 2405 1851 2458 vindemiis

251 2492 600 2560 C(tliigeltu'is;
636 2502 688 2546 et
715 2491 978 2561 jejunium
1012 2493 1279 2547 decimum
1317 2509 1410 2561 pro
1441 2496 1851 2547 sementationi-

245 2583 342 2638 bus
367 2588 532 2638 etiam
558 2585 881 2649 setninandi,
913 2585 1004 2638 sed
1031 2586 1134 2638 olei
1163 2587 1414 2654 primitiis
1439 2588 1759 2641 delibandis.
1797 2587 1852 2639 In

245 2690 474 2744 quorum
527 2676 857 2742 jejuniorunt
907 2686 1161 2744 quattuor
1214 2678 1530 2744 septimanis
1577 2680 1693 2732 sine
1747 2679 1854 2733 ullo

246 2781 432 2819 errore
486 2767 664 2818 lunam
718 2766 979 2819 decimam
1034 2768 1364 2831 intueberis,
1412 2770 1771 2822 manifestam.
1811 2772 1852 2823 Α

247 2857 533 2910 Dominico
563 2868 740 2910 autem
776 2861 970 2926 pascha
1003 2868 1056 2912 et
1089 2860 1508 2928 uniuscujusque
1539 2863 1662 2914 anni
1705 2877 1854 2915 C0!”-

246 2956 401 3016 putas
432 2950 545 3001 dies
575 2951 841 3018 octoginta
876 2961 1128 3018 quattuor
1158 2992 1172 3016 ,
1207 2953 1258 3004 itt
1291 2968 1518 3020 quorum
1554 2953 1856 3006 conclusio-

247 3053 370 3093 nem
405 3039 650 3094 invenies
683 3042 1034 3095 sabhatnrum
1083 3043 1226 3104 dies,
1263 3043 1402 3109 quod
1432 3053 1512 3096 est
1545 3043 1664 3097 ﬁnis
1689 3044 1858 3112 septi-

1966 1947 2107 2000 dient
2134 1945 2378 2000 invenias
2402 1945 2656 2014 paschae,
2683 1943 2824 2011 quod
2849 1943 2916 1996 ad
2947 1941 3132 1997 feriam
3159 1944 3577 2012 suprascriptam

1968 2040 2240 2108 pertinere
2268 2038 2511 2098 videtur;
2547 2035 2647 2088 hoc
2677 2036 2816 2088 idem
2848 2044 2899 2088 et
2931 2035 2981 2088 in
3034 2034 3214 2088 ﬁbulis
3247 2035 3465 2102 triginta
3497 2049 3576 2087 se-

1964 2129 2257 2198 quentibus
2281 2127 2630 2193 adprobatur,
2670 2126 2719 2177 itt
2749 2124 2946 2194 quibus
2977 2123 3340 2177 Kalendarum
3369 2123 3576 2177 Martia-

1966 2238 2080 2275 rum
2109 2222 2286 2274 lunam
2311 2231 2364 2273 et
2393 2218 2581 2271 feriam
2613 2233 2705 2280 per
2734 2216 3103 2284 septenariutn
3128 2230 3410 2268 numerum
3432 2225 3578 2267 utra-

1965 2328 2191 2381 rumque
2223 2313 2272 2364 in
2304 2311 2428 2363 luna
2452 2310 2660 2363 dierum
2690 2309 2905 2378 triginta
2933 2309 3162 2362 ducenta
3190 2306 3377 2360 decem
3409 2308 3579 2370 Spatia

1966 2404 2210 2456 inVenics
2235 2402 2511 2463 adnotata,
2548 2399 2867 2452 nuntiantes
2894 2397 3200 2452 certissime
3221 2395 3382 2449 ﬁxum
3419 2397 3579 2449 unius

1963 2497 2222 2563 cujuSqne
2280 2493 2406 2548 antti
2455 2493 2789 2546 dominicum
2841 2490 3060 2558 pa:cba.
3112 2489 3242 2542 Nam
3292 2498 3346 2542 et
3393 2489 3581 2545 barum

1965 2587 2250 2642 ﬁliularum
2282 2601 2565 2638 numerum
2599 2593 2707 2637 tres
2733 2582 2870 2637 aliae
2895 2591 2950 2635 nt
2975 2581 3267 2650 pedisequo
3299 2581 3579 2636 columnae

1965 2693 2042 2733 set
2063 2688 2245 2741 untur,
2281 2692 2416 2747 quae
2460 2677 2511 2729 itt
2541 2692 2598 2729 se
2632 2676 3080 2728 entbolismorttm
3117 2674 3302 2726 titulos
3334 2683 3385 2725 et
3423 2673 3579 2724 luna-

1965 2785 2051 2825 res
2079 2785 2251 2822 annos
2291 2768 2445 2822 lineis
2479 2767 2647 2821 ternis
2693 2782 2756 2819 ex
2809 2765 3068 2819 Kalendis
3121 2763 3390 2818 Januariis
3419 2773 3578 2832 quota

1965 2861 2131 2915 fuerit
2182 2859 2411 2914 curiosis
2455 2869 2508 2913 et
2561 2859 2697 2914 bene
2740 2858 2988 2910 sollicitis
3022 2858 3238 2926 planius
3272 2865 3578 2910 monstrare

1966 2961 2232 3022 coguntur
2256 2995 2270 3016 ,
2305 2963 2361 3004 ut
2411 2953 2601 3004 horum
2649 2950 2976 3003 circulorum
3009 2950 3210 3004 veritas
3240 2947 3292 3001 in
3327 2946 3578 3002 omnibus

1971 3044 2083 3097 suis
2113 3052 2301 3097 ornata
2331 3041 2622 3096 monilibus
2665 3040 3008 3096 ostendatur.

1381 3262 1721 3343 LIBER
1800 3257 2466 3355 SECUNDUS,

915 3389 1031 3456 QUI
1071 3391 1138 3445 IN
1177 3390 1257 3446 SE
1296 3391 1511 3445 OilN'lA
1550 3390 1985 3447 ORNMIENTA
2024 3388 2370 3446 CONTINET
2411 3387 2886 3445 CIRCULORUM.

324 3507 445 3562 Alia
467 3521 677 3577 quoque
695 3502 835 3560 ratio
858 3507 924 3561 oh
945 3506 1261 3576 vigesimum
1287 3506 1535 3575 quintum
1566 3508 1849 3571 circulum,
1879 3508 1924 3568 C
1960 3506 2303 3573 septingenta
2332 3506 2676 3574 septuaginta
2712 3515 2945 3574 septem,
2982 3506 3139 3562 uncia
3170 3548 3185 3574 ,
3234 3523 3394 3577 quam
3428 3524 3578 3564 sum-

253 3603 397 3673 quod
443 3603 493 3654 in
523 3616 582 3653 se
614 3615 784 3654 annos
811 3601 1086 3656 comitr-at
1118 3601 1224 3653 duo
1263 3602 1427 3654 millia
1459 3608 1673 3653 centum
1707 3619 1732 3652 a
1769 3616 1857 3654 sa-

253 3695 562 3750 cratissimo
590 3694 796 3747 scilicet
840 3709 949 3762 past
973 3695 1071 3747 hac
1105 3693 1190 3747 die
1224 3693 1274 3746 in
1319 3692 1554 3762 Aﬁgypto
1586 3692 1860 3746 immolato

255 3789 528 3841 adnuente
575 3787 802 3840 Domino
843 3786 1181 3840 ostendimus
1231 3784 1605 3850 manifestam,
1641 3794 1776 3838 utet
1808 3785 1856 3838 in

255 3878 512 3932 Kalendis
544 3877 811 3930 Januariis
832 3877 1123 3930 secundam
1160 3876 1365 3941 lunam,
1397 3885 1450 3929 et
1477 3875 1631 3943 primi
1659 3875 1860 3930 mensis

257 3979 504 4038 quartam
527 3967 787 4022 decimam
806 3968 976 4036 pridie
1007 3967 1124 4020 idus
1147 3966 1378 4034 Apriles,
1406 3976 1459 4020 et
1486 3965 1674 4020 feriam
1704 3982 1862 4034 quar-

259 4070 367 4116 tam
417 4060 680 4115 adtendas
730 4060 778 4114 in
831 4063 1006 4129 capite
1050 4061 1234 4114 circuli
1277 4060 1499 4114 secundi
1551 4061 1604 4113 in
1648 4060 1860 4129 integro

259 4153 430 4206 fuisse
469 4152 723 4216 deﬁxam,
780 4167 937 4220 quam
989 4161 1045 4204 tu
1096 4151 1543 4221 diligentissimus
1595 4163 1863 4206 scrutator

256 4257 578 4315 supputans,
611 4247 714 4300 hoc
739 4246 900 4298 modo
920 4244 1164 4299 invenire
1188 4246 1430 4299 debebis.
1459 4244 1708 4313 Octogies
1732 4260 1850 4312 qua-

259 4349 343 4393 ter
371 4340 513 4392 enitn
548 4338 760 4392 tricenli
787 4340 1119 4406 quinquages
1142 4345 1366 4404 quartus
1387 4335 1590 4390 faciunt
1620 4336 1713 4389 tibi
1745 4335 1864 4390 dies

259 4433 478 4486 lunares
509 4432 692 4500 viginti
725 4445 916 4484 novem
954 4430 1099 4484 milia
1132 4430 1456 4499 septingenti
1489 4430 1702 4498 triginta
1733 4444 1860 4494 sex;

258 4532 316 4577 et
359 4523 603 4592 octogies
634 4533 822 4594 quater
869 4523 1096 4577 decusas
1126 4522 1278 4576 uncia
1308 4563 1321 4586 ,
1363 4523 1564 4575 iaciunt
1593 4523 1684 4574 tibi
1729 4537 1866 4574 nun-

256 4618 401 4686 gcnti
435 4619 646 4686 triginta
672 4616 815 4670 milia
840 4631 930 4669 sex
967 4630 1105 4669 unus
1124 4616 1241 4670 dies
1266 4615 1676 4669 embolismares
1700 4615 1864 4668 addes

255 4722 421 4776 supra
449 4722 711 4762 summam
744 4709 1101 4775 superiorem,
1144 4717 1195 4761 et
1241 4707 1410 4760 babes
1443 4708 1663 4774 triginta
1715 4706 1863 4759 milia

256 4808 535 4854 sescentos
551 4801 832 4869 sexaginta
857 4809 1062 4867 septem
1090 4799 1227 4852 dies.
1253 4797 1456 4852 Exinde
1471 4797 1694 4851 deducis
1719 4798 1860 4851 diem

1968 3611 2113 3650 tuam
2147 3596 2416 3664 superiori
2449 3611 2694 3648 summac
2719 3595 2969 3666 adjungis
3013 3598 3148 3652 ﬁunt
3176 3601 3412 3653 nectitttn
3451 3617 3576 3670 scp-

1966 3689 2187 3756 tinginta
2219 3689 2560 3757 septuaginta
2581 3689 2876 3744 novemilia
2900 3691 3302 3759 qnatringintas
3334 3692 3500 3757 duas;
3545 3712 3576 3746 n

1965 3781 2158 3852 quibus
2193 3781 2412 3851 partiris
2464 3781 2792 3851 trigesimam
2829 3783 3054 3838 habebis
3099 3785 3287 3854 viginti
3341 3788 3577 3856 quinque

1967 3879 2109 3932 utilia
2133 3879 2390 3948 nongenti
2417 3889 2540 3932 octo
2563 3888 2844 3945 e~superet
2869 3878 3182 3946 dipundius,
3201 3880 3391 3943 uncia;
3419 3880 3574 3944 haec,

1965 3972 2206 4040 inquam,
2258 3972 2355 4024 fuit
2390 3971 2511 4024 luna
2537 3971 2772 4026 secunda
2821 3971 3079 4026 Kalendis
3126 3973 3400 4028 Januaris.
3436 3975 3577 4032 Ecce

1970 4061 2078 4116 Deo
2108 4063 2311 4131 gratias
2337 4079 2496 4132 quam
2530 4061 2690 4131 digne
2721 4072 2774 4117 et
2807 4063 3205 4118 rationabiliter
3237 4065 3288 4118 in
3303 4074 3460 4122 vetita
3492 4077 3578 4123 est

1966 4153 2219 4209 Kdendis
2248 4156 2517 4210 Januariis
2550 4156 2676 4209 luna
2709 4156 2972 4221 secunda,
2996 4173 3117 4226 qua:
3147 4169 3304 4226 quart
3344 4175 3394 4214 m
3425 4160 3576 4214 deci-

1967 4262 2106 4300 mam
2141 4247 2295 4314 primi
2331 4247 2534 4301 mensis
2556 4261 2679 4300 cum
2709 4248 3019 4302 embolismi
3053 4249 3265 4303 titulum
3284 4266 3575 4318 procreatis

1969 4343 2020 4394 in
2051 4341 2302 4394 omnibus
2325 4341 2614 4395 invenitur.
2647 4340 2720 4394 Ex
2741 4340 2996 4394 Kalendis
3023 4341 3205 4411 itaque
3229 4342 3357 4411 ipsis
3383 4343 3576 4398 Janua-

1968 4435 2063 4497 ris,
2099 4444 2154 4487 ut
2183 4444 2430 4503 quartam
2456 4434 2723 4488 decimam
2759 4434 2930 4502 pridie
2955 4433 3076 4489 idus
3104 4436 3344 4491 invenire
3376 4438 3572 4504 possis,

1969 4527 2019 4579 itt
2048 4528 2206 4581 tertio
2239 4527 2358 4581 idus
2391 4527 2603 4596 Apriles
2626 4538 2972 4596 computans,
2997 4536 3052 4580 et
3079 4528 3244 4581 habes
3275 4540 3490 4590 centum
3521 4541 3575 4584 et

1968 4635 2133 4671 unum
2185 4618 2364 4684 d.em,
2406 4633 2572 4684 super
2603 4634 2740 4686 quos
2777 4618 2894 4672 dies
2924 4619 3088 4672 addes
3121 4620 3242 4672 luna
3296 4621 3527 4673 secunda
3557 4663 3571 4683 ,

1966 4726 2104 4780 quae
2134 4710 2348 4764 inventa
2374 4719 2458 4764 est
2472 4723 2592 4764 esse
2619 4709 2746 4778 ipsis
2767 4709 3024 4764 Kalendis
3049 4711 3252 4764 Januar
3280 4712 3344 4775 is,
3373 4711 3575 4767 faciunt

1970 4802 2059 4855 t‘bi
2099 4801 2216 4855 dies
2262 4811 2478 4854 centum
2525 4811 2673 4865 tres;
2713 4802 2930 4868 partiris
2980 4803 3374 4871 sexagesimant
3406 4804 3574 4859 babes

259 4905 447 4952 unum,
473 4906 630 4959 quem
660 4892 711 4945 in
742 4891 1093 4958 sequentibus
1121 4889 1279 4943 dictis
1310 4905 1373 4942 ex
1409 4887 1749 4942 detrimentis
1781 4887 1861 4942 Iu-
1890 4880 1942 4941 Ι)
1971 4891 2304 4959 bessicilicus
2326 4933 2340 4954 ,
2368 4887 2512 4945 duae
2541 4891 2686 4946 Salae
2726 4890 2793 4944 de
2823 4891 3084 4957 scripulo,
3122 4896 3380 4948 triensem
3411 4937 3425 4958 ,
3475 4911 3572 4947 un-

259 4984 483 5036 naribus
516 4983 772 5050 gignitum
807 4996 928 5037 esse
962 4983 1254 5046 docemus,
1281 4990 1334 5034 et
1360 4982 1588 5050 qualiter
1615 4981 1858 5034 decline-

257 5086 344 5130 tur
371 5075 778 5130 evidentissime
805 5079 1263 5129 tltttl‘totlsll‘dmlls.
1292 5076 1430 5142 Ergo
1456 5074 1690 5128 cit'Ctdus
1719 5065 1860 5128 unus

252 5180 429 5220 annos
457 5166 614 5219 habet
643 5168 916 5233 octoginta
962 5175 1221 5234 quatuor
1244 5207 1258 5230 ,
1291 5166 1380 5234 qui
1412 5166 1462 5218 in
1496 5180 1552 5218 sc
1579 5166 1862 5219 Continent

253 5257 492 5310 noctium
521 5257 737 5324 triginta
766 5257 1165 5311 miliasescenta
1197 5271 1291 5310 sex
1317 5258 1477 5324 iginta
1506 5257 1763 5325 quinque.
1794 5256 1857 5310 Et

251 5350 508 5415 quoniam
559 5347 846 5415 vigesimus
903 5350 1122 5411 quintus
1170 5347 1406 5401 t3ilC;tlllS
1465 5347 1516 5400 itt
1573 5348 1854 5400 consulatu

253 5439 521 5494 Theodosi
555 5441 778 5494 sedeces
807 5448 861 5494 et
911 5439 1090 5494 Fausti
1120 5441 1189 5493 ab
1237 5440 1426 5494 eodem
1464 5438 1662 5506 pascha
1696 5439 1861 5494 luerit

250 5541 626 5594 c0nsuutatus,
650 5547 805 5599 quem
831 5533 1067 5584 recalato
1093 5541 1336 5600 tempore
1359 5541 1679 5600 suppatans,
1709 5533 1857 5584 inve-

249 5623 364 5677 nies
397 5623 598 5678 habere
626 5624 862 5678 noctium
895 5625 1240 5692 septingenta
1272 5625 1552 5694 Sexaginta
1584 5641 1676 5678 sex
1711 5625 1854 5678 milia

248 5725 525 5768 sescentas
555 5712 742 5783 viginti
782 5715 1053 5784 quinque,
1107 5730 1243 5784 quas
1279 5730 1398 5768 cum
1431 5717 1658 5778 partitus
1691 5716 1854 5770 fueris

247 5805 298 5860 itt
350 5812 748 5877 sexagesimum
807 5817 1044 5876 partem,
1098 5807 1338 5862 invcn’cs
1384 5809 1668 5864 dnolccim
1709 5810 1850 5863 milia

1966 4982 2076 5036 cias
2107 4981 2323 5046 silicus;
2378 4981 2482 5035 hoc
2513 4996 2677 5050 super
2713 4990 2929 5034 centum
2966 4991 3077 5035 tres
3108 4982 3224 5035 dies
3267 4983 3460 5046 addes,
3496 4983 3575 5036 fa-

1965 5073 2114 5127 ciunt
2137 5072 2230 5126 tibi
2257 5073 2373 5127 dies
2395 5083 2613 5126 centum
2643 5082 2921 5141 quattuor,
2952 5071 3263 5136 bessilicos,
3295 5075 3400 5126 duo
3425 5074 3572 5127 solae

1966 5165 2034 5220 de
2065 5166 2327 5235 scripulo,
2356 5167 2546 5234 triens,
2578 5167 2878 5230 semuncia,
2913 5165 3190 5231 sicilicus;
3230 5167 3447 5233 ptrtiris
3475 5165 3576 5219 tri-

1966 5259 2228 5329 gesimum
2277 5259 2522 5313 invenies
2564 5268 2674 5312 tres
2722 5258 2965 5328 insuper,
3017 5269 3070 5312 et
3117 5257 3283 5312 decus
3329 5269 3570 5327 quattus,

1968 5351 2270 5417 bessilicus,
2296 5351 2404 5405 duo
2430 5352 2595 5415 solae,
2614 5352 2682 5405 de
2701 5353 2964 5420 scripulo,
2993 5353 3132 5406 trien
3165 5353 3465 5419 semuncia,
3495 5357 3569 5410 si-

1963 5442 2174 5507 uilicus,
2217 5455 2272 5497 et
2306 5443 2472 5498 babes
2502 5453 2744 5514 quartam
2776 5445 3042 5498 decimam
3079 5445 3234 5512 primi
3267 5445 3488 5508 mensis,
3518 5455 3573 5499 et

1963 5533 2105 5602 quod
2140 5537 2384 5589 excurrit
2433 5535 2603 5603 pridie
2648 5535 2766 5590 idus
2815 5536 3064 5603 Aprles,
3099 5536 3188 5603 qui
3233 5546 3315 5589 est
3367 5539 3575 5604 primus

1965 5630 2196 5696 paschae
2226 5629 2625 5684 sacratissimus
2648 5629 2784 5683 dies.
2811 5630 2918 5685 Sed
2952 5641 3008 5684 ut
3038 5630 3206 5697 ipsius
3231 5631 3390 5685 lunae
3413 5645 3575 5699 quar-

1961 5725 2048 5772 tae
2091 5717 2336 5774 decimae
2389 5719 2576 5774 feriatn
2628 5729 2877 5789 quartam
2932 5719 3278 5790 profectionis
3339 5720 3572 5773 ﬁliorum

1965 5809 2162 5866 lsdrael
2188 5826 2251 5866 ex
2285 5810 2519 5882 Aigypto
2549 5811 2790 5867 invenire
2828 5813 3026 5882 possis,
3060 5814 3313 5876 adverte;
3350 5811 3568 5868 vicessi-
