4322 6404
845 403 944 461 lilii

2144 387 2452 448 suum"
2489 387 2832 477 suosunus

4015 389 4120 448 55!

845 519 965 571 mus
982 510 1124 568 enim
1152 521 1207 571 et
1225 509 1440 586 quintus
1461 507 1693 567 circulus
1722 507 1775 562 in
1801 507 1906 562 line
1937 498 2423 562 secundilatercull
2452 496 2500 558 Α
2533 515 2668 557 cum.
2714 541 2729 556 .
2776 540 2791 556 .
2832 539 2846 556 .
2891 541 2908 558 .
2954 541 2966 554 .
3013 540 3028 556 .
3071 501 3242 556 edent.
3298 500 3418 557 Non
3465 501 3623 556 edetis
3661 501 3914 570 crudam,
3960 517 4122 573 nque

845 606 915 662 de
944 604 1177 677 Δίκῃ)ιο
1225 603 1318 660 lilii
1345 601 1544 659 lsdrael
1596 591 1938 656 exeuntibus
1974 594 2249 651 invenitur
2304 605 2427 647 esse

846 696 1163 760 conclusus,
1193 695 1328 751 sicut
1373 684 1466 763 p'cr
1511 691 1646 760 legis
1684 691 1910 746 storiam
1939 694 2206 741 annorum
2231 685 2434 740 indicat

847 795 1036 840 sextus
1063 783 1224 840 vicies
1253 783 1506 852 quinque.
1533 781 1590 837 Si
1623 794 1752 852 ergo
1793 788 2013 850 octoges
2043 785 2264 847 quattus
2293 774 2430 830 llunt

850 889 1041 945 pascae
1069 874 1178 928 duo
1203 871 1348 928 milia
1373 881 1618 938 centum,
1640 879 1695 926 et
1717 868 2040 924 invicesimo
2063 876 2116 922 et
2140 875 2298 922 sexto
2319 865 2430 919 cir-

845 963 970 1019 culo
995 962 1046 1016 in
1071 961 1249 1032 capite
1275 967 1614 1031 complentur
1639 958 1765 1013 anui
1795 956 2050 1012 duomilia
2078 964 2295 1011 centum
2319 953 2432 1010 bis-

845 1053 1052 1120 milies;
1087 1053 1266 1124 itaque
1290 1054 1497 1108 centies
1525 1051 1746 1106 trecenti
1767 1049 2018 1120 sexagies
2039 1049 2275 1119 quinque
2296 1061 2430 1117 qua-

845 1144 978 1202 dran
1008 1184 1023 1210 ,
1084 1145 1288 1202 faciunt
1341 1145 1430 1200 tibi
1487 1142 1696 1199 dierum
1753 1143 2092 1212 septingenta
2150 1139 2430 1207 sexaginta

845 1247 1054 1309 septem
1085 1237 1230 1292 milia
1245 1235 1425 1306 viginti
1453 1235 1708 1304 quinque.
1733 1233 1788 1288 In
1807 1234 1891 1287 his
1905 1233 2117 1302 partiris
2145 1229 2431 1300 septimam

846 1339 903 1387 et
925 1330 1089 1386 babes
1114 1337 1324 1386 centum
1351 1342 1486 1382 nove
1503 1327 1648 1380 milia
1666 1326 1942 1395 quingenti
1959 1334 2195 1393 septaes,
2215 1330 2434 1393 quattus

846 1433 1010 1490 super
1037 1429 1090 1475 et
1116 1427 1321 1488 septus.
1353 1418 1530 1486 Incipe
1553 1431 1840 1472 numerare
1877 1430 1906 1468 a
1936 1415 2063 1471 feria
2097 1415 2266 1485 prima
2293 1426 2434 1483 quae

849 1510 949 1566 luit
978 1511 1108 1580 ipsis
1138 1508 1392 1565 Kalendis
1433 1507 1701 1563 Januariis
1731 1507 1904 1579 primo
1936 1522 2080 1561 anno
2111 1505 2340 1576 paschae
2377 1504 2431 1559 in

845 1597 1084 1670 Egypto
1111 1598 1389 1654 immolato
1413 1597 1479 1653 ab
1499 1611 1621 1652 asse
1639 1596 1813 1667 primo
1829 1597 1881 1652 in
1902 1607 2106 1667 septem
2131 1595 2359 1660 assibus,
2380 1603 2437 1651 et

798 1743 810 1753 ,
846 1689 1089 1746 invenies
1106 1688 1274 1758 pridie
1304 1687 1572 1742 Kalendas
1594 1686 1878 1742 ianuarias
1902 1686 2090 1742 feriam
2117 1687 2432 1757 septimam;

846 1781 978 1852 ipsis
1024 1779 1248 1851 quoque
1271 1779 1532 1836 Kalendis
1560 1779 1809 1836 lannaris
1851 1777 2038 1834 feriam
2066 1779 2329 1850 primam;
2364 1794 2433 1836 ex

843 1886 1073 1941 quarum
1092 1872 1275 1940 utique
1286 1857 1647 1926 Kalendarum
1661 1870 1803 1926 diem
1827 1869 1880 1924 in
1903 1870 2074 1940 pridie
2090 1869 2208 1925 idus
2223 1871 2433 1940 Apriles

843 1970 1158 2030 computas,
1187 1969 1244 2016 et
1271 1960 1514 2015 invenies
1533 1959 1650 2016 dies
1665 1967 1880 2016 centum
1911 1959 2068 2016 duos.
2101 1959 2159 2016 lu
2192 1959 2275 2016 his
2307 1976 2432 2030 par-

845 2051 965 2107 tiris
989 2050 1294 2120 septimam,
1318 2058 1373 2106 et
1393 2050 1557 2106 babes
1580 2052 1744 2106 decus
1765 2058 1980 2122 quattus
2008 2064 2172 2122 super
2191 2063 2244 2108 et
2275 2058 2434 2123 quat-

847 2151 962 2210 tus;
995 2143 1128 2200 haec
1145 2153 1228 2200 est
1255 2143 1384 2200 feria
1408 2155 1595 2213 quarta
1608 2145 2074 2214 quartaedecimae
2097 2145 2255 2200 lunae
2273 2145 2429 2215 primi

843 2238 1048 2293 mensis
1077 2239 1202 2292 anni
1232 2236 1410 2306 primi,
1446 2245 1503 2292 ut
1531 2235 1800 2303 diximus,
1832 2237 1886 2292 in
1916 2239 2090 2306 capite
2116 2239 2304 2294 circuli
2345 2253 2433 2295 se-

849 2325 1036 2392 cundi,
1082 2326 1135 2382 in
1167 2343 1273 2398 quo
1293 2327 1593 2383 invenimus
1623 2327 1820 2399 pascha
1851 2328 2276 2385 sacratissimum
2305 2339 2432 2386 tunc

846 2433 876 2474 a
905 2419 1152 2490 patribus
1183 2419 1234 2472 in
1278 2417 1512 2489 Egypto
1536 2418 2026 2476 immolatum.5ed
2050 2435 2170 2476 cum
2199 2419 2299 2476 bos
2325 2421 2434 2476 cir-

845 2510 998 2566 culos
1029 2511 1080 2565 in
1110 2511 1299 2566 ordine
1347 2510 1598 2566 adtentus
1643 2511 1808 2568 lueris
1845 2510 2131 2568 adsecutus
2180 2513 2316 2568 intra
2349 2527 2434 2569 co-

847 2600 1060 2656 lumnas
1083 2601 1199 2655 dies
1231 2600 1462 2670 paschae
1483 2603 1749 2658 veridicos
1778 2603 2018 2658 invenies
2042 2602 2349 2670 adnotatos,
2379 2613 2434 2659 ct

845 2691 970 2746 illos
1005 2691 1096 2763 qui
1123 2690 1254 2746 foris
1277 2700 1405 2746 sunt
1440 2707 1537 2761 pro
1557 2701 1704 2750 certo
1732 2692 2028 2748 ialsissimo
2055 2709 2216 2764 super
2241 2694 2429 2748 cilium

841 2780 1212 2838 columnarum
1250 2793 1481 2839 encauto
1532 2785 1867 2860 cnn~cribzos
1903 2785 2020 2841 sine
2060 2786 2223 2841 dubio
2250 2788 2302 2841 in
2336 2801 2427 2842 er-

843 2889 968 2931 rore
990 2875 1151 2931 fuisse
1165 2875 1389 2931 deliros.
1409 2876 1613 2946 Videtis
1636 2877 1813 2946 igitur,
1831 2877 2120 2945 carissimi,
2143 2877 2284 2948 quod
2311 2880 2430 2932 uni—

845 2969 1045 3038 cuique
1069 2978 1310 3024 nostrum
1335 2969 1469 3023 nihil
1501 2969 1728 3040 denegat
1753 2967 2104 3039 Omnipotens
2128 2970 2288 3026 Deus.
2321 2969 2428 3026 Sed

844 3060 965 3129 quis
1013 3069 1212 3129 quanta
1255 3059 1324 3115 de
1355 3061 1471 3130 ipso
1502 3061 1887 3129 praesumserit
1931 3059 2162 3116 ﬁdeliter
2191 3061 2427 3131 cupienti

845 3156 907 3206 ut
931 3148 1160 3205 voluerit
1189 3149 1499 3220 dilargittlrl
1523 3149 1599 3204 lta
1628 3151 1771 3206 enim
1800 3149 1920 3205 haec
1949 3162 2282 3207 sacramenta
2316 3168 2428 3207 ma-

2531 603 2730 647 coctant
2756 593 2809 647 iu
2836 608 2970 663 aqua
2996 593 3098 648 nisi
3131 604 3359 648 assatasn
3384 594 3512 665 igni.
3542 592 3707 665 051m
3730 607 3848 648 cum
3871 595 4119 666 pedibus,

2531 694 2580 740 et
2606 687 2740 742 inter
2782 686 2944 740 reneis
2985 683 3119 740 nihil
3152 686 3563 756 derelinquentes
3590 702 3655 742 ea:
3678 687 3750 741 eis
3777 687 3830 740 in
3857 702 4009 741 mane
4029 727 4048 754 ,
4074 697 4123 743 et

2532 793 2590 832 os
2610 793 2712 832 non
2740 777 3071 848 confringetis
3103 777 3167 830 ab
3198 792 3278 832 eo.
3311 778 3457 843 Quae
3477 776 3720 831 derelicta
3749 776 3941 848 fuerint
3970 777 4036 831 de
4063 793 4122 832 re

2533 883 2696 939 usque
2721 867 2774 922 in
2797 884 2947 923 mane
2981 867 3090 940 igni
3121 867 3503 922 cremabantur.
3531 866 3624 922 Sic
3644 877 3821 922 autem
3850 866 4125 922 comedetis

2533 972 2650 1011 eum
2671 972 2692 1022 ;
2716 957 2875 1013 lumbi
2899 958 3053 1012 vestri
3082 959 3381 1028 praecincti,
3405 968 3453 1013 et
3468 959 3803 1014 calciamenta
3820 959 3877 1013 in
3909 959 4122 1030 pedibus

2533 1050 2712 1104 uestris
2735 1089 2750 1115 ,
2781 1059 2830 1104 et
2852 1049 3036 1105 bacula
3064 1062 3230 1105 uestra
3265 1051 3321 1106 in
3365 1051 3600 1106 manibus
3639 1053 3854 1119 uestris;
3891 1061 3941 1107 et
3962 1052 4123 1107 edetis

2534 1154 2649 1193 eum
2675 1139 2996 1208 festinanter,
3037 1139 3232 1212 pascite
3281 1153 3350 1197 est
3387 1141 3526 1198 enim
3572 1137 3800 1197 Domini.
3845 1141 4125 1211 Praecepit

2535 1228 2696 1300 igitur
2722 1229 3078 1300 Omnipotens
3102 1231 3241 1287 Deus
3263 1246 3360 1302 per
3401 1231 3623 1303 Moysen
3651 1233 3935 1290 universae
3963 1248 4124 1305 syna-

2534 1336 2702 1393 gogse
2732 1321 2967 1379 ﬁliorum
3014 1319 3215 1378 lsdrael
3264 1324 3316 1376 in
3361 1338 3551 1380 mense
3597 1339 3889 1391 novorum,
3922 1324 4012 1396 qui
4042 1333 4125 1380 est

2537 1415 2744 1469 initium
2792 1416 3058 1470 mensium
3091 1415 3145 1470 in
3177 1416 3454 1473 mensibus
3498 1417 3665 1484 anni,
3695 1417 3748 1474 in
3787 1433 3894 1490 quo
3943 1419 4125 1474 habitu

2534 1503 2757 1560 ederent
2781 1504 3008 1574 pascha;
3041 1504 3107 1561 ad
3130 1503 3234 1561 hoc
3263 1506 3449 1576 utique
3472 1551 3488 1577 ,
3513 1517 3574 1563 ut
3611 1517 3667 1564 et
3692 1522 3846 1564 suam
3867 1509 4126 1564 divinita-

2533 1603 2644 1649 tem
2699 1594 3048 1651 credentibus
3094 1597 3254 1653 nobis
3294 1598 3348 1652 in
3390 1596 3610 1654 Christo
3651 1599 4025 1656 manilestaret
4067 1611 4122 1656 et

2535 1685 2750 1741 illorum
2782 1685 3124 1743 latrocinium
3144 1727 3162 1754 ,
3185 1688 3296 1758 jam
3320 1696 3448 1745 tunc
3475 1705 3505 1744 a
3537 1691 3739 1761 pascha
3775 1693 4039 1762 primum,
4070 1691 4125 1747 in

2539 1775 2772 1848 Βαγριο
2815 1777 3150 1833 celebratum
3202 1779 3639 1848 demonstraret;
3680 1781 3856 1852 quiin
3887 1781 4122 1855 Επμο

2467 1847 2513 1909 Β
2539 1868 2607 1922 ad
2636 1847 2915 1935 vesperam
2937 1907 2955 1934 ,
3001 1866 3143 1924 idest
3173 1869 3228 1923 in
3261 1869 3555 1926 novissima
3602 1847 3802 1927 saeculi
3831 1847 4074 1944 tempora
4104 1913 4122 1939 ,

2539 1957 2855 2027 praecincti,
2887 1966 2941 2012 et
2969 1957 3185 2013 calciati
3228 1957 3488 2015 adversus
3514 1974 3711 2031 agnum
3737 1962 3831 2017 Dei
3860 1963 4128 2019 immacu-

2533 2047 2703 2102 latum
2725 2047 2899 2116 prima
2931 2046 3018 2103 die
3041 2047 3341 2103 animorum
3371 2047 3438 2102 ad
3471 2062 3754 2118 vesperam
3779 2065 3900 2104 cum
3927 2049 4125 2121 gladiis

2535 2149 2592 2195 et
2635 2139 2865 2194 fustibus
2909 2141 3162 2208 exirent,
3199 2149 3253 2194 et
3276 2141 3560 2206 universa,
3612 2157 3750 2212 quae
3779 2144 3848 2198 ab
3874 2146 4127 2203 omnibus

2535 2229 2832 2300 Prophetis.
2846 2230 2916 2285 de
2936 2245 3002 2286 eo
3028 2231 3305 2300 praedicta
3332 2229 3566 2298 fuerant,
3592 2234 3645 2287 in
3673 2248 3796 2289 eum
3817 2236 4127 2292 committe-

2535 2327 2676 2375 rent.
2705 2319 2770 2374 Et
2799 2320 2919 2375 ideo
2949 2333 3047 2375 nos
3073 2320 3164 2390 qui
3186 2320 3298 2391 jam
3332 2336 3438 2386 non
3469 2323 3767 2378 secundum
3792 2325 4126 2395 imaginem,

2536 2410 2676 2464 sicut
2706 2409 2805 2476 illi,
2836 2408 2931 2466 sed
2955 2409 3250 2465 secundum
3271 2407 3550 2465 veritatem
3571 2411 3626 2465 in
3651 2416 4127 2471 commemoratio~

2537 2516 2658 2556 nem
2700 2502 2970 2571 passionis
3023 2501 3119 2557 lilii
3175 2501 3269 2557 Dei
3316 2502 3511 2572 pascha
3570 2505 3928 2573 celebramus,
3981 2507 4122 2564 nihil

2535 2592 2682 2648 aliud
2711 2594 2762 2647 in
2788 2593 2978 2662 primis
3007 2595 3117 2649 nisi
3142 2593 3211 2650 de
3245 2595 3414 2663 ipsius
3439 2595 3650 2650 Domini
3683 2598 3852 2652 nostri
3885 2600 4122 2654 adventu

2535 2684 2665 2738 totis
2687 2684 2895 2738 viribus
2921 2684 3044 2739 ﬁdei
3075 2693 3292 2740 nostrae
3317 2685 3606 2756 diligenter
3627 2689 3906 2757 requ‘rere
3930 2688 4126 2744 debea-

2535 2789 2654 2830 mus
2693 2785 2751 2830 et
2794 2783 2922 2832 tunc
2962 2776 3289 2833 circulorum
3332 2780 3476 2835 serie
3517 2771 3878 2837 revolvamus.
3912 2783 4127 2837 Primus

2531 2868 2679 2924 enim
2707 2865 2875 2938 Gaius
2894 2868 3071 2925 Julius
3096 2869 3296 2926 Caesar
3318 2870 3520 2927 Romae
3545 2873 3830 2942 imperavit
3854 2875 4010 2929 annis
4031 2874 4126 2931 de-

2533 2975 2674 3028 cem,
2707 2961 2983 3027 mensibus
3003 2969 3281 3032 quattuor,
3306 2962 3498 3019 diebus
3526 2980 3639 3019 ser.
3668 2965 3793 3020 Post
3823 2965 4011 3035 Gajum
4033 2965 4125 3021 Ju-

2535 3051 2665 3106 lium
2688 3051 2974 3108 Caesarem
3001 3054 3547 3124 successitAngnstus
3569 3057 3880 3126 imperator,
3899 3058 3991 3128 qui
4022 3057 4124 3112 im-

2537 3143 2748 3210 peravit
2795 3141 2997 3198 Romae
3041 3143 3200 3199 annis
3237 3144 3622 3214 quinquaginta
3677 3161 3794 3211 sex,
3847 3149 4123 3203 mensibus

844 3240 1088 3298 nilestari
1138 3214 1445 3312 praecepit,
1477 3250 1534 3296 ut
1562 3255 1591 3295 a
1623 3241 1875 3312 passione
1909 3242 2182 3300 Dominica
2215 3244 2268 3297 in
2299 3259 2429 3311 qua-
2457 3214 2502 3276 (ἶ
2533 3241 2803 3315 quattuor,
2827 3233 2916 3289 die
2944 3248 3071 3289 uno.
3099 3234 3212 3290 lloc
3243 3235 3548 3306 imperante
3581 3236 3800 3294 advenit
3822 3239 4118 3307 .lohannes,

844 3331 1272 3404 dringentesimo
1313 3342 1369 3389 et
1398 3332 1656 3404 vigesimo
1691 3347 1835 3388 anno
1877 3333 2017 3404 regis
2044 3331 2304 3389 Geiserici
2333 3334 2430 3388 de-

845 3426 990 3482 cimo
1015 3439 1158 3480 anno
1191 3424 1334 3481 diem
1382 3424 1769 3492 inveniremus,
1801 3425 1857 3481 in
1887 3441 1993 3496 quo
2018 3425 2278 3482 Dominus
2306 3441 2428 3482 cum

845 3517 959 3573 suis
980 3515 1255 3587 discipulis
1297 3515 1494 3586 pascha
1526 3515 1948 3571 sacratissimum
1971 3516 2344 3580 manducavit;
2378 3518 2429 3572 in

847 3607 1036 3664 eodem
1077 3623 1290 3678 quoque
1317 3607 1722 3678 complerentur
1749 3607 1875 3662 anni
1903 3608 2013 3663 duo
2038 3609 2183 3664 milia
2210 3618 2428 3664 centum

845 3699 1064 3764 decem,
1103 3698 1170 3752 ab
1207 3712 1345 3768 agno
1390 3696 1598 3753 scilicet
1644 3697 1735 3752 illo
1775 3699 2028 3753 anniculo
2071 3698 2190 3754 sine
2217 3699 2346 3754 vitio
2377 3701 2428 3752 in

845 3787 1081 3860 Αἴθῃ)ιο
1131 3788 1436 3852 immolato,
1491 3788 1631 3843 sicut
1675 3803 1704 3843 a
1760 3790 1980 3844 secundi
2029 3789 2216 3845 circuli
2255 3791 2430 3860 capite

846 3879 1207 3935 ostenduntur
1223 3879 1273 3932 in
1300 3878 1490 3934 ordine
1509 3877 1722 3933 titulati.

919 3969 1240 4039 incipiamus
1280 3971 1460 4039 itaque
1485 4009 1502 4036 ,
1534 3968 1732 4025 fratres
1757 4011 1771 4035 ,
1799 3969 1865 4025 ab
1894 3971 2056 4026 exodi
2088 3970 2322 4028 lectione
2366 3972 2432 4028 de

846 4059 967 4128 ipso
985 4072 1131 4129 .agno
1163 4059 1215 4112 in
1244 4054 1478 4129 Egypto
1507 4059 1782 4113 immolato
1825 4059 1878 4114 in
1909 4061 2222 4115 memoriam
2257 4061 2433 4117 scien-

848 4150 990 4206 tibus
1034 4165 1308 4216 revocare,
1358 4159 1416 4204 ut
1463 4149 1731 4219 possimus
1779 4161 2130 4222 utrorumque
2171 4167 2432 4221 agnorum

843 4241 1078 4312 speciem
1100 4240 1406 4296 volentibus
1428 4239 1822 4296 demonstrare.
1849 4242 1904 4296 lu
1931 4258 2034 4313 qua
2065 4243 2298 4299 lectione
2347 4259 2435 4300 re-

843 4331 1214 4402 cognoscimus
1240 4333 1412 4400 ipsum
1450 4331 1621 4386 Deum
1649 4342 1705 4387 et
1755 4333 2034 4388 Dominum
2077 4345 2319 4390 nostrum
2363 4339 2431 4393 ad

845 4423 1062 4491 lioysen
1121 4430 1178 4476 et
1222 4421 1366 4476 Aron
1419 4423 1638 4477 fratrem
1692 4420 1809 4492 ejus
1857 4423 1910 4478 in
1966 4436 2164 4480 terram
2210 4426 2432 4498 Egypti

843 4510 1045 4566 dixisse
1078 4528 1090 4563 :
1121 4513 1304 4565 mensis
1330 4512 1413 4565 hic
1435 4552 1452 4579 ,
1482 4513 1668 4582 inquit,
1703 4514 1909 4570 initium
1929 4519 2200 4586 mensium,
2235 4523 2429 4588 primus

843 4604 937 4657 erit
975 4603 1134 4666 vobis,
1168 4604 1220 4656 in
1251 4603 1504 4658 mensibus
1535 4609 1661 4673 fasc
1689 4647 1701 4667 ,
1733 4607 1799 4660 ad
1841 4621 2058 4664 omnem
2088 4610 2423 4684 Synagogam

845 4693 1075 4749 ﬁliorum
1104 4693 1305 4749 lsdrael
1337 4695 1523 4750 dicens
1553 4711 1568 4748 :
1600 4697 1794 4752 decimo
1828 4699 1914 4754 die
1939 4703 2125 4756 mensis
2162 4703 2317 4775 hujus
2339 4722 2424 4759 ac-

845 4786 1036 4854 cipiant
1063 4786 1160 4839 sibi
1188 4787 1377 4856 singuli
1408 4803 1496 4856 per
1522 4787 1698 4840 domos
1740 4789 1966 4844 tribuum
2013 4807 2152 4846 ovem
2197 4811 2286 4863 per
2331 4797 2425 4850 do-

844 4892 981 4929 mum
1004 4893 1022 4941 ;
1054 4886 1100 4929 et
1129 4878 1174 4930 si
1193 4877 1362 4948 exigui
1386 4887 1532 4932 erunt
1560 4878 1611 4930 iu
1635 4880 1806 4944 domo,
1834 4888 1888 4933 ut
1913 4896 2015 4934 non
2044 4882 2146 4936 sint
2173 4885 2426 4953 sufﬁcien-

843 4978 913 5022 tes
931 4971 998 5022 ad
1023 4984 1184 5035 ovem,
1209 4971 1479 5024 adsumant
1499 4987 1666 5024 secum
1693 4973 1914 5036 uicinum
1936 4977 2226 5044 proximum
2249 4995 2420 5046 suum,

841 5076 931 5126 per
978 5075 1240 5112 numerum
1281 5061 1567 5113 animarum
1615 5061 1807 5134 singuli
1847 5065 1990 5134 quod
2045 5067 2290 5136 sufﬁcient
2326 5069 2425 5123 sibi

839 5152 1202 5220 computabant
1236 5153 1288 5205 in
1319 5167 1478 5206 ovem.
1506 5151 1626 5206 Oris
1652 5156 1717 5206 sit
1746 5154 1854 5208 sine
1881 5156 2000 5210 vitio
2019 5197 2033 5223 ,
2062 5158 2424 5216 inmaculatus

841 5241 1089 5308 perfectus
1131 5243 1384 5297 masculus
1416 5254 1462 5296 et
1491 5246 1759 5297 anniculus
1803 5247 1896 5299 erit
1921 5249 2056 5303 vobis
2101 5251 2164 5303 ab
2203 5254 2350 5320 agnis
2376 5263 2422 5306 et

839 5332 898 5381 ab
925 5333 1047 5383 redis
1076 5333 1239 5399 accipi
1263 5374 1278 5398 ,
1306 5349 1364 5386 ea
1396 5335 1458 5386 sit
1484 5335 1620 5389 vobis
1651 5337 1966 5390 obsera-itum
1996 5356 2152 5408 usque
2179 5342 2244 5393 ad
2266 5360 2422 5410 quar-

841 5431 941 5475 tam
972 5423 1218 5476 decimam
1240 5425 1369 5476 diem
1395 5427 1578 5479 mensis
1607 5425 1778 5497 hujus.
1808 5425 1873 5480 Et
1905 5431 2097 5482 occidet
2131 5449 2246 5484 eunt
2272 5449 2420 5487 omne

840 5516 1014 5583 uulgus
1040 5531 1329 5586 synagogas
1358 5517 1583 5584 ﬁliorum
1612 5518 1816 5573 lsdrael
1845 5522 1911 5572 ad
1943 5538 2235 5586 vesperum;
2265 5536 2310 5578 et
2333 5542 2420 5578 ac-

842 5609 1022 5671 cipient
1047 5609 1111 5660 de
1133 5609 1375 5677 sanguine
1399 5614 1525 5681 ejus,
1554 5622 1596 5662 rt
1624 5623 1810 5681 ponent
1835 5630 1983 5680 super
2004 5618 2129 5668 duos
2160 5628 2344 5684 postea,
2371 5627 2419 5671 el

841 5711 992 5763 super
1019 5699 1186 5752 limem
1227 5701 1276 5752 iu
1305 5699 1554 5763 domibus,
1591 5704 1638 5754 in
1664 5703 1838 5770 quibus
1868 5721 1979 5758 eum
2011 5707 2180 5771 edent,
2213 5709 2264 5759 in
2295 5709 2416 5775 ipsis

839 5794 886 5838 et
943 5787 1086 5839 edent
1126 5804 1302 5843 Cornea
1349 5791 1485 5857 ipsas
1541 5803 1684 5847 nocte
1743 5804 1941 5848 assatas
1991 5796 2098 5864 igni
2159 5809 2201 5850 et
2250 5800 2411 5852 axium

2531 3323 2824 3380 Zachariae
2867 3324 3169 3380 sacerdotis
3219 3326 3363 3381 filius
3389 3369 3404 3392 ,
3438 3329 3638 3383 missus
3686 3344 3715 3382 a
3753 3328 3864 3384 Deo
3909 3331 4121 3399 praedi-

2530 3414 2992 3484 cansbaptismum
3008 3417 3486 3487 ptenitentiae,qui
3517 3419 3810 3482 secundum
3843 3421 4122 3490 ριίιράἱασι.

2533 3507 2737 3562 tionem
2766 3506 2901 3577 legis
2940 3507 3431 3580 prophetarumque
3456 3511 3700 3564 omnium
3727 3510 3998 3565 Christum
4029 3526 4120 3564 os-

2534 3596 2725 3660 tendit,
2749 3594 3022 3653 Christum
3058 3596 3224 3653 illium
3253 3600 3343 3653 Dei
3374 3598 3660 3679 advenisse
3698 3601 3753 3654 in
3791 3601 3934 3656 hunc
3962 3619 4120 3656 mun-

2531 3688 2682 3756 dum,
2729 3689 2867 3744 idest
2897 3689 2951 3744 in
2977 3691 3196 3760 regione
3225 3689 3397 3746 Iudae
3421 3732 3435 3754 ,
3466 3691 3654 3746 dicens
3678 3709 3691 3746 :
3741 3693 3824 3746 hic
3852 3704 3926 3747 est
3955 3710 4120 3764 agnus

2535 3779 2664 3844 Dei,
2695 3780 2783 3849 qui
2806 3780 2972 3848 aufert
3000 3792 3206 3850 peccata
3233 3782 3446 3848 mundi;
3473 3793 3522 3835 et
3550 3783 3631 3836 lu'c
3649 3797 3721 3837 est
3748 3782 3990 3838 Saluator
4008 3800 4120 3839 sae-

2531 3871 2672 3934 culi;
2703 3869 2786 3922 hic
2812 3880 2885 3922 est
2913 3870 2978 3924 de
3000 3887 3104 3941 quo
3133 3872 3244 3926 dixi
3289 3887 3310 3926 :
3348 3872 3498 3926 homo
3539 3884 3659 3927 ante
3699 3889 3778 3927 me
3819 3877 3984 3943 factus
4011 3889 4119 3938 est.

2533 3963 2684 4030 cujus
2715 3974 2819 4014 non
2854 3975 2968 4013 sunt
2996 3960 3183 4033 dignus
3222 3963 3497 4033 corrigiam
3540 3964 3990 4019 calciamentorum
4013 3969 4121 4020 sol-

2533 4067 2665 4106 vere.
2719 4052 2925 4109 Exinde
2964 4055 3106 4125 cepit
3140 4055 3298 4130 Jesus
3338 4057 3534 4112 docere
3576 4059 3829 4128 populum
3859 4058 4118 4115 etfacere

2535 4144 2764 4201 virtutes
2793 4155 2848 4202 et
2887 4145 3042 4216 signa
3087 4161 3301 4219 magna,
3336 4163 3473 4219 quae
3513 4150 3691 4203 nullus
3725 4149 3863 4206 alius
3895 4151 4116 4207 iecerat.

2537 4235 2900 4292 Manilestavit
2927 4249 3103 4294 autem
3131 4253 3191 4294 se
3221 4248 3341 4308 post
3380 4240 3703 4308 baptismum
3737 4242 3986 4296 universo
4022 4247 4118 4298 hu-

2537 4342 2700 4381 mano
2728 4330 2913 4398 generi
2966 4329 3195 4384 filiorum
3230 4331 3346 4394 Dei,
3377 4330 3602 4386 missum
3653 4346 3682 4385 a
3727 4331 3837 4388 Deo
3871 4343 4019 4404 patre
4051 4335 4118 4388 ad

2534 4419 2916 4476 stabiliendum
2973 4431 3028 4476 et
3076 4423 3513 4487 reformandum,
3555 4427 4118 4498 reconciliandumque

2540 4512 2795 4580 populum
2819 4513 2924 4569 sibi
2954 4517 3336 4584 compositum,
3369 4517 3567 4586 quibus
3596 4518 3786 4573 electis
3832 4518 4115 4576 duodecim

2533 4601 2820 4671 discipulis
2840 4602 2962 4657 data
2983 4612 3068 4660 est
3098 4615 3336 4674 potestas
3364 4608 3418 4661 in
3463 4616 3648 4661 sancto
3669 4607 3909 4677 Spiritu;
3936 4618 3988 4663 et
4017 4611 4117 4665 mi-

2533 4695 2606 4748 sit
2628 4707 2724 4748 eos
2755 4710 2851 4766 per
2876 4710 3066 4751 omnes
3091 4709 3302 4768 gentes,
3328 4697 3690 4768 docentes-que
3717 4699 3996 4756 docerent.
4023 4701 4116 4755 De-

2533 4785 2660 4842 hinc
2685 4787 2950 4843 ordinatis
2995 4788 3076 4844 eis
3118 4788 3184 4844 ad
3229 4789 3462 4844 cilicium
3501 4790 3844 4860 praedicandi
3885 4793 4111 4862 gratiam

2533 4876 2628 4932 Dei
2670 4877 2863 4934 laetam
2913 4894 3008 4948 per
3038 4895 3233 4936 nomen
3274 4880 3389 4950 ejus
3414 4923 3428 4947 ,
3462 4883 3834 4938 remissionem
3866 4895 4114 4953 peceato-

2530 4985 2670 5033 rum,
2705 4973 3153 5027 resurrectionem
3179 4973 3376 5038 carnis,
3405 4984 3679 5029 aeternam
3699 4977 3861 5030 vitam
3890 4980 4114 5034 mortuis

2527 5063 2935 5132 resurgentibus
2958 5108 2972 5131 ,
3009 5065 3276 5134 praedixit
3297 5066 3375 5122 eis
3399 5076 3600 5137 quanta
3639 5082 3893 5137 passurus
3918 5080 4063 5126 esset
4083 5087 4110 5124 a

2527 5153 2745 5210 Judaeis
2793 5171 2963 5227 usque
3004 5157 3068 5211 ad
3102 5167 3352 5224 mortem,
3385 5168 3609 5214 inortem
3642 5171 3820 5216 autem
3851 5161 4029 5216 erucis
4057 5173 4113 5218 et

2526 5247 2665 5318 quod
2697 5247 2874 5302 triduo
2903 5264 3188 5304 mansurus
3214 5260 3359 5306 esset
3384 5253 3437 5306 in
3468 5251 3634 5308 Corde
3657 5265 3858 5316 terrae,
3885 5263 3939 5308 et
3965 5256 4108 5318 quod

2529 5339 2683 5392 tertia
2712 5339 2799 5393 die
2833 5358 2858 5390 ει
2893 5339 3119 5395 mortuis
3151 5353 3485 5413 resurgeret,
3520 5353 3571 5395 et
3617 5353 3736 5412 post
3758 5344 4112 5398 re~urrcctio-

2529 5446 2648 5483 nem
2695 5433 2859 5487 cmlos
2893 5433 3163 5503 petiturus
3204 5443 3366 5488 esset.
3403 5435 3601 5489 Deinde
3627 5436 3868 5490 'l‘ibcrins
3911 5435 4111 5491 Caesar

2527 5525 2810 5589 imperavit
2839 5526 2994 5580 armis
3033 5527 3215 5595 viginti
3249 5527 3455 5582 duobus
3481 5569 3496 5592 ,
3545 5528 3823 5582 mensibus
3870 5541 4107 5598 Septem,

2526 5615 2712 5671 diebus
2741 5617 3156 5686 vigintiduobus.
3189 5617 3299 5674 lluc
3327 5620 3623 5687 imperante
3645 5659 3659 5683 ,
3685 5619 3823 5672 idest
3849 5622 4110 5675 sextade-

2523 5707 2666 5761 cimo
2707 5722 2848 5761 anno
2899 5707 3108 5775 imperii
3151 5709 3289 5778 ejus,
3334 5721 3653 5778 procurante
3688 5708 3883 5764 Jadaea
3913 5711 4106 5764 i’oniio

2525 5800 2699 5855 Pilato
2746 5803 2844 5856 sub
2889 5802 3044 5856 Anna
3089 5810 3143 5858 et
3173 5802 3320 5857 Caila
3351 5803 3748 5867 sacerdotibus,
3780 5805 3971 5858 octabn
4001 5801 4104 5860 iia-
