4322 6404
386 382 397 393 ~
431 347 537 406 a53

1518 342 1604 399 DE
1642 336 1964 401 COMPUTO
2004 338 2340 398 PASCiIALi
2383 332 2510 396 LIB.
2565 340 2627 396 ll.

3610 341 3715 403 55s

434 462 619 517 lendas
648 460 865 531 Apriles
888 499 905 526 ,
930 455 1139 513 duobus
1166 453 1409 511 Geminis
1429 452 1789 520 Consulibus,
1832 452 2022 508 incidit
2047 453 2096 513 Α
2130 453 2316 521 prima:
2338 453 2595 509 ocdoadis
2617 468 2727 509 sua:
2759 454 2811 509 in
2843 454 3051 524 integro
3078 452 3345 521 deﬁxerit,
3378 468 3478 512 nec
3508 458 3713 514 δεηιηη

433 568 581 609 sexta
609 552 821 605 decima
860 551 1007 612 luna,
1042 558 1355 616 parasceve,
1380 543 1594 614 quando
1630 544 1889 599 Dominus
1922 559 2017 598 no-

432 655 566 710 ster,
596 641 849 698 Salvator
876 640 1093 709 generis
1123 636 1366 699 humani,
1398 635 1557 690 .lesns
1592 631 1841 688 Christus
1874 634 2019 688 illius

435 733 528 788 Dei
560 745 748 800 passus
776 738 881 784 est.
914 728 1211 796 Perpessus
1241 726 1404 795 igitur
1425 725 1605 779 omnia
1629 767 1644 793 ,
1670 729 1811 793 quae
1858 722 1925 778 de
1952 738 2019 779 eo

434 824 645 878 inerant
664 822 891 889 scripta,
923 816 1218 873 secundum
1249 815 1707 885 praedicationem
1732 814 1865 884 legis
1889 814 2019 869 Pro-

435 915 827 984 phetarumque
854 912 1175 985 omniumet
1204 908 1617 987 Evangeliorum
1646 906 1785 975 ejus,
1805 920 2013 976 passus,

434 1014 493 1058 ut
519 1004 773 1065 diximus,
802 1000 997 1056 octabu
1021 997 1288 1054 Kalendas
1308 996 1540 1068 Apriles,
1570 997 1658 1052 die
1676 1010 2014 1066 parascaeve.

433 1094 618 1150 Tertio
649 1107 779 1148 vero
813 1091 905 1146 die
928 1106 959 1146 a
986 1089 1214 1145 mortuis
1242 1091 1581 1157 resurrexit,
1616 1089 1705 1144 die
1737 1088 2017 1145 Dominica

432 1194 586 1241 sextu
618 1183 882 1239 Kalendas
902 1181 1142 1246 easdem,
1172 1188 1226 1236 et
1256 1187 1605 1235 conversatus
1630 1196 1753 1234 cum
1782 1181 2019 1249 Aposto-

431 1275 499 1329 iis
521 1283 575 1329 et
609 1273 889 1343 Discipuiis
934 1271 1288 1342 quadraginta
1325 1269 1495 1326 ferme
1521 1269 1711 1325 diebus
1734 1310 1748 1335 ,
1783 1272 2015 1324 circum~

433 1365 545 1419 fusa
578 1364 722 1420 nube
746 1363 800 1418 in
829 1361 969 1417 eicio
1009 1369 1094 1416 est
1123 1369 1393 1430 receptus.
1444 1360 1654 1416 Exinde
1692 1361 1857 1429 igitur
1882 1402 1899 1429 ,
1934 1376 2019 1416 re-

428 1468 629 1527 gnante
675 1450 851 1526 gratia
893 1454 1010 1521 Dei,
1065 1454 1315 1509 homines
1356 1453 1641 1510 credentes
1687 1455 1741 1508 in
1796 1454 2018 1510 nomine

429 1548 545 1618 ejus
595 1546 905 1600 inluminari
935 1553 1240 1614 coeperunt.
1269 1544 1341 1599 Et
1368 1544 1489 1599 ideo
1530 1543 1586 1598 in
1638 1544 1725 1599 his
1762 1545 2017 1599 omnibus

426 1638 654 1707 gratiam
696 1635 1002 1691 referamus
1048 1636 1184 1691 haec
1226 1636 1407 1690 omnia
1450 1635 1756 1704 disponenti
1796 1646 2016 1705 prepter

428 1738 669 1783 nostram
716 1729 980 1792 salutem;
1013 1738 1068 1783 et
1099 1736 1259 1782 vocat
1285 1742 1381 1783 nos
1414 1728 1481 1781 ad
1508 1727 1747 1781 divinam
1787 1728 2017 1797 agnitio-

2126 559 2409 600 numerum
2462 559 2725 598 annorum
2798 544 3039 599 veridice
3100 545 3508 611 terminaveris;
3578 549 3718 605 sicut

2123 642 2300 691 textus
2351 635 2552 690 indicat
2602 644 2909 691 nostrorum
2966 639 3306 705 sequentium
3364 639 3715 706 circulorum,

2122 740 2350 795 quorum
2382 725 2591 781 scilicet
2635 727 2685 780 in
2714 728 2890 796 capite
2934 726 3212 783 inveniens
3236 728 3491 784 Kalendis
3517 730 3718 785 Janua-

2121 813 2215 870 riis
2246 816 2371 870 luna
2404 816 2687 886 vigesima,
2740 826 2796 873 et
2837 818 3071 873 secunda
3100 817 3231 872 feria
3269 819 3519 891 septima,
3551 837 3716 891 quar-

2123 905 2385 962 tadecima
2417 908 2575 977 primi
2627 909 2864 972 mensis;
2894 908 3104 963 decimu
3142 908 3414 965 Kalendas
3472 914 3712 980 Apriles,

2122 997 2255 1054 feria
2296 1014 2371 1054 tv.
2424 1001 2757 1056 Deminicum
2793 1003 3006 1070 pascha
3036 1018 3111 1056 vt.
3167 1003 3246 1058 id.
3297 1005 3533 1075 Apriles,
3591 1009 3715 1063 luna

2120 1086 2575 1159 duodevigesima,
2604 1098 2659 1146 et
2689 1090 2741 1145 in
2770 1091 2887 1159 ejus
2921 1090 3249 1146 circulorum
3287 1090 3513 1148 habetur
3540 1095 3594 1150 in
3620 1111 3718 1151 ca-

2122 1177 2231 1244 pite
2279 1177 2400 1233 Kal.
2433 1179 2703 1234 Januariis
2750 1181 2874 1234 luna
2912 1197 2996 1235 xx.
3032 1181 3161 1237 ieris
3192 1197 3267 1237 γι.
3313 1185 3715 1251 quartadecima

2122 1268 2278 1335 primi
2310 1270 2511 1323 mensis
2533 1280 2721 1324 octavu
2763 1267 3018 1325 kalendas
3048 1270 3261 1339 Apriles
3292 1271 3425 1326 feria
3458 1288 3507 1325 v.
3539 1273 3716 1329 domi-

2121 1356 2359 1412 ninicum
2389 1372 2582 1426 pascm,
2616 1372 2667 1413 v.
2710 1358 2817 1413 kal.
2847 1360 3080 1429 Apri'es,
3120 1360 3246 1414 luna
3278 1375 3368 1415 vn.
3400 1361 3455 1415 in
3489 1363 3590 1418 hoc
3624 1364 3714 1419 die

2121 1456 2272 1515 putat
2311 1462 2432 1502 esse
2459 1450 2764 1517 passionem
2798 1449 3152 1514 Dominicam,
3184 1454 3326 1521 quod
3375 1453 3597 1508 omnino
3624 1455 3711 1509 ui-

2119 1537 2331 1594 iatenus
2374 1541 2621 1609 congruit
2648 1541 2882 1595 veritati.
2924 1542 3011 1597 Sic
3043 1542 3204 1597 etiam
3251 1546 3451 1599 nostris
3483 1546 3717 1614 aspecti-

2119 1630 2219 1685 bus
2250 1632 2453 1686 Iunaris
2484 1632 2601 1701 ipse
2630 1633 2931 1689 cursiculus
2959 1634 3161 1689 indicat
3209 1634 3372 1690 rutilo
3396 1636 3597 1693 lumine
3623 1654 3712 1693 ra-

2121 1723 2320 1792 diatus,
2345 1725 2505 1780 simul
2532 1735 2587 1781 et
2607 1741 2868 1781 annorum
2900 1731 3157 1781 numerus
3182 1738 3331 1782 certo
3365 1730 3417 1783 in
3449 1730 3566 1785 loco
3588 1731 3713 1801 jure

427 1834 551 1875 ncm
585 1820 841 1874 Dominus
880 1820 1020 1873 Deus
1046 1819 1389 1891 omnipotens
1418 1828 1567 1888 pater
1599 1820 2013 1875 Domininostri
2046 1810 2091 1870 Β
2123 1812 2354 1868 defixus.
2386 1815 2654 1885 Agriustia
2697 1830 2823 1870 vero
2864 1817 3065 1885 primus
3109 1818 3385 1885 pravitatis
3418 1818 3615 1885 cultor,
3654 1830 3712 1876 et

424 1910 554 1965 .lesu
586 1910 806 1975 Christi,
838 1907 927 1964 cui
949 1910 1020 1964 sit
1046 1909 1219 1964 honor
1238 1918 1297 1965 et
1312 1910 1494 1980 gloria
1530 1925 1625 1977 per
1652 1911 1881 1966 eundem
1907 1910 2015 1966 Do-

423 2004 632 2057 minum
660 2000 933 2056 Christum
962 2000 1015 2055 in
1040 2001 1239 2056 Sancto
1267 1999 1475 2069 Spiritu
1506 2014 1601 2069 per
1623 2000 1803 2055 omnia
1834 2000 2012 2056 secula

422 2093 755 2149 seculorum.
795 2096 986 2149 Amen.

497 2183 657 2238 Fiunt
677 2197 806 2253 ergo
836 2199 864 2238 a
889 2183 1259 2251 protopiausto
1286 2178 1454 2239 Adam
1485 2183 1537 2237 in
1586 2198 1725 2239 anno
1754 2179 2012 2239 sestode-

414 2276 566 2329 'cimo
590 2275 788 2330 Tiberii
820 2272 1072 2338 Ctesaris,
1107 2274 1245 2329 idest
1272 2274 1325 2328 in
1358 2274 1626 2342 passionis
1650 2273 1859 2328 Domini
1899 2273 2010 2338 die,

420 2366 552 2421 anni
577 2381 629 2418 v.
664 2366 829 2420 millia
858 2366 1161 2434 quingenti;
1185 2375 1290 2421 eta
1322 2368 1571 2436 passione
1598 2366 1807 2423 Domini
1845 2378 2013 2435 usque

416 2457 490 2510 ad
546 2472 745 2510 annum
796 2455 1065 2511 decimum
1117 2456 1302 2527 Regis,
1342 2456 1471 2512 anni
1517 2458 1892 2529 quadringenti
1933 2459 2013 2513 vi-

419 2550 589 2618 ginti;
632 2557 738 2616 quo
768 2562 909 2601 anno
936 2555 990 2603 et
1019 2548 1264 2603 invenies
1304 2548 1445 2604 diem
1475 2548 1686 2617 pascha:
1712 2550 2012 2607 sacratissi-

419 2653 594 2704 mum,
629 2639 682 2692 in
724 2651 829 2707 quo
862 2638 1117 2693 Dominus
1163 2646 1347 2694 noster
1386 2653 1484 2708 pro
1510 2640 1665 2696 nobis
1698 2656 1869 2710 agnus
1913 2641 2010 2697 Dei

416 2727 585 2782 fuerit
632 2728 962 2782 immolatus.
992 2727 1094 2796 Qui
1134 2728 1252 2785 dies
1304 2729 1359 2785 in
1389 2730 1564 2799 capite
1616 2730 1802 2786 circuli
1850 2732 2011 2800 primi

421 2834 569 2873 anno
600 2818 812 2873 decimo
839 2818 1080 2886 ejusdem
1120 2818 1282 2891 Regis
1331 2819 1601 2892 defigitur,
1633 2822 1875 2890 perfecto
1912 2838 2011 2879 nu-

422 2923 579 2964 mero
620 2907 882 2963 titulatus.
924 2909 979 2963 in
1010 2909 1096 2971 his
1139 2911 1321 2981 itaque
1364 2913 1520 2966 annis
1549 2912 1880 2981 Augustalis,
1928 2915 2009 2967 sui

412 2996 663 3053 laterculi
695 3008 907 3066 auctor,
933 3000 1061 3054 dum
1090 3010 1143 3056 et
1185 3001 1483 3057 litterarum
1514 3004 1583 3057 sit
1610 3004 1833 3057 scientia
1868 3019 2007 3073 pra?-

413 3088 583 3152 ditus,
610 3101 663 3143 et
687 3081 1053 3144 calculationis
1082 3100 1200 3145 arte
1229 3092 1435 3160 peritus
1454 3130 1469 3155 ,
1503 3092 1690 3147 vitium
1716 3093 2009 3150 incurrisse

2116 1905 2318 1957 erroris
2348 1904 2433 1957 sui
2486 1913 2711 1968 amator,
2766 1906 3186 1974 assertionisque
3229 1920 3339 1961 suae
3368 1907 3712 1977 imperitissi-

2116 2008 2238 2048 mus
2264 1995 2455 2049 doctor
2496 2002 2553 2051 et
2581 1995 2897 2064 semipsum,
2927 2010 3085 2065 quem
3114 1996 3241 2051 dum
3283 1998 3517 2053 diximus
3542 1999 3713 2055 decli-

2115 2083 2373 2151 nandum,
2402 2097 2573 2139 annos
2602 2101 2696 2154 per
2721 2086 2959 2156 singulos
2989 2086 3584 2158 scripulisdissiparare
3618 2106 3715 2144 co-

2115 2183 2292 2240 natur,
2322 2186 2383 2231 ut
2408 2179 2524 2244 ejus
2561 2177 2765 2234 falsitas
2791 2176 3011 2233 evidens
3040 2189 3255 2234 ostensa
3286 2182 3537 2250 nudetur,
3589 2196 3639 2238 et
3664 2197 3698 2237 ι

2114 2270 2338 2325 veritate
2363 2270 2570 2325 alienus
2602 2272 2943 2327 innotescere
2970 2270 3235 2326 videatur.
3266 2270 3385 2342 ipse
3405 2273 3459 2329 in
3489 2274 3704 2330 doctius

2115 2361 2241 2412 tunc
2271 2358 2779 2427 interrogationibus
2818 2363 3069 2429 agitetur,
3101 2362 3256 2431 quasi
3284 2364 3365 2417 vel
3396 2372 3532 2433 quos
3557 2365 3709 2420 sola-

2115 2450 2276 2506 minis
2304 2460 2622 2521 argumento
2654 2452 2705 2504 in
2737 2452 2853 2519 ipso
2882 2453 3009 2506 anni
3036 2452 3306 2507 curriculo
3339 2455 3452 2509 suis
3481 2455 3711 2510 latercu-

2114 2540 2181 2596 lis
2203 2541 2341 2596 luna:
2367 2549 2699 2596 crem‘entum
2726 2554 2875 2597 asses
2896 2542 3143 2597 undecim
3161 2545 3541 2610 semunciam.
3569 2550 3705 2616 sele,

2112 2633 2405 2701 scripulum
2437 2648 2600 2687 unum
2632 2634 2913 2689 semissem
2939 2633 3118 2698 uncia,
3153 2634 3274 2689 duae
3305 2636 3432 2689 selze
3475 2638 3709 2692 voluerit

2112 2738 2424 2795 prorogare,
2458 2734 2513 2781 et
2536 2728 2643 2780 non
2672 2740 2819 2780 asses
2850 2724 3098 2781 undecim
3127 2735 3180 2781 et
3212 2727 3385 2791 uncia,
3416 2728 3561 2797 quod
3587 2740 3712 2796 pro-

2114 2813 2364 2869 culdubio
2388 2817 2441 2869 in
2470 2816 2582 2883 ipsa
2609 2816 2954 2884 separatione
2975 2818 3153 2870 annali
3181 2818 3369 2872 eadem
3394 2817 3519 2872 luna
3545 2825 3711 2874 testa-

2114 2913 2201 2957 tur
2245 2904 2545 2973 augmentis
2592 2919 2809 2975 angere.
2846 2905 2952 2959 Per
2989 2910 3147 2976 quam
3178 2908 3361 2976 utique
3400 2911 3613 2966 unciam
3654 2912 3709 2966 in

2114 3000 2268 3053 annis
2299 3000 2568 3069 cctrginta
2600 3004 2854 3067 quattuor
2881 3010 3094 3068 septem
3143 3014 3294 3055 asses
3321 3002 3526 3059 habere
3556 3014 3709 3073 pete-

2113 3098 2195 3141 rat
2221 3099 2561 3158 supputatnr,
2593 3089 2661 3143 de
2688 3090 2883 3159 quibus
2911 3100 3073 3143 unum
3109 3102 3320 3157 assem,
3352 3092 3441 3159 qui
3472 3102 3587 3162 post
3614 3097 3709 3151 tri-

412 3179 780 3247 c-~gnoscitur,
814 3188 1037 3248 propter
1062 3195 1326 3235 annorum
1367 3182 1571 3237 scilicet
1600 3198 1882 3239 numerum
1910 3199 2007 3239 suo
2034 3170 2080 3234 C
2110 3182 2255 3250 ginta
2303 3188 2467 3235 unum
2498 3172 2691 3235 currit'
2713 3188 2955 3251 tempore
2999 3180 3190 3254 Moysi,
3225 3184 3507 3241 veritatem
3540 3202 3709 3256 agno-

413 3273 467 3323 in
499 3270 671 3324 lunari
697 3286 876 3335 cursu,
908 3273 991 3325 cui
1024 3272 1145 3341 plus
1169 3273 1306 3328 assis
1332 3284 1465 3328 unus
1492 3290 1557 3328 ex
1602 3273 1718 3344 ipso
1743 3291 2005 3331 annorum

408 3353 594 3415 'raliaci
619 3376 843 3415 nurnero
872 3361 1133 3418 accidisse
1161 3363 1438 3433 probatur.
1472 3364 1610 3419 Dicit
1636 3368 1778 3420 enim
1821 3383 1851 3421 a
1884 3382 2005 3437 pas-

411 3456 567 3508 sione
597 3453 872 3507 Dominica
902 3455 1198 3513 centesimo
1226 3456 1558 3525 octogesimo
1588 3466 1640 3511 et
1668 3468 1822 3513 sexto
1842 3475 2005 3526 anno,

410 3545 655 3612 ejusdem
690 3543 907 3598 Pascha:
934 3544 1043 3611 die,
1074 3544 1215 3601 diem
1246 3545 1353 3601 diei
1400 3547 1740 3614 convenisse,
1789 3564 1910 3603 cum
1954 3551 2005 3603 in

411 3648 557 3687 anno
584 3634 880 3688 centesimo
909 3634 1245 3703 sexagesimo
1274 3642 1329 3690 et
1374 3652 1517 3692 nono
1544 3652 1573 3691 a
1600 3638 1773 3707 capite
1818 3640 2007 3695 circuli

410 3726 559 3780 tertii
594 3726 733 3779 diem
788 3726 960 3794 ipsum
1007 3725 1191 3781 debuit
1239 3729 1547 3797 repperire,
1576 3745 1732 3798 quem
1794 3732 1844 3785 in
1897 3734 2008 3785 suis

414 3816 641 3870 circulis
671 3830 812 3869 anno
834 3816 1173 3885 sexagesimo
1202 3828 1252 3871 et
1287 3834 1431 3871 nono
1460 3821 1700 3873 noscitur
1728 3820 2001 3877 defixisse.

411 3906 570 3960 illum
602 3920 731 3960 vero
772 3906 887 3961 sine
931 3905 1189 3961 membris
1217 3906 1358 3961 diem
1386 3922 1506 3961 cum
1536 3911 1790 3965 vocabulo
1823 3924 2009 3981 perso-

410 4006 601 4051 natum
632 3995 771 4065 apud
793 4009 893 4053 nos
928 4010 1070 4051 anno
1095 3998 1323 4067 septimo
1344 3998 1577 4065 decimo,
1611 4000 1849 4055 habitum
1877 4017 2005 4055 suo-

407 4102 532 4141 rnm
564 4086 888 4140 circulorum
912 4086 964 4141 in
994 4087 1167 4154 capite
1193 4088 1248 4142 in
1278 4090 1485 4143 incerto
1513 4105 1739 4145 numero
1765 4091 2007 4146 ostendi-

407 4190 500 4232 tur
528 4177 804 4243 titulasse;
830 4177 952 4232 ideo
977 4178 1157 4247 utique
1183 4178 1235 4232 in
1258 4193 1444 4236 errore
1464 4182 1750 4236 devenisse
1774 4184 2003 4248 videtur,

405 4270 551 4326 sicut
580 4271 691 4338 ipse
719 4284 819 4323 suo
846 4269 1097 4340 adloquio
1150 4272 1448 4339 proﬁtetur.
1482 4274 1634 4341 Quod
1674 4285 1875 4340 autem,
1921 4278 1999 4331 in-

404 4363 551 4429 quit,
587 4351 691 4413 n'on
723 4360 791 4414 ab
815 4374 883 4415 eo
922 4375 1065 4415 anno
1094 4376 1199 4431 quo
1223 4378 1409 4431 passus
1434 4374 1516 4417 est
1547 4366 1807 4420 Dominus
1832 4381 2004 4421 anno-

403 4466 530 4505 rum
563 4448 794 4504 ordinati
820 4459 945 4510 sunt
984 4450 1174 4506 circuli
1217 4452 1517 4522 investigati
1548 4454 1719 4524 adque
1748 4457 2002 4524 rcpperiti

401 4538 717 4611 campendii
750 4543 954 4599 utilitas
982 4558 1075 4598 sua
1107 4542 1234 4598 sita
1280 4545 1492 4599 duobus
1524 4546 1765 4601 Geminis
1801 4561 1999 4603 consu-

404 4634 557 4688 libus
584 4647 693 4700 quo
714 4647 854 4687 anno
881 4646 1069 4701 passus
1093 4642 1177 4688 est
1208 4633 1468 4689 Dominus
1509 4649 1677 4703 usque
1706 4637 1770 4689 ad
1800 4651 1999 4692 annum

401 4723 726 4779 consulatus
742 4722 996 4779 Antonini
1016 4734 1210 4792 quater
1229 4735 1282 4778 et
1303 4726 1501 4790 Albini,
1525 4726 1684 4797 quiin
1710 4726 1811 4782 hoc
1838 4732 2003 4798 opere

400 4814 622 4886 primus
648 4821 751 4879 est,
783 4813 907 4867 anni
946 4822 1158 4869 centum
1185 4816 1450 4883 octoginta
1500 4830 1593 4870 sex
1628 4828 1999 4886 numerantur,

399 4917 458 4961 et
504 4904 635 4974 quia
671 4905 771 4959 hoc
800 4904 990 4959 eodem
1032 4903 1263 4961 Consule
1288 4905 1532 4976 contigit,
1564 4918 1620 4962 ut
1660 4908 2001 4965 omnifariam

402 4996 629 5064 paschae
657 4994 773 5051 dies
799 4994 902 5050 diei
930 4996 1199 5066 passionis
1224 4997 1433 5052 Domini
1457 5002 1775 5056 conveniret
1804 5002 2005 5059 utilitas

401 5086 597 5140 obluta
628 5084 746 5153 (sic)
776 5084 1062 5156 compendi
1110 5085 1339 5141 fastidiri
1390 5103 1498 5142 non
1542 5088 1748 5144 debuit.
1795 5090 1877 5145 Ab
1903 5091 2006 5147 hoc

400 5184 573 5253 igitur
629 5179 886 5245 Consule,
941 5195 1048 5251 quo
1089 5182 1277 5251 prima!
1331 5183 1589 5238 ocduadis
1631 5186 1781 5241 initia
1832 5198 2003 5257 carpta

400 5281 556 5337 sunt,
614 5281 785 5339 usque
840 5269 908 5325 ad
963 5286 1087 5325 eum
1133 5286 1331 5325 annum
1388 5286 1495 5342 quo
1542 5276 1903 5344 octogesimus
1948 5286 2006 5332 et

399 5370 637 5432 quartus
690 5374 864 5415 annus
917 5372 1037 5415 cum
1066 5361 1180 5416 suis
1204 5363 1639 5417 embolismorum
1678 5367 1845 5435 signis
1872 5382 2003 5423 con-

401 5455 670 5521 cluditur,
703 5453 954 5524 perfacile
980 5465 1063 5508 est
1090 5457 1495 5523 iuspicientibus
1524 5458 1795 5513 Kosmutte
1816 5460 1999 5516 caicu-

400 5550 469 5603 lat
482 5547 630 5601 ionis
649 5546 929 5601 veritatem
955 5548 1127 5602 oculis
1148 5564 1362 5618 quoque
1385 5550 1606 5606 testibus
1622 5552 1994 5622 comprobare,

399 5638 640 5709 qualiter
669 5638 722 5692 in
754 5636 853 5691 hac
882 5640 1256 5707 supputatione
1285 5642 1639 5711 comprobare
1668 5656 1728 5698 sc
1771 5646 1998 5713 promit-

402 5732 497 5799 tit;
558 5745 682 5787 cum
744 5734 845 5785 nec
895 5729 1036 5785 diem
1086 5732 1347 5799 passionis
1378 5735 1665 5791 Domitiith
1718 5739 1769 5792 in
1824 5741 1998 5809 capite

700 5828 967 5886 Pnaos.
1020 5825 1182 5887 LIX.

2109 3278 2291 3325 sceret
2345 3272 2563 3341 plenum
2620 3271 2803 3326 decuit
2862 3272 2979 3339 (sic)
3046 3273 3391 3329 declinasset.
3450 3272 3705 3348 Octogics

2112 3362 2320 3430 quater,
2352 3375 2483 3431 ergo
2506 3370 2562 3415 ut
2587 3361 2744 3426 dicit,
2777 3362 3073 3416 semiuncia
3100 3363 3219 3418 dua:
3247 3364 3378 3420 scite
3408 3368 3701 3436 scripulum

2114 3466 2284 3503 unum
2327 3451 2608 3505 semissem
2652 3451 2804 3505 uncia
2844 3462 2903 3505 li.
2951 3452 3103 3512 seire.
3136 3453 3249 3521 ipse
3275 3455 3453 3523 itaque
3483 3472 3708 3527 respon-

2111 3540 2189 3593 dit
2232 3542 2405 3604 sexis,
2440 3540 2712 3610 quadrans
2743 3542 2969 3610 scripuli
3000 3543 3250 3599 undecim
3288 3545 3501 3601 dsstun.
3549 3550 3703 3621 (sic);

2111 3631 2251 3698 quod
2281 3640 2363 3685 est
2390 3632 2531 3700 quod
2564 3634 2779 3686 asserit.
2812 3632 2877 3685 Et
2906 3633 2997 3687 ille
3024 3634 3100 3687 ait
3122 3634 3269 3689 sexis
3298 3636 3415 3690 dies
3445 3652 3572 3693 sunt
3610 3658 3705 3697 sex

2109 3732 2163 3776 et
2183 3724 2449 3792 quadrant
2475 3723 2622 3777 horae
2650 3734 2775 3777 sunt
2798 3733 2906 3779 tres
2935 3725 3158 3793 scripuli
3182 3735 3311 3783 vero
3341 3731 3588 3786 undecim
3613 3733 3706 3790 de-

2110 3823 2253 3869 stant
2282 3829 2567 3867 sennarum
2595 3813 2718 3882 (sic)
2750 3816 2925 3869 minus
2957 3826 3150 3883 puncta
3180 3818 3289 3873 duo
3319 3834 3439 3875 esse
3466 3825 3701 3889 proban-

2110 3916 2215 3972 tur,
2247 3907 2372 3976 quia
2418 3906 2472 3961 in
2521 3906 2767 3961 destante
2796 3910 2991 3976 puncta
3025 3908 3216 3964 decem
3267 3915 3516 3969 concludi
3540 3931 3704 3985 aper-

2111 4000 2319 4053 tissime
2346 3998 2720 4053 dinoccuntur.
2752 3998 2888 4065 Quid
2920 3999 2970 4053 in
2998 4000 3101 4056 hac
3147 4002 3568 4074 interrogatione
3590 4024 3705 4063 ma-

2110 4090 2377 4152 nifestius,
2402 4089 2527 4159 quid
2560 4091 2609 4142 in
2640 4104 2733 4144 sua
2764 4092 3112 4157 responsione
3163 4095 3511 4162 p-ohahilius,
3544 4114 3705 4167 quam

2110 4189 2167 4232 ut
2197 4194 2295 4232 suo
2324 4178 2512 4235 fomite
2542 4180 2849 4235 vinceretur
2878 4182 3114 4252 ineptus,
3146 4186 3481 4255 suspiciones
3502 4203 3628 4246 suas
3651 4206 3706 4249 et

2110 4287 2240 4327 usus
2283 4273 2373 4342 qui
2428 4272 2577 4327 solus
2624 4272 2784 4327 horas
2831 4282 2985 4328 octos
3034 4275 3312 4332 emmisset
3353 4290 3548 4347 puncta
3597 4286 3706 4336 duo

2112 4371 2316 4416 tantum
2360 4363 2657 4418 secundum
2690 4364 2897 4419 arbitrii
2941 4364 3022 4419 sui
3067 4366 3400 4424 voluntatem
3449 4373 3600 4428 nisus
3629 4375 3701 4429 sit

2110 4454 2437 4519 exclusisse,
2472 4463 2529 4509 et
2556 4455 2772 4524 plenum
2802 4470 2977 4511 assem
3005 4459 3217 4526 pcnittts
3267 4475 3375 4516 non
3405 4463 3572 4519 valuit
3610 4467 3705 4521 de-

2029 4526 2082 4585 ι)
2108 4543 2330 4599 clinare.
2360 4544 2441 4598 Ob
2469 4559 2628 4613 quam
2668 4560 2782 4599 rem
2810 4547 3003 4602 reticos
3035 4547 3153 4616 (sic)
3197 4564 3385 4607 omnes
3414 4555 3480 4608 ad
3511 4558 3705 4612 verita~

2112 4635 2180 4688 tis
2212 4635 2449 4704 regulam
2483 4635 2667 4690 docuit
2713 4635 3037 4702 descivisse,
3068 4648 3125 4693 et
3153 4650 3208 4693 ut
3235 4646 3379 4698 caeci
3418 4645 3530 4715 jam
3563 4646 3706 4705 facto

2112 4727 2250 4781 ultra
2297 4727 2513 4782 luminis
2561 4725 2780 4795 januam
2832 4742 2940 4781 non
2995 4731 3232 4798 poterint
3288 4734 3563 4801 invenire;
3609 4742 3704 4795 sed

2111 4820 2340 4889 qualiter
2388 4819 2740 4890 prudentibus
2770 4822 2933 4874 certis
2977 4825 3218 4878 numeris
3248 4826 3553 4883 decllnetur
3573 4846 3705 4901 cap-

2113 4921 2198 4968 tus
2219 4923 2274 4968 et
2303 4912 2513 4983 integer
2544 4925 2738 4967 sensus
2774 4926 2881 4969 non
2911 4922 3157 4970 avertere
3188 4928 3431 4972 moretur
3453 4919 3707 4993 Octogies

2112 5015 2305 5073 quater
2327 5005 2469 5060 enim
2504 5005 2732 5059 trecenti
2768 5004 3037 5075 quinqucs
3062 5016 3300 5076 quattus,
3332 5018 3460 5065 sunt
3488 5013 3605 5069 dies
3630 5018 3704 5068 vi-

2107 5096 2389 5165 gintinove
2418 5096 2568 5150 milia
2614 5096 2945 5165 septingenti
2982 5097 3198 5167 triginta
3226 5112 3361 5166 sex;
3410 5112 3467 5157 et
3507 5104 3699 5160 iterum

2109 5191 2350 5259 Octogies
2370 5199 2562 5257 quater
2583 5188 2809 5243 decusas
2838 5187 3026 5244 uncias
3062 5188 3267 5246 faciunt
3293 5192 3387 5247 tibi
3416 5195 3535 5253 dies
3567 5214 3673 5255 non

2107 5280 2251 5350 genti
2285 5281 2513 5350 trigenta
2544 5294 2740 5344 unum;
2768 5293 2903 5350 quos
2931 5281 3199 5350 superiori
3243 5296 3487 5343 summae
3514 5291 3697 5356 adjun.

2108 5373 2221 5442 gis,
2278 5380 2436 5426 erunt
2482 5370 2601 5426 dies
2660 5372 2889 5441 trigenta
2939 5372 3087 5426 milia
3139 5379 3383 5432 sexcenti
3428 5384 3699 5452 sexaginta

2109 5471 2315 5533 septem
2339 5478 2356 5520 :
2401 5462 2492 5532 qui
2519 5464 2635 5517 dies
2662 5477 2759 5533 per
2787 5462 3057 5520 ocdoadas
3085 5473 3141 5520 et
3167 5468 3467 5525 endecadas
3506 5474 3576 5528 ita
3607 5475 3693 5531 de-

2110 5553 2383 5609 terminati
2416 5563 2734 5621 noscuntur,
2765 5562 2824 5609 ut
2849 5564 2904 5611 et
2946 5555 3119 5624 ipsum
3159 5573 3317 5629 quem
3350 5562 3402 5616 in
3432 5578 3491 5619 se
3513 5580 3703 5634 super.

2109 5661 2333 5702 vacuum
2356 5648 2634 5702 continent
2663 5647 2804 5703 diem
2827 5648 3196 5718 excluderent,
3241 5660 3297 5706 et
3322 5664 3526 5710 certum
3560 5658 3611 5713 in
3644 5676 3701 5715 se

2108 5741 2380 5798 seclusum
2414 5756 2699 5797 numerum
2746 5741 3216 5815 consingnassent.
3261 5748 3509 5818 Quinque
3556 5757 3700 5811 enim

3355 5839 3430 5905 18
