4322 6414
838 371 940 428 555

2112 360 2419 418 woman
2457 360 2794 450 ignoratus

835 490 959 539 sunt
983 478 1250 536 oedoadac
1277 486 1333 534 et
1377 474 1664 532 endecadze
1691 481 1960 545 quattuor,
1993 486 2130 543 quae
2151 469 2407 527 ocdoadm
2431 469 2480 530 Α
2508 475 2630 540 cia;
2661 474 2827 529 addes
2866 485 3029 543 supra
3072 485 3332 529 summam
3362 471 3652 541 praefatam
3671 513 3686 540 ,
3719 482 3772 529 ct
3801 473 3965 530 habes
3989 491 4077 532 as-

831 574 1064 646 quinque
1119 569 1251 625 inibi
1296 567 1705 624 embolismares
1741 563 2045 634 quindecim
2087 570 2143 619 et
2194 562 2408 617 lunares

832 676 1005 720 annos
1047 658 1490 731 vigintiquinque
1521 669 1736 712 menses
1788 653 1986 710 habent
2029 653 2408 724 quadragintos

835 752 1131 825 nonaginta
1150 751 1404 822 quinque,
1433 748 1524 818 qui
1552 746 1605 801 in
1638 759 1697 802 se
1724 746 1988 816 optinent,
2019 745 2134 802 dies
2160 752 2409 815 quattuor

835 843 1101 900 decimilia
1139 846 1413 896 sescentos
1448 837 1636 893 decem
1684 843 1739 891 et
1784 846 2060 906 quattuor,
2107 833 2410 893 endecadae

837 936 969 994 inibi
1012 914 1416 990 embotismares
1458 938 1513 986 et
1559 928 1770 986 lunares
1797 929 1982 999 viginti
2014 937 2167 994 octo,
2197 937 2411 982 menses

838 1025 1037 1079 habent
1084 1020 1401 1096 quingentos
1426 1019 1776 1090 quadraginta
1823 1027 2094 1089 quattuor,
2125 1017 2210 1088 qui
2267 1015 2322 1070 in
2351 1029 2411 1072 se

835 1116 1085 1174 exolvent
1111 1114 1227 1170 dies
1252 1109 1579 1168 sedecimilia
1619 1112 2001 1183 quinquaginta
2027 1126 2151 1178 sex;
2181 1123 2409 1181 quorum

836 1208 1044 1281 djerum
1092 1215 1354 1260 summam
1411 1202 1851 1274 superadjungis,
1903 1203 2098 1258 faciunt
2153 1201 2246 1256 tibi
2296 1201 2412 1257 dies

838 1296 1054 1366 triginta
1100 1293 1242 1348 milia
1289 1300 1535 1348 sescenta
1566 1292 1838 1362 sexaginta
1886 1305 2002 1347 sex.
2037 1291 2172 1346 Ecce
2210 1289 2278 1346 de
2316 1289 2414 1344 tri-

841 1385 986 1455 ginta
1029 1382 1267 1438 millibus
1292 1388 1349 1437 et
1385 1381 1651 1437 sexcentis
1689 1381 1962 1450 sexaginta
1989 1387 2194 1450 septem
2221 1377 2412 1434 diebus

843 1474 1079 1529 breviter
1106 1472 1354 1528 exclusus
1389 1485 1526 1525 unus
1553 1470 1690 1525 assis
1718 1469 1771 1524 in
1803 1469 2129 1525 ocdaadihus
2171 1477 2225 1525 et
2249 1468 2415 1525 ende-

837 1563 1061 1620 cadibus
1098 1576 1192 1630 per
1219 1561 1424 1615 dierum
1467 1558 1784 1613 divisionem
1830 1558 2070 1614 veridice
2098 1551 2412 1628 comproba-

840 1661 927 1706 tur
951 1660 1002 1705 ct
1029 1661 1154 1704 tunc
1183 1649 1250 1704 ab
1279 1648 1563 1718 imperitis,
1607 1657 1661 1704 et
1687 1647 1942 1703 studiosis
1982 1649 2034 1703 in
2059 1648 2414 1704 contentioni-

839 1741 938 1794 bus
962 1739 1274 1808 dissipatur.
1306 1739 1394 1794 Sic
1423 1738 1584 1792 etiam
1638 1739 1688 1792 in
1740 1739 1943 1792 circulo
1997 1741 2242 1808 sequenti
2291 1753 2412 1794 cum

838 1831 1099 1900 superiori
1125 1829 1364 1899 germina
1392 1826 1674 1883 concordia
1704 1827 1900 1882 ociavit
1922 1842 2016 1898 per
2041 1829 2410 1893 embolismos,
2443 1817 2490 1876 Β

840 1923 1014 1993 adque
1040 1936 1352 1977 communes
1375 1936 1547 1977 annos
1592 1937 1766 1978 assem
1795 1922 1966 1991 ipsum
2013 1923 2247 1978 furiosus
2297 1923 2412 1995 (sic)

840 2013 1154 2082 quantocius
1183 2011 1394 2081 plenum
1429 2011 1672 2073 invenies
1715 2012 2062 2067 declinatum.
2109 2013 2243 2069 Sunt
2272 2013 2415 2068 enim

843 2102 897 2155 in
939 2109 994 2157 et
1017 2101 1254 2157 secundo
1281 2101 1484 2156 circulo
1509 2101 1647 2156 sicut
1672 2111 1727 2155 et
1756 2102 1810 2155 in
1843 2104 2038 2171 primo,
2071 2103 2418 2157 embolisma-

841 2206 927 2248 res
946 2194 1070 2246 anni
1094 2207 1232 2258 xxxv,
1259 2201 1312 2248 et
1330 2205 1640 2246 communes
1659 2192 2043 2262 qu’nquaginta
2074 2201 2182 2247 tres
2205 2193 2410 2247 tricies.

840 2284 1017 2339 Semel
1060 2297 1189 2354 ergo
1236 2282 1457 2338 trecenti
1488 2283 1691 2348 decies,
1721 2293 1969 2353 quattus,
1999 2283 2290 2354 respondet
2321 2283 2415 2340 tibi

839 2372 1183 2429 undecimilia
1236 2372 1496 2442 nongenti
1543 2381 1784 2442 quattus,
1831 2382 1886 2428 et
1934 2374 2286 2444 quinquagies
2335 2381 2418 2430 ter

841 2463 1061 2519 trecenti
1090 2463 1417 2534 quinquages
1459 2473 1675 2532 quattus
1722 2463 1924 2518 faciunt
1955 2465 2051 2519 tibi
2077 2465 2193 2520 dies
2231 2465 2415 2521 decem

844 2565 897 2610 et
924 2567 1045 2610 octo
1075 2555 1222 2610 milia
1274 2554 1602 2625 septingenti
1637 2555 1920 2627 sexaginta
1967 2555 2092 2612 dna.
2121 2557 2232 2613 Hae
2283 2557 2420 2614 duae

841 2645 1123 2699 summnlue
1151 2644 1250 2699 sibi
1281 2644 1510 2699 invicem
1522 2643 1739 2715 junctae
1767 2645 2004 2702 efﬁciunt
2030 2646 2147 2702 dies
2174 2647 2418 2702 sexmilia

840 2743 1115 2790 sescentos
1142 2736 1414 2806 sexaginta
1461 2748 1579 2803 sex,
1606 2742 1661 2792 et
1703 2734 2004 2792 declinatus
2047 2743 2133 2792 est
2159 2737 2298 2793 assis
2327 2736 2417 2794 ille

842 2824 1167 2896 praedictus.

912 2915 1213 2971 Redeamus
1260 2915 1419 2986 igitur
1457 2923 1513 2972 et
1555 2915 1623 2972 ad
1669 2915 1820 2972 illam
1857 2930 2122 2973 summam
2176 2916 2231 2971 in
2263 2915 2419 2972 dictis

841 3004 1210 3075 superioribus
1237 3005 1307 3060 de
1331 3020 1396 3059 eo
1420 3019 1563 3061 anno
1591 3014 1780 3062 venter
1807 3015 1860 3062 et
1889 3016 2109 3077 tectum,
2139 3022 2235 3077 per
2259 3021 2419 3077 quam

842 3094 1018 3165 primo
1043 3109 1183 3150 anno
1210 3096 1407 3164 pasche
1447 3095 1501 3149 in
1544 3095 1778 3168 ὣς]μο
1813 3097 2138 3153 celebratum
2165 3097 2417 3153 Kalendis

2512 565 2652 620 sium
2698 564 3027 642 septingenta
3074 577 3265 619 novem
3297 563 3440 618 milia
3467 562 3864 635 quadringenti,
3890 565 4078 634 dipon-

2511 655 2656 726 dius,
2691 654 2870 710 uncia.
2901 654 2955 708 In
2986 652 3071 710 his
3115 653 3335 722 partiris
3360 650 3728 725 trigesimam,
3766 664 3822 710 et
3859 655 4080 712 habebis

2512 745 2700 817 viginti
2737 745 2972 816 quinque
3015 744 3163 799 milia
3208 750 3508 815 nongentos
3545 751 3825 814 octogenta
3864 757 4082 816 superet

2513 837 2820 908 dipondios,
2864 835 3053 905 uncia,
3087 835 3225 890 sicut
3267 843 3351 892 est
3379 825 3520 891 luna"
3545 835 3597 890 in
3642 834 3860 890 secundi
3898 835 4087 891 circuli

2514 927 2690 998 capite
2727 926 2934 981 titulata
2952 965 2968 994 ,
2998 933 3053 981 et
3079 921 3438 980 declinaberis
3466 923 3535 979 ad
3563 923 3880 995 semipsnm,
3922 939 4082 994 quem

2514 1016 2570 1072 in
2599 1015 2706 1072 fine
2729 1015 3052 1072 circulorum
3077 1011 3396 1084 saepissime
3421 1011 3659 1069 diximus
3683 1013 4079 1070 declinandum.

2513 1105 2768 1177 Quisquis
2815 1119 2875 1163 es
2918 1119 3149 1175 namque
3187 1104 3317 1162 dolo
3355 1103 3641 1161 vecordiae
3680 1105 3970 1170 sauciatus,
3998 1103 4083 1158 vel

2515 1196 2672 1266 hujus
2708 1196 2938 1253 rationis
2964 1196 3204 1268 ignarus,
3225 1210 3324 1268 per
3353 1210 3512 1267 quam
3548 1193 3708 1251 altam
3736 1193 4084 1266 profundam-

2513 1302 2617 1359 qne
2649 1289 2955 1357 partitionis
3005 1303 3293 1354 summam,
3342 1295 3404 1344 ut
3432 1287 3617 1345 verius
3662 1287 3857 1354 dicam,
3905 1289 4084 1358 potius

2513 1379 2749 1436 dilucide
2787 1380 3239 1450 demonstratum,
3273 1381 3362 1437 hic
3399 1383 3541 1438 assis
3570 1381 3637 1438 de
3662 1395 3885 1438 numero
3908 1389 4084 1452 septe-

2516 1472 2668 1526 nario
2697 1471 2859 1527 fuerit
2894 1472 3142 1527 exclusus
3167 1486 3436 1543 agnosce;
3476 1474 3756 1542 quemdam
3785 1485 3996 1529 omnem
4030 1473 4082 1528 Eu

2515 1571 2604 1619 tua
2651 1563 3027 1632 supputatione
3073 1562 3345 1618 declinare
3408 1562 3710 1632 nequiveris
3763 1565 3815 1617 in
3860 1570 4085 1632 utroque

2517 1653 2820 1726 neutericus
2850 1653 3134 1708 inveniris.
3167 1651 3386 1717 Desine,
3433 1665 3636 1723 quaeso,
3667 1651 3777 1721 jam
3819 1651 4006 1707 desine
4030 1650 4083 1706 in

2517 1759 2701 1800 errore
2729 1743 2955 1798 miseros
2983 1742 3206 1813 populos
3231 1757 3327 1812 per
3356 1743 3614 1797 fallaciam
3639 1743 3748 1798 tuis
3772 1740 4084 1796 evers'cnlis

2519 1836 2756 1899 insitire;
2780 1835 2992 1890 veritati
3024 1848 3238 1903 quoque
3267 1831 3481 1888 tandem
3503 1832 3790 1902 aliquando
3804 1832 3935 1886 dura
3950 1831 4084 1886 colla

2518 1925 2818 1988 summitte,
2850 1925 2935 1993 qu'
2973 1935 3068 1992 per
3093 1923 3319 1978 nebulas
3352 1931 3407 1977 et
3441 1921 3696 1991 perstigia
3739 1934 3807 1976 ex
3833 1917 4084 1998 Egypto,

2517 2015 2585 2070 de
2614 2016 2898 2085 incognitis
2942 2013 3340 2083 provinciarum
3363 2012 3551 2081 spa'iis
3591 2021 3648 2067 et
3673 2011 3830 2080 longa
3854 2012 4085 2066 interra-

2519 2106 2699 2176 pidine
2741 2115 3000 2160 terrarum
3045 2105 3197 2176 quasi
3237 2105 3542 2160 venientem
3590 2102 3682 2158 tibi
3735 2103 3948 2157 ntmtins
3997 2115 4090 2168 pa-

2517 2197 2678 2251 schae
2701 2195 2840 2250 diem
2882 2193 3301 2250 sacratissimum
3342 2195 3459 2249 sine
3489 2203 3731 2263 tempore
3757 2192 4088 2262 frequentius

2517 2284 2746 2339 inaniter
2772 2284 3174 2339 celebrandum.
3198 2281 3332 2338 Cum
3361 2282 3550 2336 horum
3580 2297 3808 2352 namque
3850 2281 4086 2337 circulo-

2517 2387 2636 2429 rum
2667 2372 2856 2428 lunare
2883 2374 2932 2426 in
2964 2374 3040 2428 tui
3071 2371 3302 2441 pectoris
3323 2385 3540 2428 sensum
3577 2371 3948 2443 gluttinaberis
3968 2386 4091 2427 cur-

2516 2478 2657 2520 sum.
2688 2463 2838 2519 Tunc
2866 2477 2896 2518 a
2938 2465 3112 2532 primo
3139 2478 3281 2518 anno
3309 2462 3537 2533 paschae
3564 2461 3619 2520 in
3647 2460 3880 2534 Egypto
3901 2465 4090 2518 immo-

2520 2554 2686 2609 latum
2729 2553 3027 2609 veridicum
3074 2552 3318 2610 iuvenies
3371 2551 3794 2622 fundamentum,
3847 2551 3988 2623 quod
4036 2563 4092 2609 et

2521 2643 2800 2699 lunaribus
2831 2643 3088 2699 cancellis
3113 2644 3259 2699 veris
3286 2653 3341 2699 et
3370 2641 3714 2713 paschalibus
3751 2641 3918 2700 ti-ulis
3963 2658 4093 2699 cou-

2519 2750 2706 2806 grunm
2734 2745 2818 2792 sat
2842 2751 2964 2792 esse
2989 2735 3290 2806 cegmscis.
3334 2734 3411 2791 Ex
3454 2734 3712 2792 Kalendis
3755 2751 3985 2806 namque
4011 2735 4092 2793 Ja-

2519 2829 2742 2891 nuariis,
2790 2825 2984 2897 quibus
3028 2827 3403 2896 superioribus
3455 2827 3617 2883 dictis
3659 2827 3984 2883 circulorum
4035 2827 4089 2882 ia

2518 2917 2690 2987 capite
2716 2916 2894 2972 lunam
2923 2916 3212 2972 secundam
3241 2915 3884 2986 inventam.habitamque
3906 2916 4090 2980 fuisse,

2515 3004 2629 3076 jam
2656 3007 2804 3061 noris
2846 3007 2898 3061 in
2941 3005 3115 3076 pridie
3145 3004 3453 3061 earumdem
3501 3005 3861 3062 Kalendarum
3901 3007 4094 3062 Janua-

2522 3096 2723 3150 riarum
2775 3094 2900 3151 anni
2949 3095 3224 3165 sequentis
3277 3094 3622 3164 supputahis,
3671 3103 3935 3165 eruntque
3977 3094 4094 3150 dies

839 3163 1109 3240 danuariis
1139 3163 1261 3241 luna
1303 3186 1537 3242 secunda
1567 3163 1731 3246 fuisse
1757 3187 2032 3244 didiceris.
2067 3189 2123 3246 lu
2170 3189 2344 3259 ipsum
2369 3189 2415 3244 si
2442 3163 2488 3226 ο
2522 3188 2745 3243 trecenti
2770 3163 3043 3258 sexaginta
3075 3187 3328 3258 quinque,
3346 3163 3524 3256 super
3547 3163 3680 3256 quos
3723 3163 3886 3243 addes
3917 3186 4094 3243 lunam

839 3276 1120 3331 advertere
1149 3275 1412 3342 volueris,
1456 3275 1595 3331 hunc
1617 3277 1852 3333 eundem
1893 3292 2068 3334 assem
2109 3280 2418 3348 plenissime

839 3364 1157 3421 declinabis.
1182 3364 1534 3420 Continentur
1553 3366 1700 3421 enim
1726 3366 1780 3422 in
1805 3367 2130 3437 praedictam
2151 3383 2416 3423 summam

841 3455 1042 3512 assium
1082 3457 1418 3528 septingenta
1447 3459 1731 3530 sexaginta
1761 3473 1862 3514 sex
1892 3460 2042 3514 milia
2072 3461 2304 3516 sescenti
2335 3459 2413 3515 vi-

841 3548 974 3619 ginti
1019 3550 1274 3618 quinque,
1323 3563 1390 3602 ex
1441 3549 1632 3617 quibus
1677 3548 1899 3606 deducis
1942 3565 2092 3607 asses
2148 3560 2419 3608 trecentos

842 3637 1120 3708 sexaginta
1166 3635 1421 3707 quinque,
1477 3637 1605 3692 anni
1635 3638 1846 3694 scilicet
1871 3641 2148 3695 novissimi
2190 3641 2424 3696 circulo.

842 3743 982 3794 rum,
1010 3736 1066 3782 ut
1092 3737 1353 3797 appareat
1375 3728 1550 3798 ipsum
1579 3741 1776 3794 assem,
1800 3738 1858 3786 et
1882 3745 1976 3800 per
1998 3730 2137 3786 hanc
2157 3745 2420 3788 summam

839 3819 1124 3873 exclusum
1165 3816 1332 3873 fuisse
1357 3817 1426 3873 de
1469 3819 1777 3888 septenario
1826 3834 2054 3876 numero
2083 3822 2324 3876 innatum
2352 3837 2418 3877 ex

843 3910 1120 3963 unciarum
1154 3917 1462 3978 augmento.
1498 3909 1692 3964 Verum
1741 3917 1796 3964 et
1832 3911 2148 3980 vigesimum
2195 3911 2420 3980 primam

843 4001 1022 4056 lunam
1054 4001 1172 4055 sine
1197 4001 1372 4055 unciis
1402 4001 1712 4070 plenissime
1741 4002 1935 4057 nudam
1961 4006 2089 4058 anni
2121 4005 2420 4073 octngisimi

848 4093 1025 4164 quarti
1057 4106 1178 4148 esse
1227 4091 1534 4148 condiscas.
1566 4091 1699 4147 Cum
1753 4103 1930 4148 autem
1978 4095 2284 4163 praedictos
2312 4095 2428 4150 dies

848 4199 1058 4240 rursum
1089 4182 1386 4251 superioris
1418 4196 1661 4238 summae
1706 4185 2066 4249 revocaveris,
2095 4194 2150 4239 et
2178 4185 2316 4240 hanc
2343 4185 2429 4255 ip-

851 4291 964 4332 sam
1015 4277 1240 4345 partitus
1294 4274 1484 4340 fueris,
1541 4277 1832 4331 secundam
1890 4279 2168 4346 repperies
2224 4278 2424 4349 lunam,

840 4383 1007 4441 quam
1055 4367 1310 4423 Kalendis
1354 4367 1621 4422 Januariis
1671 4370 1724 4422 in
1770 4369 1992 4424 secundi
2022 4370 2210 4425 circuli
2251 4371 2428 4440 capite

848 4457 1034 4523 adfati,
1067 4472 1226 4511 manu
1272 4457 1380 4512 scis
1410 4455 1581 4512 fu'sse
1631 4458 1912 4528 signatam.
1945 4459 2202 4518 Deductis
2247 4461 2427 4530 itaque

852 4546 937 4602 his
975 4547 1183 4602 assibus
1231 4547 1484 4602 trecentis
1531 4548 1811 4617 sexaginta
1856 4549 2116 4619 quinque,
2145 4560 2427 4606 remanent

851 4638 1049 4691 assium
1080 4637 1411 4706 septingenta
1440 4637 1714 4706 sexaginta
1739 4652 1833 4693 sex
1859 4641 2006 4694 milia
2032 4639 2248 4695 ducenti
2271 4655 2427 4695 sexa-

846 4730 1020 4798 ginta,
1051 4727 1102 4781 itt
1133 4727 1324 4796 quibus
1357 4726 1570 4795 partiris
1598 4728 2012 4796 sexagesimam,
2046 4729 2269 4785 habebis
2290 4729 2424 4785 duo-

850 4819 1117 4874 decimilia
1147 4820 1512 4889 septingentos
1536 4822 1867 4890 septuaginta
1889 4836 2089 4885 unum;
2133 4821 2299 4878 addes
2325 4822 2428 4878 hoc

851 4923 1010 4978 supra
1032 4923 1294 4964 summam
1317 4911 1660 4978 praedictam,
1685 4921 1846 4966 erunt
1872 4915 2074 4967 assium
2091 4913 2428 4982 septingenta

853 5003 1184 5070 septuaginta
1209 5016 1346 5058 nove
1368 5002 1514 5057 milia
1547 5011 1770 5057 tricenta
1798 5019 1982 5058 unum.
2015 5003 2069 5058 ln
2096 5004 2180 5059 his
2208 5006 2427 5075 pavtiris

858 5093 1208 5163 trigesimam,
1239 5094 1486 5149 invenies
1517 5095 1701 5165 viginti
1733 5097 1970 5166 quinque
1999 5099 2144 5151 milia
2173 5099 2430 5168 nongenti

851 5184 1131 5252 sexaginta
1152 5193 1355 5253 septem
1383 5195 1600 5254 superet
1628 5198 1780 5239 asses
1806 5186 1994 5256 viginti
2027 5203 2212 5242 unum.
2239 5187 2275 5243 li
2303 5198 2431 5244 sunt

859 5277 981 5328 luna
1010 5290 1043 5327 v
1068 5274 1272 5342 gesima
1314 5274 1484 5342 prima
1512 5277 1829 5345 octogesimi
1873 5278 2047 5345 quarti
2079 5277 2226 5332 anni.
2258 5278 2431 5334 Revo-

857 5364 992 5416 catis
1019 5378 1234 5433 quoque
1277 5364 1560 5431 praedictis
1607 5366 1820 5420 assibus
1860 5370 2116 5422 trecentis
2151 5368 2428 5437 sexaginta

860 5451 1094 5522 quinque
1111 5455 1175 5508 ad
1206 5455 1347 5509 illam
1379 5456 1714 5524 superiorem
1742 5471 2028 5524 smmam,
2051 5470 2207 5513 erunt
2228 5460 2430 5515 assium

860 5545 1193 5614 septingenta
1242 5547 1518 5617 sexaginta
1578 5562 1668 5602 sex
1727 5550 1894 5604 millia
1947 5551 2188 5606 sexcenti
2243 5553 2428 5622 viginti

862 5635 1119 5705 quinque,
1153 5644 1210 5690 ut
1237 5650 1415 5704 supra.
1452 5637 1510 5691 In
1537 5637 1732 5707 quibus
1776 5640 1988 5709 partiris
2016 5644 2426 5712 sexagesimam,

866 5734 920 5780 et
945 5726 1182 5785 invenies
1219 5726 1592 5784 duodecimilia
1621 5732 1940 5798 septingenti
1968 5743 2120 5802 septe
2149 5735 2306 5801 septi,
2334 5751 2431 5790 nn-
2457 5746 2462 5749 '

2520 3281 2838 3347 secundam,
2871 3293 3008 3350 quae
3036 3278 3206 3334 isdem
3237 3277 3331 3333 fuit
3360 3277 3634 3347 Kalendis,
3665 3289 3725 3334 ut
3765 3279 3900 3333 dixit
3931 3293 4097 3349 agno-

2518 3371 2654 3429 scite
2678 3372 2804 3429 licet
2815 3367 3166 3441 procedendi,
3189 3371 3306 3443 (sic)
3328 3379 3384 3427 et
3405 3370 3535 3426 fiunt
3562 3371 3676 3426 dies
3697 3373 3919 3427 trecenti
3941 3387 4098 3428 sexa-

2520 3462 2664 3533 ginta
2694 3469 2921 3532 septem,
2945 3460 2998 3516 in
3037 3459 3230 3530 quibus
3295 3460 3508 3530 partiris
3559 3459 3969 3530 sexagesimam,
4015 3461 4070 3516 in

2521 3555 2706 3610 venies
2733 3551 3055 3617 sexisuncia,
3087 3552 3222 3606 duae
3249 3550 3394 3606 selae
3442 3550 3608 3607 addes
3632 3566 3790 3622 supra
3835 3565 4096 3608 summam

2523 3644 2840 3715 predictam,
2869 3652 2925 3698 et
2955 3641 3118 3698 habes
3148 3640 3262 3694 dies
3292 3647 3562 3695 trecentos
3586 3650 3932 3710 septuagenta
3960 3649 4095 3709 tres,

2526 3738 2710 3803 uncia,
2743 3735 2879 3790 duae
2928 3733 3094 3788 selae.
3123 3732 3182 3790 In
3233 3731 3313 3786 his
3343 3745 3474 3801 ergo
3505 3733 3717 3800 partiris
3749 3731 4096 3802 trigesimam,

2525 3827 2764 3883 invenies
2790 3825 2954 3881 decus
2979 3822 3297 3892 dipondius;
3324 3830 3565 3892 superest
3594 3821 3756 3876 decus
3784 3821 4097 3878 tresisua-cia

2525 3917 2665 3972 duae
2693 3916 2862 3979 selae,
2893 3913 3142 3966 similiter
3171 3911 3332 3966 etiam
3363 3918 3419 3964 et
3469 3909 3521 3964 in
3553 3923 3693 3965 anno
3735 3913 3977 3979 sequenti
4007 3909 4100 3978 qui

2526 4007 2581 4063 in
2613 4008 2804 4060 ordine
2854 4005 3042 4058 tertius
3091 4001 3385 4070 appellatus
3409 4007 3699 4069 supputare
3740 3999 4101 4055 debebisaiiis

2531 4097 2710 4166 itaque
2755 4093 2977 4148 trecenti
3032 4106 3255 4160 sexages
3280 4090 3511 4162 quinque
3565 4089 3698 4145 ﬁunt
3733 4090 3846 4145 dies
3898 4091 4102 4160 septin-

2529 4187 2676 4258 genti
2705 4185 2939 4254 triginta.
2971 4181 3199 4236 lnmittis
3225 4195 3353 4236 vero
3381 4189 3437 4236 ut
3475 4195 3637 4251 supra
3666 4183 3790 4236 anni
3829 4181 3987 4252 primi
4019 4181 4099 4238 lu-

2532 4293 2655 4332 nam
2685 4274 2975 4332 secundam
3002 4281 3056 4328 et
3082 4271 3304 4327 habebis
3332 4272 3445 4327 dies
3483 4273 3850 4343 septingentos
3888 4273 4100 4343 triginta

2531 4366 2689 4431 duos,
2713 4365 2766 4418 in
2797 4363 2988 4434 quibus
3011 4361 3226 4431 partiris
3247 4361 3654 4431 sexagesimam,
3674 4362 3912 4418 invenies
3937 4363 4102 4418 decus

2533 4454 2836 4525 dipondius.
2887 4453 3110 4507 Restant
3162 4451 3302 4506 duae
3349 4452 3532 4515 selae;
3580 4451 3745 4506 addes
3792 4451 3894 4507 hoc
3941 4466 4101 4521 supra

2530 4559 2796 4600 summam
2826 4544 3184 4613 praedictam,
3217 4549 3272 4596 et
3297 4549 3455 4595 erunt
3484 4543 3602 4596 dies
3627 4543 3946 4612 septingenti
3973 4559 4101 4613 qua-

2529 4638 2770 4708 draginta
2792 4643 3077 4704 quattuor;
3107 4641 3313 4687 restant
3334 4632 3473 4688 duae
3498 4633 3662 4698 selae,
3694 4633 3747 4687 in
3770 4633 3964 4703 quibus
3985 4650 4106 4702 par-

2534 4728 2649 4784 tiris
2677 4725 3005 4798 trigesimam
3023 4766 3038 4793 ,
3074 4724 3313 4779 invenies
3341 4722 3458 4778 dies
3489 4731 3704 4792 quattus
3731 4738 3892 4792 super
3910 4733 3964 4778 et
3993 4725 4044 4779 vi
4079 4739 4107 4780 s

2530 4831 2765 4894 quattus,
2797 4827 3002 4876 restant
3028 4817 3166 4873 duae
3195 4818 3358 4872 selae.
3391 4816 3480 4872 Sic
3507 4826 3687 4872 autem
3729 4817 3954 4888 singulis
3982 4821 4104 4888 qui-

2531 4915 2738 4983 busque
2763 4910 2917 4966 annis
2965 4922 3134 4979 usque
3181 4907 3235 4961 in
3263 4907 3644 4976 octogesimum
3675 4915 3730 4961 et
3777 4907 3986 4962 tertium
4012 4921 4108 4963 an-

2535 5019 2661 5060 num
2689 5000 3033 5072 supputabis;
3063 5011 3222 5069 quem
3267 4997 3652 5069 octogesimum
3683 5007 3737 5054 et
3778 5008 4021 5067 quartum
4051 4998 4107 5055 in

2536 5096 2640 5150 fine
2667 5093 2989 5149 circulorum
3029 5090 3339 5144 adnotatum
3369 5089 3638 5159 agnoscis.
3665 5097 3725 5143 ιιι
3749 5091 3909 5145 etiam
3940 5091 3992 5146 in
4025 5089 4108 5145 his

2536 5187 2758 5258 singulis
2787 5186 2944 5240 annis
2969 5181 3219 5238 undecim
3247 5195 3396 5236 asses
3449 5188 3504 5236 et
3532 5181 3685 5237 uncia
3714 5182 4000 5236 immittere
4026 5182 4108 5238 vi-

2535 5279 2734 5346 dearis,
2766 5288 2820 5334 et
2851 5275 3012 5332 nullis
3036 5271 3398 5330 cancellorum
3425 5271 3754 5328 anfractibus
3779 5271 3860 5326 vel
3910 5271 4111 5328 lunari-

2539 5370 2638 5424 bus
2664 5367 2798 5423 tituli
2826 5381 3009 5423 erasse
3033 5363 3254 5420 omnino
3283 5363 3541 5418 noscaris.
3574 5363 3836 5418 Dominus
3849 5364 3990 5419 enim
4020 5378 4110 5418 no-

2539 5471 2651 5517 ster
2675 5460 3221 5528 Christus,-paternae
3265 5454 3523 5511 obediens
3561 5453 3814 5524 iussioni,
3844 5457 3915 5510 ita
3952 5455 4111 5525 hujus

2540 5553 2696 5607 lunae
2720 5560 2918 5605 almum
2943 5548 3106 5620 sydus
3134 5544 3325 5606 edidit.
3358 5554 3415 5601 ut
3445 5544 3513 5601 de
3562 5547 3737 5602 noctis
3762 5545 4002 5602 invenies
4031 5546 4111 5600 lu-

2541 5657 2662 5698 men
2693 5639 2952 5696 solidatae
2981 5635 3250 5694 teuebrari
3281 5635 3350 5690 ob
3372 5637 3682 5692 nubimenta
3714 5645 3957 5693 tenuaret
3975 5653 4112 5708 quae

2541 5735 2687 5791 claro
2714 5734 2922 5789 invecta
2949 5728 3218 5787 curriculo
3248 5727 3418 5784 cautis
3444 5743 3662 5787 vacasse
3687 5744 3785 5800 per
3816 5729 4110 5798 erroribus,

3975 367 4142 428 δεδι,
