4504 6484
239 461 334 520 557

1309 445 1391 500 DE
1428 443 1747 501 COiil‘UTO
1790 441 2121 498 PASCIIALI
2163 440 2292 498 LIB.
2347 441 2411 496 11.

3404 443 3510 501 558

237 570 465 630 secretis
506 567 857 639 cperantibus
903 567 1081 621 causis
1102 603 1116 629 ,
1179 575 1320 616 nunc
1370 561 1523 630 plena
1574 557 1825 614 subducit
1856 559 1900 615 A
1930 570 2043 609 scm
2071 565 2262 627 quarta
2292 555 2409 609 ictus
2436 551 2641 617 Junia=,
2669 559 2915 622 quartum
2948 563 3188 607 mensem
3214 562 3367 609 sexto
3391 556 3512 613 idus

241 663 531 736 implenda,
562 670 619 717 et
647 659 833 714 rotatis
856 656 1105 713 cursibus
1135 654 1336 709 iterum
1377 652 1649 707 delinitur.
1679 650 1823 705 llaec

239 765 367 814 sunt
404 754 565 824 igitur
593 753 751 807 lunae
801 746 1081 818 principia,
1136 742 1363 815 ejusque
1392 739 1823 821 omeia‘perenni

239 846 460 903 servitio
481 841 742 898 divinitus
772 837 1036 903 instituta;
1070 834 1204 889 haec
1232 831 1288 887 in
1318 830 1507 901 signis,
1532 838 1587 885 et
1616 828 1670 882 in
1691 836 1823 883 tem-

229 937 481 1018 poribus,
505 933 635 986 etin
663 929 873 991 diebus,
894 934 950 981 et
974 925 1027 981 in
1058 922 1217 978 annis
1238 920 1514 990 praesciae
1544 920 1703 974 facta.
1722 917 1825 973 Per

244 1027 383 1081 hanc
405 1024 600 1093 quippe
623 1018 879 1074 fabricam
910 1024 1113 1071 castam
1144 1024 1467 1082 puramque,
1490 1016 1548 1063 et
1562 1022 1692 1061 suae
1714 1021 1827 1061 ma-

237 1114 463 1185 iestatis
478 1110 755 1180 praesagio
776 1106 1037 1163 Dominus
1068 1100 1384 1172 designabat
1420 1097 1488 1153 ad
1513 1097 1822 1162 ecclesiam,

239 1203 381 1277 quod
408 1202 725 1272 saepissime
748 1203 996 1254 tenuatur
1017 1192 1232 1249 casibus
1258 1190 1445 1256 variis,
1485 1199 1543 1245 et
1570 1190 1827 1244 minuitur

240 1307 455 1364 semper
483 1291 537 1347 in
569 1290 775 1361 lapsis;
824 1284 1137 1357 splendoris
1181 1288 1361 1337 tamen
1405 1279 1586 1335 nitore
1608 1276 1826 1332 suti‘ulta

240 1384 440 1441 crescit
468 1384 521 1436 in
551 1380 769 1437 sanctis.
812 1376 907 1433 Sic
945 1375 1090 1431 enim
1135 1370 1415 1443 speciatim
1452 1370 1606 1436 dico,
1635 1369 1825 1425 eadem

239 1478 311 1533 de
346 1476 629 1544 semetipsa
660 1471 897 1542 loquitur
942 1467 1211 1526 ecclesia:
1243 1468 1391 1537 fusca
1437 1481 1582 1531 sum,
1634 1464 1824 1534 inquit,

236 1579 289 1625 et
337 1568 560 1633 decora,
608 1580 643 1622 ο
691 1564 834 1620 tiliae
890 1560 1266 1627 Hierusalem;
1317 1569 1374 1616 et
1424 1558 1681 1615 Dominus
1729 1573 1828 1627 per

243 1658 569 1727 Prophetam
618 1654 737 1709 voci
775 1666 1013 1709 sonorae
1057 1649 1358 1722 respondit,
1403 1656 1461 1705 et
1502 1647 1677 1703 dicit:
1723 1654 1830 1701 tota

240 1749 474 1818 speciosa
497 1761 552 1801 es
575 1744 705 1800 sicut
730 1742 830 1809 sol,
856 1750 906 1797 st
930 1742 1155 1814 perfecta
1178 1740 1311 1795 sicut
1333 1738 1491 1805 luna;
1517 1746 1572 1795 et
1594 1738 1785 1818 iterum
1813 1755 1826 1791 :

242 1812 400 1895 semel
440 1837 614 1908 iuraui
661 1836 716 1889 in
758 1812 940 1889 sancto
969 1847 1082 1887 meo
1118 1833 1162 1888 si
1189 1831 1356 1886 David
1379 1831 1615 1897 mentiar,
1660 1812 1830 1885 sem'en

244 1931 356 1999 ejus
386 1928 438 1981 in
463 1935 725 1982 aeternum
756 1922 999 1987 manebit,
1030 1930 1079 1977 et
1104 1920 1317 1976 thronus
1335 1924 1448 1993 ejus
1490 1920 1621 1975 sicut
1665 1920 1745 1974 sol
1780 1920 1835 1973 in

239 2018 522 2087 conspectu
546 2031 680 2083 meo,
714 2023 762 2070 et
788 2014 917 2069 sicut
946 2012 1075 2067 lana
1095 2013 1320 2085 perfecta
1343 2013 1397 2065 in
1426 2020 1690 2066 meritum.
1723 2009 1836 2066 Hoc

245 2119 429 2179 autem
457 2107 719 2164 ecclesiae
753 2109 806 2162 in
830 2104 1045 2162 Christo
1076 2111 1246 2159 totum
1275 2111 1478 2171 manet,
1502 2101 1838 2173 etcompth

245 2206 668 2264 sacramentum,
700 2195 1074 2253 adientisslme
1100 2207 1333 2266 namque
1364 2202 1837 2264 repraesentamus

241 2290 487 2361 ejusdem
505 2290 667 2346 lunae
687 2288 1137 2361 perfectissimum
1157 2296 1477 2355 cursum,ut
1500 2287 1555 2343 in
1580 2286 1693 2342 suis
1713 2300 1837 2342 eum

247 2380 648 2451 quodammodo
692 2378 949 2435 cancellis
999 2376 1191 2435 diebus
1243 2376 1472 2448 singulis
1526 2374 1581 2432 in
1630 2377 1841 2447 integro

247 2472 469 2526 noveris
496 2470 867 2526 terminatum.
901 2468 977 2524 Ex
1000 2465 1281 2529 Kalendis.
1306 2466 1550 2537 inquam,
1575 2466 1842 2523 Januariis

247 2559 306 2615 in
343 2559 517 2630 pridie
559 2559 702 2614 illius
734 2557 844 2613 diei
876 2556 1215 2628 supputabis,
1256 2557 1311 2612 in
1348 2571 1457 2627 quo
1502 2557 1667 2613 etiam
1717 2557 1840 2611 luna

244 2658 412 2722 quota
433 2652 502 2707 sit
527 2650 763 2721 quaeris.
796 2648 903 2705 Sed
931 2647 1159 2705 forsitan
1190 2648 1329 2704 dicis
1354 2665 1369 2702 :
1400 2662 1567 2719 quare
1590 2648 1641 2703 in
1667 2648 1843 2719 pridie

248 2752 483 2815 etquota
522 2744 594 2799 sit
623 2743 751 2797 luna
786 2742 842 2797 in
878 2741 1124 2812 sequenti
1158 2739 1432 2812 signiﬁcas
1464 2739 1573 2806 die,
1620 2739 1744 2809 quia
1771 2752 1839 2795 ex

247 2833 505 2891 Kalendis
528 2830 715 2902 utique
742 2830 1013 2889 Ianuariis
1041 2844 1306 2886 summam
1329 2829 1558 2901 colligis,
1588 2837 1644 2885 et
1676 2839 1841 2900 quota

252 2925 311 2982 in
359 2924 444 2980 bis
479 2921 645 2980 fuerit
681 2922 805 2977 luna
842 2920 1272 2993 superinmittisl
1304 2918 1636 2991 numquidne
1674 2935 1841 2975 unum

246 3016 395 3073 diem
419 3014 729 3085 hipartitum
748 3012 837 3069 vel
856 3012 1184 3084 duplicatum
1208 3020 1500 3083 supputare
1515 3011 1842 3082 singularem

248 3107 593 3177 aliquatenm
618 3105 677 3160 in
701 3118 929 3159 numero
958 3101 1170 3172 possis?
1203 3101 1384 3172 itaque
1424 3104 1481 3157 in
1515 3102 1599 3157 bis
1627 3102 1848 3171 partiris

1926 645 2114 714 Julias,
2136 645 2378 716 quintum
2408 657 2648 698 mensem
2675 652 2829 698 sexto
2848 642 2967 697 idus
2984 643 3273 712 Augustas,
3301 655 3510 704 sextum

1928 750 2167 792 mensem
2196 734 2484 804 septimum
2513 733 2631 788 idus
2659 733 3006 801 septetubris,
3041 732 3329 802 septimum
3359 750 3514 792 men-

1925 842 2039 883 sem
2064 826 2236 897 pridie
2264 826 2444 882 Nonas
2465 824 2728 885 Octobris,
2779 837 2826 877 οι
2848 829 3028 877 tavum
3080 838 3321 880 mensem
3361 828 3517 882 nonis

1926 916 2338 981 Novembribus,
2381 929 2579 971 nonum
2617 928 2857 969 mensem
2895 914 3066 983 pridie
3094 929 3144 968 nl
3169 928 3267 967 nas
3296 914 3521 971 Decem-

1928 1011 2059 1075 bris,
2083 1009 2353 1065 decimum
2380 1022 2621 1063 mensem
2648 1005 2807 1060 tertio
2835 1019 3006 1060 nonas
3027 1004 3326 1071 Januarias,
3352 1008 3521 1060 unde-

1926 1114 2125 1155 cimum
2170 1113 2408 1155 mensem
2450 1097 2708 1152 Kalendis
2754 1096 3079 1161 Februariis,
3138 1096 3517 1151 duodecimum

1929 1205 2167 1247 mensem
2191 1190 2379 1259 quinto
2396 1202 2565 1244 nonas
2586 1188 2823 1254 Martias,
2847 1196 2902 1241 et
2923 1187 3088 1241 habes
3108 1187 3222 1241 dies
3252 1196 3521 1242 trecentos

1928 1284 2315 1353 quinquaginta
2350 1284 2611 1351 quinque,
2647 1294 2783 1348 quos
2817 1278 3058 1333 continet
3102 1292 3277 1333 annus
3316 1278 3521 1348 primus

1930 1389 2061 1429 sane
2076 1373 2207 1428 inihi
2230 1370 2534 1443 quindecim
2558 1369 2747 1425 diebus
2768 1369 2947 1438 lunae,
2971 1380 3132 1439 quota
3160 1368 3343 1438 utique
3366 1368 3523 1438 plena

1931 1475 1986 1521 rt
2015 1466 2246 1537 perfecta
2291 1463 2466 1520 fuerat
2516 1464 2675 1517 facta.
2725 1461 2859 1517 Nam
2904 1477 2933 1517 a
2972 1463 3217 1533 quintum
3258 1476 3522 1518 nonarum

1932 1558 1986 1612 in
2012 1565 2261 1627 quartum
2289 1554 2559 1610 Nonarum
2592 1553 2898 1609 MartEarum
2932 1553 3021 1610 die
3061 1554 3369 1624 supputatio
3402 1568 3527 1623 pro-

1931 1648 2142 1703 nuntiat
2168 1648 2316 1711 luna,
2346 1646 2441 1717 qui
2468 1652 2552 1701 est
2579 1644 2785 1700 scilicet
2811 1644 2929 1700 dies
2960 1645 3103 1700 inter
3124 1646 3314 1715 quintu
3336 1653 3394 1701 et
3419 1654 3529 1699 ιρι·-

1934 1738 2011 1793 tio
2050 1736 2258 1794 medius
2304 1735 2360 1791 in
2393 1750 2501 1807 quo
2538 1734 2662 1791 luna
2697 1735 2839 1791 deun
2877 1743 2933 1791 et
2966 1748 3070 1790 non
3110 1736 3273 1801 assis,
3316 1735 3406 1804 qui
3444 1745 3527 1792 est

1933 1828 2049 1885 dies
2097 1842 2237 1884 unus
2284 1830 2537 1884 inventus
2578 1826 2651 1882 sit
2697 1827 2908 1897 plenus.
2961 1826 3148 1897 itaque
3198 1842 3230 1883 a
3272 1827 3359 1882 die
3406 1828 3528 1897 ipso

1867 1918 1912 1977 Β
1941 1923 2144 1977 mensis
2174 1920 2413 1976 inchoari
2444 1934 2550 1974 non
2581 1928 2756 1989 potest
2785 1919 3013 1988 primus,
3053 1919 3149 1973 scd
3180 1934 3211 1973 a
3239 1918 3400 1974 tertio
3425 1934 3528 1974 no-

1938 2025 2127 2066 narum
2156 2011 2469 2066 martiarum
2498 2011 2549 2064 in
2572 2018 2762 2079 quarta
2793 2024 3054 2064 nonarum
3078 2008 3340 2078 Aprilium
3358 2010 3527 2075 diem,

1936 2100 1990 2157 in
2017 2116 2242 2170 quarum
2282 2109 2478 2171 quartu
2525 2114 2787 2156 nonarum
2832 2099 3026 2170 pridie,
3072 2100 3176 2155 hoc
3226 2108 3311 2156 cst
3350 2101 3403 2156 in
3442 2103 3531 2157 die

1938 2190 2287 2247 kalendarum
2318 2191 2581 2261 Aprilium
2622 2203 2982 2261 conputemus
3010 2207 3077 2248 ex
3108 2192 3294 2262 quinta
3343 2192 3531 2249 kalen-

1936 2283 2126 2337 darum
2154 2282 2467 2338 earumdem
2498 2283 2795 2353 praeteriti,
2821 2282 2960 2339 idest
2989 2283 3145 2353 primi
3175 2286 3323 2351 anni,
3344 2285 3396 2339 in
3422 2299 3533 2354 quo

1939 2373 2027 2429 die
2047 2382 2277 2444 utraque
2302 2373 2585 2429 luminaria
2617 2374 2669 2431 in
2700 2374 2889 2443 signis,
2920 2384 2973 2430 et
3004 2374 3057 2430 in
3088 2376 3452 2445 temporibus,
3476 2389 3533 2431 et

1942 2464 1997 2518 in
2022 2462 2233 2529 diebus,
2285 2472 2340 2519 et
2367 2464 2425 2519 in
2450 2464 2607 2520 annis
2642 2478 2673 2519 a
2710 2465 2937 2520 Domino
2972 2465 3187 2521 fuerant
3214 2467 3530 2533 constituta,

1940 2564 1997 2611 et
2051 2555 2389 2611 inveniemus
2430 2554 2552 2611 dies
2607 2564 2878 2611 trecentos
2942 2557 3317 2629 septuaginta,
3370 2574 3532 2629 super

1941 2659 2078 2715 quos
2106 2646 2355 2702 addimus
2375 2646 2557 2702 lunam
2584 2648 2824 2717 quintam
2852 2646 3146 2716 decimam,
3176 2648 3230 2703 in
3260 2664 3367 2719 quo
3389 2660 3533 2709 statu

1943 2738 2146 2793 interea
2187 2737 2360 2792 fuerat
2390 2737 2554 2805 facta,
2604 2745 2663 2794 et
2690 2736 2824 2794 fiunt
2850 2737 2967 2794 dies
3002 2740 3229 2807 trecenti
3258 2741 3535 2811 octoginta

1943 2830 2198 2899 quinque.
2243 2828 2321 2885 Ex
2372 2828 2569 2900 quibus
2616 2828 2810 2885 diebus
2855 2830 3075 2900 partiris
3109 2834 3533 2902 sexagesimam,

1944 2930 1999 3000 et
2024 2919 2194 2977 habes
2225 2920 2370 2977 sexis
2404 2922 2632 2988 cincun;
2672 2922 2771 2977 bos
2810 2922 3120 2991 praedictae
3153 2938 3401 2980 sunmae
3440 2927 3537 2978 ad-

1940 3012 2142 3084 iungis.
2172 3022 2230 3070 et
2255 3012 2391 3069 ﬁunt
2416 3013 2533 3069 dies
2573 3014 2796 3069 trecenti
2831 3015 3120 3084 nonaginta
3158 3031 3266 3071 unu
3302 3016 3534 3083 cineun;

1948 3105 2164 3171 partim
2188 3102 2513 3173 trigesimam
2536 3112 2591 3157 et
2624 3102 2863 3157 invenies
2890 3102 3059 3158 decus
3089 3106 3269 3167 tresis,
3315 3116 3539 3176 superet

250 3196 675 3268 sexagesimam,
721 3203 778 3252 et
800 3194 943 3264 quod
972 3193 1144 3248 lueris
1176 3194 1405 3262 partitus
1433 3206 1597 3261 supra
1629 3193 1843 3247 dierum
1885 3264 1913 3268 _
1947 3194 2250 3250 ascincunt.
2308 3194 2448 3264 Ergo
2494 3207 2560 3250 ex
2597 3193 2687 3249 die
2735 3195 2895 3251 tertio
2922 3210 3187 3252 nonarum
3213 3200 3537 3254 martiarum

254 3264 543 3342 numerum
568 3283 745 3356 punis,
780 3283 834 3338 in
864 3282 1059 3353 quibus
1079 3280 1330 3337 similiter
1360 3280 1690 3352 trigesirnam
1722 3296 1841 3365 par-
1869 3264 1915 3328 C
1946 3300 2118 3355 usque
2147 3285 2203 3341 in
2236 3285 2378 3341 diem
2420 3297 2670 3357 quartum
2714 3302 2975 3343 nonarum
3007 3287 3272 3357 Aprilium
3306 3291 3539 3360 primam

252 3377 394 3443 uris,
424 3377 551 3433 etin
573 3376 767 3447 quovis
790 3374 898 3439 die,
930 3381 989 3427 ut
1010 3372 1142 3440 dixi,
1175 3380 1339 3442 quota
1377 3372 1482 3427 erit
1522 3372 1669 3439 luna,
1706 3386 1844 3441 quae

253 3470 323 3527 ad
355 3468 633 3525 athomum
677 3480 776 3538 per
816 3465 934 3521 dies
961 3474 1017 3521 et
1041 3478 1212 3520 annos
1247 3464 1487 3535 singulos
1516 3464 1843 3535 peritissime

250 3559 584 3631 designabis,
609 3558 859 3631 quamvis
901 3557 1057 3612 unius
1084 3556 1347 3627 cujusque
1374 3558 1610 3627 paschae
1639 3559 1845 3613 natales

254 3652 471 3710 nonnisi
511 3650 670 3721 primi
715 3650 921 3707 mensis
962 3663 1135 3705 novus
1182 3658 1404 3720 generat
1452 3648 1602 3713 dies;
1648 3650 1742 3705 sed
1788 3658 1847 3705 ut

253 3744 377 3816 ipse
407 3744 611 3815 primus
646 3742 848 3797 mensis
873 3755 904 3794 a
930 3740 1088 3796 tertio
1114 3755 1375 3796 nonarum
1415 3740 1723 3796 Martiarum
1759 3741 1847 3797 die

256 3849 429 3906 usque
458 3834 512 3889 in
533 3844 724 3904 quarto
748 3844 1013 3887 nonarum
1040 3831 1304 3901 Aprilium
1327 3846 1357 3884 a
1382 3831 1591 3885 cunctis
1612 3832 1847 3901 plerum-

252 3938 364 3995 que
410 3938 533 3980 esse
572 3922 804 3991 dicatur,
849 3929 997 3976 certa
1030 3927 1193 3989 atque
1224 3919 1429 3988 digesta
1457 3920 1666 3976 ratione
1694 3936 1846 3975 mon-

257 4023 483 4081 stretur,
505 4024 563 4069 ut
587 4015 639 4069 in
666 4013 749 4069 his
778 4013 969 4083 viginti
1006 4026 1199 4067 novem
1235 4011 1424 4067 diebus
1455 4012 1722 4081 paschalis
1754 4029 1847 4067 na-

258 4106 443 4162 tivitas
467 4113 761 4174 retegatur,
796 4111 853 4158 et
889 4117 987 4173 per
1017 4101 1252 4172 primum
1292 4102 1542 4157 annalem
1586 4102 1846 4158 circulum

260 4198 517 4256 veridicis
554 4195 913 4265 documentis,
944 4194 1247 4250 evidentius
1276 4195 1613 4250 ostendatur.
1641 4197 1686 4250 A
1717 4196 1849 4251 solis

260 4295 408 4348 enlm
429 4298 483 4345 et
508 4290 667 4345 lunae
696 4287 897 4343 fabrica
924 4300 1061 4357 quae
1082 4285 1173 4341 die
1198 4286 1243 4341 γ
1307 4286 1667 4341 Kalendarum
1690 4289 1850 4356 Apri-

262 4382 394 4437 lium
419 4384 649 4451 sumpsit
674 4382 980 4448 exordium,
1014 4386 1389 4447 computamus
1421 4376 1539 4433 dies
1579 4387 1849 4435 trecentos

262 4475 464 4529 liberos
487 4471 851 4543 quadragenta
882 4468 1187 4525 occurrisse
1220 4466 1286 4523 ad
1324 4467 1560 4523 futurum
1601 4468 1847 4538 quintum

1948 3376 2129 3431 lunam
2174 3390 2437 3447 quaerere
2486 3375 2769 3440 debemus,
2816 3380 3073 3447 quoniam
3120 3380 3172 3433 in
3216 3395 3554 3453 quocunque

1946 3465 2037 3523 die
2064 3466 2253 3522 existis
2277 3466 2465 3537 viginti
2486 3481 2678 3522 novem
2709 3466 2899 3525 diebus
2929 3469 3052 3523 luna
3087 3470 3258 3539 prima
3288 3478 3410 3528 cum
3436 3475 3543 3532 fue-

1949 3557 2039 3623 rit,
2064 3556 2189 3612 inde
2209 3555 2398 3626 incipit
2425 3556 2628 3611 mensis
2656 3556 2879 3626 primus,
2912 3559 2964 3613 in
2985 3575 3093 3630 quo
3126 3577 3312 3618 mense
3340 3568 3541 3633 pascha

1947 3650 2371 3706 sacratissimum
2405 3649 2667 3704 celebrari
2707 3651 2978 3720 praecepit
3004 3654 3349 3724 omnipotens
3378 3656 3542 3724 Deus,

1948 3742 2088 3798 sicut
2116 3743 2170 3796 in
2202 3741 2391 3797 Exodo
2420 3750 2648 3797 testatur
2673 3751 2729 3797 et
2756 3743 2881 3799 dicit
2908 3762 2921 3798 :
2947 3744 3081 3798 diem
3120 3746 3305 3815 festam
3337 3752 3545 3816 pascha!

1948 3836 2306 3902 observabitis;
2326 3844 2519 3904 septem
2546 3835 2725 3890 diebus
2745 3836 2905 3891 edetis
2931 3838 3120 3900 azima,
3144 3840 3275 3893 sicut
3306 3841 3545 3912 praecepi

1950 3925 2079 3993 tibi,
2120 3941 2210 3995 per
2253 3935 2447 3995 tempus
2492 3926 2674 3979 mensis
2706 3941 2986 3991 nouorum;
3023 3928 3077 3980 in
3106 3945 3165 3983 eo
3194 3931 3332 3983 enim
3366 3932 3544 3984 existis

1950 4014 2015 4067 de
2039 4023 2177 4068 terra
2204 4012 2445 4085 ngypti.
2494 4013 2620 4068 Item
2673 4014 2724 4067 in
2754 4014 2990 4071 Levitico
3019 4018 3257 4088 praecipit
3284 4020 3543 4076 Dominus

1951 4116 2006 4161 et
2030 4106 2160 4161 dicit
2183 4124 2197 4160 :
2224 4108 2387 4175 primo
2416 4123 2586 4162 mense
2614 4108 2665 4160 in
2692 4118 2877 4179 quarta
2899 4110 3097 4163 decima
3118 4112 3324 4179 mensis,
3348 4115 3404 4167 in
3433 4131 3543 4167 me-

1951 4199 2041 4253 dio
2072 4200 2468 4270 vespertinorum
2507 4199 2698 4268 pascha
2731 4200 2967 4268 Domini,
2996 4213 3044 4255 et
3085 4205 3139 4277 in
3165 4205 3543 4272 quintadecima

1953 4291 2139 4345 metuis
2161 4290 2317 4362 hujus
2345 4291 2452 4343 dies
2476 4291 2592 4361 festi
2619 4291 2905 4345 azimorum
2928 4291 3172 4346 Domino.
3204 4294 3331 4348 item
3359 4295 3412 4349 in
3437 4296 3546 4350 Nu-

1953 4382 2153 4438 meris:
2175 4391 2231 4437 et
2262 4383 2469 4436 locutus
2499 4393 2581 4437 est
2612 4381 2871 4447 Dominus
2898 4383 2963 4436 ad
2996 4384 3213 4455 Moysen
3244 4386 3295 4440 in
3325 4387 3544 4444 deserto

1952 4475 2082 4533 Sina
2112 4490 2256 4530 anno
2295 4474 2533 4529 secundo
2577 4475 3043 4544 proficiscentibus
3086 4479 3164 4532 eis
3190 4494 3256 4533 ex
3283 4478 3543 4551 Egypto,

262 4578 529 4620 nonarum
556 4562 865 4617 martiarum
896 4560 1063 4624 diem,
1088 4573 1252 4627 super
1275 4574 1411 4630 quos
1450 4558 1566 4614 dies
1601 4558 1850 4614 addimus
1884 4630 1925 4638 _
1957 4568 2008 4621 in
2051 4580 2237 4620 mense
2281 4567 2455 4635 primo
2483 4565 2669 4620 dicens
2713 4582 2726 4618 :
2769 4567 2887 4631 die,
2922 4578 2973 4620 ut
3018 4570 3211 4636 faciam
3250 4570 3348 4638 ﬁlii
3379 4570 3546 4627 Israel

264 4657 448 4713 lunam
478 4655 716 4725 quintam
739 4652 1024 4716 decimam,
1075 4652 1128 4707 in
1168 4666 1275 4722 qua
1291 4651 1479 4721 utique
1516 4650 1852 4720 plenitudine
1884 4630 1933 4691 Ῐ)
1960 4658 2151 4730 pascha
2186 4659 2239 4711 in
2268 4630 2493 4725 tempore
2527 4673 2621 4710 suo
2646 4630 3032 4726 quartadecima
3063 4661 3147 4714 die
3175 4630 3362 4716 "tensis
3394 4664 3547 4734 primi

265 4748 375 4802 diei
422 4745 659 4815 ipsarum
719 4744 962 4814 quintum
1029 4743 1393 4798 Kalendarum
1456 4743 1722 4813 Aprilium
1786 4744 1852 4799 ad

266 4852 555 4908 vesperam
585 4852 612 4892 a
649 4837 880 4892 Domino
912 4837 1084 4892 fuerat
1109 4836 1421 4901 antistitum,
1464 4849 1520 4891 et
1560 4836 1693 4890 fiunt
1738 4836 1856 4891 dies

270 4931 499 4987 trecenti
541 4929 923 5001 quinquaginta
980 4929 1245 5000 quinque,
1297 4928 1351 4981 in
1400 4927 1593 4995 quibus
1642 4929 1856 4999 partiris

267 5021 684 5092 sexagesimum,
732 5028 789 5076 et
841 5020 1008 5076 babes
1054 5019 1318 5090 quinques
1363 5019 1631 5087 deunces;
1690 5020 1857 5077 addes

272 5130 435 5186 supra
480 5130 742 5171 summam
784 5114 1139 5186 superiorem,
1192 5121 1249 5169 et
1284 5114 1418 5169 fiunt
1468 5114 1585 5169 dies
1630 5114 1857 5169 trecenti

272 5206 574 5277 sexaginta.
637 5204 812 5261 Deun.
865 5204 1084 5277 partiris
1135 5204 1462 5274 trigesimam
1516 5214 1572 5261 et
1618 5205 1860 5261 invenies

273 5296 731 5367 decnsdipondlus
760 5311 923 5367 super
958 5305 1014 5351 et
1041 5296 1208 5354 denu.
1252 5303 1308 5351 et
1344 5296 1601 5367 quoniam
1639 5298 1859 5367 quinta-

276 5395 488 5452 decima
542 5394 686 5469 luna,
739 5394 916 5464 plena,
962 5402 1022 5449 ut
1067 5392 1321 5459 diximus,
1363 5393 1550 5463 quinto
1592 5392 1863 5451 Kalendas

278 5488 494 5560 Apriles
523 5487 696 5541 fuerat
723 5484 861 5541 facta
904 5486 1073 5555 pridie
1104 5486 1224 5541 idus
1248 5485 1483 5554 Apriles,
1514 5495 1571 5540 ut
1599 5486 1717 5541 ritis
1741 5500 1865 5541 cor-

279 5579 437 5634 nibus
465 5586 788 5632 extenuatur
828 5577 894 5632 ad
934 5591 1089 5632 suum
1132 5590 1373 5631 mensem
1403 5578 1633 5645 primum
1676 5577 1867 5646 imple-

279 5672 385 5735 vit;
417 5679 634 5741 propter
653 5669 793 5739 quod
818 5669 1145 5725 novilnninm
1171 5670 1386 5725 Judaeis
1414 5680 1756 5739 praeceptum
1784 5680 1869 5728 est

279 5762 575 5817 olmervare
600 5774 774 5829 usque
801 5760 854 5815 in
887 5760 1205 5817 hodiernum
1233 5761 1397 5816 diem.
1421 5761 1723 5817 Secundum
1739 5778 1870 5819 vero

280 5866 522 5909 mensem
555 5859 748 5923 quarto
785 5851 903 5907 idus
932 5851 1098 5923 Majas
1143 5852 1412 5925 implevit,
1467 5853 1683 5909 tertium
1719 5869 1871 5912 meno

1961 4751 2033 4804 ad
2077 4766 2360 4820 vesperam.
2412 4748 2709 4803 Secundum
2757 4761 3020 4817 tempora,
3066 4754 3348 4806 secundum
3387 4755 3550 4826 legem

1960 4858 2138 4909 suam,
2170 4848 2217 4895 et
2253 4841 2531 4895 secundum
2574 4843 3007 4910 comparationem
3031 4858 3180 4896 suam
3210 4845 3365 4913 facies
3391 4846 3549 4900 illud.

1966 4933 2033 4990 Et
2079 4937 2281 4989 locutus
2320 4944 2393 4988 est
2432 4933 2636 5005 Moyses
2677 4935 2799 5002 ﬁliis
2838 4932 3007 4989 Israel
3048 4940 3215 5006 facere
3262 4938 3454 5005 pascha
3495 4942 3548 4993 in

1965 5028 2164 5082 deserto
2186 5026 2317 5083 Sina
2342 5026 2617 5081 secundum
2645 5026 2784 5097 quod
2816 5028 3057 5096 pra'cepit
3084 5025 3336 5085 Dominus
3358 5030 3552 5103 Moysi,

1965 5118 2039 5173 sic
2069 5120 2297 5187 fecerunt
2324 5118 2423 5185 ﬁlii
2449 5116 2637 5172 Israel.
2679 5118 2747 5172 Et
2774 5118 2931 5189 paulo
2960 5130 3080 5187 post
3108 5135 3231 5175 eum
3258 5124 3553 5177 commina-

1967 5211 2113 5266 tione
2159 5208 2415 5279 praecepit
2459 5207 2717 5264 Dominus
2740 5249 2756 5273 ,
2804 5218 2860 5264 et
2898 5208 3066 5264 dicit:
3094 5211 3248 5264 homo
3284 5214 3371 5275 qui
3402 5214 3554 5281 fuerit

1967 5301 2212 5367 mundus,
2238 5313 2285 5355 et
2305 5302 2358 5354 in
2391 5300 2474 5354 aia
2498 5299 2654 5371 longa
2680 5315 2781 5353 non
2807 5300 2985 5369 fuerit,
3014 5311 3062 5354 et
3088 5304 3357 5357 cessaverit
3389 5308 3557 5373 facere

1970 5393 2181 5463 pascha,
2220 5370 2642 5445 exterminabitur
2663 5393 2837 5444 animo
2862 5391 2954 5446 illo
2980 5393 3044 5445 de
3072 5395 3265 5463 populo
3295 5370 3556 5467 suov,'quia

1970 5499 2157 5537 munus
2174 5481 2396 5536 Domino
2416 5498 2521 5536 non
2545 5481 2727 5535 obtulit
2752 5482 2805 5535 in
2834 5493 3057 5553 tempore
3080 5494 3266 5539 suo:et
3297 5499 3559 5554 peccatum

1969 5592 2120 5631 suum
2147 5574 2360 5645 accipiet
2389 5573 2543 5628 homo
2571 5573 2678 5628 ille.
2713 5574 2769 5628 In
2805 5564 3219 5631 Deuteronomio
3256 5579 3466 5651 Moyses
3492 5582 3560 5635 ad

1974 5667 2226 5737 populum
2265 5666 2477 5721 locutus
2510 5674 2595 5720 est
2626 5664 2813 5721 dicens
2858 5684 2870 5719 :
2910 5668 3118 5722 observa
3155 5687 3375 5725 mensem
3405 5689 3561 5727 noro-

1974 5776 2111 5822 rnm,
2140 5769 2191 5814 et
2220 5760 2377 5829 facies
2402 5758 2595 5828 pascha
2626 5754 2852 5811 Domino
2880 5756 2990 5812 Deo
3020 5770 3126 5827 tuo,
3159 5768 3279 5831 quia
3308 5764 3361 5816 in
3392 5780 3565 5818 mense

1976 5867 2219 5909 novorum
2246 5851 2396 5909 existi
2432 5850 2498 5905 de
2536 5859 2673 5905 terra
2700 5847 2924 5923 ngypti
2955 5860 3133 5923 nocte,
3167 5862 3215 5908 et
3246 5854 3564 5926 sacriﬁcabis
