4322 6406
227 430 325 483 561

232 532 1107 555 ’,ιθ-*μο-

1689 502 3001 528 _________________________..____.

1082 417 1375 475 AUCTOR.
1421 407 1783 468 IVCEIHUS.
1819 436 1883 443 —
1914 397 2355 458 OBSERVATIO
2398 394 2695 451 CRITICA.
2778 384 2781 385 ν

1583 610 1801 655 EODEM
1837 605 2159 652 TBIIPOBE.

616 759 1651 976 AUCTOR
1801 753 2075 954 IN
2085 738 3172 953 CERTUS.‘

1414 1052 2354 1080 *ὥ

1230 1165 1967 1261 OBSERVATIO
2026 1160 2526 1243 CRITICA.

1410 1318 2346 1346 *ψη-

310 1481 554 1551 Quisquis
600 1482 654 1535 in
689 1478 963 1536 Scotorum
1016 1477 1227 1532 historia
1266 1475 1342 1528 vel
1382 1474 1555 1527 leviter
1594 1479 1825 1523 versatus
1857 1466 1905 1525 Α
1935 1461 2093 1529 palis)
2120 1460 2439 1551 observatum
2463 1458 2647 1551 [ιὼδεί
2674 1454 2807 1509 Nam
2837 1455 2931 1508 hoc
2960 1448 3532 1551 mortasterium‘liilro-

232 1589 511 1643 agnoscere
543 1572 687 1626 debet
720 1572 911 1643 primos
944 1568 1261 1624 Christianos
1302 1564 1564 1633 religionis
1606 1564 1831 1615 doctores

231 1666 289 1717 in
317 1664 567 1717 hodierna
596 1661 774 1717 Scotia
811 1662 1063 1716 exstitisse
1103 1660 1218 1723 vita:
1252 1656 1548 1710 menastica:
1586 1654 1828 1715 cultores,

233 1752 373 1806 unde
393 1755 647 1823 famosum
658 1731 793 1805 illud
816 1747 1053 1803 Forduni
1084 1750 1135 1801 in
1157 1745 1579 1801 Scoti-Chronico
1601 1742 1690 1796 lib.
1716 1756 1829 1803 xm,

232 1859 353 1908 cap.
383 1844 439 1909 8,
465 1861 586 1915 pag.
619 1844 740 1910 184,
763 1844 973 1910 dictum,
1004 1844 1093 1913 qui
1126 1842 1188 1896 de
1217 1852 1393 1896 sancto
1420 1838 1663 1893 Palladio
1696 1838 1834 1889 ciica

234 1950 433 1988 annum
452 1925 559 1991 450
586 1934 653 1987 ad
678 1934 862 2003 Scotos
892 1936 944 1988 in
965 1932 1226 1989 Christum
1252 1934 1367 2003 jam
1396 1930 1651 1983 credentes
1680 1928 1832 1980 m'sso

232 2026 477 2096 episcopo
496 2026 571 2079 sic
594 2024 820 2094 loquitur
843 2039 860 2077 :
880 2042 897 2075 ι
927 2025 1057 2078 Ante
1077 2024 1226 2093 cujus
1250 2021 1530 2093 (Palladii)
1556 2021 1832 2071 adventant

236 2114 487 2169 habebant
516 2114 660 2170 Scoti
684 2115 805 2180 ﬁdei
836 2114 1098 2178 doctores,
1129 2130 1191 2167 ac
1216 2122 1653 2167 sacramentorum
1681 2109 1834 2161 mini-

234 2216 481 2262 stratores
510 2208 826 2277 presbyteros
855 2206 1177 2260 solummodo
1216 2202 1516 2268 monachos,
1558 2204 1715 2254 ritum
1752 2216 1833 2254 se-

236 2306 445 2365 quentes
469 2295 713 2351 Ecclesia
752 2297 1038 2365 primitivw.
1075 2316 1095 2349 ι
1126 2296 1231 2350 Per
1252 2312 1368 2367 qua:
1393 2312 1516 2349 sane
1548 2294 1694 2347 verba
1728 2295 1835 2346 sin-

242 2403 391 2442 cerus
416 2387 504 2442 ille
523 2388 753 2441 historice
774 2387 991 2444 Scoticce
1020 2388 1254 2443 conditor
1279 2388 1449 2442 solum
1473 2388 1734 2441 insinuare
1762 2386 1835 2437 vi.

238 2480 414 2544 detur,
441 2477 813 2537 S.Palladium
834 2480 992 2550 fuisse
1016 2482 1239 2550 primum
1262 2480 1557 2551 episcOpum
1583 2496 1612 2531 a
1633 2495 1835 2533 summo

236 2568 485 2638 pontiﬁce
505 2568 742 2623 Romano
779 2570 992 2624 missum
1026 2570 1095 2623 ad
1127 2570 1452 2626 Scoticanam
1477 2569 1763 2623 Ecclesiam
1803 2587 1835 2622 a

242 2661 517 2716 cunabulis
563 2671 908 2733 resurgentem
950 2663 1360 2734 gubernandum,
1389 2680 1505 2718 cum
1541 2673 1658 2717 ante
1693 2663 1835 2716 illius

239 2750 538 2822 adventum,
566 2764 628 2810 et.
645 2756 819 2811 eadem
839 2757 1009 2810 adhuc
1032 2758 1330 2827 imperfecta
1356 2773 1418 2809 ac
1437 2758 1581 2811 rudis
1602 2774 1693 2827 per
1721 2774 1836 2824 prc-

1935 1568 2080 1607 sense
2104 1551 2251 1621 vulgo
2274 1548 2573 1628 Culrosense
2594 1548 2785 1601 dictum
2807 1555 3028 1600 erectum
3050 1553 3143 1604 est.
3168 1561 3200 1596 a
3222 1542 3282 1597 S.
3302 1542 3535 1597 Serrano

1940 1646 2312 1700 Orcadensium
2353 1644 2643 1696 msularum
2672 1640 2931 1710 apostolo,
2965 1646 3011 1690 ct
3042 1636 3102 1692 S.
3127 1634 3353 1689 Palladii
3381 1633 3537 1686 disci-

1936 1737 2079 1806 pulo,
2099 1736 2187 1803 qui
2211 1751 2309 1787 non
2330 1749 2508 1788 noram
2527 1730 2853 1799 disciplinam
2871 1727 3206 1781 monasticam
3226 1724 3532 1787 introduxit,

1936 1828 2024 1881 sed
2066 1836 2280 1879 veterem
2311 1824 2569 1894 primwvis
2592 1822 2761 1877 Scotis
2802 1820 3063 1874 monachis
3094 1832 3412 1871 communem
3444 1831 3534 1868 cx-

1935 1916 2115 1971 colnit.
2138 1915 2263 1969 Erat
2287 1924 2455 1968 autem
2480 1916 2574 1966 hoc
2597 1912 2959 1965 monasterium
2982 1910 3033 1962 in
3056 1908 3298 1961 wstuario
3322 1904 3535 1958 Fortha:

1933 2006 2038 2061 sive
2052 2004 2313 2059 Bodotiiw
2332 2006 2503 2069 situm,
2524 2005 2591 2055 ad
2616 2002 2871 2056 borealem
2887 2002 3117 2071 ﬂuminis
3140 2000 3304 2069 ripam
3328 2006 3373 2049 et
3394 1996 3538 2062 infra

1939 2098 2264 2168 Strivelingm
2303 2106 2527 2149 castrum
2556 2111 2645 2148 sca:
2674 2094 2978 2147 milliaribus
2998 2095 3213 2163 jacens,
3248 2090 3330 2141 ubi
3360 2090 3533 2157 ﬂuxus

1937 2199 1984 2244 et
2016 2192 2248 2259 reﬂuxus
2279 2189 2445 2242 adhuc
2474 2188 2716 2251 cernitur,
2746 2201 2896 2257 quem
2925 2193 3105 2237 auctor
3132 2184 3249 2236 vita:
3272 2180 3331 2235 S.
3357 2178 3535 2231 tiinti-

1936 2282 2080 2351 gerni
2108 2280 2247 2351 apud
2267 2278 2561 2333 Bolandum
2588 2278 2653 2331 15
2677 2275 2917 2331 Januarii
2949 2293 3037 2346 per
3063 2274 3322 2327 Materiam
3360 2280 3405 2323 et
3439 2268 3538 2322 Lc—

1938 2375 2119 2427 doncm
2145 2372 2327 2435 ﬂuvios
2353 2372 2615 2438 designat;
2640 2369 2708 2420 ad
2733 2383 2924 2421 morem
2949 2364 3293 2435 quorumdam
3317 2372 3539 2416 veterum

1939 2480 2030 2534 per
2052 2439 2309 2517 iedonent
2333 2461 2625 2531 intelligens
2646 2468 2829 2513 aestum
2852 2467 2898 2513 et
2925 2459 3127 2526 ﬂuxum
3148 2455 3325 2523 maris,
3359 2468 3537 2521 quem-

1938 2555 2221 2607 admodum
2262 2562 2310 2607 et
2350 2569 2441 2622 per
2494 2550 2753 2605 Halenam
2778 2550 3029 2603 denotans
3052 2547 3307 2616 rrﬂuaum
3331 2544 3434 2597 sive
3464 2559 3540 2595 re-

1940 2660 2137 2699 cessum
2168 2643 2357 2707 maris;
2399 2658 2526 2711 quos
2552 2642 2711 2712 igitur
2741 2641 2871 2694 male
2898 2642 3027 2693 duos
3062 2637 3326 2691 distinctos
3354 2634 3540 2704 ﬂuvios

1940 2735 2267 2802 existimavit,
2307 2749 2422 2786 cum
2454 2733 2595 2802 apud
2624 2730 2902 2786 Kilrosiam
2943 2731 3140 2785 nullum
3172 2730 3315 2782 aliud
3347 2730 3541 2797 ﬂumen

237 2844 472 2914 85916708
491 2844 557 2899 ab
576 2844 694 2899 aliis
714 2846 955 2917 legitimis
975 2822 1227 2918 episcopis
1249 2850 1516 2902 ordinatos
1534 2822 1840 2916 ac'pletum-
1876 2836 1917 2895 Β
1947 2840 2132 2899 printer
2157 2826 2459 2882 Bodotriam
2493 2834 2762 2897 appareat,
2796 2825 2882 2878 ubi
2923 2834 3115 2918 tamen,
3138 2822 3369 2894 quamvis
3400 2822 3542 2875 locus

238 2951 342 3006 que
357 2936 635 2991 monachos
660 2938 911 2993 instructa
935 2940 1113 3009 fuerit,
1132 2940 1222 2993 sed
1235 2940 1349 3010 jam
1373 2938 1441 2991 ad
1463 2938 1840 3007 suscip’endam

239 3017 816 3095 supremam'Ecclesz'te
861 3027 1208 3083 hierarchiam
1251 3030 1641 3083 accommodata
1690 3035 1842 3097 prout

239 3116 365 3171 alia
393 3128 564 3188 gentes
585 3121 653 3172 ad
675 3117 935 3185 Christum
960 3135 1215 3174 conversae
1240 3120 1386 3188 prius
1412 3136 1502 3188 per
1528 3118 1844 3189 presbyteros

240 3210 507 3275 instructa:
530 3218 671 3273 sunt,
714 3227 870 3280 quam
911 3211 1190 3281 episcopali
1217 3210 1583 3281 jurisdictione
1616 3210 1841 3261 donata.

249 3298 446 3355 Verum
483 3314 653 3353 rerum
683 3300 1010 3356 Scoticarum
1056 3303 1328 3369 scriptores
1353 3310 1401 3354 et
1429 3300 1539 3369 ipse
1558 3296 1842 3353 Fordunus

241 3396 531 3460 agnoscunt
569 3398 803 3443 sanctum
830 3389 1047 3444 Niniam
1070 3388 1320 3445 Candida:
1345 3388 1490 3443 Casta
1524 3389 1839 3458 episcopum,

242 3486 479 3533 sanetum
502 3476 823 3547 Palladium,
850 3489 1081 3535 sanctum
1104 3477 1419 3545 Fernanum,
1454 3478 1839 3543 S.S.‘rvanum,

244 3568 712 3641 S.Kentigernum,
737 3571 966 3642 aliosque
993 3574 1260 3641 primitiva:
1287 3574 1527 3628 Ecclesia:
1549 3574 1842 3629 Scoticana:

242 3662 533 3732 episcopos,
551 3664 805 3719 exstitisse
826 3680 967 3719 veros
988 3665 1284 3732 monachos,
1310 3684 1370 3719 ac
1388 3667 1675 3738 disciplina:
1696 3683 1841 3721 acer-

243 3754 407 3806 rimos
452 3751 704 3821 vindices,
743 3756 832 3825 qui
881 3758 1219 3824 monasteria,
1263 3769 1505 3827 tanquam
1538 3758 1845 3813 Christiania

245 3845 515 3917 religionis
544 3848 778 3914 quaedam
814 3858 1005 3915 castra,
1031 3861 1316 3925 erexerunt,
1340 3867 1403 3907 es;
1428 3850 1612 3920 quibus
1640 3851 1845 3922 prodie-

244 3942 372 4019 runt
400 3944 473 3989 tot
506 3936 817 3993 sanctissimi
845 3939 1028 3993 milites
1062 3941 1131 3993 ad
1156 3940 1517 3995 debellandam
1552 3941 1843 3995 dwmonum

246 4027 490 4081 militiam
524 4028 815 4095 exercitati,
854 4038 900 4083 et
934 4030 1003 4083 ad
1041 4034 1433 4103 propagandam
1471 4033 1626 4101 ﬁdem
1655 4033 1844 4088 Christi

246 4119 521 4188 aptissimi.
552 4118 728 4191 Hujus
755 4120 832 4174 rei
856 4122 1077 4176 vividum
1104 4126 1390 4194 exemplum
1414 4126 1601 4194 praebet
1630 4119 1844 4193 sequens

1943 2920 2035 2973 ille
2074 2919 2253 2990 viginti
2288 2919 2597 2973 milliaribus
2635 2919 2699 2971 ab
2740 2918 2869 2972 ostio
2902 2916 3132 2987 ﬂuminis
3168 2917 3338 2978 distet,
3376 2922 3545 2967 tamen

1945 3025 2163 3077 magnus
2191 3010 2362 3077 ﬂuxus
2389 3017 2434 3062 et
2458 3010 2690 3077 reﬂuxus
2718 3008 2873 3061 maris
2900 3007 3208 3061 observetur.
3242 3002 3307 3057 In
3330 3004 3423 3057 hoc
3448 3005 3545 3072 igi~

1943 3107 2029 3150 tur
2058 3098 2367 3150 monasterio
2390 3097 2636 3151 educatus
2662 3106 2735 3150 est
2761 3095 3183 3168 SeKentigernus
3205 3096 3357 3165 vulgo
3380 3094 3546 3147 dictus

1948 3189 2142 3259 Mungo
2172 3190 2369 3261 primus
2396 3188 2728 3262 Clasgnensis
2759 3191 2809 3243 in
2836 3189 3016 3245 Scotia
3038 3192 3306 3260 episcopus
3337 3195 3383 3241 et
3413 3188 3549 3240 mul-

1945 3292 2113 3334 torum
2151 3281 2521 3335 monachorum
2559 3290 2724 3351 pater,
2760 3282 2873 3350 qui,
2916 3280 3147 3334 Kilrosfa
3183 3280 3252 3332 ad
3292 3278 3548 3332 australes

1946 3381 2117 3440 partes
2145 3376 2402 3435 secedens,
2433 3372 2716 3425 necessario
2748 3372 3047 3424 a’stuarium
3074 3369 3286 3423 Forthw
3313 3370 3549 3423 transivit

1947 3473 2170 3535 tempore
2200 3464 2420 3519 Malitia?
2446 3464 2806 3532 sive‘reﬂuxus
2833 3464 3015 3529 maris,
3038 3472 3186 3533 atque
3224 3463 3367 3533 apud
3389 3461 3548 3517 Clas-

1946 3572 2101 3626 gnam
2132 3555 2293 3625 ﬁgens
2319 3556 2499 3623 pedem
2527 3555 2724 3625 insigne
2756 3556 2919 3610 erexit
2956 3556 3321 3609 monasterium
3357 3570 3389 3607 a
3420 3570 3549 3609 non-

1945 3648 2108 3717 gentis
2138 3647 2511 3717 quinquaginta
2540 3646 2800 3700 monachis
2831 3646 3190 3712 inhabitatum,
3222 3647 3405 3717 quibus
3439 3648 3546 3700 uti-

1946 3756 2042 3807 que
2073 3738 2399 3809 discip’inam
2427 3737 2759 3791 monasticam
2788 3752 2819 3790 a
2845 3736 3151 3793 S.Servano
3181 3739 3426 3807 magistro
3453 3755 3547 3793 suo

1948 3832 2191 3884 usitatam
2229 3829 2537 3900 pra’scripsit
2580 3828 2962 3883 observandam.
2992 3826 3381 3882 Celebirrimum
3424 3846 3546 3901 ergo

1945 3936 2051 3978 erat
2080 3923 2372 3977 Kilrosense
2403 3925 2800 3993 monasterium,
2836 3934 2883 3977 et
2922 3928 3099 3995 forsan
3128 3935 3245 3979 ante
3272 3908 3547 3980 adventum

1948 4017 2250 4071 S.Pall.dii
2292 4017 2355 4069 ab
2382 4017 2510 4085 ipsis
2542 4016 2807 4071 monachis
2836 4014 3007 4071 Scotis
3035 4016 3140 4070 sive
3166 4016 3395 4072 Kiledeis
3422 4033 3547 4071 con-

1947 4090 2214 4172 structum,
2233 4124 2265 4159 a
2280 4107 2460 4175 quibus
2480 4118 2529 4168 et
2547 4108 3008 4161 denominationem
3026 4108 3303 4179 sumpsisse
3321 4111 3543 4175 videtur,

251 4208 395 4263 Ordo
416 4209 747 4273 monasticus,
769 4210 831 4263 ab
851 4212 1073 4283 antiquis
1096 4214 1355 4267 ηιοηαειιὶε
1379 4214 1548 4269 Scotis
1572 4214 1666 4267 sub
1691 4230 1845 4269 exor-
1870 4200 1917 4262 (ἑ
1948 4218 2066 4256 cum
2106 4218 2171 4255 ex
2210 4212 2325 4255 ante
2369 4202 2519 4256 dictis
2557 4201 2765 4256 omnino

1912 4203 2066 4261 Lcum
2106 4218 2171 4255 es:
2210 4212 2325 4255 ante
2369 4202 2519 4256 dictis
2557 4201 2765 4256 omnino
2812 4210 3035 4268 constet,
3076 4202 3354 4256 monachos
3403 4206 3543 4273 apud

247 4300 336 4354 dio
360 4308 612 4369 suscepta
630 4298 940 4357 Christiana:
966 4306 1227 4374 religionis
1259 4306 1573 4371 observatas,
1608 4306 1699 4376 qui
1728 4321 1843 4361 cum

250 4392 651 4447 vetustissimum
680 4394 746 4448 sit
788 4395 1011 4449 omnium
1042 4396 1415 4451 Monachorum
1439 4398 1845 4452 Occidentalium

254 4490 660 4548 monumentum,
702 4500 1039 4556 magnamque
1077 4503 1191 4540 cum
1217 4472 1589 4559 Egyptiorum
1628 4486 1845 4541 Patrum

250 4574 449 4644 regulis
475 4576 838 4631 connexionem
862 4576 1066 4644 habeat,
1089 4580 1161 4633 sic
1186 4582 1365 4633 merito
1393 4589 1505 4649 post
1530 4581 1590 4634 S.
1610 4579 1846 4635 Cassiani

252 4665 600 4719 institutiones
618 4675 667 4719 et
688 4667 919 4736 regulam
933 4666 1273 4723 S.Pachomii
1290 4670 1513 4723 debitum
1527 4659 1696 4724 loc'um
1713 4671 1845 4724 inter

249 4752 359 4808 ha'c
383 4754 738 4812 additamenta
756 4766 996 4828 uteretur,
1020 4768 1199 4823 utpote
1216 4762 1551 4817 arctissimam
1567 4761 1846 4815 Orientalis

249 4845 541 4913 disciplina
555 4846 925 4904 observantiam
940 4851 1302 4919 complectens,
1318 4852 1539 4923 exceptis
1562 4852 1844 4923 frequenti-

254 4936 345 4991 bus
370 4937 477 4992 illis
506 4938 561 4993 in
598 4955 787 5009 aquam
826 4941 1258 5009 immersionibus,
1285 4960 1399 5012 qua
1437 4944 1561 4998 solis
1582 4943 1845 4999 monachis

254 5028 423 5085 Scotis
451 5034 659 5099 fuerunt
678 5033 982 5099 peculiares.
1011 5035 1137 5089 Cum
1159 5035 1340 5107 igitur,
1362 5039 1511 5108 longe
1528 5047 1647 5091 ante
1666 5036 1846 5090 adven-

252 5129 360 5174 tum
390 5121 451 5177 S.
470 5120 721 5189 Palladii,
741 5126 794 5177 in
813 5125 1061 5180 hodierna
1085 5124 1263 5181 Scotia
1288 5128 1570 5183 astiterint
1592 5137 1844 5182 monaste-

249 5212 357 5277 ria,
382 5228 601 5283 quorum
633 5214 871 5282 inquilini
908 5216 1307 5271 nominabantur
1336 5217 1542 5273 Κίωάεί
1570 5218 1643 5271 vel
1673 5216 1843 5273 Κηἀεὶ

249 5302 312 5355 ab
328 5296 454 5374 ipsis
470 5304 630 5367 cellis,
644 5320 772 5373 quas
787 5306 1155 5374 inhabitabant,
1172 5324 1272 5363 non
1292 5326 1323 5362 a
1338 5309 1478 5362 cultu
1493 5324 1643 5379 quem
1657 5308 1845 5363 ibidem

251 5396 569 5463 exercebant,
588 5397 661 5451 sic
681 5396 962 5466 appellati;
985 5400 1212 5466 adeoque
1239 5402 1436 5456 veritati
1469 5417 1749 5455 consonum
1776 5405 1845 5455 vi-

1949 4291 2131 4348 Scotos
2159 4294 2273 4363 jam
2308 4292 2506 4346 dudum
2531 4292 2787 4363 ﬂoruisse.
2819 4290 2884 4346 In
2919 4292 3073 4347 veteri
3108 4293 3243 4347 enim
3266 4292 3546 4350 Scotorum

1947 4386 2191 4440 idiomate
2213 4384 2295 4440 Kil
2324 4386 2568 4440 denotare
2592 4385 2754 4439 ullam
2778 4386 3211 4457 quemadmodum
3252 4397 3301 4441 et
3322 4386 3432 4442 R05
3466 4387 3544 4442 vel

1949 4476 2085 4532 Ross
2116 4478 2409 4550 signiﬁcare
2437 4479 2838 4548 promontorium
2874 4478 3291 4547 animadvertunt
3319 4482 3546 4548 antiqui.

1947 4572 2066 4623 tatis
2095 4568 2313 4624 Scotica:
2350 4569 2521 4639 periti,
2551 4570 2627 4623 ita
2658 4568 2795 4639 quod
2831 4568 3037 4625 Kil-ros
3074 4573 3325 4626 exstiterit
3370 4586 3547 4625 verum

1948 4659 2285 4713 Kilcdeorum
2314 4662 2748 4727 promontorium,
2776 4675 2992 4731 quorum
3032 4664 3177 4718 celltz
3202 4663 3393 4719 ibidem
3423 4652 3548 4717 con-

1946 4761 2153 4806 structa
2188 4752 2462 4806 altitudine
2505 4753 2695 4807 eximia
2734 4754 2986 4823 reliquam
3010 4756 3281 4825 planitiem
3326 4771 3545 4823 supera-

1912 4882 1913 4885 η
1947 4852 2150 4909 verunt,
2200 4844 2482 4914 pra'sertim
2521 4844 2591 4897 ad
2635 4843 2772 4899 latus
2814 4845 3017 4901 boreale
3066 4848 3295 4903 mstuarii
3344 4847 3542 4916 positae.

1955 4933 2144 4988 Vtrum
2174 4936 2375 4989 labente
2402 4934 2591 4989 sa'culo
2621 4937 2836 5007 septima
2864 4938 2959 4992 hoc
2988 4940 3189 5008 insigne
3212 4938 3543 4995 Kiledeorum

1945 5026 2333 5093 monasterium,
2364 5043 2397 5079 a
2420 5024 2582 5081 Danis
2605 5038 2651 5083 et
2680 5026 2969 5100 Naiwegis,
2993 5029 3318 5087 Britanniam
3345 5042 3545 5104 septen-

1947 5120 2220 5174 trionalem
2267 5121 2646 5176 devastantibns
2688 5123 2757 5175 ad
2795 5122 2979 5177 incitas
3018 5133 3092 5178 est
3126 5127 3407 5194 redactum,
3452 5143 3544 5180 nec

1946 5221 2064 5264 ante
2092 5227 2282 5264 annum
2312 5210 2447 5265 1217
2478 5216 2707 5284 reparari
2735 5227 2974 5284 coeperat.
3002 5218 3063 5270 At
3087 5220 3185 5273 hoc
3208 5221 3385 5274 eodem
3407 5235 3545 5273 anno

1952 5303 2260 5359 Malcolmus
2297 5303 2438 5375 Fifce
2466 5322 2634 5360 comes
2676 5306 2810 5359 idem
2851 5309 3220 5379 depopulatum
3262 5311 3546 5366 cmnobinm

1947 5397 2275 5461 restauravit,
2317 5396 2645 5466 amplissimis
2674 5399 2815 5469 agris
2852 5408 2897 5452 et
2928 5399 3077 5455 donis
3108 5402 3452 5471 locupletavit,
3482 5418 3545 5456 ac

254 5486 419 5551 detur,
445 5486 583 5541 hunc
605 5485 849 5542 Ordinem
864 5488 1207 5545 Monasticum
1227 5494 1378 5545 etiam
1399 5503 1518 5546 ante
1536 5491 1596 5548 S.
1613 5492 1846 5546 Cassiani
1947 5502 2099 5539 δαενο
2126 5486 2292 5539 υτάίηὶ
2315 5487 2635 5543 Cisterciensi
2659 5505 2781 5543 conc

1947 5502 2099 5539 sacro
2126 5486 2292 5539 ordini
2315 5487 2635 5543 Cisterciensi
2659 5493 2936 5554 concessit;
2961 5496 3111 5564 cujus
3138 5494 3353 5563 piissimi
3374 5495 3547 5565 inqui-

254 5578 629 5633 institutionum
658 5582 1097 5652 propagationem,
1122 5584 1184 5635 ab
1224 5585 1328 5638 illis
1350 5584 1584 5639 Κοιειιθίε
1605 5585 1709 5639 sive
1732 5585 1843 5641 Kil.
1878 5571 1925 5632 D
1951 5575 2043 5629 lini
2079 5575 2141 5632 S.
2186 5576 2468 5633 Servannm
2509 5581 2630 5634 olim
2670 5584 3048 5637 sanctissimum
3095 5584 3197 5640 loci
3226 5586 3452 5642 abbatem
3492 5589 3547 5642 in

255 5667 367 5724 deis
390 5669 650 5757 (corrupte
685 5688 775 5740 per
802 5674 1059 5743 sequiores
1089 5675 1363 5743 scriptores
1389 5675 1606 5730 Culdeis
1638 5694 1837 5733 nuncu-

324 5806 351 5838 *
385 5803 465 5861 Ex
495 5805 715 5865 Mai-ian.
749 5806 838 5865 Br.
872 5808 1069 5866 Codice
1101 5811 1348 5880 Rogulur.
1386 5822 1515 5869 tom.
1550 5811 1611 5868 ll.

1951 5668 2121 5723 divunt
2144 5670 2403 5724 ti.'u!arem
2426 5688 2553 5727 svsc:
2571 5685 2772 5743 perunt,
2793 5675 3007 5746 ejusque
3028 5692 3227 5732 sacrant
3252 5680 3545 5733 memoriam
