4504 6470
249 474 355 533 ωε
606 482 611 483 ~
1546 448 1729 507 onoo
1769 442 2028 500 itemst

1769 442 1904 500 MON
1913 443 2108 500 .\STIC
2117 444 2214 500 US.
3422 442 3528 501 5&6

250 584 493 642 homines
526 576 714 634 rustici
749 574 947 631 auxilio
984 571 1144 627 boum
1181 576 1236 625 et
1276 579 1534 639 equorum
1570 564 1830 635 perficere
1858 561 1911 618 Δ
1935 559 2135 631 aliquid
2160 572 2255 627 pro
2275 556 2613 626 cleemosyna
2636 555 2934 613 concedere
2956 552 3203 622 voluerit,
3221 554 3530 616 immediate

254 676 443 733 solent.
473 670 603 727 Nam
635 666 775 738 apud
801 668 962 733 ipsos,
994 661 1139 716 nulla
1171 673 1278 715 tera
1303 658 1464 713 boum
1493 664 1548 711 et
1571 664 1831 723 equorum
1937 654 2260 723 pauperibus
2305 651 2725 719 distribuebant,
2772 651 2967 721 quibus
3008 650 3179 706 etiam
3230 649 3532 706 oblationes

255 772 347 817 aut
373 760 599 814 aliorum
630 754 941 811 animalium
974 747 1351 807 inveniebatur
1378 744 1446 799 ad
1473 756 1632 813 agros
1669 753 1803 796 exeo
1939 746 2179 803 ﬁdelium
2227 753 2647 809 concesserunt;
2699 743 2753 798 in
2802 742 2996 797 vicin'a
3038 742 3185 796 enim
3232 740 3536 817 habuerunt

254 848 460 912 lendus,
485 847 568 902 vel
592 843 946 915 quodcunqne
972 854 1105 909 opus
1130 832 1514 907 perﬁciendum
1540 832 1666 904 quia
1687 831 1839 900 (ιιιέ-
1940 836 2359 902 xenodocbium,
2403 835 2495 889 ubi
2543 842 2805 903 pauperes
2843 840 2897 887 et
2940 831 3169 900 debiles,
3215 832 3438 887 claudos
3483 840 3538 885 et

252 952 358 1009 que
378 946 493 993 erat
515 937 611 990 bos
630 940 684 989 ct
705 946 873 1003 quIus
897 930 964 985 ad
987 926 1361 983 laborandum.
1384 923 1544 980 Solus
1566 921 1838 978 seniculus
1942 942 2139 992 caecos,
2174 941 2331 983 senes
2370 934 2425 981 et
2463 925 2737 995 orphanos
2774 923 3103 989 nutriebant,
3136 937 3370 993 quorum
3396 934 3533 991 prie-

253 1027 419 1083 abbas
444 1022 627 1080 habuit
649 1020 951 1093 equiculum
976 1016 1044 1072 ad
1083 1018 1188 1073 iter
1215 1015 1516 1072 iaciendum
1561 1023 1614 1067 et
1641 1024 1840 1081 paucas
1943 1019 2155 1089 cipuam
2201 1031 2385 1072 curam
2429 1015 2651 1085 gerebat
2698 1016 3070 1079 $.Servanus,
3115 1012 3306 1069 iisdem
3359 1011 3537 1069 omnia

256 1128 447 1170 vaccas
485 1113 695 1168 ratione
732 1109 918 1171 lactis,
948 1106 1107 1162 sicuti
1136 1114 1191 1163 et
1218 1119 1347 1160 oves
1375 1103 1585 1159 ratione
1618 1102 1755 1156 lana:
1788 1108 1844 1156 et
1945 1109 2249 1166 necessaria
2294 1106 2561 1177 pubem,
2605 1106 2813 1179 piasque
2854 1104 3323 1162 exhortationibus
3362 1108 3380 1162 ι
3422 1118 3541 1160 ser-

256 1204 415 1276 pellis
454 1201 787 1265 nutriebant,
814 1212 935 1253 nam
962 1211 1150 1251 omnes
1188 1196 1322 1251 alias
1352 1192 1722 1265 possessiones
1759 1205 1843 1246 re-
1946 1204 2121 1255 vicus,

255 1293 537 1363 timebam.
575 1302 632 1348 el
670 1290 893 1346 dimi“
931 1286 1354 1344 ἀεῑωιιὺαηωῐ·
1398 1283 1625 1353 Quando
1663 1290 1842 1336 autem
2019 1289 2223 1347 Vilibus
2250 1290 2613 1346 induebantur
2632 1290 2893 1357 vestibus,
2919 1290 3155 1345 maxime
3180 1285 3425 1360 pellinis,
3447 1286 3541 1343 sed

257 1396 394 1452 opus
429 1380 607 1437 torale
635 1378 833 1435 diutius
862 1376 1093 1441 duravit.
1128 1385 1254 1429 tunc
1290 1374 1345 1428 in
1381 1372 1585 1440 campis
1627 1368 1843 1427 solitum
1947 1382 2053 1438 albi
2080 1381 2297 1446 coloris,
2321 1389 2381 1436 ut
2410 1382 2653 1439 moribus
2684 1382 2762 1437 sic
2792 1390 2847 1436 et
2873 1379 3111 1437 vestibus
3138 1380 3351 1436 candidi
3378 1392 3545 1449 appa-

259 1474 587 1546 psalmurum
641 1484 867 1542 pensum
921 1466 1282 1539 peragebant,
1332 1464 1620 1519 observato
1668 1460 1849 1517 debito
1949 1487 2038 1527 τει-

1769 1462 1849 1515 πίιο
1949 1481 2150 1535 rerent,
2179 1471 2407 1527 Habitus
2435 1471 2579 1526 enim
2612 1472 2838 1527 interior
2866 1486 2931 1526 ex
2962 1470 3082 1525 alba
3111 1470 3230 1525 lana
3260 1476 3548 1524 contextus

259 1575 521 1633 tempore.
554 1575 651 1631 Ρτο
684 1560 910 1630 sinsulis
939 1557 1089 1614 δυΐίε
1130 1555 1435 1619 eamme“:
1467 1552 1532 1607 τδά
1574 1551 1678 1607 hoc
1705 1551 1847 1605 εηίτη
1953 1563 2019 1617 ad
2057 1578 2230 1634 genua
2274 1562 2655 1627 descendebat,
2689 1562 2890 1633 illoque
2934 1560 3001 1615 ad
3037 1560 3387 1615 laborandum
3431 1568 3552 1614 ute-

262 1653 470 1717 intonti,
494 1664 551 1708 ut
571 1651 797 1722 singulis
816 1650 1005 1706 diebus
1026 1648 1294 1716 integrum
1317 1643 1635 1700 Psalterium
1658 1641 1853 1698 devote
1954 1653 2041 1707 ιω

1771 1648 1853 1696 Die
1954 1653 2187 1718 bantur,
2240 1666 2366 1705 nam
2398 1652 2584 1729 ‘lineas
2635 1661 2814 1706 vestes
2872 1664 3145 1719 nunquam
3199 1646 3550 1703 adhibebant.

264 1748 573 1801 recturent-
599 1741 847 1809 Quandiu
870 1750 1047 1796 autem
1078 1739 1411 1804 laborabant.
1440 1736 1643 1792 nullum
1669 1733 1854 1789 audie—
1959 1743 2208 1798 Esterior
2236 1740 2453 1796 habitus
2482 1749 2600 1796 erat
2629 1741 2825 1809 birras,
2852 1739 2943 1807 qui
2969 1748 3025 1795 et
3054 1738 3392 1808 amphibalus
3419 1736 3555 1792 dicio

263 1836 423 1891 batur
442 1849 705 1900 murmur,
725 1833 929 1888 nullum
953 1838 1148 1903 praeter
1168 1829 1532 1885 necessarium
1553 1826 1854 1883 habebatur

1960 1843 2067 1900 tur,
2103 1848 2301 1904 corpus
2329 1832 2489 1888 simul
2520 1840 2574 1888 et
2602 1838 2765 1901 caput
2801 1839 3019 1901 tegens,
3054 1844 3214 1900 quem
3241 1843 3374 1884 zona
3404 1828 3558 1897 pelli-

264 1925 614 1995 colloquium,
646 1897 740 1979 sed
770 1897 994 1993 quisque
1023 1929 1118 1976 aut
1143 1919 1369 1988 orando,
1406 1927 1499 1975 aut
1526 1927 1671 1974 recte
1707 1917 1854 1989 cegi-
1883 1897 1932 1958 Β
1958 1897 2062 1982 eea'
2085 1897 2507 1994 pracinxerunt,
2538 1897 2702 1992 atque
2740 1923 2821 1977 sic
2859 1897 3194 1977 incedebant
3222 1920 3461 1990 quotidie
3490 1918 3557 1973 ad

272 2015 437 2073 tando
464 2015 760 2084 iniunctum
790 2011 1077 2083 peragebat
1108 2025 1263 2080 opus.

340 2106 563 2162 Peracto
596 2118 761 2175 opere
786 2102 950 2159 rurali
968 2142 985 2172 ,
1016 2117 1111 2159 seu
1139 2116 1457 2173 quocunque
1483 2101 1592 2159 alio
1619 2100 1858 2171 iniuncto

269 2196 452 2251 labore
477 2196 586 2264 jam
616 2192 789 2262 linito,
811 2192 876 2248 ad
908 2192 1073 2249 cellas
1103 2193 1346 2263 proprias
1374 2191 1736 2256 revertebant,
1768 2188 1859 2244 ubi

271 2297 360 2338 aut
387 2283 671 2339 scribendo
692 2290 785 2337 aut
808 2281 1012 2337 orando
1042 2290 1209 2337 totam
1239 2282 1307 2337 ad
1329 2296 1607 2350 vesperam
1640 2291 1860 2349 perage-

273 2377 406 2431 bant
430 2375 594 2439 diem,
638 2374 740 2428 nisi
770 2372 985 2443 quando
1028 2380 1238 2441 tempus
1276 2371 1465 2426 aderat
1500 2370 1569 2425 ad
1598 2368 1861 2424 orandum

277 2464 437 2519 horas
465 2463 755 2518 canonicas
786 2461 840 2517 in
870 2461 1129 2516 oratorio.
1174 2459 1409 2529 Vespere
1445 2466 1625 2513 autem
1669 2471 1864 2527 appro-

280 2556 593 2624 pinquante,
613 2568 739 2609 cum
765 2552 904 2609 uola:
931 2552 1115 2623 pulsus
1140 2541 1476 2614 audiebatur,
1500 2550 1727 2619 quisque
1751 2556 1865 2604 stu-

277 2644 437 2699 diUm.
455 2652 547 2702 aut
574 2643 812 2699 laborem
839 2641 1145 2698 deserebat.
1194 2639 1601 2708 Quamprimum
1632 2637 1779 2692 enim
1808 2637 1865 2691 in

280 2738 499 2793 auribus
520 2738 883 2806 cujuscunque
912 2731 1095 2803 pulsus
1121 2737 1420 2801 resonaret,
1450 2729 1647 2799 scripto
1679 2724 1868 2783 lile

282 2830 454 2900 apice,
476 2828 561 2882 vel
584 2828 745 2883 etiam
767 2825 987 2882 dimidia
1007 2823 1246 2895 ejusdem
1279 2823 1471 2877 littera:
1499 2820 1686 2892 ﬁgura,
1710 2820 1869 2875 citius

284 2927 651 2987 assurgentes,
679 2930 775 2971 sua
807 2914 1064 2971 liniebant
1088 2913 1283 2977 omcia,
1307 2913 1490 2981 sicque
1515 2926 1634 2966 cum
1655 2910 1871 2966 silentio

285 3020 342 3065 et
377 3009 656 3078 gravitate,
706 3008 824 3062 sine
874 3006 981 3060 ulla
1019 3003 1272 3074 colloquii
1313 3002 1655 3058 fabulosltate
1693 3009 1874 3057 orato-

289 3101 427 3158 rium
450 3100 722 3167 petebant.
754 3098 991 3167 Expletis
1016 3097 1343 3167 psalmorum
1365 3093 1613 3161 canticis,
1636 3107 1874 3149 consona

280 3191 472 3250 cordis
499 3200 567 3245 et.
582 3191 730 3245 vocis
769 3190 1070 3246 intentione
1104 3189 1330 3259 quisque
1371 3186 1595 3258 privatis
1627 3184 1875 3256 precibus

292 3292 348 3339 et
388 3279 849 3352 genuﬂexionibus
895 3279 1257 3346 inserviebat,
1305 3278 1652 3349 quoadusque
1702 3274 1875 3332 sidera

294 3374 436 3430 oculo
464 3375 575 3427 visa
611 3370 819 3426 finitum
848 3370 1156 3427 clauderent
1183 3369 1353 3439 diem,
1383 3370 1445 3424 in.
1463 3376 1649 3424 instate
1675 3375 1881 3433 autem,

296 3462 370 3519 ob
400 3461 573 3517 noctis
598 3459 938 3525 brevitatem,
969 3474 1139 3530 usque
1169 3460 1235 3515 ad
1266 3474 1517 3516 occasum
1544 3460 1698 3514 solis.

369 3553 605 3610 Tandem
644 3551 712 3607 ad
750 3565 989 3608 mensam
1032 3553 1382 3620 conveniunt,
1422 3562 1480 3606 ut
1521 3552 1691 3607 fessos
1732 3557 1886 3607 artus

299 3658 470 3701 omnia
507 3641 798 3698 reiectibne
835 3643 1183 3709 relevarent,
1233 3642 1319 3697 ubi
1361 3640 1575 3712 quidem
1617 3639 1885 3710 spirituali

301 3733 520 3790 lectioni
551 3733 669 3802 plus
698 3732 1049 3789 attendebant
1076 3747 1236 3803 quam
1265 3732 1509 3789 ciborum
1535 3732 1743 3801 sapori;
1777 3739 1886 3787 tota

302 3828 446 3884 enim
467 3826 690 3882 refectio
710 3840 816 3880 non
838 3824 954 3880 aliis
974 3823 1107 3879 cibis
1133 3837 1291 3895 quam
1318 3824 1586 3879 communi
1614 3837 1751 3892 pane
1774 3822 1889 3878 sale

304 3914 536 3972 conditis
563 3915 872 3985 constabat,
911 3915 1098 3983 ut'jam
1128 3913 1328 3969 dictum
1357 3924 1460 3969 est.
1494 3913 1699 3968 Modice
1730 3913 1891 3983 igitur

308 4005 516 4075 refecti,
547 4019 667 4059 cum
707 4004 1001 4075 gratiarum
1034 4003 1247 4059 actione
1281 4004 1573 4058 oratorium
1615 4002 1889 4073 petebant,

305 4105 369 4153 et
409 4112 504 4166 per
550 4095 713 4151 breve
765 4104 973 4164 tempus
1021 4094 1322 4149 orationem
1366 4093 1723 4159 eﬂ'undentes,
1766 4094 1892 4148 dato

306 4187 483 4257 signo,
508 4194 563 4241 et
590 4194 804 4254 accepta
833 4185 999 4255 patris
1027 4183 1319 4253 spiritualis
1346 4183 1745 4250 benedictione,
1770 4184 1893 4238 dor-

308 4278 583 4334 mitorium
603 4276 930 4333 accedebant
957 4290 1163 4344 omnes,
1188 4276 1432 4333 seniores
1456 4291 1607 4346 aeque
1631 4291 1694 4330 ac
1716 4276 1897 4345 junio-

312 4385 424 4437 res,
483 4370 774 4426 secundum
822 4370 1066 4425 ordinem
1119 4370 1479 4433 claustralem,
1529 4384 1702 4439 neque
1750 4369 1896 4424 vocis

312 4460 614 4515 mussitatio
642 4460 817 4515 audita
842 4470 942 4528 est,
966 4461 1059 4515 sed
1089 4476 1254 4531 usque
1275 4460 1340 4515 ad
1373 4461 1600 4530 primum
1623 4459 1744 4531 galli
1770 4474 1897 4515 can-

1958 2016 2221 2073 orandum
2250 2025 2305 2071 et
2331 2014 2707 2079 laborandum,
2737 2020 2794 2069 et
2819 2013 2997 2068 etiam
3014 2012 3096 2067 sic
3123 2011 3487 2067 dormiebant.

2034 2106 2198 2177 Igitur
2226 2104 2369 2175 apud
2407 2105 2661 2175 antiquos
2692 2104 2815 2160 illos
2844 2102 3142 2158 monachos
3187 2102 3303 2157 sive
3330 2099 3563 2155 Culdeos

1960 2190 2204 2267 fulgebat
2227 2194 2461 2266 perlecta
2492 2209 2703 2248 morum
2731 2192 2992 2265 probitas.
3017 2193 3141 2249 vitm
3171 2199 3481 2261 paupertas,
3508 2191 3561 2244 in

1960 2277 2185 2356 agendis
2212 2284 2419 2340 actibus
2442 2292 2701 2353 perpetua
2732 2284 3088 2346 continentia,
3116 2294 3279 2351 atque
3306 2280 3372 2335 ad
3398 2281 3565 2350 patris

1962 2375 2259 2445 spiritualis
2275 2373 2558 2445 imperium
2582 2374 2894 2429 indeﬂciens
2913 2372 3243 2430 obedientia.
3262 2372 3369 2427 Nec
3388 2373 3565 2427 solum

1965 2468 2104 2537 patri
2136 2465 2475 2534 monasterii,
2507 2464 2603 2520 sed
2642 2473 2696 2520 et
2728 2465 3038 2521 senioribus
3068 2464 3139 2518 ab
3177 2465 3296 2532 ipso
3334 2464 3399 2516 ad
3432 2462 3567 2517 invi-

1969 2555 2238 2628 gilandum
2287 2556 2606 2612 constitutis
2637 2554 2860 2611 obedire
2902 2554 3206 2611 debuerunt
3259 2567 3471 2621 omnes,
3514 2564 3571 2608 et

1969 2647 2363 2718 refragantibus
2416 2647 2566 2702 durae
2620 2645 2990 2701 subdebantur
3052 2645 3405 2715 pmnitentim.
3467 2643 3572 2698 Pro

1970 2738 2217 2812 qualibet
2250 2737 2394 2795 enim
2428 2737 2585 2809 culpa
2624 2735 2794 2793 etiam
2837 2736 3059 2791 minima
3096 2750 3285 2790 severa
3329 2734 3573 2804 iniunge-

1973 2830 2132 2883 batur
2154 2842 2333 2897 poena,
2359 2826 2438 2882 sic
2458 2825 2677 2897 quando
2696 2827 2925 2896 quisque
2948 2824 3151 2895 aliquid
3173 2824 3274 2880 sibi
3299 2824 3573 2894 proprium

1973 2918 2274 2975 vindicaret
2292 2917 2753 2986 etprcnuntiaret,
2773 2916 2921 2972 verbi
2942 2916 3138 2986 gratia,
3157 2914 3330 2970 Meum
3355 2915 3576 2979 librum,

1974 3019 2106 3076 etc.,
2132 3018 2257 3064 tunc
2282 3016 2481 3064 exutus
2507 3008 2768 3076 vestibus,
2796 3021 2857 3063 se
2886 3020 3023 3077 aqua
3054 3005 3379 3075 immergere
3409 3018 3579 3075 usque

1977 3100 2046 3156 ad
2091 3099 2292 3155 collum
2338 3098 2547 3166 debuit,
2595 3098 2777 3169 ibique
2822 3096 3035 3152 diutius
3104 3095 3366 3151 morando
3418 3109 3580 3151 omne

1983 3193 2216 3267 proprias
2263 3191 2553 3248 voluntatis
2612 3204 2790 3260 prava:
2841 3188 3169 3245 desiderium
3214 3189 3574 3258 exstinguere.

1985 3288 2041 3343 Si
2086 3294 2268 3340 autem
2318 3284 2489 3352 patris
2533 3282 2850 3349 spiritualis,
2895 3281 2982 3336 vel
3025 3280 3251 3334 aliorum
3304 3283 3581 3335 seniorum

1980 3377 2131 3448 iussa
2162 3375 2407 3431 hilariter
2441 3382 2497 3428 ct
2534 3372 2791 3427 alacriter
2825 3385 2933 3425 non
2972 3369 3370 3439 adirnpleverit,
3402 3384 3435 3425 a
3475 3368 3585 3424 ira-

1986 3478 2129 3522 trum
2170 3464 2443 3520 consortio
2483 3469 2821 3532 segregatus,
2850 3475 2988 3531 pane
3023 3470 3077 3515 et
3113 3473 3251 3532 aqua
3286 3460 3474 3516 tandiu
3505 3461 3586 3515 vi-

1986 3572 2113 3613 vere
2137 3556 2346 3622 debuit,
2368 3554 2541 3609 donec
2561 3551 2931 3623 resipisceret,
2953 3558 3009 3608 et
3032 3549 3081 3608 si
3094 3549 3343 3606 obstinax
3364 3552 3419 3606 in
3435 3550 3583 3606 diso-

1986 3649 2256 3707 bedicntia
2287 3645 2667 3717 permanserit,
2700 3652 2755 3701 et
2788 3644 3001 3714 culpam
3042 3642 3385 3700 commissam
3422 3657 3587 3712 agno-

1988 3756 2142 3799 scere
2162 3739 2420 3805 renuerit,
2443 3737 2696 3810 squalore
2716 3736 2951 3793 carceris
2973 3734 3316 3807 puniebatur.
3338 3734 3444 3790 Pro
3469 3749 3591 3803 pur-

1990 3833 2075 3888 vis
2091 3832 2261 3901 culpis
2277 3829 2492 3901 publice
2512 3826 2817 3883 commissis
2836 3840 3020 3883 coram
3042 3834 3153 3882 tota
3174 3826 3591 3896 congregatione

1992 3923 2363 3993 paenitentiam
2396 3919 2632 3991 agebant
2655 3918 2792 3974 diris
2823 3916 3143 3976 verberibus
3170 3917 3434 3988 percussi,
3466 3930 3591 3986 quas

1994 4013 2201 4084 ﬂagella
2228 4009 2615 4084 pmnitentialia
2646 4008 3086 4064 nominabantur.

2067 4106 2222 4162 Hunc
2258 4118 2506 4175 asperum
2547 4111 2602 4158 et
2637 4102 2832 4157 durum
2874 4097 3093 4155 vivendi
3130 4098 3594 4156 modum-inibant

1992 4198 2203 4253 Kilcdci
2231 4198 2343 4253 sive
2371 4194 2620 4250 monachi
2643 4193 2849 4263 antiqui
2867 4192 3223 4248 Culrosenses
3250 4205 3372 4246 cum
3400 4206 3594 4259 magno

1986 4288 2216 4358 'gaudio,
2235 4295 2293 4340 ut
2314 4284 2577 4340 violenter
2597 4292 2853 4353 raperent
2871 4297 3093 4352 regnum
3117 4282 3403 4349 emlorum,
3422 4297 3597 4350 neque

2000 4378 2173 4434 facilis
2200 4377 2268 4433 ad
2307 4375 2639 4465 subeundam
2679 4383 2786 4428 tam
2826 4373 3049 4429 arduam
3084 4374 3393 4428 monasterii
3430 4372 3597 4426 disci-

2003 4470 2204 4539 plinam
2258 4462 2533 4555 inwssus
2567 4464 2997 4531 concedebatur,
3028 4466 3272 4534 quamvis
3323 4462 3474 4516 mu'ti
3529 4464 3599 4516 ad

314 4559 449 4651 tum,
487 4550 720 4651 quietem
761 4554 1064 4607 sumebant.
1111 4552 1284 4621 Atque
1315 4554 1415 4608 hoc
1442 4554 1621 4620 modo,
1654 4568 1752 4622 per
1780 4552 1892 4608 sin-
1926 4591 1980 4651 Β
2005 4578 2093 4616 mo

1820 4553 1892 4607 ίη·
1926 4591 1980 4651 D
2005 4576 2213 4616 morum
2238 4550 2675 4616 reformationem
2701 4558 3114 4613 concurrebant.
3137 4555 3269 4609 Nam
3291 4556 3599 4624 quicunque

312 4641 466 4710 gulas
494 4641 619 4695 anni
662 4641 777 4696 dies
804 4649 862 4695 et
886 4652 1071 4697 noctes
1095 4644 1336 4699 Creatori
1376 4658 1473 4699 suo
1510 4644 1897 4710 inserviebam,

317 4732 416 4783 nisi
449 4731 589 4799 quod
620 4744 648 4783 a
681 4741 837 4787 nocte
864 4732 1073 4787 sabbati
1101 4747 1380 4802 quousque
1407 4734 1581 4803 primo
1605 4734 1898 4789 diluculum

316 4821 520 4876 scilicet
551 4823 717 4890 prima
754 4822 860 4877 diei
903 4823 1183 4879 dominicae
1229 4825 1358 4878 hora
1397 4823 1645 4889 eluxerit,
1680 4825 1896 4895 vigiliis,

316 4909 672 4975 orationibus,
701 4910 1163 4980 genullexionibus
1191 4928 1311 4967 sese
1339 4914 1717 4982 impenderim,
1745 4928 1903 4970 exce-

319 5010 411 5071 pta
440 5016 542 5056 una
571 5001 701 5058 hora
732 5011 855 5073 post
882 5003 1171 5058 matutinas
1218 5004 1423 5070 laudes,
1452 5005 1665 5073 quando
1691 5020 1811 5061 sese
1835 5005 1903 5060 ad

320 5094 606 5149 scrutanda
649 5095 837 5149 intima
879 5096 1058 5151 cordis
1102 5106 1307 5151 secrrta
1356 5097 1747 5164 praeparabant.
1792 5097 1905 5164 Qua

326 5194 563 5256 peracta,
594 5194 647 5240 et
682 5200 806 5241 vere
843 5188 1171 5256 compuncti,
1205 5198 1410 5257 patrem
1452 5188 1783 5257 spiritualem
1814 5203 1908 5242 ac-

324 5274 629 5343 cesserunt,
676 5279 761 5332 cui
807 5279 1158 5349 cogitationes
1200 5295 1325 5334 suas
1373 5283 1740 5351 propalabant,
1794 5282 1910 5338 sine

331 5370 484 5440 cujus
503 5370 654 5441 jussu
684 5371 812 5425 nihil
846 5380 1096 5439 praestare
1124 5381 1429 5443 potuerunt,
1460 5375 1552 5427 sed
1580 5375 1721 5429 illius
1745 5376 1913 5431 licen-

332 5460 458 5513 tiam
489 5462 650 5514 etiam
684 5461 763 5515 vel
793 5461 858 5524 ad
891 5469 1092 5516 natura:
1124 5464 1376 5533 requisita
1405 5464 1770 5534 acquirebant.

404 5551 774 5617 Paupertatem
813 5555 1042 5607 maxime
1072 5555 1370 5621 coluerunt,
1406 5571 1505 5611 nec
1543 5558 1672 5617 alias
1700 5572 1914 5626 posses-

334 5640 511 5697 siones
537 5642 854 5710 lmbuerunt,
881 5646 981 5702 nisi
1010 5662 1141 5715 quas
1164 5651 1390 5717 propriis
1412 5650 1656 5704 manibus
1679 5652 1919 5705 laborare

339 5729 603 5799 poterant.
640 5733 771 5787 llinc
805 5735 945 5788 dona
988 5736 1291 5803 iniquorum
1336 5750 1676 5809 respuerant,
1709 5742 1922 5795 divitias

338 5822 755 5883 detestabantur.
786 5827 843 5883 Si
871 5836 1047 5884 autem
1074 5831 1265 5899 aliquis
1296 5833 1363 5887 dc
1393 5835 1723 5901 magnatibus
1758 5844 1918 5891 terra:

2006 4652 2177 4707 sancti
2204 4651 2460 4721 prepositi
2484 4649 2951 4704 conservationem
2979 4646 3325 4711 desideravit,
3351 4647 3598 4700 fratrum-

2008 4760 2113 4817 que
2142 4742 2474 4800 consortium
2505 4740 2716 4797 sincere
2745 4738 3055 4810 postulavit,
3088 4740 3235 4808 prius
3263 4738 3449 4791 decem
3480 4736 3597 4790 dic-

2009 4837 2109 4891 bus
2139 4848 2251 4903 pra:
2295 4832 2498 4888 foribus
2538 4830 2883 4899 monasterii,
2919 4830 3070 4901 quasi
3112 4829 3451 4899 reprobatus,
3501 4841 3601 4881 nec

2012 4942 2118 4983 non
2141 4928 2427 4982 verborum
2444 4923 2749 4995 opprobriis
2769 4924 3074 4979 confutatus
3096 4936 3377 4977 remanere
3394 4920 3597 4987 debuit,

2012 5017 2210 5087 smpius
2256 5017 2494 5086 pulsans,
2546 5015 2643 5071 sed
2688 5014 2895 5069 nullum
2943 5016 3246 5083 ingressum
3297 5012 3596 5067 inveniens.

2015 5108 2073 5166 Si
2103 5121 2282 5163 autem
2310 5108 2446 5162 bene
2475 5114 2635 5163 utens
2664 5105 2915 5177 patientia
2944 5107 3011 5160 ad
3040 5106 3308 5162 decimum
3340 5113 3607 5175 perstaret

2015 5200 2181 5264 diem,
2218 5208 2343 5253 tunc
2372 5207 2525 5267 porta
2551 5199 2771 5252 claustri
2810 5198 2909 5252 luit
2936 5205 3154 5267 aperta,
3187 5208 3239 5251 et
3270 5197 3482 5251 noviter
3523 5196 3606 5249 in-

2018 5292 2265 5363 grediens
2294 5278 2590 5346 senioriad
2620 5300 2828 5359 portam
2868 5291 3165 5345 constituto
3208 5290 3473 5345 inservire
3515 5287 3609 5342 de-

2020 5383 2163 5447 buit;
2188 5383 2368 5451 ibique
2396 5395 2491 5451 per
2518 5382 2744 5436 multum
2799 5382 3053 5449 temporis
3082 5380 3373 5444 desudans,
3400 5379 3611 5434 multis-

2020 5488 2123 5543 que
2152 5472 2315 5526 animi
2355 5470 2771 5526 adversitatibus
2812 5472 3090 5540 probatus,
3129 5471 3344 5525 tandem
3384 5469 3610 5523 fratrum

2024 5562 2330 5617 merebatur
2350 5563 2482 5617 inire
2502 5562 2850 5616 consortium.
2868 5561 3180 5631 Quicunque
3201 5563 3361 5617 etiam
3386 5559 3609 5615 fratrum

2025 5654 2489 5708 conversationem
2532 5654 2800 5721 cupiebat,
2833 5654 2981 5722 prius
3012 5668 3223 5706 omnem
3256 5651 3614 5705 substantiam

2027 5747 2349 5815 pauperibus
2386 5744 2712 5800 distribuere
2747 5746 2960 5807 debuit,
2994 5760 3114 5799 nam
3158 5746 3285 5798 nihil
3328 5745 3395 5799 ab
3435 5759 3518 5807 eo,
3552 5757 3617 5802 nc

2029 5839 2245 5905 quidem
2278 5838 2361 5893 vel
2401 5851 2565 5891 unum
2603 5845 2658 5893 ut
2700 5836 2772 5891 ita
2811 5836 2984 5893 d.cam
3016 5839 3327 5899 denarium,
3378 5838 3428 5890 in
3464 5849 3615 5891 usum
