4504 6474
173 471 270 530 569
1424 462 1757 521 EPISTULA
1799 452 2294 515 DEDICATORIAu
3345 448 3448 500 570

166 586 630 662 ‘illustrandam,
667 582 955 644 tuendam
1010 578 1367 660 felicissime
1414 574 1745 645 convertit.
1782 572 2001 649 Atque,
2034 574 2103 628 ut
2135 565 2263 627 alia
2299 569 2663 662 praeteream
2747 557 2911 662 nihil
2963 558 3121 662 enim
3160 554 3451 662 Pruden-

173 694 294 753 tius
319 690 386 749 in
426 688 521 748 his
550 655 778 744 studiis
808 655 1240 741 ecclesiasticis
1267 678 1643 739 intentatum
1688 666 2019 749 reliquit),
2047 666 2311 727 multum
2354 661 2463 725 ille
2506 660 2782 722 contulit
2812 657 2895 720 ad
2938 656 3255 719 sublimem
3294 655 3453 715 hanc

169 792 533 868 gravitatem
557 792 619 846 et
648 783 1037 860 dignitatem.
1062 798 1195 859 ques
1218 779 1290 839 in
1313 777 1608 839 Ecclesia:
1626 772 1917 853 precibus
1943 769 2308 849 hymnisque
2328 767 2455 826 Deo
2482 762 2883 826 concinendis
2913 763 3132 868 elucet,
3156 769 3211 822 et
3235 761 3303 821 in
3322 756 3458 838 'qua

167 861 259 957 lu,
293 886 402 947 Pie
448 882 773 960 Pontifex,
809 892 1195 955 summopere
1224 872 1573 935 delectaris.
1626 874 1933 934 Praeterea
1978 866 2389 946 antiquitates
2443 863 2832 927 Christianas
2859 861 3131 922 maxima
3162 879 3240 921 ex
3278 866 3461 939 parte

171 981 526 1061 complexus
557 987 642 1040 est
668 999 686 1045 ;
717 976 823 1036 sed
856 974 1001 1037 illos
1028 975 1192 1036 ritus
1221 971 1585 1033 accuratius
1619 968 1978 1047 descripsit,
2013 966 2123 1045 qui
2152 982 2323 1035 nunc
2357 964 2425 1023 in
2452 962 2864 1042 quarumdam
2892 962 3210 1021 hominum
3234 977 3462 1037 repre—

164 1080 517 1139 hensionem
543 1077 921 1141 incurrunt;
957 1088 1030 1129 ac
1064 1069 1438 1139 nominatim
1471 1067 1835 1144 religiosum
1867 1065 2129 1135 cultum,
2166 1080 2287 1142 quo
2319 1070 2570 1122 sanctos
2608 1061 2835 1122 caelites
2867 1062 3153 1121 venerari
3186 1066 3462 1137 oportet,

170 1165 281 1234 suo
318 1173 453 1251 ipso
487 1168 767 1249 exemplo
798 1165 1147 1229 luculenter
1173 1164 1647 1234 demonstravit,
1676 1161 1825 1222 dum
1872 1170 2079 1221 tenero
2096 1159 2364 1239 pietatis
2409 1158 2671 1237 affectu,
2705 1176 2880 1237 quem
2926 1160 3080 1219 trito
3127 1159 3295 1236 apud
3344 1178 3465 1219 nos

171 1270 471 1333 vocabulo
505 1271 904 1332 devotionem
936 1265 1345 1345 appellamus,
1376 1269 1618 1323 stratus
1636 1262 1810 1322 humi
1835 1260 1915 1321 ad
1944 1270 2292 1340 martyrum
2312 1258 2625 1337 sepulcra,
2652 1259 2961 1335 lacrymas
2989 1256 3291 1317 uberrime
3317 1259 3467 1334 [un-

170 1369 349 1438 dens,
393 1366 607 1429 oscula
652 1362 1062 1425 marmoribus
1113 1364 1345 1441 ﬁgens,
1388 1360 1760 1438 tumulisque
1803 1359 1952 1419 adeo
2008 1365 2182 1419 arcte
2222 1357 2524 1418 inhaerens
2550 1364 2683 1429 ,και
2724 1357 2890 1417 altar
2926 1356 3279 1432 tepescere‘l
3315 1374 3461 1428 ore,

174 1482 407 1527 saxum
440 1472 719 1543 pectore,
745 1480 843 1521 eos
871 1461 1065 1522 animi
1085 1477 1299 1533 sensus
1320 1459 1777 1537 experiebatur,
1800 1476 1955 1539 quos
1987 1457 2125 1529 tibi,
2149 1458 2264 1520 Pie
2293 1458 2617 1544 Pontifex,
2644 1476 2780 1517 cum
2808 1457 3159 1519 Prudentia
3194 1476 3466 1517 commu-

174 1586 279 1627 nes
324 1584 469 1637 esse,
502 1580 705 1625 omnes
738 1561 1051 1622 novimus.
1086 1559 1350 1621 Constat
1377 1545 1563 1632 enim,
1599 1567 1833 1637 quanta
1865 1559 2225 1621 constantia
2273 1542 2703 1636 hujuscemodi
2731 1560 2990 1637 pietatis
3031 1560 3241 1638 officia
3290 1579 3470 1620 exse—

177 1669 417 1749 quaris,
478 1680 660 1745 quam
717 1661 1015 1738 religiosa
1071 1666 1269 1719 mente
1322 1658 1658 1738 habituque
1720 1659 1852 1719 oris
1908 1677 1981 1719 ac
2042 1658 2328 1736 corporis
2390 1658 2741 1734 gloriosum
2798 1659 2878 1718 B.
2928 1660 3107 1719 Petri
3158 1659 3472 1738 principis

174 1765 602 1845 apostolorum
624 1760 977 1839 sepulcrum
1000 1757 1202 1832 adire,
1221 1758 1466 1836 ejusque
1486 1756 1889 1818 venerabilem
1910 1754 2237 1833 imaginem
2260 1755 2541 1834 quotidie
2560 1756 2746 1843 ferme
2768 1755 3072 1845 venerari
3095 1764 3147 1813 et
3194 1749 3474 1815 osculari

178 1862 262 1922 sis
290 1861 539 1921 solitus.
571 1855 885 1919 Gruviora
919 1870 1062 1912 vero
1094 1860 1239 1912 sunt
1273 1852 1411 1926 illa,
1440 1852 1609 1930 quod
1639 1852 2025 1914 Prudentius
2046 1871 2162 1930 pro
2193 1852 2521 1914 altissimis
2548 1853 2879 1929 religionis
2906 1860 3139 1919 nostris
3163 1855 3475 1930 mysteriis

174 1970 400 2025 contra
434 1957 803 2039 sophisticae
836 1954 1270 2016 hereticorum
1297 1954 1877 2031 argumentationes
1907 1953 2093 2014 docto
2128 1971 2199 2014 ac
2233 1969 2439 2013 severo
2465 1951 2959 2031 philosophandi
2988 1970 3209 2030 genere
3229 1971 3473 2031 propuc

176 2061 419 2140 gnavit,
449 2076 623 2120 aram
657 2072 801 2120 vero
846 2053 1150 2117 Victorias
1183 2060 1504 2130 totumque
1544 2042 1861 2113 idolorum
1895 2052 2133 2113 cultum
2163 2051 2313 2113 adeo
2342 2052 2581 2112 acriter
2615 2059 2669 2111 et
2699 2052 2956 2113 nervoso
2986 2052 3329 2113 insectatus
3360 2060 3476 2123 est,

178 2163 291 2222 vix
323 2168 393 2219 ut
428 2156 765 2238 quidquam
805 2160 1024 2235 postea
1060 2151 1327 2213 scribere
1358 2159 1467 2211 aut
1502 2150 1759 2230 obloqui
1786 2151 2018 2214 ethnici
2047 2153 2191 2212 ausi
2216 2152 2483 2230 fuerint.
2518 2150 2704 2224 Quod
2739 2152 2797 2212 si
2831 2167 2959 2212 non
2988 2152 3309 2226 ea‘solum,
3345 2170 3479 2230 qua

178 2276 494 2321 commune
526 2255 826 2323 Ecclesia:
855 2251 1080 2315 bonum
1112 2252 1484 2332 respiciunt,
1523 2253 1627 2314 sed
1655 2255 1768 2315 illa
1800 2256 1984 2315 etiam
2033 2254 2429 2334 considerare
2458 2254 2739 2330 velimus,
2768 2270 2905 2332 qux
2950 2254 3033 2315 ad
3066 2256 3479 2333 apostolicam

183 2363 357 2422 tuam
388 2356 609 2429 sedem,
646 2356 762 2419 Pie
809 2353 1139 2432 Pontifex,
1173 2354 1434 2430 proprie
1468 2360 1777 2431 spectant,
1826 2371 2179 2433 quanquam
2224 2353 2380 2433 quid
2409 2362 2522 2426 est,
2569 2352 2740 2433 quod
2767 2352 2850 2413 ad
2877 2353 3223 2414 Ecclesium
3255 2353 3480 2413 Roma-

178 2478 347 2530 nam,
379 2457 524 2537 ﬁdei
551 2463 610 2518 et
642 2472 885 2516 morum
916 2454 1304 2531 magistram,
1334 2455 1733 2516 ecclesiarum
1762 2456 2036 2516 omnium
2071 2464 2329 2517 matrem
2360 2453 2701 2533 pertineat,
2739 2454 2911 2532 quod
2940 2472 3066 2514 non
3098 2453 3256 2516 idem
3291 2472 3478 2533 quam

178 2557 525 2619 arctissime
560 2573 702 2618 cum
726 2554 1038 2619 communi
1060 2553 1391 2631 religionis
1422 2553 1743 2615 catholica:
1769 2572 1955 2615 causa
1984 2560 2197 2633 aptum
2234 2572 2704 2634 connexumque
2734 2554 2866 2615 sit?
2899 2552 3022 2614 Sed
3051 2560 3253 2614 tamen
3284 2554 3473 2633 quid-

178 2656 334 2737 quid
367 2655 436 2719 id
464 2662 576 2727 est,
604 2651 775 2735 quod
805 2652 887 2713 ad
916 2653 1099 2715 istam
1124 2651 1391 2729 primam
1417 2651 1781 2719 cathedram
1817 2640 2015 2732 magis
2038 2654 2302 2732 proprie
2324 2658 2585 2731 spectat,
2619 2653 2748 2732 ejus
2775 2652 3171 2731 dignitatem,
3194 2654 3479 2732 majesta-

185 2767 327 2832 tem,
370 2757 813 2819 auctoritatem
848 2756 941 2816 ita
984 2754 1391 2831 Prudentius
1412 2753 1746 2831 prwdicat,
1776 2762 1846 2814 ut
1888 2758 1983 2815 tot
2019 2760 2263 2832 tamque
2293 2752 2491 2813 variis
2523 2750 2905 2815 successibus
2935 2752 3204 2813 Romani
3234 2748 3482 2829 imperii

181 2858 348 2920 nihil
375 2855 553 2919 aliud
580 2864 786 2917 actum
813 2852 1174 2927 crediderit,
1204 2854 1335 2915 nisi
1371 2861 1441 2912 ut
1479 2851 1725 2914 Christo
1746 2854 1881 2931 jam
1912 2856 2041 2912 tum
2069 2850 2342 2913 venienti
2371 2850 2473 2913 via
2508 2858 2920 2925 sterneretur,
2947 2848 3257 2929 corda’que
3282 2849 3483 2909 homi-

183 2972 333 3020 num
368 2972 501 3016 una
530 2953 778 3034 illigata
804 2950 1059 3015 vinculo
1094 2968 1223 3030 pax
1271 2959 1328 3011 cl
1360 2952 1559 3011 Roma
1596 2957 1893 3021 tenerent,
1929 2948 2139 3027 capita
2180 2948 2316 3011 hanc
2360 2956 2421 3010 el
2452 2947 2736 3009 culmina
2768 2966 3012 3024 rerum,
3046 2956 3100 3007 et
3150 2946 3262 3007 sub
3291 2947 3482 3007 unius

184 3047 560 3139 principatu
593 3069 772 3115 mens
800 3066 930 3113 una
962 3067 1296 3113 sacrorum
1325 3049 1509 3111 foret.
1535 3050 1627 3109 Ac
1655 3067 1802 3109 sane
1830 3048 2220 3109 Prudentius
2249 3054 2378 3108 nan
2406 3047 2588 3108 modo
2615 3055 2974 3127 martyrum
2989 3049 3297 3128 sepulcra,
3325 3066 3483 3127 quo-

180 3171 323 3219 rum
367 3155 729 3217 innumeros
775 3153 1009 3213 cineres
1038 3151 1269 3213 vidisse
1312 3152 1376 3209 se
1420 3150 1628 3208 Romae
1658 3154 1921 3209 testatus
1959 3155 2074 3221 est,
2111 3146 2591 3226 elegantissimis
2621 3144 2903 3209 versibus
2936 3145 3260 3224 describit,
3289 3164 3484 3225 neque

177 3254 382 3316 solum
403 3251 790 3332 populorum
813 3266 1154 3326 concursus
1184 3247 1268 3309 ad
1297 3264 1510 3309 eorum
1540 3246 1866 3327 reliquias,
1911 3249 2224 3328 festosque
2275 3248 2408 3309 dies
2442 3246 2839 3309 celebrandas
2874 3248 3164 3310 maximis
3192 3247 3485 3311 laudibus

178 3360 475 3422 exornat,
509 3368 721 3412 verum
750 3349 935 3413 etiam
960 3348 1207 3426 domum
1229 3362 1513 3405 reversus
1557 3362 1781 3423 magno
1810 3343 2025 3407 studio
2060 3345 2211 3423 egit,
2251 3354 2327 3406 ut
2371 3345 2569 3407 multa
2596 3364 2729 3425 qua
2758 3346 2826 3407 in
2860 3346 2981 3407 hoc
3024 3362 3241 3425 genere
3278 3349 3486 3409 Romce

180 3451 425 3514 viderat
463 3468 539 3511 ac
564 3448 913 3522 didicerat,
932 3446 1003 3507 in
1032 3444 1541 3506 consuetudinem
1567 3443 1740 3522 apud
1770 3444 2098 3522 Hispanos
2123 3462 2269 3513 suos
2292 3444 2765 3506 inducerentur.
2799 3445 3023 3525 Itaque
3043 3464 3151 3525 ego
3188 3448 3482 3509 Pruden-

184 3552 341 3613 tium
374 3550 492 3612 tali
524 3567 597 3610 ac
626 3556 803 3608 tanta
832 3546 1129 3609 doctrina
1163 3557 1221 3609 et
1237 3542 1481 3626 pietate
1510 3549 1740 3619 virum,
1770 3549 2258 3627 scriptoremque
2291 3565 2430 3608 cum
2475 3564 2710 3626 semper
2742 3556 2928 3609 antea
2960 3550 3177 3611 utilem
3220 3558 3281 3612 et
3314 3552 3484 3611 salu-

181 3658 402 3726 tarem,
434 3655 565 3708 tum
586 3647 822 3707 nostris
850 3646 1117 3706 maxime
1146 3646 1530 3708 calamitosis
1557 3644 1945 3723 temporibus
1978 3648 2420 3721 necessarium,
2455 3647 2666 3726 quoad
2692 3648 2895 3725 facere
2925 3657 2980 3709 et
3016 3650 3239 3712 conari
3265 3654 3481 3730 potui,

181 3766 219 3809 a
242 3745 486 3809 mendis
501 3764 646 3825 qua
674 3753 1023 3824 temporum,
1046 3745 1311 3824 injuria,
1339 3752 1451 3805 aut
1484 3744 1894 3808 librariorum
1922 3745 2206 3823 inscitia,
2228 3752 2341 3807 aut
2364 3747 2740 3807 oscitatione
2765 3748 3174 3826 irrepserunt,
3199 3749 3484 3809 vindica-

182 3852 314 3909 tum
335 3846 631 3923 proferre
660 3845 726 3905 in
753 3843 951 3904 lucem
981 3843 1307 3914 constitui,
1343 3860 1664 3922 omnesque
1692 3861 1917 3904 nervos
1944 3845 2262 3916 contendi,
2292 3852 2363 3904 ut
2397 3861 2612 3904 eorum
2649 3846 2949 3921 omnium,
2982 3849 3093 3924 qui
3117 3854 3266 3908 ante
3289 3867 3381 3909 me
3419 3851 3484 3909 in

181 3943 298 4007 hoc
330 3943 543 4013 stadio
580 3943 993 4020 desudarunt,
1030 3943 1410 4010 industriam
1440 3942 1831 4023 laboremque
1863 3962 2241 4023 superarem,
2269 3953 2324 4005 et
2362 3947 2488 4008 nisi
2523 3965 2614 4006 me
2646 3926 2811 4008 meus
2839 3948 3016 4029 fallit
3050 3950 3322 4026 animus,
3358 3970 3475 4011 su»-

179 4050 427 4127 peravi'.
464 4048 641 4109 Illud
666 4038 871 4108 autem
899 4064 1090 4126 neque
1121 4055 1323 4108 tacere
1350 4044 1561 4121 debeo,
1593 4054 1648 4107 et
1674 4044 2028 4124 gloriosum
2056 4046 2208 4108 mihi
2238 4046 2396 4107 duco
2426 4049 2739 4126 proﬁteri,
2772 4067 3063 4109 concessu
3089 4069 3162 4110 ac
3188 4050 3479 4131 beneﬁcio

182 4153 318 4216 tuo,
360 4144 478 4207 Pie
502 4144 829 4222 Pontifex,
863 4135 1099 4223 factum
1130 4161 1281 4215 esse,
1331 4152 1402 4203 ut
1432 4142 1861 4220 antiquissimi
1890 4142 2129 4205 codices
2166 4144 2448 4207 vaticani
2492 4146 2670 4223 mihi,
2706 4146 3216 4226 quandocumque
3246 4149 3480 4221 vellem,

180 4244 371 4306 libere
403 4250 719 4322 paterent,
748 4242 973 4322 quibus
1005 4242 1261 4321 [acilius
1309 4251 1362 4303 et
1396 4240 1799 4320 locupletius,
1842 4242 2014 4323 quod
2059 4243 2538 4321 destinaveram,
2580 4264 2826 4324 possem
2852 4246 2935 4308 ad
2978 4249 3217 4309 exitum
3254 4250 3486 4327 perdu-

180 4361 336 4406 cere.
375 4344 633 4413 Utinam
663 4362 754 4414 ea,
780 4362 916 4423 qua
941 4342 1619 4422 egaad‘Prudentium
1651 4342 2111 4405 illustrandum
2153 4344 2510 4425 adjicienda
2556 4364 2681 4407 esse
2730 4348 2967 4424 censui,
2994 4364 3125 4408 non
3169 4350 3262 4411 ita
3300 4353 3487 4427 parvi

178 4446 371 4521 pretii
398 4450 461 4506 et
488 4442 741 4505 levioris
770 4460 970 4522 operae
1004 4441 1206 4503 videri
1229 4442 1504 4520 possint,
1560 4450 1631 4501 ut
1668 4442 1875 4501 minus
1906 4452 2241 4519 propterea
2288 4449 2510 4521 gratus
2559 4453 2969 4524 acceptusque
3013 4445 3096 4506 ad
3142 4454 3198 4506 te
3232 4448 3489 4509 accedat

183 4544 313 4622 ipse
360 4542 759 4607 Prudentius
787 4542 811 4603 Ι
853 4542 1078 4605 Verum
1115 4540 1232 4602 hoc
1262 4542 1442 4603 etiam
1472 4540 1593 4601 erit
1626 4540 2035 4604 humanitatis
2067 4549 2211 4616 tum,
2242 4542 2605 4605 Beatissime
2633 4544 2847 4615 Pater,
2878 4551 2950 4603 ut
2999 4562 3092 4621 sa,
3125 4562 3259 4625 quae
3300 4547 3365 4608 in
3394 4565 3486 4607 me

178 4659 405 4720 parum
422 4638 893 4720 probabuntur,
916 4638 1264 4707 Prudentia
1297 4637 1629 4710 condones,
1664 4648 1725 4699 et
1756 4640 1812 4701 si
1844 4657 1971 4699 non
2002 4639 2449 4719 perfectionem
2474 4632 3069 4723 commentariorum
3099 4643 3168 4702 in
3194 4642 3481 4703 Pruden-

182 4741 364 4817 tium,
394 4746 464 4800 at
496 4746 793 4799 conatum
819 4738 1034 4799 saltem
1060 4737 1325 4816 aliquem
1351 4734 1547 4798 meum
1571 4737 2081 4816 diligentiamgue
2118 4740 2404 4814 comiter,
2441 4749 2511 4799 ut
2541 4740 2727 4808 soles.
2755 4750 2815 4800 et
2845 4738 3131 4802 benevole
3160 4743 3487 4821 complecti

183 4837 354 4900 velis.
400 4835 574 4897 Mihi
597 4834 841 4916 quidem
874 4833 1034 4896 nihil
1068 4835 1346 4910 gratius.
1379 4834 1540 4896 nihil
1568 4837 1877 4923 optatius,
1905 4835 2089 4906 nihil,
2120 4836 2290 4915 quod
2322 4854 2401 4898 ex
2434 4837 2639 4899 animi
2672 4838 2791 4900 mei
2820 4840 3016 4918 magis
3042 4840 3353 4901 sententia
3380 4842 3482 4920 fa-

183 4938 396 4997 turum
422 4933 538 5010 sit,
581 4932 858 4995 accidere
880 4930 1146 5010 poterit,
1170 4948 1363 5011 quam
1391 4932 1447 4997 si
1477 4931 1821 4999 catholicus
1849 4941 2033 5011 poeta
2078 4932 2490 5007 Prudentius,
2523 4954 2562 4995 a
2589 4953 2679 4995 me
2711 4936 2828 5008 ita,
2860 4943 2937 4997 ut
2970 4936 3168 5010 vides,
3198 4942 3488 5017 recogni-

184 5031 574 5113 tus,judicii
600 5033 720 5105 tui,
747 5032 915 5110 quod
938 5029 1375 5115 gravissimum
1406 5031 1690 5093 omnibus
1722 5051 1845 5093 esse
1874 5033 2073 5110 debet,
2116 5035 2544 5113 praerogativa
2570 5034 2960 5109 honestatus,
2993 5039 3129 5114 regi
3171 5038 3485 5100 catholico

182 5131 410 5197 Carolo
433 5130 578 5207 Ill,
609 5129 749 5205 Pio,
796 5128 1013 5198 Felici,
1062 5129 1373 5207 Augusto,
1426 5130 1694 5190 Domino
1743 5150 1871 5192 meo
1924 5131 2420 5205 clementissimo,
2470 5134 2651 5212 cujus
2696 5134 2890 5193 unius
2944 5132 3371 5215 beneﬁcentiae,
3414 5148 3483 5198 ut

184 5228 541 5293 incumbere
593 5229 662 5294 in
695 5227 819 5291 haec
844 5229 1055 5291 studia
1083 5248 1209 5292 meo
1240 5226 1561 5299 arbitratu
1582 5246 1854 5309 possem,
1896 5240 2215 5311 acceptum
2249 5232 2487 5312 referre
2515 5232 2725 5310 debeo,
2756 5228 3343 5314 haudinjucundus
3368 5238 3479 5299 ad-

183 5347 292 5391 ven
302 5329 421 5401 iat.

1552 5490 2147 5648 esssggzr

1656 5596 1772 5648 ﬁt?
1806 5597 1822 5648 ί
1932 5597 1945 5605 “
1973 5596 2039 5648 ’ἓιὲ

1602 5491 2039 5802 siege

1705 5648 1762 5700 ὃὸ
1922 5604 2039 5701 8853

1746 5705 1827 5777 fit,
1864 5710 1919 5751 iis

1746 5705 1919 5777 fugas
