4322 6478
853 392 985 482 επ

2269 407 2716 466 ιιιιυυειητιυδ.

1753 561 3206 774 PRUDENTIANA
3279 581 3287 590 ’

2388 863 2534 908 εινε

4037 391 4150 448 579.

2122 998 2872 1076 PROLEGOMENA.

1913 1152 1978 1212 IN
2019 1142 2386 1205 EDIﬂONE)!
2427 1148 2768 1204 ROMANAM
2806 1147 3098 1205 OPERUM

1316 1310 1462 1412 Μ.
1527 1302 2054 1408 AURELII
2120 1299 2853 1404 CLEMENTIS
2927 1301 3671 1410 PBUDENTII.

1375 1621 1602 1680 εΑΡυτ
1640 1622 1847 1680 PﬂlMU
1856 1623 1924 1679 hi.

1228 1715 1385 1773 Ratio
1407 1731 1469 1770 ac
1493 1715 1674 1769 divisio
1700 1715 1854 1770 totius
1884 1712 2075 1783 operis.

937 1812 985 1880 Ῑ
1023 1806 1072 1863 Ι.
1115 1805 1287 1876 Quam
1327 1805 1537 1861 laudem
1585 1798 1883 1862 Prudentia
1930 1801 2201 1859 tribuebat
2244 1800 2452 1870 Gaspar

862 1899 1140 1966 Bardiius,
1158 1910 1267 1968 quo
1283 1910 1385 1967 ego
1408 1895 1627 1951 homine
1646 1894 1918 1950 neminem
1941 1893 1994 1948 in
2017 1891 2191 1963 poetis
2210 1889 2454 1961 legendis

861 2003 921 2050 et
948 1990 1283 2049 illustrandis
1310 1997 1405 2045 aut
1428 1988 1838 2059 diligentiorem
1863 1995 1956 2042 aut
1983 1985 2281 2042 doctiorem
2303 1983 2460 2052 novi,

864 2083 1116 2154 equidem
1159 2094 1344 2137 eam'a
1389 2079 1634 2144 ceteris,
1676 2076 1722 2131 si
1761 2079 2095 2146 repugnent,
2123 2081 2455 2142 extorquere

865 2189 974 2231 non
1010 2170 1298 2229 admodum
1335 2169 1571 2227 conabor
1598 2185 1614 2225 :
1646 2167 1749 2226 sed
1781 2176 1929 2225 certe
1969 2166 2239 2238 eiusmodi
2267 2181 2455 2222 vocem

863 2279 932 2322 ex
959 2277 1054 2319 ore
1081 2259 1432 2331 ecclesiastici
1459 2259 1606 2329 viri,
1625 2258 1825 2330 quiquo
1851 2258 2166 2330 religionem
2197 2257 2458 2312 Christia-

868 2371 1032 2420 nam,
1073 2353 1304 2420 addam,
1341 2346 1660 2409 catholicam
1697 2351 2027 2417 Romanam,
2059 2349 2216 2405 unico
2243 2347 2455 2418 diligat,

865 2441 1228 2500 libentissime
1243 2441 1568 2512 exciperem.
1594 2440 1760 2511 igitur
1779 2438 2028 2494 Barthius
2044 2437 2138 2494 lib.
2156 2453 2212 2492 ix
2228 2436 2457 2492 Advers.

865 2549 988 2603 cap.
1029 2535 1081 2598 l,
1110 2547 1234 2590 eum
1261 2532 1531 2596 dixisset,
1563 2530 1633 2587 de
1661 2524 2087 2588 Christianarum
2114 2528 2168 2584 in
2193 2536 2312 2584 rota
2336 2541 2464 2598 sup-

871 2622 1050 2694 pliciis
1072 2623 1266 2694 plenas
1277 2635 1401 2678 esse
1421 2621 1698 2677 beatarum
1711 2619 1918 2676 Christi
1935 2610 2162 2676 militum
2183 2628 2462 2675 commen-

875 2715 1042 2769 tarios
1060 2728 1361 2784 "quorum,
1399 2701 1635 2776 addidit,
1664 2709 1741 2765 uel
1767 2711 1994 2782 primum
2020 2723 2301 2780 prtrconent
2339 2715 2464 2780 puto

869 2803 1230 2868 Prudentium,
1260 2799 1632 2869 dulcissimum,
1659 2799 1951 2872 piissimum
1981 2807 2028 2854 et
2064 2797 2467 2855 eruditissimum

869 2904 1102 2968 poetam,
1134 2910 1282 2964 quem
1307 2903 1364 2949 ut
1392 2902 1590 2948 teneant
1609 2932 1628 2960 ,
1654 2906 1758 2947 non
1786 2901 1965 2961 negent
1992 2891 2222 2945 omnium
2251 2887 2463 2944 Greco-

871 3002 991 3040 rum
1021 2985 1425 3053 Latinorumque
1462 2992 1635 3038 uatum
1663 2981 1854 3051 scripta
1880 2989 2216 3036 contemnere.

943 3075 1001 3130 2.
1041 3074 1122 3130 illi
1151 3074 1254 3144 ipsi
1285 3071 1601 3129 beterodasi
1625 3111 1643 3138 ,
1682 3071 1774 3140 qui
1807 3077 2021 3140 poetam
2049 3069 2190 3125 hunc
2217 3068 2464 3124 divinum

874 3165 1127 3223 maximis
1153 3163 1399 3220 laudibus
1423 3162 1698 3229 evehunt,
1723 3169 1778 3218 et
1805 3161 1857 3217 in
1881 3173 2106 3231 operum
2133 3161 2252 3229 ejus
2275 3157 2468 3215 editio-

876 3257 1038 3312 nibus
1071 3253 1402 3310 adornandis
1434 3251 1696 3322 majorem
1738 3264 1899 3321 quam
1937 3249 2105 3305 nostri
2134 3248 2467 3318 diligentiam

879 3335 1262 3411 adhibuerunt,
1287 3341 1443 3400 fateri
1470 3350 1758 3412 coguntur,
1781 3355 1903 3396 cum
1931 3339 2000 3397 de
2025 3340 2199 3395 libera
2224 3336 2474 3406 arbitria,

880 3439 952 3493 de
975 3436 1157 3492 carnis
1183 3432 1519 3498 innocentia,
1544 3431 1615 3488 de
1639 3431 1806 3487 bonis
1825 3429 2100 3501 operibus,
2127 3437 2184 3486 et
2208 3427 2471 3499 imprimis

881 3528 953 3585 de
979 3525 1320 3581 invocatione
1355 3528 1654 3594 martyrum
1685 3521 2018 3591 alienatque
2045 3526 2380 3585 unctorem,
2406 3518 2476 3573 de

884 3616 1110 3687 Virgine
1136 3614 1314 3679 beata,
1337 3620 1395 3668 et
1415 3627 1536 3682 qua
1561 3610 1664 3667 alia
1690 3610 1932 3681 ejusdem
1961 3610 2175 3680 generis
2199 3615 2347 3675 sunt,
2374 3606 2478 3663 hoc

882 3715 968 3765 est
987 3748 1011 3776 ,
1047 3706 1158 3763 fere
1199 3704 1268 3761 de
1295 3703 1546 3760 omnibus
1572 3695 1734 3757 rebus
1753 3740 1770 3767 ,
1808 3700 1877 3756 de
1901 3703 1954 3772 2
1980 3698 2176 3770 quibus
2203 3697 2346 3756 male
2373 3697 2477 3766 ipsi

884 3798 1146 3861 sentiunt,
1171 3802 1294 3852 cum
1322 3791 1602 3850 catholicis
1631 3791 1819 3848 eadem
1845 3790 2070 3847 sentire.
2102 3789 2253 3856 Scio,
2277 3786 2346 3843 ab
2370 3786 2481 3842 hsc-

886 3890 1069 3947 rcticis
1117 3886 1466 3942 Prudentium
1493 3925 1508 3950 ,
1551 3891 1739 3954 aperte
1771 3883 1840 3938 ab
1879 3881 2010 3952 ipsis
2049 3877 2479 3944 dissentientem,

888 3977 1264 4045 excusari,ivel
1285 3975 1657 4045 quod'poetice
1676 3973 1887 4029 locutus
1908 3971 2089 4037 fuerit,
2107 3971 2191 4025 vel
2213 3969 2350 4039 quod
2369 3968 2480 4038 iam

892 4084 1023 4127 tne
1044 4067 1462 4140 superstitionis,
1487 4075 1544 4120 ut
1563 4065 1790 4136 iactant,
1817 4062 2026 4118 semina
2055 4058 2194 4116 inter
2219 4058 2483 4115 Christia-

888 4178 992 4220 nos
1018 4161 1194 4232 spargi
1219 4160 1515 4229 cmpissent
1543 4145 1565 4210 ς’
1588 4171 1747 4227 quam
1776 4168 2054 4226 perverse,
2089 4152 2172 4208 vel
2202 4150 2480 4221 impuden-

2401 1619 2404 1623 ’
2474 1620 2528 1681 Α
2553 1622 2720 1678 meris
2744 1631 3038 1697 martyrum
3069 1627 3352 1697 sepulcris,
3386 1642 3505 1699 quas
3537 1628 3720 1684 Roma:
3746 1629 3878 1685 vidit
3904 1627 4153 1686 Pruden-

2555 1712 2661 1770 tius
2682 1753 2699 1779 ,
2729 1715 2798 1771 de
2823 1712 3345 1785 peregrinationibus
3371 1717 3796 1775 Christianorum
3819 1763 3835 1787 ,
3869 1718 3986 1775 sive
4014 1732 4150 1773 can-

2551 1816 2713 1860 cursu
2740 1803 2806 1860 ad
2831 1819 3017 1861 eorum
3059 1803 3194 1863 festa
3240 1807 3560 1871 celebranda
3587 1850 3602 1876 ,
3638 1809 3708 1867 de
3729 1809 3973 1880 cryptis;
4021 1824 4149 1877 qua:

2556 1892 2767 1962 planius
2802 1893 3044 1968 intelligo
3066 1937 3084 1964 ,
3112 1896 3238 1954 dum
3269 1897 3617 1956 Prudentium
3643 1901 3761 1972 lego
3781 1941 3798 1966 ,
3828 1894 3985 1971 quam
4013 1898 4147 1956 dum

2555 1982 2727 2040 oculis
2754 1984 3073 2057 perlustrat

2629 2078 2684 2134 3.
2723 2075 2842 2133 iam
2864 2091 2994 2134 vero
3015 2088 3139 2134 cum
3165 2086 3463 2152 martyrum
3491 2094 3721 2138 coronas
3747 2080 3982 2138 celebrat
4012 2081 4149 2137 Prn-

2558 2165 2772 2223 dentius
2793 2208 2810 2235 ,
2840 2183 3119 2245 peragrans
3148 2170 3295 2237 loca,
3335 2170 3531 2226 nullius
3567 2180 3685 2226 ante
3719 2171 3838 2225 trita
3870 2173 4010 2237 solo,
4040 2186 4153 2242 quo

2561 2257 2762 2329 ingenii
2805 2258 3056 2316 aeitmine
3083 2266 3140 2314 et
3167 2258 3412 2316 ubertate
3429 2300 3447 2328 ,
3489 2274 3596 2330 quo
3621 2271 3791 2317 vestro
3817 2258 4018 2315 Chiisti
4048 2259 4157 2315 Ini-

2560 2347 2713 2403 litum
2738 2347 2924 2417 robur,
2950 2348 3329 2418 constantiam,
3356 2349 3518 2406 verba
3546 2350 3617 2405 ad
3645 2358 3898 2422 tyrannos
3926 2349 4148 2414 invicta,

2561 2439 2874 2510 patientiam
2907 2431 2961 2496 in
2997 2440 3333 2516 perferendis
3369 2441 3680 2512 suppliciis,
3711 2440 4012 2498 mirabilem
4041 2449 4155 2496 tor-

2565 2538 2868 2586 mentorum
2906 2531 3222 2587 varietatem
3267 2531 3423 2587 nobis
3471 2538 3818 2602 repraesentat
3841 2571 3857 2597 ,
3906 2539 3962 2586 et
3997 2529 4152 2602 quasi

2563 2623 2696 2677 ante
2725 2621 2909 2678 oculos
2938 2621 3114 2690 ponit!
3155 2623 3215 2678 ln
3258 2622 3469 2694 hymnis
3504 2629 3682 2678 suum
3711 2621 4025 2677 diurnarum
4056 2621 4155 2676 ha-

2565 2717 2744 2766 ra'rum
2793 2718 3026 2780 quantus
3070 2710 3396 2769 inventionis
3438 2710 3631 2768 deeorl
3683 2711 3740 2766 ln
3778 2713 3939 2768 animi
3977 2727 4153 2784 pugna

2566 2800 2882 2869 exponenda
2911 2813 3070 2870 quam
3098 2810 3245 2856 certa
3273 2808 3328 2858 et
3359 2815 3426 2858 ex
3458 2800 3577 2872 ipsa
3602 2801 3843 2872 mystica
3871 2801 4155 2873 theologia;

2569 2887 2717 2946 fonte
2743 2889 2908 2961 petita
2935 2889 3181 2946 doctrina
3208 2892 3226 2946 l
3270 2890 3330 2947 in
3355 2890 3610 2948 omnibus
3632 2890 3864 2961 denique
3889 2891 4007 2962 eius
4026 2906 4156 2963 ope-

2495 2974 2550 3036 B’
2571 2979 2721 3036 ribus
2739 2989 2970 3050 quantus
2994 2980 3209 3050 pietatis
3233 2978 3394 3037 ardor
3416 2979 3641 3038 emicat!
3673 2978 3806 3037 Cum
3826 2981 3970 3038 enim
3991 2981 4154 3046 multa

2525 3090 2528 3093 ·
2567 3083 2632 3124 ae
2661 3069 2807 3125 varia
2852 3068 3010 3125 nobis
3055 3066 3257 3141 scripta
3299 3069 3625 3141 reliquerit,
3669 3084 3777 3127 non
3823 3072 4028 3142 pateris
4071 3070 4158 3128 vel

2569 3160 2789 3225 unicum
2816 3161 2939 3232 eius
2964 3173 3182 3218 versum
3211 3162 3452 3234 reperire
3475 3201 3495 3231 ,
3519 3164 3613 3233 qui
3639 3172 3732 3220 aut
3755 3163 3823 3220 ad
3848 3163 4158 3236 religionem

2567 3251 2973 3319 stabiliendum,
3003 3259 3099 3308 aut
3121 3251 3192 3308 ad
3229 3252 3516 3311 inundata
3542 3252 3799 3326 pietatem
3826 3269 3936 3312 non
3962 3254 4161 3313 relera-

2573 3349 2680 3408 tur,
2707 3349 2768 3397 ut
2795 3341 2945 3397 multi
2967 3340 3080 3413 iam
3109 3351 3386 3400 natumut.

2643 3431 2701 3488 ὁ.
2731 3432 2888 3501 Quod
2905 3433 2951 3489 si
2975 3433 3097 3504 quis
3115 3441 3313 3505 praeter
3337 3435 3612 3506 ingenium
3634 3434 3864 3492 sublime
3885 3449 4163 3506 argumen—

2577 3522 2727 3594 tique
2759 3522 3097 3580 nobilitatem
3143 3524 3280 3581 alias
3307 3523 3464 3582 dates
3505 3525 3562 3581 in
3605 3518 3903 3582 Prudentia
3937 3534 4158 3596 quam,

2576 3609 2903 3682 singularem
2925 3610 3043 3681 eius
3063 3610 3422 3683 eloquentiam
3444 3613 3498 3669 in
3516 3611 3818 3682 laurentio,
3837 3615 3892 3668 in
3911 3613 4160 3672 Romam.

2577 3699 2823 3754 adversus
2851 3698 3256 3771 Symmachum,
3286 3709 3446 3774 atque
3472 3702 3530 3760 in
3553 3701 3806 3760 omnibus
3835 3701 3951 3772 eius
3975 3702 4165 3758 carmi-

2579 3788 2738 3843 nibus
2766 3787 3033 3858 imprimis
3061 3787 3340 3858 indicabe;
3387 3798 3447 3846 ut
3473 3789 3633 3848 taello
3657 3790 3830 3868 possis
3856 3804 4163 3861 agnoscere,
4205 3865 4208 3868 ἢ

2581 3876 2856 3932 hominem
2905 3876 2959 3932 in
3006 3876 3325 3947 eloquentia
3372 3878 3563 3936 studiis
3598 3880 3843 3950 apprime
3880 3890 4166 3944 versatum,

2586 3974 2830 4036 poemata
2861 3965 2953 4022 illa
2997 3963 3304 4024 condidisse
3346 3985 3361 4024 :
3393 3985 3514 4026 nam
3537 4012 3556 4040 ,
3588 3980 3648 4027 ut
3674 3970 3885 4027 dicebat
3913 3969 4168 4026 Antonius

2581 4055 2722 4126 apud
2746 4057 3064 4115 Ciceronem
3116 4053 3268 4134 (Lib.
3297 4077 3336 4116 ιι
3365 4061 3430 4117 de
3459 4061 3675 4119 Oratore
3698 4104 3714 4130 ,
3753 4080 3876 4136 pag.
3906 4064 3976 4120 52
3997 4106 4014 4132 ,
4045 4065 4161 4120 edit.

2587 4145 2710 4201 Ald.
2743 4147 2927 4220 £554),
2955 4149 3008 4220 3
3035 4160 3336 4206 statuarum
3362 4154 3552 4208 artium
3569 4151 3803 4207 ﬂamines
3828 4152 4053 4208 ornatius
4079 4153 4169 4208 illa

890 4263 975 4312 ter
1005 4253 1183 4323 potius
1202 4294 1218 4320 ,
1265 4250 1348 4306 his
1380 4247 1828 4318 responsionihus
1863 4245 2149 4302 abutantur
2172 4284 2187 4308 ,
2228 4242 2332 4296 alio
2361 4240 2482 4296 loco
2528 4314 2563 4323 _
2592 4257 2687 4294 sua
2709 4241 2919 4308 dicunt;
2945 4241 2992 4296 si
3009 4241 3133 4313 quid
3153 4242 3219 4297 ab
3239 4243 3338 4303 hac
3363 4251 3474 4300 arte
3501 4243 3848 4315 (eloquentia)
3869 4245 4166 4299 didicerunt.

892 4314 1214 4415 explicabo;
1239 4314 1492 4398 Proiecto
1531 4355 1636 4395 non
1677 4339 1851 4394 solum
1890 4335 2215 4393 Prudentius
2246 4333 2488 4388 insanam
2519 4314 2564 4378 Ο
2597 4322 2723 4400 liis,
2750 4333 2798 4387 si
2827 4333 3002 4400 lubet,
3030 4335 3290 4406 adiungas
3316 4349 3507 4391 versus
3535 4314 3675 4391 bene
3702 4314 3961 4402 tornatos,
3990 4349 4170 4391 nume-

895 4435 1216 4492 idololatria
1256 4432 1692 4504 superstitionem
1721 4431 1918 4487 acriter
1954 4435 2224 4498 appugnat
2251 4465 2268 4493 ,
2314 4439 2487 4494 neque

894 4527 1069 4582 solum
1110 4524 1383 4595 religionis
1409 4533 1609 4579 nostra:
1645 4521 1993 4578 fundamenta
2023 4519 2281 4574 adversus
2308 4515 2487 4588 genti-

900 4615 980 4671 les
1009 4615 1227 4685 egregie
1251 4614 1511 4675 sustinet,
1542 4628 1716 4681 neque
1749 4611 1923 4667 solum
1957 4610 2304 4665 llebratcrum
2333 4605 2490 4675 perli-

899 4706 1042 4760 diam
1071 4692 1413 4760 vehementer
1439 4697 1727 4769 convellit,
1767 4715 1942 4770 neque
1967 4700 2138 4754 solum
2167 4705 2359 4754 contra
2381 4697 2494 4751 bat-

900 4799 1099 4851 reticas
1121 4795 1209 4862 qui
1236 4795 1622 4864 praecesserant
1650 4791 1897 4848 accurate
1923 4791 2178 4860 diSputat,
2204 4789 2296 4844 sed
2323 4788 2490 4842 multa

898 4887 1061 4940 etiam
1105 4885 1288 4949 addit,
1329 4885 1522 4954 quibus
1568 4885 1812 4941 lim'retici
1850 4890 2156 4939 nostrarum
2193 4891 2493 4952 temporum

900 4978 1056 5032 facile
1079 4977 1287 5046 possint
1311 4976 1512 5032 revinci
1535 4994 1553 5030 ε
1579 4983 1839 5047 preterea
1860 4977 1996 5032 ritus
2016 4975 2215 5033 veteris
2242 4972 2503 5033 Ecclesia

901 5069 968 5120 de
1001 5082 1100 5120 usu
1127 5067 1388 5120 luminum
1413 5106 1427 5130 ,
1457 5065 1525 5122 de
1553 5067 1834 5131 altaribus,
1863 5067 1932 5122 de
1961 5073 2152 5122 ornatu
2183 5063 2495 5134 divitiisque

908 5158 1252 5224 templorum,
1276 5158 1344 5212 de
1366 5157 1710 5227 reliquiarum
1738 5157 1908 5225 cultu,
1931 5157 1999 5212 de
2023 5165 2330 5212 sanctorum
2361 5154 2492 5212 ima-

904 5248 1119 5318 ginibus
1145 5291 1159 5316 ,
1192 5249 1366 5317 deque
1400 5249 1517 5303 aliis
1556 5248 1868 5318 huiusmodi
1893 5249 1964 5304 ita
1991 5248 2242 5319 graphice
2265 5288 2280 5314 ,
2317 5250 2498 5317 itaque

906 5338 1140 5392 dilucide
1171 5337 1451 5404 describit,
1483 5346 1542 5391 ut
1568 5339 1793 5394 irridere
1821 5338 1984 5394 libeat
2014 5338 2367 5409 quorumdam
2395 5338 2496 5392 lio-

911 5426 1114 5479 miuum
1142 5425 1519 5495 ignorantiam,
1545 5426 1657 5481 sive
1684 5429 2022 5496 pravitatem,
2045 5428 2133 5498 qui
2164 5429 2502 5498 superstitio-

915 5532 1036 5571 nem
1078 5517 1130 5569 iu
1166 5530 1220 5570 re
1250 5517 1485 5586 qualibet
1514 5517 1667 5586 quasi
1709 5519 2056 5576 subverentes
2081 5561 2095 5588 ,
2126 5537 2233 5575 non
2261 5520 2504 5575 dubitant

915 5605 1263 5660 cazremonias
1292 5607 1688 5672 sanctissimas,
1718 5609 1802 5662 vel
1835 5609 1903 5664 ab
1941 5611 2069 5678 ipsis
2102 5611 2357 5666 Ecclesiae
2388 5613 2498 5681 pri-

923 5698 1024 5748 mis
1071 5696 1283 5750 smculis
1330 5697 1585 5764 usitatas,
1639 5707 1887 5774 tanquam
1938 5701 2151 5754 inventa
2210 5702 2500 5755 manastica

922 5786 1192 5855 aspernari
1225 5795 1278 5843 et
1307 5788 1548 5859 rriicerc.
1600 5787 1727 5844 Nam
1758 5790 1883 5861 quid
1915 5805 2012 5861 ego
2047 5793 2231 5861 loquar
2261 5793 2323 5849 dc
2354 5793 2505 5848 innu-

2595 4438 2792 4494 rosque
2822 4423 2876 4479 in
2914 4425 3062 4480 omni
3103 4433 3400 4481 metrorum
3447 4438 3647 4495 genere
3696 4425 3891 4481 leniter
3935 4426 4169 4492 ﬂuentes,

2597 4524 2707 4568 tum
2759 4513 3147 4570 sententiarum
3209 4516 3521 4586 gravitatem
3550 4556 3566 4582 ,
3626 4515 4030 4586 verborumque
4071 4529 4171 4569 non

2595 4605 2869 4676 vulgarem
2909 4605 3228 4684 elegantiam
3266 4622 3338 4663 ex
3390 4610 3612 4678 optimis
3647 4609 3947 4679 quibusque
3987 4608 4172 4662 Latini-

2597 4698 2720 4751 tatis
2769 4697 3080 4752 auctoribus
3128 4699 3444 4769 plerumque
3486 4691 3819 4768 expressam.
3867 4699 3997 4754 Nam
4041 4699 4172 4768 quod

2597 4789 2842 4844 nonnulli
2892 4788 3182 4844 Prudentia
3233 4790 3494 4860 plurimos
3544 4791 3596 4846 in
3650 4789 3897 4860 prosodia
3947 4804 4171 4856 errores,

2597 4895 2866 4952 vocesque
2895 4895 3078 4950 parum
3103 4880 3320 4936 Latinas
3344 4880 3627 4953 obiiciunt,
3660 4880 3714 4936 id
3743 4892 3991 4951 separa'a
4016 4880 4176 4950 capite

2599 4986 2630 5027 a
2661 4971 2815 5026 nobis
2841 4979 2923 5028 est
2954 4968 3330 5038 refellendum,
3361 4964 3480 5041 quo"
3510 4965 3855 5042 planum'iiet
3889 4973 4176 5028 vehemen-

2602 5070 2684 5117 ter
2711 5076 2803 5117 eos
2844 5061 2954 5116 falli
2995 5060 3088 5131 qui
3140 5059 3452 5117 existimant
3498 5061 3848 5119 Prudentium
3881 5063 3998 5118 sine
4044 5076 4176 5120 certa

2603 5152 2810 5206 ratione
2837 5160 2890 5206 et
2912 5160 3050 5219 arte,
3083 5151 3201 5206 sine
3231 5159 3476 5206 veterum
3503 5154 3820 5210 auctoritate
3850 5162 3900 5207 et
3924 5155 4174 5224 exemplo,

2605 5243 2777 5298 solum
2808 5258 2872 5297 ex
2904 5257 3083 5298 rerum
3114 5241 3413 5312 ignorantia
3445 5243 3710 5300 interdum
3752 5245 3803 5300 in
3845 5245 4060 5314 syllabis
4090 5261 4178 5299 va-

2607 5337 2919 5405 cabulisque
2947 5335 3218 5398 nonnullis
3249 5334 3517 5391 diversum
3546 5337 3613 5392 ab
3653 5337 3772 5391 aliis
3812 5352 4012 5390 morem
4041 5351 4175 5391 secu-

2610 5436 2718 5482 tum
2751 5427 2932 5482 fuisse.
2984 5423 3066 5480 Nil
3095 5441 3223 5481 vero
3254 5439 3480 5482 necesse
3507 5435 3617 5494 est,
3652 5427 3925 5482 Pru'dentii
3958 5425 4126 5480 laudes
4148 5476 4171 5509 1

2612 5533 2698 5573 me
2726 5532 2866 5571 nunc
2895 5516 3142 5572 contexi:
3166 5525 3242 5571 tot
3271 5517 3412 5572 enim
3441 5528 3652 5588 tamque
3683 5519 3862 5588 gravia
3887 5518 3954 5572 de
3976 5533 4036 5571 eo
4061 5533 4178 5587 pne-

2611 5608 2766 5662 conia
2796 5622 2826 5661 a
2853 5607 3178 5662 doctissimis
3223 5607 3528 5661 hominibus
3574 5623 3639 5662 ex
3689 5609 3836 5662 omni
3885 5618 4074 5672 :ctate,
4121 5624 4174 5662 et

2607 5699 2751 5754 omni
2789 5698 2976 5751 ordine
3004 5697 3203 5766 pralata
3229 5739 3243 5763 ,
3276 5707 3456 5766 postea
3489 5699 3745 5754 adducam
3766 5743 3779 5767 ,
3809 5701 3937 5754 nihil
3965 5711 4018 5755 ut
4047 5701 4094 5755 in
4119 5717 4176 5756 ca

2607 5807 2802 5861 genere
2835 5790 2999 5860 possit
3031 5789 3347 5846 cumulatius
3383 5791 3699 5846 dosidciar’.
