4504 6412
221 420 337 482 573

1603 407 2137 466 PRULEGOMEXA.

3430 411 3541 471 374

299 538 355 595 5.
386 535 515 605 Qua:
542 548 665 591 cum
703 532 777 589 ita
804 531 945 599 sint,
967 528 1092 602 quis
1119 540 1228 584 non
1258 524 1484 581 miretur
1509 521 1752 591 scriptori
1773 537 1826 576 m
1856 525 1905 583 Α
1936 522 1989 575 in
2021 520 2166 576 bono
2196 518 2403 575 lumine
2438 516 2793 577 collocemus.
2842 519 2949 579 Sed
2988 520 3163 593 quid?
3204 521 3409 594 inquiet
3432 527 3538 582 alio

225 628 369 685 hunc
402 628 690 696 insignem,
717 618 809 696 qui
832 614 1164 686 eminentem
1192 615 1476 692 quemdam
1506 613 1681 677 locum
1714 622 1824 665 tum

221 719 367 774 inter
411 725 634 787 poetas,
684 711 795 770 tum
845 712 985 767 inter
1030 709 1131 767 SS.
1166 706 1421 763 Ecclesia:
1448 702 1636 758 Patres
1664 702 1827 756 debet

222 808 508 875 obtinere,
557 806 793 860 nondum
840 816 937 859 eos
979 793 1436 859 commentatores
1480 793 1824 862 editoresque

222 899 496 961 habuisse,
517 897 609 966 qui
638 893 979 965 prudentium
1002 889 1278 946 hominum
1300 887 1440 942 votis
1469 884 1825 954 undecunque

217 989 449 1043 fecerint
477 986 646 1041 satis?
687 980 874 1055 Atqui,
904 982 952 1039 si
977 981 1098 1051 quis
1129 978 1296 1046 alius,
1328 974 1650 1033 Prudentius
1673 984 1822 1030 certe

216 1080 499 1146 perspicua
524 1076 789 1146 doctaque
813 1071 1270 1131 commentatione
1295 1069 1518 1141 indiget,
1544 1082 1654 1123 non
1675 1067 1820 1137 quod

211 1171 559 1226 obscuritatis
588 1169 718 1225 vitio
746 1168 996 1233 laboret,
1045 1164 1194 1236 quod
1217 1164 1384 1234 aliqui
1424 1161 1563 1216 male
1593 1168 1817 1231 putant;

211 1260 310 1315 sed
341 1261 464 1332 quia
495 1261 726 1331 primum
759 1266 933 1330 poetae
959 1257 1068 1312 alia
1105 1256 1258 1327 quasi
1291 1254 1473 1325 lingua
1504 1252 1815 1323 loquuntur,

210 1366 391 1421 neque
438 1351 597 1406 facile
639 1349 806 1406 abiis
834 1347 1204 1418 intelliguntur
1245 1345 1335 1416 qui
1381 1357 1572 1400 eorum
1618 1341 1818 1397 idioma

209 1456 321 1499 non
351 1442 574 1510 callent,
606 1440 908 1510 pmsertim
935 1439 989 1493 in
1014 1437 1177 1493 rebus
1205 1435 1359 1492 novis
1377 1475 1395 1501 ,
1442 1447 1683 1505 quasque
1710 1446 1819 1488 cm-

210 1533 314 1589 teri
356 1547 469 1589 non
508 1532 855 1602 attigerunt;
895 1538 1009 1586 tum
1048 1528 1381 1592 auctoribus,
1407 1526 1500 1597 qui
1538 1524 1815 1609 recondita

206 1626 454 1681 doctrina
474 1625 747 1681 excellunt
774 1630 832 1679 et
854 1628 1171 1692 argumenta
1197 1619 1469 1676 subtiliter
1495 1616 1811 1688 expediunt,

206 1730 451 1786 persaepe
479 1714 825 1773 obscuritatis
852 1713 1066 1782 culpam
1099 1712 1447 1781 imputamus,
1478 1724 1603 1766 cum
1636 1709 1815 1781 potius

205 1807 549 1876 tarditatem,
584 1806 937 1876 ignorantiam
964 1812 1023 1860 et
1042 1804 1341 1859 cacitatem
1374 1804 1613 1858 uestram
1654 1814 1825 1857 accuo.

201 1913 328 1954 sane
355 1899 649 1953 debeamus
687 1895 788 1967 (α).

273 1990 330 2045 6.
362 1990 539 2059 Atque
569 1996 629 2043 ut
654 2002 820 2043 unum
845 2001 877 2042 e
901 1984 1090 2041 multis
1115 1984 1596 2055 praeclarissimum
1626 1996 1813 2041 exem-

198 2080 352 2149 plum
384 2078 652 2149 proferam
673 2119 691 2147 ,
728 2078 785 2133 in
812 2075 1119 2149 prcfatione
1145 2072 1571 2146 Psycltomacliia
1595 2074 1813 2131 celebre

197 2179 287 2226 est
313 2170 540 2240 :enigma
570 2168 667 2241 (ita
697 2168 842 2225 enim
868 2166 1111 2238 vocant),
1142 2166 1285 2239 quod
1312 2166 1663 2223 Prudentium
1687 2166 1811 2224 data

198 2274 367 2330 opera
410 2260 479 2315 ad
522 2258 752 2315 aliorum
796 2257 1071 2328 ingenium
1118 2255 1482 2314 exercendum
1531 2256 1674 2314 circa
1702 2257 1811 2314 518

196 2352 425 2409 Abrami
450 2352 790 2419 vernaculos,
821 2365 1119 2420 eorumque
1144 2349 1428 2422 mysticam
1454 2349 1811 2420 significatio-

193 2460 323 2501 nem
354 2444 411 2517 ᾖ.
443 2444 787 2515 proposuisse
819 2457 927 2499 non
956 2456 1119 2499 nemo
1146 2441 1399 2506 credidit,
1426 2441 1672 2510 plerique
1693 2438 1811 2496 sine

194 2536 281 2595 (Ε
302 2538 430 2608 lipo,
455 2545 560 2592 aut:
578 2535 837 2608 Sphynge
864 2534 1123 2604 explicari
1156 2548 1314 2605 posse
1343 2540 1606 2603 negarunt
1634 2532 1736 2604 (ta).

266 2627 326 2684 7.
362 2627 629 2683 Caterum
670 2625 788 2683 hac
815 2627 1027 2694 aliaque
1064 2622 1372 2695 huiusmodi
1404 2613 1613 2679 infinita
1636 2661 1657 2690 ,
1685 2637 1807 2693 quae

192 2717 250 2772 in
280 2716 386 2775 hoc
408 2727 628 2773 auctore
666 2715 838 2775 latent
859 2754 879 2784 ,
916 2713 1400 2784 diligentissimum
1445 2713 1806 2782 interpretem

193 2808 501 2879 rvquiruat,
524 2808 614 2879 qui
642 2822 890 2879 magnam
912 2820 1134 2877 operam
1159 2804 1215 2861 in
1244 2805 1563 2876 theologieis
1587 2804 1803 2873 litteris,

191 2916 306 2955 non
324 2900 502 2957 minus
526 2915 685 2972 quam
722 2902 777 2956 in
805 2900 1218 2957 humanioribus
1238 2901 1479 2971 posuerit
1508 2916 1521 2953 :
1549 2908 1634 2957 est
1660 2901 1813 2957 enim.

190 2990 285 3048 ilb
352 2992 704 3051 inexhaustus
768 2992 990 3065 quidam
1070 2996 1355 3047 thesaurus
1414 2991 1808 3060 perreconditm

190 3080 519 3139 eruditionis
549 3081 808 3153 profana,
837 3083 1008 3138 multo
1034 3096 1171 3138 vero
1195 3083 1368 3151 magis
1393 3080 1802 3149 ecclesiasticae,

190 3186 301 3241 qua
331 3172 449 3228 hinc
479 3171 535 3227 in
565 3172 713 3228 omni
742 3186 844 3228 suo
871 3186 1074 3244 genere
1102 3179 1249 3242 patet
1284 3168 1568 3226 latissime.
1616 3168 1804 3240 Neque

1932 615 2086 684 quis,
2121 624 2349 683 putasne
2396 629 2426 669 a
2458 623 2513 670 te
2542 613 2595 669 id
2626 613 2819 684 perﬁci
2844 629 3004 685 posse
3031 615 3175 688 quod
3221 624 3300 673 tot
3329 610 3537 676 nobiles

1928 707 2255 783 interpretes
2304 704 2642 776 nequaquam
2692 713 2973 762 assecutus
3008 721 3130 764 esse
3178 710 3541 778 pronuntias?

1929 794 2041 852 lino
2060 782 2206 853 vero
2227 795 2273 852 si
2300 796 2353 851 id
2379 811 2483 867 ego
2513 798 2850 867 putarem,si.
2871 807 3031 855 tantm
3061 814 3239 856 essem
3271 801 3535 869 stultitim,

1929 899 1985 945 ut
2011 892 2226 961 plenam
2250 889 2559 945 facultatem
2586 891 2893 961 explicandi
2924 891 3201 948 Prudentii
3229 893 3362 948 mibi
3388 908 3541 946 arro-

1925 995 2109 1052 garem
2136 1020 2154 1049 ,
2188 995 2293 1035 non
2326 989 2480 1037 certe
2511 982 2614 1036 hoc
2642 996 2891 1051 agerem,
2910 1038 2916 1047 ,
2936 990 2994 1039 ut
3020 997 3086 1038 ex
3116 983 3357 1039 omnium
3389 1000 3539 1040 eom-

1926 1070 2205 1128 mentariis
2234 1072 2437 1143 optima
2468 1088 2700 1143 qureque
2732 1072 3000 1143 deligens,
3030 1088 3193 1130 unum
3220 1074 3385 1130 veluti
3417 1090 3540 1130 cer-

1925 1177 2027 1233 pus
2055 1165 2496 1235 compingerem;
2538 1166 2633 1220 sed
2667 1165 2848 1235 potius
2878 1166 3102 1223 molirer
3131 1180 3332 1223 novum
3360 1167 3537 1223 acditi.

1923 1256 2125 1311 ciuma
2155 1256 2520 1312 fundamentis
2547 1257 2789 1313 excitare
2812 1298 2829 1325 ,
2861 1272 2968 1330 quo
3002 1257 3337 1329 reliquorum
3372 1258 3535 1314 lumiv

1924 1332 2085 1400 nibus
2112 1344 2455 1402 ubstruerem
2490 1347 2588 1417 (c).

1994 1440 2046 1512 5
2067 1438 2121 1495 8.
2156 1439 2307 1494 Nunc
2334 1440 2592 1509 quoniam
2623 1449 2678 1496 et
2709 1441 2998 1497 maximam
3035 1442 3115 1499 rei
3158 1441 3533 1499 difficultatem

1920 1532 2126 1601 optime
2181 1546 2465 1602 peruosco,
2494 1541 2551 1588 et
2598 1548 2733 1588 mea:
2774 1536 2919 1590 vires
2948 1548 3113 1602 quam
3161 1534 3273 1592 sint
3322 1535 3535 1605 exiguae

1921 1623 2081 1694 plane
2104 1625 2307 1689 sentio,
2340 1624 2481 1679 hanc
2510 1626 2677 1691 viam,
2704 1640 2827 1695 qute
2858 1624 3073 1680 facil‘or
3098 1635 3202 1691 est,
3226 1627 3365 1682 inire
3402 1640 3534 1681 cono

1920 1714 2069 1768 stitui
2105 1723 2162 1768 ut
2185 1702 2597 1770 lucubrationes
2631 1714 2875 1770 omnium
2919 1715 2971 1769 in
3003 1715 3356 1772 Prudentium
3404 1715 3532 1773 bac-

1920 1805 2271 1860 tenuseditas
2298 1804 2667 1873 expenderem
2705 1819 2770 1861 ac
2819 1806 2993 1862 libet‘
3044 1817 3533 1877 repraesentarem;

1842 1896 1891 1957 B
1919 1904 2029 1951 tum
2054 1896 2098 1950 si
2128 1895 2257 1966 quid
2280 1895 2411 1952 mihi
2442 1904 2776 1964 occurreret,
2797 1912 2907 1969 quo
2946 1897 3087 1965 ioca,
3139 1897 3209 1953 ab
3251 1898 3370 1954 aliis
3393 1914 3531 1969 pm-

1920 1987 2078 2042 terita
2104 2000 2470 2058 exponerem,
2499 1997 2593 2043 aut
2623 1987 3107 2059 interpretationes
3126 1988 3358 2045 aliorum
3410 1989 3531 2046 sive

1914 2078 2321 2148 confirmarem,
2347 2079 2466 2136 sire
2494 2079 2821 2146 refellerem,
2854 2080 2910 2136 in
2936 2078 3174 2135 medium
3200 2079 3539 2151 proferrem,

1914 2182 2027 2225 non
2055 2171 2207 2242 quasi
2240 2170 2528 2227 inveniens
2548 2169 2749 2238 denuo,
2792 2170 2890 2227 sed
2935 2171 3091 2241 quasi
3139 2170 3253 2240 jam
3284 2172 3529 2227 inventis

1914 2261 2160 2317 nonnihil
2185 2260 2417 2318 addens.
2455 2260 2721 2318 Videbam
2740 2262 2887 2318 enim
2933 2270 3125 2319 nostro
3181 2262 3528 2333 potissimum

1913 2355 2114 2411 smculo
2141 2355 2327 2425 plures
2347 2361 2621 2424 auctores,
2667 2364 2785 2409 tum
2837 2368 3048 2423 sacros,
3095 2362 3209 2409 tum
3240 2354 3524 2425 profanos,

1914 2444 1970 2499 in
2001 2445 2144 2499 hunc
2181 2444 2324 2502 ferre
2364 2444 2586 2500 modum
2630 2458 2826 2515 magno
2864 2454 3125 2517 apparatu
3176 2445 3523 2517 elegantissi-

1912 2537 2124 2607 misque
2155 2537 2295 2608 typis
2321 2538 2516 2593 excudi
2562 2550 2743 2607 :quos
2799 2535 2942 2592 haud
2987 2535 3241 2607 equidem
3285 2551 3523 2609 negave-

1909 2628 2016 2684 rim
2039 2636 2190 2683 tanto
2221 2628 2408 2684 labore
2452 2642 2577 2685 esse
2617 2625 2835 2699 dignos,
2886 2641 2951 2684 ac
3023 2628 3071 2683 si
3115 2629 3218 2695 vis,
3273 2628 3525 2687 doctrina

1910 2721 2181 2790 exquisita
2206 2718 2485 2790 praeditos,
2507 2716 2602 2774 sed
2630 2718 2774 2776 nihil
2827 2718 2894 2774 ad
2941 2718 3319 2776 Prudentium.
3366 2718 3524 2777 Vide-

1909 2808 2032 2863 bam
2050 2808 2234 2874 etiam,
2280 2808 2393 2877 jam
2421 2807 2625 2863 smculo
2682 2808 2933 2879 proxime
2972 2808 3162 2879 elapso
3212 2810 3370 2879 paulo
3400 2820 3523 2881 post

1907 2900 2118 2956 initium
2150 2915 2179 2954 a
2201 2898 2439 2956 Weitxio
2468 2900 2767 2957 editionem
2815 2899 3051 2971 Operum
3082 2900 3367 2957 Prudentii
3394 2917 3521 2960 cum

1907 2994 2255 3061 omnium,ut
2275 2994 2519 3064 putabat,
2555 3000 2822 3065 quotquot
2877 2994 2934 3049 in
2976 2993 3337 3050 Prudentium
3385 2996 3521 3051 scri-

1907 3092 2150 3153 pserant,
2175 3083 2583 3139 commentariis
2606 3082 2777 3140 fuisse
2798 3092 3143 3153 procuratam
3175 3102 3189 3139 :
3219 3084 3315 3141 sed
3344 3096 3527 3156 neque

1907 3173 2177 3230 Weitaius
2204 3188 2395 3231 omnes
2417 3189 2605 3231 eorum
2628 3174 2722 3246 qui
2752 3184 3145 3246 praecesserant
3186 3184 3523 3232 commenta-

187 3274 323 3315 rem
362 3260 645 3317 inficiabor
688 3261 879 3331 plures
910 3262 1190 3319 exstitisse
1236 3261 1383 3317 viros
1421 3260 1799 3330 doctissimos,
1825 3255 1874 3315 C
1908 3262 2023 3317 rios
2068 3262 2235 3329 vidit,
2258 3271 2315 3318 et
2343 3273 2466 3333 post
2504 3277 2629 3319 eum
2659 3263 2818 3319 multi
2866 3265 3224 3334 scripserunt,
3277 3266 3521 3322 Pruden-

189 3354 284 3423 qui
311 3353 368 3408 in
398 3352 503 3410 hoc
530 3368 670 3425 opus
690 3354 1066 3421 incubuerint;
1095 3351 1190 3411 sed
1216 3368 1404 3410 eorum
1431 3353 1523 3408 aiii
1552 3354 1623 3407 ad
1647 3352 1799 3408 selte-

188 3440 361 3495 lartnn
382 3483 399 3509 ,
430 3443 547 3498 sive
574 3442 718 3513 quod
752 3442 809 3499 in
838 3442 980 3500 idem
1010 3443 1234 3509 recidit,
1275 3443 1344 3496 ad
1369 3441 1618 3512 Delphim‘
1646 3459 1799 3498 usum

184 3530 615 3611 editionessuas
641 3534 1155 3599 accommodarent,
1172 3532 1267 3588 alii
1295 3530 1644 3601 theologiam,
1676 3547 1797 3603 qua

185 3617 522 3676 sdesaetam
550 3620 712 3690 hujus
747 3630 921 3692 poeta:
948 3621 1448 3692 interpretationem
1484 3620 1694 3692 penitus
1714 3630 1798 3678 est

187 3710 499 3765 necessaria
518 3750 536 3777 ,
565 3717 662 3764 aut
690 3710 915 3777 nullam,
943 3718 1054 3776 aut,
1088 3710 1230 3781 quod
1262 3710 1415 3781 pejus
1445 3720 1531 3787 est
1550 3751 1566 3775 ,
1597 3711 1795 3767 malam

188 3795 520 3853 habuerunt.
568 3797 689 3867 Quo
735 3799 907 3870 magis
946 3799 1100 3856 nobis
1149 3810 1235 3856 est
1275 3800 1587 3857 enitendum
1636 3810 1798 3873 atque

186 3883 579 3944 elaborandum
599 3928 617 3956 ,
646 3896 708 3945 ut
733 3899 906 3961 poetae
936 3891 1111 3947 nostri
1147 3891 1388 3947 carmina
1414 3901 1469 3947 et
1496 3890 1797 3949 doctrinam

265 4040 343 4110 (ο)
381 4042 549 4095 Acute
582 4036 712 4111 olim
754 4042 977 4111 Porcius
1020 4038 1185 4098 Latro
1223 4041 1455 4098 Harillio
1477 4085 1495 4111 ,
1534 4058 1635 4099 suo
1679 4059 1794 4099 ma-

224 4109 729 4194 istrpgi'respentiit
760 4109 814 4166 in
853 4112 1030 4194 Qpere
1061 4109 1605 4194 Conirover'siarum,
1648 4115 1791 4194 quod

270 4181 338 4264 υἱ
619 4178 946 4264 ιξδίιρεοιὶιιὶο
970 4197 1127 4264 ςιειθεη
1140 4178 1626 4264 ﬂammeam
1649 4178 1793 4264 €918!

187 4249 578 4324 nuncattribui
619 4249 1054 4324 (in‘Prge’futift‘b.
1086 4252 1401 4324 t_Controu.)
1436 4271 1449 4306 :
1476 4252 1605 4309 Cum
1634 4256 1795 4308 disci-

184 4318 305 4389 puli
328 4318 553 4375 essentne
576 4318 719 4389 apud
754 4318 1049 4376 Edrillium
1076 4322 1328 4376 rhetorem
1346 4362 1363 4387 ,
1382 4318 1649 4379 'Itominem
1668 4326 1794 4380 satis

185 4389 398 4442 aridum
423 4391 742 4462 paucissima,
759 4391 908 4457 beffe,
936 4392 1025 4445 sed
1052 4407 1157 4462 non
1176 4392 1383 4462 vulgato
1407 4409 1590 4462 genere
1617 4396 1797 4449 dicm-

1907 3350 2042 3405 tium
2066 3350 2512 3422 interpretantes,
2537 3352 2779 3407 uberiori
2808 3352 2932 3409 luce
2956 3368 3119 3426 quam
3150 3364 3364 3411 veteres
3397 3371 3521 3427 per-

1905 3439 2033 3509 fusi,
2058 3455 2255 3512 ‘neque
2284 3443 2484 3498 minori
2509 3442 3031 3501 industriacoanisi.

1977 3531 2032 3587 9.
2056 3532 2239 3603 itaque
2265 3546 2429 3589 nemo
2458 3533 2593 3597 mihi
2623 3534 2760 3589 vitio
2808 3544 3006 3601 vertet,
3065 3536 3179 3592 imo
3230 3539 3434 3608 multis,
3457 3549 3521 3597 ut

1904 3638 2089 3695 spero,
2141 3635 2363 3695 gratum
2383 3624 2602 3692 faciam,
2627 3625 2675 3681 si
2700 3625 3051 3683 Prudentium
3094 3643 3162 3683 eo
3217 3643 3412 3687 ornatu
3460 3634 3515 3688 in

1906 3716 2079 3771 lucem
2112 3718 2379 3787 emittam,
2412 3733 2521 3789 quo
2549 3718 2705 3774 multi
2732 3728 2944 3776 veteres
2967 3722 3263 3792 scriptores
3294 3726 3517 3794 prodic-

1904 3817 2052 3872 runt,
2084 3808 2593 3879 notisque‘aliorum
2615 3810 2857 3865 omnium
2888 3812 3142 3867 indicatis
3171 3826 3323 3871 meas
3347 3818 3513 3874 etiam

1904 3896 2411 3954 auitnadversiones
2437 3898 2747 3970 adiungam.
2779 3902 2980 3968 Quales
3020 3903 3128 3959 illa:
3155 3905 3266 3960 sint
3294 3907 3515 3979 futurzr,

1902 4048 1993 4118 qui
2026 4049 2080 4104 in
2121 4050 2379 4124 trecentis
2421 4062 2479 4108 et
2520 4053 2888 4124 duodeviginti
2935 4056 3154 4113 Abrami
3207 4063 3515 4121 vernaculis

1900 4132 2120 4203 c‘rucem
2150 4122 2351 4203 (iiii-isti
2380 4122 2841 4203 nomenqueniesu
2882 4126 3218 4203 intelligunt,
3259 4133 3383 4201 quia
3414 4149 3513 4203 per

1902 4186 2147 4246 Grecam
2176 4192 2411 4267 litteram
2440 4194 2506 4259 Τ,
2532 4186 2653 4263 quia
2682 4196 2859 4267 figura
2878 4205 2965 4252 est
2986 4186 3185 4267 crucis,
3205 4186 3512 4261 'et'titte'ras

1900 4280 1919 4313 ι
1946 4268 2001 4315 et
2023 4285 2088 4327 η..
2120 4262 2315 4335 quibus
2342 4263 2501 4319 Jcsus
2533 4262 2743 4321 nomen
2762 4266 3076 4335 inchoatur,
3110 4262 3366 4326 numerus
3395 4282 3509 4328 ter-

1900 4341 2116 4413 centum
2143 4330 2332 4413 decem
2356 4342 2413 4413 et
2425 4344 2557 4413 ⁸οειο
2584 4336 2772 4413 Griere
2802 4330 3144 4413 exprimitur.
3182 4339 3508 4400 Prudentius

1900 4405 2065 4477 igitur
2103 4405 2605 4477 interpretationem
2637 4407 2799 4476 vulgo
2840 4405 3021 4462 notam
3056 4409 3177 4476 jure
3214 4423 3316 4477 suo
3338 4452 3355 4477 ,
3388 4414 3510 4470 sive

190 4468 318 4545 ient,
367 4474 482 4540 cum
524 4460 615 4545 ilic
640 4461 923 4545 exilitatem
950 4461 1195 4545 orationis
1230 4460 1337 4545 sine
1364 4460 1639 4529 imputaret
1668 4481 1798 4545 can-
1886 4460 2015 4539 ~lége
2041 4460 2519 4540 poetica'indie‘are
2549 4460 2762 4531 tantum
2782 4460 3175 4545 voluit,il'lu—dv
3189 4460 3507 4541 1ῑὸήίίῖὲᾶ

188 4529 479 4604 anausim,
526 4538 574 4583 et
618 4528 855 4604 diceret:
898 4548 917 4580 ι
956 4529 1177 4585 Necesse
1226 4542 1332 4597 est,
1385 4528 1467 4586 me
1492 4549 1582 4602 per
1610 4535 1791 4604 spino-
1895 4528 2099 4595 cutus:

186 4613 307 4672 sunt
355 4598 522 4672 locum
578 4599 1245 4672 ambulantemsuspensos
1301 4604 1451 4669 pedes
1493 4598 1719 4670 ponere,
1766 4624 1785 4658 ο

192 4668 354 4741 aiebat
386 4666 544 4741 Leiro
575 4685 595 4723 :
630 4687 649 4720 ι
685 4668 808 4741 N_on
840 4664 1156 4724 Mehercnles
1212 4664 1462 4739 tui'pedes
1489 4664 1663 4741 spinas
1688 4664 1799 4728 «ἔοι-
1825 4664 1877 4725 D

186 4739 327 4814 cunt,
354 4737 692 4814 retinebant.»
713 4738 779 4814 Et
792 4740 963 4795 statim
988 4742 1104 4814 ipse
1126 4737 1325 4814 dicebat
1349 4737 1646 4814 sententias,
1677 4761 1792 4814 qua

185 4808 445 4879 ἱπιιγροηὶ
464 4810 781 4879 argumentis
818 4825 933 4864 cum
968 4813 1191 4864 titaxiine
1215 4811 1548 4866 declamantis
1569 4808 1787 4869 Morilfii

256 4886 418 4931 ssent.

184 4893 418 4949 possent.

199 4946 338 5023 “(0)
380 4946 640 5023 Nimirum
687 4948 963 5023 historiam
1010 4966 1075 5005 ex
1127 4950 1327 5007 Genes.
1379 4966 1499 5020 cap.
1542 4953 1642 5019 14,
1684 4969 1789 5023 qua

185 5015 288 5070 Ab:
304 5015 389 5068 am
412 5018 606 5089 dicitur
627 5032 871 5073 numerai
888 5021 993 5075 isse
1017 5023 1300 5089 expeditos
1326 5015 1642 5077 vernaculos
1664 5015 1791 5080 suos

190 5094 464 5140 trecentos
510 5088 697 5159 decem
742 5098 797 5143 et
844 5101 1004 5153 tcto,
1048 5092 1244 5159 quibus
1283 5092 1437 5145 irruit
1486 5094 1537 5146 in
1583 5094 1790 5159 hostes,

186 5166 513 5281 capitiiiiqne
534 5158 633 5213 Lut
659 5159 889 5225 reduxit,
918 5163 983 5215 ad
1010 5157 1323 5231 allegoriam
1345 5172 1695 5233 convertens,
1719 5157 1792 5220 ita

186 5242 335 5281 CCCI“
414 5243 428 5280 ς

184 5236 386 5282 cecinit
414 5243 428 5280 ς

448 5338 547 5387 Nos
570 5351 681 5388 esse
706 5340 847 5401 large,
862 5341 1171 5391 vernularum
1196 5342 1396 5399 divites.

445 5401 494 5467 §i
520 5403 633 5467 quid
659 5405 895 5467 trecenti,
915 5404 990 5452 bis
1016 5406 1221 5453 novenis
1245 5406 1443 5467 additis,

442 5462 655 5524 Possint,
682 5462 834 5523 figura
859 5468 1140 5515 noverimus
1162 5468 1383 5529 mystica.

194 5608 244 5661 Id
280 5614 458 5660 autem
501 5621 603 5660 non
638 5621 755 5660 esse
786 5607 1008 5677 aenigma
1035 5649 1048 5671 ,
1089 5609 1184 5664 sed
1216 5610 1625 5675 explicationem
1659 5618 1791 5671 alle-

188 5679 426 5746 gorica")
475 5678 591 5744 ejus
642 5677 879 5732 bimorhu
902 5718 917 5743 ,
959 5695 1024 5733 eo
1055 5688 1296 5747 tetttpom
1347 5683 1397 5733 in
1431 5699 1525 5737 ore
1555 5695 1608 5737 ct
1640 5685 1791 5741 libris

192 5751 481 5824 multorum
517 5748 1007 5824 frequentiSsiinam
1030 5792 1042 5811 .
1077 5751 1354 5824 evidenter
1384 5756 1787 5824 demonstrabo,

188 5836 308 5876 cunt
340 5820 595 5875 distincto
622 5820 797 5889 capite
827 5835 1019 5891 ponam
1052 5821 1397 5877 auctetitates
1549 5820 1787 5895 l’atrum,

1964 4632 2176 4707 θεωρεῖ
2198 4634 2259 4684 ad
2278 4644 2517 4707 eventum
2538 4636 2756 4707 festinat,
2784 4646 2838 4690 et.
2857 4641 2906 4707 in
2930 4642 3119 4693 medias
3142 4655 3245 4707 res,

1962 4694 2071 4746 Non
2087 4694 2237 4747 secus
2256 4711 2310 4747 ac
2331 4704 2489 4757 notas,
2507 4694 2784 4750 auditorem
2806 4703 2950 4765 rapit.

1897 4798 2148 4854 Fortasse
2179 4800 2338 4855 etiam
2376 4800 2641 4871 reliquum
2673 4819 2685 4855 :

1964 4976 2215 5041 Desperat
2239 4984 2441 5027 tractata
2465 4978 2719 5029 nitescere
2746 4992 2907 5041 posse,
2936 4920 3187 5046 reﬁgi}:

1970 5080 2042 5154 (ᾳ)
2072 5080 2359 5154 Enimvero
2379 5095 2499 5135 cum
2522 5081 2609 5135 diu
2634 5082 2970 5151 multumque
2992 5084 3320 5141 dubitassem
3344 5102 3507 5154 quam

1901 5149 2239 5224 potissimum
2280 5152 2428 5224 rviam
2474 5154 2782 5224 insisterem
2813 5193 2827 5215 ,
2881 5149 3172 5224 pluresque
3218 5149 3406 5212 doctos
3454 5168 3505 5216 cf

1900 5222 2191 5294 prudentes
2239 5222 2820 5294 virosicousuluissent
2849 5222 3238 5291 ,planc'mihi
3288 5229 3504 5294 accidit,

1897 5291 2039 5357 qunti
2090 5291 2410 5358 Demiphoni
2463 5295 2514 5346 in
2579 5292 2903 5348 i‘hounione
2948 5295 3224 5359 Terentii,
3272 5308 3391 5351 actu
3444 5291 3503 5363 ll,

1897 5375 2055 5436 scena
2088 5363 2122 5415 ὅ
2149 5403 2161 5421 .
2203 5363 2291 5431 qui
2322 5378 2449 5436 cuin
2490 5373 2599 5417 tres
2638 5363 3039 5431 jurcconsnltos
3082 5366 3148 5421 de
3178 5368 3376 5436 nuptiis
3409 5368 3505 5426 filii

1899 5430 2302 5499 interrogasset,
2325 5443 2378 5485 et
2404 5433 2614 5488 diversa
2646 5430 2941 5489 sentientes
2964 5430 3297 5491 audivisset:
3330 5438 3505 5493 Fecis-

1893 5503 1959 5555 tis
1986 5504 2163 5571 probe,
2196 5506 2288 5569 ait,
2324 5505 2564 5558 incertior
2590 5522 2701 5557 sum
2731 5505 2893 5559 multo
2919 5523 3075 5577 quam
3101 5508 3317 5562 dudum.

1961 5600 2087 5650 Tl'fS
2111 5604 2226 5651 milii
2255 5605 2492 5667 convivae,

1901 5681 1967 5739 Ut
1988 5685 2120 5738 alius
2147 5686 2343 5754 aiebat,

2400 5792 2550 5839 prope
2577 5781 2607 5827 tl
2628 5781 2839 5827 ssentirc
2868 5781 3111 5843 vitientur,

1966 5837 2236 5890 Pascentes
2263 5837 2621 5891 vario‘multum
2646 5843 2839 5891 diversa
2868 5844 3045 5904 palato.
